4026 6374
560 351 666 407 7ὸῦ
1421 341 1764 399 APPENDIX
1804 342 1896 397 AD
1937 341 2178 399 TUMUM
2217 339 2566 396 SEPIIMUM
2608 340 2665 394 S.
2710 337 3115 394 lilERO’NYMl.

3753 344 3838 397 756

564 462 940 518 retributionis
975 459 1292 529 perducere,
1327 457 1687 526 cogitationes
1727 454 1972 509 cordium
2005 454 2145 524 ipso-
2175 461 2224 516 Α
2255 453 2562 507 teronomio
2595 452 2844 520 legimus,
2872 468 2992 520 qum
3014 453 3258 506 hostibus
3291 453 3404 508 suis
3427 454 3839 524 repugnantibus

565 574 706 625 rum,
734 567 1004 625 tamquam
1035 553 1257 607 semitas
1282 551 1571 605 domorum
1595 565 1817 605 suarum
1850 549 2155 619 intelligere

566 649 812 719 potuisti.
838 647 968 700 Item
999 646 1051 699 in
1084 659 1190 714 qua
1223 645 1304 698 via
1325 684 1340 709 ,
1372 643 1486 697 sive
1533 651 1673 696 terra
1700 685 1714 707 ,
1766 651 1824 695 ttt
1863 641 1950 696 alii
1998 641 2152 696 dixe-

564 750 719 804 runt,
758 740 847 792 lux
882 737 1090 791 habitet
1120 753 1133 788 :
1162 735 1248 789 lux
1291 735 1414 788 fidei
1458 743 1515 788 et
1564 734 1896 803 cognitionis
1946 733 2156 789 habitat

559 836 612 886 in
640 831 804 885 corde
842 829 1151 894 credentis,
1203 829 1317 882 sive
1367 828 1458 881 lux
1502 828 1765 894 interra,
1816 826 2067 881 Christus
2098 831 2152 882 in

558 923 826 978 Ecclesia.
863 920 1236 976 Tenebrarum
1268 929 1478 982 antem,
1511 920 1563 974 id
1589 929 1674 974 est
1704 961 1719 985 ,
1754 918 2076 989 ignorantim
2097 927 2154 974 et

558 1016 897 1072 inﬁdelitatis
920 1015 1099 1077 locus,
1132 1024 1215 1068 est
1243 1028 1340 1068 eor
1366 1013 1545 1082 insipit
1567 1014 1737 1066 ntium
1786 1025 1946 1082 atque
1977 1014 2152 1068 incre-

556 1109 835 1162 dulorum.
894 1108 957 1161 Et
1008 1106 1134 1162 ideo
1188 1122 1284 1175 per
1334 1106 1608 1175 quaslibet
1645 1107 1865 1160 semitas
1929 1107 2155 1161 tendant

555 1203 681 1255 beni
714 1213 768 1256 et
797 1199 944 1265 mali,
978 1199 1278 1254 secundum
1312 1200 1568 1254 meritum
1593 1200 1657 1252 ad
1682 1199 1900 1253 domum
1931 1211 2152 1254 (eterna:

555 1290 1018 1357 conversationis,
1045 1291 1193 1360 justo
1215 1302 1266 1346 et
1305 1291 1448 1345 bono
1479 1289 1705 1345 Domino
1736 1290 1992 1356 ducente,
2031 1307 2153 1360 per-

557 1384 807 1438 veniunt.

634 1477 846 1530 Sciebas
877 1486 997 1530 tunc
1044 1476 1183 1546 quod
1236 1476 1529 1530 nasciturus
1575 1494 1743 1542 esses,
1779 1485 1828 1532 et
1884 1493 2152 1531 numerum

561 1570 764 1621 dierum
796 1580 1002 1622 tuorum
1032 1571 1292 1623 noveras?
1331 1569 1461 1636 Quis
1492 1570 1772 1624 hominum
1805 1570 1953 1626 novit
1997 1579 2151 1626 antc-

559 1679 723 1732 quam
753 1664 848 1729 sit,
879 1662 1002 1732 quia
1040 1663 1252 1717 futurus
1301 1673 1406 1730 est,
1435 1663 1720 1734 {elatisque
1749 1679 1862 1719 suae
1907 1664 2024 1720 dies
2055 1682 2152 1720 an-

563 1772 732 1812 nosve
762 1756 1074 1826 cognoscit?
1104 1755 1234 1811 item
1271 1757 1321 1810 in
1353 1756 1527 1813 Atlam
1569 1766 1854 1824 peccator,
1901 1768 1954 1812 et
2005 1757 2149 1813 ﬁlius

2259 555 2312 599 et
2337 544 2724 599 rebellantibus
2755 554 3042 612 pra-parat,
3071 554 3128 598 ut
3148 547 3228 600 eis
3257 546 3558 600 secundum
3587 547 3840 616 justitiam

2255 651 2407 692 suam
2428 637 2637 706 inﬂigat
2671 637 2882 692 debitas
2911 653 3100 704 plenas
3128 639 3564 694 tribulationum.
3593 640 3730 695 Item
3753 642 3841 697 ali-

2257 738 2338 785 ter
2371 747 2384 783 :
2418 730 2603 785 Nivem
2637 729 2852 784 nuncin
2881 730 3075 784 bonam
3103 739 3334 800 partem,
3370 733 3590 786 nuncin
3633 743 3841 788 contra-

2255 826 2389 879 riam
2423 826 2716 894 accipimus
2753 842 2765 878 :
2797 832 2856 879 et
2883 823 3086 879 idcirco
3116 825 3216 880 sub
3250 824 3394 880 nivis
3422 826 3649 880 nomine
3685 827 3844 896 praeﬁ-

2255 926 2504 988 gttratmn
2535 920 2635 973 hor.
2669 919 2791 974 loco
2813 933 3013 989 corpus
3043 918 3482 974 adversariarum
3518 930 3840 991 potestatum
3929 918 3933 991 ἶ

2254 1013 2531 1083 colligunt,
2565 1011 2710 1082 quod
2741 1027 2770 1066 a
2802 1011 3074 1067 charitate
3107 1012 3202 1068 Dei
3232 1013 3395 1084 longe
3424 1013 3768 1079 discesserit,
3801 1015 3845 1072 id

2255 1114 2358 1170 est,
2384 1103 2553 1158 Deum
2587 1103 2918 1158 habitantem
2973 1106 3027 1158 in
3069 1104 3212 1159 coelo
3265 1104 3582 1175 reliquerit,
3617 1116 3682 1159 ut
3715 1105 3847 1175 justo

2251 1199 2458 1267 judicio
2484 1198 2576 1254 Dei
2612 1197 2968 1268 projiceretur
3011 1197 3062 1252 in
3098 1208 3321 1252 terram.
3357 1197 3531 1268 Hujus
3559 1209 3745 1254 autem
3779 1201 3848 1253 ni.

2259 1291 2339 1344 vis
2372 1289 2744 1362 etgrandinis,
2793 1290 2944 1360 quasi
2978 1290 3029 1343 in
3085 1290 3374 1360 quamdam
3422 1289 3686 1345 duritiam
3738 1307 3841 1347 sua

2255 1391 2465 1436 naturze
2493 1381 2658 1436 oblita
2692 1383 3002 1448 transierit,
3036 1384 3190 1452 quasi
3215 1383 3461 1453 quaedam
3489 1394 3730 1449 secreta,
3766 1401 3849 1441 eo-

2251 1474 2574 1546 gitationum
2605 1474 2812 1530 scilicet
2854 1474 3292 1532 machinamenta
3321 1520 3334 1543 ,
3384 1477 3678 1532 thesauros
3711 1479 3847 1533 Deus

2254 1565 2425 1620 voluit
2455 1566 2768 1631 nontinare,
2803 1567 2944 1620 sicut
2976 1565 3238 1636 propheta
3273 1566 3529 1623 Ezechiel
3565 1568 3640 1624 de
3671 1582 3851 1624 eorum

2255 1658 2501 1728 principe
2531 1658 2608 1712 ait
2632 1675 2647 1712 :
2679 1656 2744 1710 In
2763 1659 3095 1712 multitudine
3119 1661 3487 1731 negotiationis
3515 1670 3620 1716 tua:
3644 1663 3851 1735 impleta

2252 1761 2368 1805 sunt
2397 1751 2646 1804 interiora
2675 1759 2765 1803 tua
2797 1751 3086 1821 iniquitate.
3121 1751 3508 1820 Hnjuscemodi
3542 1753 3714 1824 igitur
3763 1756 3854 1810 Do-

561 1850 750 1903 mortis
779 1849 1034 1913 effectos,
1071 1849 1286 1918 quando
1334 1850 1477 1904 scire
1523 1850 1605 1905 vel
1653 1866 1844 1921 sapere
1895 1853 2145 1922 potuisti,
2178 1844 2224 1904 Β
2255 1846 2438 1899 minus
2465 1845 2855 1913 cogitationum
2885 1847 3126 1900 omnium
3161 1847 3309 1901 solus
3333 1848 3854 1918 cognitorperscrn-

561 1941 702 2010 quod
727 1942 920 2010 spiritu
950 1951 1007 1996 et
1045 1941 1218 2010 gratia
1257 1941 1512 2012 baptismi
1561 1943 1874 1998 nasciturus
1907 1959 2034 2000 eras
2085 1945 2154 2001 de

555 2036 860 2090 visceribus
891 2038 1079 2089 matris
1113 2035 1411 2103 Ecclesize,
1442 2047 1496 2092 et
1537 2037 1592 2091 in
1636 2046 1900 2093 aeternum
1959 2054 2152 2096 secun-

557 2129 684 2181 dum
705 2129 1062 2183 novissimam
1089 2131 1555 2186 resurrectionem
1582 2132 1939 2202 reparandus,
1966 2142 2020 2187 et
2049 2149 2152 2186 nuo

560 2237 771 2276 merum
819 2222 1031 2276 dierum
1073 2233 1325 2288 tuorum,
1368 2223 1458 2291 qui
1502 2224 1622 2277 sine
1674 2226 1776 2278 line
1812 2234 1961 2291 sunt,
2006 2224 2154 2280 unde

564 2313 678 2382 ipse
712 2329 809 2380 per
835 2316 1183 2383 temetipsum
1205 2329 1539 2384 cognoscere
1566 2297 1823 2382 potuisti?

638 2403 912 2474 Numquid
945 2406 1208 2474 ingressus
1236 2422 1288 2460 es
1319 2405 1587 2460 thesauros
1619 2407 1782 2473 uiuis,
1813 2418 1901 2462 aut
1949 2411 2156 2464 thesau-

563 2512 648 2548 ros
680 2495 950 2567 grandinis
972 2498 1244 2566 aspexisti,
1269 2515 1380 2566 quae
1411 2501 1704 2570 prteparavi
1745 2501 1796 2554 in
1830 2510 2034 2573 tempus
2060 2504 2155 2558 lio-

562 2589 677 2652 stis,
720 2599 765 2641 et
821 2588 874 2641 in
929 2589 1060 2642 diem
1111 2605 1302 2660 pugnat
1338 2599 1398 2654 et
1431 2591 1596 2647 belli?
1643 2592 1948 2650 Potentiam
1999 2612 2152 2651 suam

565 2681 730 2744 Deus,
761 2696 923 2750 quam
951 2682 1112 2736 etiam
1155 2682 1208 2737 in
1257 2684 1486 2738 secretis
1523 2697 1788 2742 creatura:
1829 2704 1939 2742 sua:
1991 2689 2154 2745 rebus

563 2782 724 2841 atque
748 2772 1114 2829 invisibilibus
1145 2775 1337 2842 habet,
1371 2775 1456 2832 bis
1491 2778 1673 2834 verbis
1704 2779 1877 2835 voluit
1928 2781 2153 2836 demon-

566 2871 766 2928 strare,
801 2865 990 2918 dicens
1017 2865 1082 2920 ad
1113 2865 1216 2922 Job
1249 2885 1261 2922 :
1297 2867 1566 2939 Numquid
1611 2872 1888 2942 ingressus
1929 2890 1990 2928 es
2037 2875 2154 2932 tbe-

566 2969 757 3009 sauros
811 2955 980 3017 nivis,
1033 2968 1125 3011 aut
1183 2959 1468 3014 thesauros
1515 2963 1798 3030 grandinis
1846 2969 2154 3035 aspexisti?

564 3063 672 3102 non
705 3049 848 3102 enim
883 3051 1001 3104 loca
1035 3062 1157 3105 sunt
1189 3051 1434 3121 quzedam
1470 3051 1525 3108 in
1557 3054 1737 3126 aliqua
1773 3068 1925 3125 parte
1964 3061 2152 3118 mundi

564 3141 826 3195 immensa
886 3143 1191 3208 capacitate
1243 3146 1477 3212 Spatiosa
1511 3187 1524 3211 ,
1589 3164 1710 3217 qua:
1759 3150 1934 3206 moles
1989 3161 2153 3224 atque

2261 1948 2508 2006 tutorque
2537 1945 2642 1991 est.
2675 1937 2805 2003 llos,
2840 1936 3088 2008 inquam,
3125 1937 3430 2000 thesauros.
3453 1940 3547 2010 qui
3576 1956 3678 2010 per
3701 1943 3856 2012 amig-

2257 2044 2401 2090 mata
2438 2038 2589 2089 nives
2611 2045 2666 2089 et
2694 2035 2992 2105 grandines
3023 2038 3283 2090 nominati
3317 2046 3466 2101 sunt,
3503 2039 3580 2092 ait
3609 2039 3763 2093 Deus
3801 2054 3855 2095 se

2257 2139 2596 2197 prmparasse
2641 2126 2694 2180 itt
2748 2137 2959 2196 tempus
3009 2127 3205 2195 hostis,
3264 2129 3516 2196 diemque
3553 2145 3758 2200 pugna:
3806 2141 3855 2186 et

2256 2219 2406 2274 belli.
2462 2219 2525 2273 Et
2583 2221 2835 2289 quoniam
2890 2220 3170 2290 insipienti
3221 2223 3389 2277 Corde
3445 2239 3746 2291 numquam
3795 2225 3853 2278 ad

2259 2312 2424 2368 Deum
2455 2314 2776 2367 conversuri
2823 2321 3028 2380 essent,
3072 2313 3484 2381 dispensatione
3516 2315 3706 2369 divina
3752 2331 3858 2369 ma-

2255 2404 2408 2474 gistri
2432 2418 2718 2474 pteuarum
2743 2404 2925 2459 eﬁ‘ecti
2965 2413 3113 2470 sunt,
3145 2416 3204 2459 ut
3236 2406 3375 2461 alios
3402 2406 3499 2462 Dei
3540 2407 3755 2475 judicio
3793 2407 3856 2462 ad

2256 2498 2699 2554 emendationem
2731 2498 2912 2570 ﬂagris
2958 2499 3363 2569 corrcptionum
3399 2502 3691 2570 tastigent,
3728 2501 3858 2555 alios

2256 2607 2387 2646 vero
2414 2592 2714 2648 secundum
2736 2594 2937 2662 justam
2961 2592 3288 2648 sententiam
3323 2592 3415 2648 Dei
3443 2595 3694 2662 puniant,
3722 2595 3858 2649 alios

2255 2685 2407 2740 duris
2465 2685 2904 2741 tribulationibus
2956 2684 3181 2740 aﬂuttos
3259 2690 3596 2740 constituant
3653 2688 3856 2742 clario-

2253 2793 2366 2833 res.
2424 2779 2580 2834 Sicut
2632 2789 2686 2835 et
2735 2781 2786 2832 in
2847 2780 2951 2834 isto
2991 2787 3185 2833 sancto
3222 2779 3323 2835 Job
3371 2780 3657 2835 manifeste
3707 2796 3861 2852 appa-

2259 2876 2388 2938 ruit,
2409 2872 2747 2946 inEgyptiis
2782 2890 2996 2945 quoque
3019 2875 3273 2929 similiter
3287 2876 3730 2929 demonstratum
3756 2886 3858 2942 est,

2254 2967 2450 3037 quibus
2483 2984 2588 3021 non
2618 2968 2898 3023 voluntate
2949 2969 3042 3023 Dei
3088 2969 3476 3039 pugnantibus,
3510 2970 3677 3038 plaga:
3730 2968 3858 3024 hor-

2257 3060 2438 3114 renda:
2467 3061 2722 3115 immissa:
2753 3073 2875 3115 sunt
2909 3077 3006 3130 per
3030 3061 3252 3130 angelos
3283 3063 3476 3116 malos.
3517 3065 3676 3127 Item,
3708 3079 3864 3117 num-

2255 3151 2383 3222 quid
2415 3153 2692 3223 ingressus
2717 3169 2775 3208 es
2806 3153 3092 3209 thesauros
3124 3154 3290 3221 nivis,
3327 3163 3382 3210 et
3423 3167 3650 3209 ctetera.
3681 3155 3866 3210 l'otuit

563 3236 846 3304 congeries
913 3235 1241 3292 inﬁnitarum
1310 3238 1514 3294 nivium
1572 3241 1713 3294 intra
1785 3257 1844 3298 se
1911 3245 2152 3301 habeant
2180 3249 2226 3311 ρ
2260 3246 2520 3302 Dominus
2546 3247 2616 3302 de
2647 3248 2885 3302 adventu
2920 3263 3020 3304 suo
3063 3249 3114 3303 in
3155 3263 3320 3304 carne
3354 3250 3454 3304 hoc
3483 3249 3713 3318 dlxisse,
3755 3264 3864 3319 quo

561 3326 845 3395 conditas,
904 3338 962 3382 ut
1013 3329 1215 3384 merito
1262 3329 1333 3384 ob
1374 3329 1506 3400 hoc,
1551 3335 1702 3400 quasi
1746 3335 1862 3391 loca
1902 3341 2152 3407 thesauri

561 3424 902 3494 appellentur
959 3425 1026 3480 de
1073 3428 1271 3495 quibus
1319 3428 1448 3483 olim
1517 3428 1600 3482 ha:
1650 3443 1992 3502 congregata:
2047 3436 2158 3492 sint

560 3517 795 3585 species,
819 3533 939 3587 qua:
970 3519 1188 3587 quando
1223 3518 1364 3574 Deus
1385 3520 1620 3574 voluerit
1647 3523 1994 3590 proferantur
2017 3542 2033 3589 ;
2059 3528 2156 3584 sed

563 3610 634 3661 ita
679 3617 764 3662 est
809 3609 1011 3679 potius,
1069 3619 1125 3662 ut
1154 3608 1208 3663 in
1230 3609 1340 3663 alio
1375 3609 1496 3664 loco
1518 3610 1634 3680 ipse
1659 3611 1920 3670 Dominus
1942 3616 2017 3670 ait
2049 3635 2060 3670 :
2093 3617 2160 3672 Et

563 3702 757 3773 species
795 3701 909 3770 agri
961 3715 1158 3753 mecum
1207 3711 1320 3754 est:
1345 3701 1710 3772 Quacumque
1753 3706 1897 3760 enim
1929 3709 2163 3766 voluerit

564 3797 768 3860 facere,
799 3793 981 3848 statim
1010 3792 1270 3847 voluntas
1300 3794 1417 3863 ejus
1443 3795 1496 3848 in
1519 3795 1772 3852 eﬂectum
1794 3801 2061 3868 procedit.
2099 3804 2161 3858 lit

565 3885 689 3939 ideo
723 3885 962 3939 thesauri
1013 3885 1299 3947 nominati,
1329 3901 1442 3940 non
1494 3887 1546 3941 in
1575 3887 1756 3958 aliquo
1787 3891 2073 3960 immenso,
2106 3901 2164 3950 et

561 3975 748 4045 capaci
795 3975 938 4039 loco,
975 3977 1071 4030 sed
1117 3978 1169 4031 in
1218 3977 1335 4045 ejus
1395 3979 1690 4049 voluntate,
1723 3993 1778 4037 et
1810 3983 2163 4054 dispositione

565 4075 689 4121 sunt
721 4066 1045 4120 constituti:
1078 4067 1220 4122 sicut
1271 4069 1324 4124 in
1367 4071 1474 4124 alio
1518 4072 1635 4125 loco
1693 4075 1814 4128 ait:
1851 4073 1917 4127 Et
1965 4077 2162 4147 species

567 4157 684 4227 agri
715 4173 910 4210 mecum
939 4166 1058 4212 est:
1081 4159 1221 4224 apud
1263 4175 1422 4230 quem
1459 4161 1593 4216 nihil
1637 4172 1721 4217 est
1752 4164 2158 4235 imperfectum,

562 4251 688 4320 quia
719 4265 828 4304 non
861 4261 945 4306 est
971 4250 1121 4306 aliud
1143 4253 1390 4320 cogitare
1437 4254 1603 4316 illius,
1632 4255 1776 4312 aliud
1833 4255 2036 4325 facere,
2066 4261 2162 4317 sed

569 4344 817 4408 protinus
846 4341 926 4409 ﬁt,
954 4343 1100 4413 quod
1134 4343 1392 4400 voluerit.
1424 4345 1482 4401 lu
1513 4351 1614 4402 hac
1637 4363 1768 4418 ergo
1789 4359 2008 4406 secreta
2030 4366 2162 4409 cor-

566 4436 652 4490 dis
673 4436 754 4489 sui
785 4434 1142 4504 dispositione
1171 4435 1375 4506 divina,
1406 4438 1518 4504 ,υὺὶ
1559 4449 1746 4496 essent
1793 4442 1884 4498 isti
1921 4443 2163 4503 thesauri

571 4529 761 4580 harum
787 4540 966 4582 rerum
995 4542 1118 4582 cum
1147 4527 1323 4584 adhuc
1353 4528 1406 4583 in
1436 4545 1497 4585 se
1518 4533 1887 4602 corporaliter
1908 4550 2015 4591 non
2048 4537 2165 4593 exi-

2261 3348 2316 3391 ttt
2344 3338 2482 3408 ignis
2510 3348 2753 3395 internus
2780 3349 2835 3394 et
2862 3340 3001 3410 ignis
3025 3341 3176 3407 cmll,
3207 3341 3455 3412 ignisque
3499 3341 3721 3397 divinus
3766 3356 3864 3412 per

2257 3446 2419 3501 quem
2463 3446 2657 3486 omnes
2707 3443 2975 3488 creatura:
3033 3435 3388 3490 rationabiles
3440 3437 3865 3497 concalescunt,

2259 3528 2516 3596 dignatus
2543 3539 2630 3584 est
2655 3530 2721 3584 ad
2761 3541 2958 3585 terram
2987 3531 3350 3602 descendere,
3385 3532 3477 3602 qui
3502 3530 3649 3586 velut
3679 3532 3748 3585 ad
3780 3534 3865 3587 ni-

2261 3635 2416 3676 veam
2452 3622 2755 3690 regionem,
2805 3635 2859 3677 et
2902 3621 3147 3694 frigidam
3184 3623 3368 3679 tnundi
3402 3623 3564 3692 hujus
3590 3635 3758 3694 atque
3787 3624 3870 3678 in-

2262 3721 2376 3768 star
2421 3714 2699 3784 grandinis
2744 3716 2913 3770 nimio
2957 3715 3296 3771 inﬁdelitatis
3347 3715 3548 3786 frigore
3589 3715 3867 3781 duratam,

2264 3805 2589 3860 exclamavit
2626 3820 2681 3863 et
2719 3807 2857 3862 dixit
2891 3826 2904 3862 :
2942 3807 3128 3881 Ignem
3165 3810 3278 3862 veni
3320 3810 3515 3863 mittere
3549 3810 3600 3861 in
3644 3817 3864 3862 terram.

2267 3898 2500 3954 Proinde
2541 3899 2919 3970 hujuscemodi
2952 3901 3315 3958 humanorum
3355 3902 3601 3956 cordimu
3641 3901 3866 3956 thesau-

2267 4004 2376 4055 ros,
2403 3990 2678 4048 oblivione
2707 3991 2959 4048 videlicet
2983 3994 3074 4048 Dei
3103 3995 3186 4048 sui
3212 3993 3627 4062 frigidissimos,
3656 3993 3868 4062 ingres-

2266 4097 2384 4138 sum
2414 4099 2474 4139 se
2514 4085 2822 4154 proﬁtetur,
2861 4096 2939 4154 ut,
2965 4087 3196 4158 expulso
3227 4089 3462 4157 perfidia:
3506 4087 3745 4158 frigore,
3782 4087 3863 4140 tli—

2268 4178 2503 4234 lectione
2544 4179 2664 4249 ejus
2710 4180 3006 4250 ﬂagrarent
3035 4194 3088 4236 et
3128 4182 3378 4237 dicerent
3411 4199 3423 4234 :
3467 4179 3742 4237 Concaluit
3779 4197 3866 4233 cor

2265 4283 2432 4322 meum
2459 4269 2600 4321 intra
2630 4285 2732 4336 me,
2753 4281 2800 4324 et
2821 4270 2875 4324 in
2904 4272 3235 4325 meditatione
3259 4289 3370 4325 mea
3390 4271 3680 4326 exardesrit
3705 4272 3864 4341 ignis.

2271 4359 2340 4415 Ut
2368 4360 2432 4414 ad
2467 4359 2841 4433 intelligentia:
2879 4362 3057 4434 ignem
3091 4362 3333 4432 profectu
3365 4363 3486 4418 fidei
3523 4363 3591 4418 de
3624 4363 3866 4417 stultitim

2267 4452 2469 4524 frigore
2505 4455 2788 4510 venientes
2831 4456 3111 4511 dicerettt:
3147 4455 3337 4510 Nonne
3374 4472 3462 4510 cor
3501 4465 3734 4509 nostrum
3774 4473 3864 4508 ar-

2268 4545 2394 4600 dens
2421 4555 2531 4601 erat
2566 4549 2618 4600 in
2657 4547 2828 4615 nobis,
2853 4564 2994 4612 cum,
3043 4547 3352 4602 illutninato
3387 4547 3552 4602 corde
3587 4557 3751 4616 atquc
3778 4561 3869 4600 ac-

567 4631 801 4713 sterent,
835 4619 1200 4692 interrogatur
1229 4621 1333 4678 Job
1367 4624 1412 4678 si
1458 4625 1667 4683 intrare
1718 4630 1938 4698 poterit.
1991 4629 2164 4688 Nemo
2195 4633 2242 4693 Ι)
2270 4653 2437 4695 renso
2467 4640 2754 4696 cbaritatis
2789 4641 2961 4710 fonte,
2991 4643 3218 4712 aperiret
3242 4642 3390 4696 nobis
3424 4642 3730 4713 Scripturas
3777 4640 3869 4696 Je-

566 4712 712 4766 enim
741 4723 1009 4768 secretum
1036 4713 1169 4768 illud
1191 4715 1388 4771 divina:
1421 4719 1722 4788 majestatis
1762 4731 1941 4792 potest
1987 4725 2162 4794 adire,

563 4808 676 4860 sive
697 4821 1052 4875 cognoscere,
1079 4808 1181 4864 nisi
1208 4808 1380 4866 Filius
1410 4814 1498 4882 qui
1542 4823 1626 4869 est
1679 4814 1730 4870 in
1782 4817 1906 4871 sinu
1957 4817 2162 4886 Patris,

567 4899 836 4968 tutiusque
862 4906 1071 4954 naturae
1094 4909 1259 4972 atque
1286 4902 1626 4960 substantiae.
1648 4905 1772 4962 Haec
1800 4923 1930 4980 ergo
1951 4923 2165 4980 praepa-

566 4999 680 5043 rata
707 4989 968 5047 dicuntur
989 4991 1146 5048 aDeo
1177 4993 1230 5049 in
1264 5001 1478 5064 tempus
1494 4996 1688 5065 hostis,
1714 5014 1908 5070 pugna:
1932 5012 1984 5056 et
2007 5001 2156 5058 belli.

568 5083 751 5138 Multis
780 5084 943 5156 igitur
969 5086 1146 5142 modis
1169 5103 1232 5143 ac
1253 5088 1485 5145 diversis
1527 5091 1650 5148 aliis
1672 5092 2163 5153 innumerabilibus

558 5175 782 5244 iudiciis
811 5178 923 5232 suis
953 5177 1093 5234 Deus
1117 5177 1373 5252 ﬂagellat,
1397 5192 1454 5239 et
1472 5185 1700 5256 corripit
1752 5202 1924 5258 genus
1969 5188 2162 5246 huma-

565 5283 718 5336 mnn,
744 5269 1065 5326 sicutetiam
1097 5269 1562 5345 rEgyptios,quos
1580 5274 1894 5334 fulminibus
1924 5289 1981 5336 et
1998 5297 2164 5352 gran-

567 5361 696 5416 dine
723 5364 1044 5419 devastavit.
1076 5362 1144 5419 Et
1171 5365 1496 5436 generaliter
1511 5368 1634 5425 aliis
1661 5371 1826 5428 rebus
1857 5375 2167 5444 frequentat

565 5453 844 5509 hominum
895 5455 1332 5526 castigationem.
1391 5459 1586 5517 Hostili
1621 5461 1870 5519 humiliat
1921 5467 2159 5536 incursu,

569 5554 834 5600 terrarum
849 5556 996 5602 motu
1013 5547 1272 5621 hiatuque
1292 5560 1492 5619 vastat,
1515 5555 1817 5611 turbinibus
1834 5559 2032 5627 perdit,
2051 5564 2162 5615 rui-

569 5639 650 5691 nis
667 5637 945 5707 opprimit,
971 5641 1264 5713 naulragiis
1295 5643 1597 5716 demergit:
1621 5647 1744 5704 aliis
1764 5666 1978 5721 quoque
1990 5651 2161 5724 plagis

566 5730 870 5785 innumeris
881 5734 1156 5802 verberat,
1169 5736 1284 5793 sive
1297 5738 1456 5794 lentis
1475 5739 1892 5812 inﬁrmitatibus,
1908 5745 2023 5800 sive
2033 5759 2162 5802 acu-

567 5824 633 5873 lis
663 5822 1010 5892 languoribus
1039 5837 1198 5898 atque
1227 5848 1355 5890 aere
1392 5845 1668 5907 corrupto.
1714 5837 1866 5895 Unde
1915 5841 1968 5896 in
2019 5839 2158 5896 Deu-

2269 4731 2403 4786 sus?
2424 4731 2516 4788 Sic
2549 4733 2730 4802 itaque
2773 4734 3053 4804 ingressus
3081 4734 3340 4789 mundum
3372 4749 3434 4788 ac
3461 4734 3689 4789 visitans
3713 4749 3862 4799 eum,

2270 4825 2464 4892 aspicit
2488 4825 2657 4880 corda
2702 4827 3038 4890 mortalium,
3070 4843 3193 4896 qua:
3231 4828 3401 4881 etiam
3433 4836 3490 4880 et
3524 4825 3769 4880 thesauri
3799 4825 3870 4880 ab

2271 4917 2389 4987 ipso
2412 4917 2643 4972 Domino
2667 4930 3051 4988 nuncupantur
3076 4921 3130 4974 in
3156 4920 3476 4992 Evangelio,
3505 4920 3574 4974 ita
3600 4919 3822 4976 dicente
3847 4937 3864 4978 :

2268 5009 2445 5066 Bonus
2473 5009 2625 5065 Itonia
2653 5011 2718 5066 de
2748 5011 2881 5066 bono
2911 5013 3152 5068 thesauro
3181 5013 3354 5068 cordis
3381 5014 3465 5068 sui
3479 5015 3675 5086 profert
3707 5013 3865 5067 bona.

2266 5101 2391 5158 Haec
2423 5101 2586 5172 igitur
2612 5103 2753 5158 Deus
2784 5103 2966 5160 facere
3005 5107 3333 5176 przeparavit
3358 5147 3373 5171 ,
3402 5121 3528 5176 quae
3575 5105 3816 5159 diximus
3845 5141 3863 5170 .

2267 5195 2440 5250 Ιιοιιιίε
2469 5211 2663 5266 pugna:
2711 5205 2767 5252 et
2796 5197 2946 5266 belli,
2983 5199 3037 5254 in
3071 5207 3317 5269 tempore
3349 5199 3536 5268 utique
3570 5214 3673 5266 pro
3705 5198 3864 5252 nobis

2271 5292 2511 5346 moriens
2550 5309 2564 5346 :
2603 5289 2813 5346 hostem
2856 5307 3081 5363 gravem
3136 5307 3200 5348 ac
3255 5290 3698 5347 molestissimum
3753 5291 3862 5346 ini-

2267 5383 2466 5438 micttm
2500 5382 2778 5439 diabolum
2832 5384 2883 5438 in
2937 5383 3127 5440 inferis
3167 5384 3552 5454 triumphavit,
3583 5394 3638 5440 et
3667 5399 3860 5439 resur-

2263 5491 2397 5546 gens
2427 5491 2458 5531 a
2492 5478 2743 5543 mortuis,
2779 5477 2834 5533 in
2865 5476 3051 5534 Judms
3086 5478 3209 5533 fidei
3242 5493 3357 5534 sua:
3381 5478 3733 5535 adversarios
3766 5492 3861 5532 ex-

2264 5571 2539 5642 pugnavﬂ.

2335 5661 2440 5718 Per
2459 5679 2614 5734 quam
2641 5664 2774 5717 viam
2801 5663 3070 5737 spargitur
3103 5664 3214 5730 lux,
3249 5662 3500 5718 dividitur
3521 5672 3678 5718 astus
3705 5679 3865 5734 super

2261 5757 2645 5826 terram?Qitis
2676 5757 2875 5827 poterit
2908 5757 3133 5829 proprie
3178 5757 3324 5812 scire
3372 5755 3708 5822 mortalium,
3739 5771 3863 5825 qua

2263 5847 2332 5901 sit
2361 5848 2446 5902 via
2477 5847 2627 5916 solis,
2648 5861 2812 5916 quam
2851 5847 3104 5904 ordinato
3121 5862 3289 5904 cursu
3310 5847 3423 5918 agit
3451 5850 3503 5902 tu
3527 5844 3737 5904 dextro
3759 5846 3861 5902 cli-

3909 90 3913 188 l

3913 202 3917 344 ιι

3931 966 3935 1038 l

3933 1042 3937 1110 l

3937 1118 3939 1172 Ι

3939 1196 3941 1252 l

3941 1272 3943 1334 ι

3943 1348 3945 1406 l

3945 1424 3947 1486 l

3947 1500 3949 1562 ι

3949 1578 3951 1653 l

3963 2188 3969 2328 ι

3969 2340 3973 2484 Κ
