4032 6298
203 278 314 331 757

1079 271 1556 330 COMMENTARII
1598 271 1664 328 IN
1705 266 1963 326 LIBRUM
2003 268 2144 330 JOB.
2183 269 2336 328 CAP.
2380 271 2670 331 XXXVIII.

3400 275 3504 331 758

200 401 356 448 male
388 389 535 454 caeli,
571 390 874 458 spargentis
899 387 1074 444 lucrm
1100 404 1263 458 super
1296 399 1470 444 terras
1497 397 1590 444 aut
1611 401 1803 459 qnem-
1829 385 1885 447 Α
1910 384 2158 454 seminis,
2185 392 2481 442 secundum
2509 404 2678 459 genus
2701 405 2880 451 suum,
2913 390 3050 444 sicut
3075 391 3151 445 ait
3178 391 3229 446 in
3262 389 3501 460 psalmo:

209 482 515 537 admodum
539 488 706 534 aestus
748 495 845 549 per
883 479 1033 534 vices
1065 489 1394 549 temporum,
1421 480 1536 533 sive
1571 493 1666 547 per
1688 478 1808 532 iura

200 574 498 644 regionum
543 571 785 625 omnium
832 570 1128 633 dividatur,
1174 577 1232 624 ut
1279 569 1406 623 alibi
1456 568 1574 636 plus
1613 567 1806 623 eodem

198 679 458 738 tempore
484 668 722 732 ferveat,
764 674 818 720 et
843 665 960 734 ipse
988 664 1116 720 alibi
1145 674 1445 734 temperato
1467 663 1652 718 calore
1681 677 1808 718 sen-

201 761 399 815 tiatur.
426 757 580 821 Item,
613 757 716 812 Per
738 773 902 827 quam
931 758 1070 811 viam
1104 757 1382 828 Spargitur
1409 756 1522 820 lux,
1548 755 1808 812 dividitur

199 861 379 907 cestus
418 865 582 919 super
627 859 850 904 terram.
877 849 974 905 Via
1007 859 1091 905 est
1137 849 1416 920 Evangelii
1449 849 1804 918 praedicatio,

199 960 303 1014 per
323 958 492 1014 quam
515 942 603 996 lux
630 940 754 996 ﬁdei
778 942 1056 1011 spargitur
1076 956 1240 1011 super
1261 941 1424 995 corda
1447 941 1806 996 credentium.

202 1037 272 1091 Et
307 1034 540 1105 pulchre
572 1033 868 1104 spargitur,
897 1035 1019 1103 quia
1049 1032 1369 1087 inﬁdelitate
1400 1041 1608 1086 mentes
1636 1033 1809 1087 homi-

201 1144 336 1184 num
379 1127 582 1192 aridte,
633 1127 881 1181 ubertate
927 1125 1126 1179 divinae
1164 1126 1356 1196 gratia:
1393 1127 1723 1191 irrorantur,
1754 1133 1810 1180 ct

205 1224 275 1276 ita
338 1221 609 1276 dividitur
667 1233 832 1276 aestus
890 1222 1062 1276 sancti
1109 1221 1341 1292 Spiritus
1392 1235 1555 1290 super
1609 1230 1806 1277 terram

207 1316 479 1371 ﬁdelium.
497 1315 610 1379 Sic,
630 1315 870 1385 inquam,
893 1315 1177 1382 dividitur,
1195 1332 1316 1369 cum
1341 1315 1637 1384 unicuique
1653 1315 1810 1370 datur

206 1410 380 1479 gratia
410 1407 714 1463 secundum
740 1423 1046 1463 mensuram
1069 1407 1378 1462 donationis
1403 1407 1612 1461 Domini
1637 1407 1810 1462 nostri

201 1502 332 1556 Jesu
367 1500 598 1556 Christi.
631 1501 758 1556 Sive
785 1500 886 1555 hoc
909 1499 1072 1555 modo
1103 1499 1387 1568 dividitur,
1415 1515 1539 1554 cum
1571 1500 1692 1554 aliis
1714 1515 1812 1554 an-

207 1594 486 1649 nuntiatio
524 1593 733 1647 Christi
769 1593 906 1647 odor
934 1592 1062 1646 vittc
1090 1592 1141 1646 in
1167 1592 1329 1646 vitam
1362 1591 1460 1658 sit,
1505 1591 1627 1645 aliis
1675 1607 1811 1648 vero

202 1687 344 1741 odor
371 1686 572 1740 mortis
595 1685 648 1739 in
681 1693 932 1739 mortem.
960 1684 1051 1738 Sic
1071 1699 1204 1754 ergo
1230 1683 1493 1738 dividitur
1515 1684 1688 1753 ipsum
1713 1683 1805 1737 bo-

1912 476 1981 532 Et
2009 479 2213 550 ﬂorcbit
2239 482 2302 534 de
2329 482 2534 534 civitate
2563 482 2696 535 sicut
2739 482 2912 551 fenum
2941 491 3091 537 teme
3111 525 3125 548 ,
3155 489 3212 537 et
3247 480 3507 550 multipli-

1911 573 2045 627 catis
2071 574 2329 628 lructibns
2356 574 2559 629 faceret
2590 575 2888 629 secundum
2916 576 3230 645 parabolam
3265 574 3501 642 Domini,

1911 665 2054 719 aliud
2091 665 2452 733 tricesimum,
2483 667 2628 722 aliud
2658 667 3078 738 sexagesimum,
3122 667 3267 722 aliud
3305 675 3504 723 centeo

1911 760 2112 814 simum
2145 761 2409 824 fructum.
2465 771 2520 817 et
2565 762 2778 818 audiret
2827 778 2948 816 cum
3008 761 3396 817 exhortatione
3446 774 3508 816 se

1911 855 2284 910 consulentem
2309 873 2322 908 :
2351 855 2572 920 Laetare,
2593 857 2806 925 sterilis,
2825 873 2944 928 qua:
2962 875 3066 911 non
3088 858 3234 929 paris
3252 873 3271 912 :
3293 871 3506 926 erumpe

1912 957 1958 1002 et
1989 948 2242 1016 exclama,
2265 966 2378 1020 qua:
2401 967 2504 1003 non
2536 952 2782 1019 parturis,
2813 952 3105 1018 quiamulti
3135 952 3233 1021 filii
3265 950 3507 1018 desertte,

1911 1040 2078 1112 magis
2104 1057 2256 1110 quant
2287 1043 2400 1108 ejus
2423 1056 2536 1111 quae
2563 1041 2711 1096 habet
2733 1043 2919 1096 virum.

1986 1132 2116 1197 Quis
2154 1140 2230 1186 est
2272 1134 2457 1202 pluvia:
2488 1143 2655 1203 pater,
2680 1135 2761 1188 vel
2789 1135 2904 1204 quis
2929 1134 3105 1205 genuit
3133 1133 3306 1187 stillas
3332 1132 3508 1187 roris?

1912 1222 2046 1291 Quis
2099 1233 2181 1279 est
2237 1224 2395 1294 Itttjus
2426 1225 2664 1294 pluvite,
2713 1235 2771 1280 et
2823 1225 2984 1294 hujus
3026 1224 3214 1279 imbris
3247 1224 3510 1278 Dominici

1912 1324 2104 1370 auctor
2127 1325 2184 1370 et
2203 1316 2475 1380 conditor,
2505 1315 2608 1370 nisi
2632 1315 2813 1370 Dens?
2842 1315 3015 1384 Quam
3050 1317 3286 1385 pluviam
3314 1316 3512 1370 volun-

1916 1411 2106 1464 tariam
2147 1412 2453 1482 segregavit
2502 1410 2809 1465 haereditati
2841 1424 2985 1476 sum,
3016 1409 3157 1463 sicut
3183 1409 3318 1464 dicit
3347 1408 3510 1464 Pater

1913 1505 1978 1559 ad
2012 1505 2213 1560 Filium
2245 1523 2258 1558 :
2289 1504 2423 1574 Fili,
2453 1515 2566 1576 pete
2598 1521 2629 1559 a
2660 1521 2740 1559 me
2769 1514 2818 1559 et
2850 1505 2984 1558 dabo
3021 1504 3111 1557 tibi
3141 1511 3316 1575 gentes
3340 1505 3510 1558 hiare-

1913 1597 2125 1652 ditatem
2167 1607 2342 1670 tuam,
2384 1609 2435 1652 et
2482 1601 2856 1669 possessionem
2896 1599 3145 1652 terminos
3189 1607 3359 1651 terrm.
3391 1596 3513 1666 Ipse

1915 1691 2078 1745 etiam
2111 1692 2252 1745 Deus
2279 1691 2466 1760 genuit
2513 1689 2693 1744 stillas
2739 1690 2880 1745 roris
2913 1708 2924 1742 :
2962 1689 3092 1744 hinc
3145 1697 3200 1744 et
3247 1688 3512 1757 propheta

207 1796 334 1833 nttrn
364 1778 741 1847 Evangelii,ut
769 1778 930 1831 vitam
955 1777 1075 1831 aliis
1107 1775 1388 1846 largiatur,
1405 1775 1529 1830 aliis
1549 1785 1803 1843 mortem,
1839 1774 1888 1834 B
1914 1783 1988 1838 ait
2015 1781 2081 1838 ad
2114 1783 2278 1837 Deum
2316 1800 2328 1836 :
2361 1783 2470 1838 Ros
2499 1779 2636 1836 enim
2655 1783 2746 1852 qui
2771 1799 2804 1836 a
2835 1791 2883 1836 te
2903 1789 3010 1844 est,
3045 1781 3246 1834 sanitas
3272 1788 3347 1834 est
3379 1777 3510 1832 illis.

203 1872 439 1926 crimine
494 1869 839 1924 inﬁdelitatis
880 1877 1153 1938 eperetur.
1191 1869 1433 1937 Itemque
1481 1869 1565 1923 via
1607 1877 1810 1923 sanctae

205 1963 652 2021 conversationis
670 1962 932 2026 hominis,
948 1962 1154 2032 luxque
1173 1961 1381 2016 timoris
1396 1961 1516 2029 Dei,
1533 1962 1811 2031 spargitur

205 2072 372 2127 super
399 2070 624 2111 omnem
654 2055 903 2124 corporis
935 2064 1168 2121 terram,
1203 2066 1259 2108 ut
1292 2055 1498 2124 fugiant
1526 2053 1594 2108 ab
1634 2069 1700 2108 eo
1731 2063 1811 2108 te-

208 2150 392 2204 nebra:
423 2157 777 2219 peccatorum
806 2157 862 2202 et
902 2157 1068 2202 aestus
1124 2151 1172 2203 ei
1223 2147 1604 2212 tentationum,
1629 2146 1811 2217 opitu-

209 2243 352 2298 lante
387 2243 486 2298 Dei
523 2241 728 2313 gratia,
777 2251 1168 2311 temperentur,
1220 2257 1286 2295 ne
1331 2249 1527 2295 exorto
1559 2254 1720 2310 super
1749 2255 1810 2295 se

208 2335 405 2389 ardore
435 2333 600 2400 solis,
617 2343 902 2389 exaestuet.
925 2334 988 2387 Et
1015 2333 1094 2386 sie
1119 2333 1303 2403 itaque
1327 2344 1495 2387 aestus
1522 2332 1804 2400 dividitur,

207 2441 328 2482 cum
354 2427 438 2481 eis
471 2443 584 2481 non
622 2436 792 2480 totum
825 2426 987 2480 simul
1019 2426 1432 2480 tribulationum
1467 2425 1680 2495 pondus
1704 2427 1806 2480 im-

211 2522 452 2589 ponitur,
490 2520 634 2574 sicut
666 2519 743 2574 ait
773 2519 1072 2587 Apostolus
1100 2537 1110 2572 :
1136 2518 1340 2574 Fidelis
1371 2520 1507 2572 enim
1540 2518 1699 2583 Deus,
1722 2520 1809 2589 qui

209 2630 306 2667 non
338 2614 546 2683 patitur
573 2629 660 2667 vos
710 2612 920 2678 tentari,
975 2619 1083 2665 etc.
1131 2611 1200 2667 Et
1240 2613 1496 2666 Salomon
1533 2609 1810 2682 :E/I‘ugiet

211 2716 385 2770 cestus,
445 2704 595 2774 ﬁlius
640 2705 903 2776 prudens,
952 2716 1100 2758 vento
1153 2714 1326 2757 autem
1365 2703 1716 2773 corrumpitur
1755 2704 1809 2757 in

211 2813 365 2852 messe
394 2798 548 2867 [ilius
570 2798 800 2868 iniquus.

281 2891 408 2958 Quis
447 2890 601 2945 dedit
647 2890 1090 2945 vehementissimo
1129 2889 1283 2945 imbri
1321 2905 1558 2957 cursum,
1591 2899 1637 2943 et
1674 2889 1810 2943 viam

209 2985 439 3038 sonantis
492 2983 749 3048 tonitrui,
780 2991 833 3036 ut
867 2988 1066 3054 plueret
1095 2999 1252 3053 super
1281 2991 1469 3037 terram
1498 2981 1687 3053 absque
1716 2983 1810 3037 Ito-

212 3077 340 3131 mine
383 3077 436 3130 in
484 3076 695 3130 deserto
723 3092 739 3128 :
774 3077 858 3130 ubi
887 3075 1067 3131 nullus
1099 3077 1397 3130 mortalium
1439 3085 1804 3143 commoratur,

1915 1875 2152 1930 Proinde
2175 1876 2227 1929 in
2253 1874 2436 1940 ﬁuvio,
2471 1873 2948 1929 al'ﬁuentissimam
2989 1871 3308 1926 afﬁuitatem
3339 1870 3511 1942 largi-

1916 1975 2190 2036 tatemque
2210 1966 2411 2020 divinae
2439 1965 2627 2036 gratiae
2649 1963 3067 2020 demonstravit.
3094 1963 3153 2017 In
3183 1975 3306 2018 rure
3326 1970 3511 2017 autem

1913 2059 2161 2114 eamdem
2191 2061 2416 2129 gratiam
2441 2101 2454 2124 ,
2486 2059 2685 2114 sensim
2735 2058 3138 2113 insueseentem
3171 2055 3502 2123 visceribus,

1914 2162 1967 2206 et
2000 2153 2268 2206 medullas
2297 2152 2494 2206 animae
2524 2160 2926 2219 penetrantem.
2958 2149 3065 2205 Alii
3096 2148 3388 2211 dixerunt,
3434 2149 3513 2202 vel

1912 2249 2027 2316 quis
2079 2246 2254 2319 genuit
2297 2246 2472 2318 glebas
2506 2246 2662 2299 roris.
2727 2243 2835 2298 Iias
2883 2244 3046 2313 igitur
3096 2242 3284 2314 glebas
3336 2256 3511 2295 unum

1911 2353 2186 2410 quemque
2205 2346 2517 2392 sanctorum
2542 2351 2648 2390 non
2679 2335 2975 2390 absurdum
3003 2335 3107 2389 erit
3138 2333 3472 2388 intellexisse
3493 2377 3508 2399 ,

1913 2446 2032 2499 qua:
2066 2439 2193 2484 sunt
2215 2430 2268 2482 in
2293 2444 2424 2499 agro
2443 2425 2704 2484 Ecclesiae
2739 2445 2751 2480 ε
2783 2427 3088 2496 quibusque
3117 2425 3250 2480 dicit
3282 2427 3513 2495 Aposto-

1911 2521 1996 2576 lus
2025 2537 2037 2573 :
2070 2517 2525 2590 Deiagricultura
2549 2520 2696 2573 estis.
2732 2517 2847 2573 Illic
2882 2532 3014 2586 ergo
3061 2516 3182 2571 istae
3215 2515 3384 2587 glebas
3417 2531 3514 2586 per

1915 2615 2240 2686 baptismum
2276 2614 2328 2667 in
2357 2612 2579 2668 Christo
2611 2620 2739 2667 sunt
2757 2611 2979 2682 genitae.
3015 2609 3157 2665 sicut
3181 2612 3254 2664 ait
3280 2609 3516 2678 Aposto-

1916 2706 2040 2760 lus:
2074 2705 2247 2760 Creati
2285 2706 2339 2758 in
2368 2705 2575 2760 Christo
2601 2705 2726 2760 Jesu
2773 2707 2827 2759 in
2881 2705 3121 2777 operibus
3153 2705 3320 2758 bonis.
3354 2703 3512 2759 Unde

1914 2797 2020 2853 hoc
2051 2813 2177 2852 rore
2199 2797 2415 2852 ctelesti
2447 2797 2679 2866 perfusi,
2712 2799 2938 2868 pingues
2968 2799 3024 2852 in
3047 2798 3254 2852 sanctis
3282 2796 3512 2861 fructus,

1913 2901 1969 2947 et
1993 2891 2191 2946 uberes
2221 2891 2572 2944 exstiterunt.

1983 2979 2063 3036 De
2083 2984 2234 3054 cujus
2266 2991 2414 3035 utero
2442 2997 2652 3052 egressa
2688 2988 2760 3033 est
2809 2980 3041 3051 glacies?
3067 2979 3220 3036 Uteri
3255 2979 3510 3046 nomine,

1913 3073 2096 3130 cordis
2120 3079 2391 3127 secretum
2423 3071 2763 3142 signiﬁcasse
2789 3069 2923 3125 mihi
2943 3070 3184 3125 videtur.
3215 3069 3335 3126 Non
3367 3071 3514 3126 enim

214 3179 262 3222 ut
291 3169 532 3241 impleret
557 3170 755 3224 inviam
781 3178 827 3223 et
853 3169 1141 3224 desolatam
1167 3211 1183 3238 ,
1213 3179 1262 3224 et
1291 3171 1595 3240 produceret
1625 3170 1808 3224 herbas
1838 3155 1884 3220 C
1917 3167 2279 3240 probabiliter
2298 3164 2526 3234 glaciem
2552 3178 2832 3234 egressam
2863 3163 2934 3218 de
2955 3178 3054 3218 ore
3080 3163 3175 3217 Dei
3209 3163 3516 3230 intelligere

210 3261 462 3317 virentes?
500 3261 598 3318 Iiie
624 3261 1138 3317 vehementissimus
1171 3262 1361 3328 imber,
1393 3261 1692 3318 Salvatoris
1729 3271 1813 3318 est

213 3353 605 3424 Evangelium,
636 3353 727 3426 qtti
771 3356 956 3411 emisit
995 3355 1272 3425 eloquium
1320 3370 1476 3410 suum
1526 3365 1720 3424 terra),
1753 3365 1816 3412 ut

215 3449 473 3504 velociter
497 3460 753 3504 curreret
779 3464 962 3504 sermo
983 3449 1130 3520 ejus:
1151 3449 1260 3516 hic,
1294 3449 1533 3521 inquam,
1556 3449 1734 3506 imber
1755 3450 1811 3506 in

217 3544 488 3599 montibus
517 3543 845 3612 Jerusalem,
871 3543 940 3598 de
972 3545 1082 3599 imo
1121 3554 1279 3599 terrae
1312 3543 1365 3598 in
1408 3544 1643 3600 sublime
1684 3561 1811 3599 sur-

219 3639 374 3692 rexit.
407 3637 671 3704 Quoniam
697 3636 762 3689 de
794 3635 926 3692 Sion
979 3638 1112 3690 cxiet
1170 3637 1280 3702 lex,
1315 3637 1391 3690 ait
1427 3637 1722 3708 propheta,
1765 3646 1812 3692 et

220 3728 417 3782 verbum
452 3728 670 3783 Domini
691 3731 754 3781 de
782 3727 1117 3792 Jerusalem;
1145 3737 1202 3784 et
1231 3728 1478 3784 elevatus
1538 3744 1566 3783 a
1609 3728 1812 3784 sanctis

221 3821 530 3890 apostolicis
560 3821 813 3889 nubibus,
841 3823 988 3876 velut
1011 3837 1148 3891 aqua
1171 3819 1419 3886 efﬂuens,
1441 3822 1665 3894 cepiose
1687 3836 1815 3877 curo

220 3916 305 3978 rit,
337 3933 464 3972 attra
491 3917 599 3972 sibi
623 3917 788 3972 ﬁantc
813 3917 1046 3986 Spiritus
1086 3914 1293 3982 sancti,
1330 3915 1381 3970 in
1416 3917 1584 3971 variis
1637 3916 1813 3984 signis

223 4018 377 4080 atque
405 4010 703 4068 virtutibus
752 4012 892 4064 viam
942 4009 1044 4065 sibi
1080 4008 1203 4065 ﬁdei
1231 4008 1355 4064 fecit
1388 4009 1442 4063 in
1475 4007 1810 4076 nationibus,

227 4111 428 4160 terrore
478 4105 721 4160 nominis
760 4104 852 4159 Dei
898 4111 1063 4172 atque
1116 4102 1508 4158 miraculorum
1570 4103 1813 4157 tonitrua

227 4195 591 4261 prmecdcnte.
643 4196 746 4251 Alii
796 4195 1075 4261 dixerunt,
1112 4195 1428 4266 prwparavit
1457 4195 1652 4264 [lumen
1702 4210 1815 4248 om-

230 4285 366 4340 nium
396 4290 730 4361 populorum.
761 4288 828 4343 Et
853 4288 1078 4356 ﬂumen,
1115 4287 1356 4358 inquam,
1389 4286 1646 4342 Ecclesia:
1677 4301 1815 4355 prte-

231 4383 453 4447 parnvit,
486 4393 544 4437 ut
573 4382 753 4453 pluvia
785 4382 1008 4450 copiosa
1064 4390 1118 4437 et
1166 4380 1339 4435 valide
1371 4378 1611 4450 Spiritus
1639 4377 1813 4432 sancti

231 4469 600 4541 inundaretur,
631 4476 772 4530 sicut
793 4475 847 4530 in
880 4477 998 4546 ipso
1025 4472 1295 4546 principio
1325 4471 1603 4527 nascentis
1630 4471 1814 4525 Eccle-

1917 3262 2202 3326 debemus,
2236 3257 2330 3313 sed
2363 3257 2431 3311 de
2460 3257 2552 3312 illo
2584 3256 2784 3311 mentis
2813 3270 2927 3310 sum
2951 3265 3190 3319 secreto,
3213 3263 3272 3310 et
3302 3255 3514 3308 inseru-

1918 3351 2069 3408 tabili
2095 3350 2325 3421 judicio,
2352 3348 2555 3418 justam
2587 3362 2652 3402 ac
2681 3347 2985 3402 districtam
3018 3361 3269 3401 manasse
3291 3355 3514 3401 senten-

1918 3445 2070 3499 tiam.
2105 3441 2300 3513 Egredi
2337 3456 2468 3511 ergo
2490 3441 2732 3510 glaciem
2753 3439 2884 3493 dixit
2909 3477 2925 3505 ,
2959 3454 3054 3508 pro
3083 3437 3401 3507 egrediente
3425 3437 3514 3506 ju-

1916 3537 2084 3603 dicio,
2116 3551 2223 3606 quo
2245 3534 2546 3590 secundum
2581 3547 2740 3588 suum
2775 3533 3052 3599 meritum,
3086 3531 3306 3601 quidam
3335 3531 3516 3586 homi-

1919 3646 2044 3684 num
2101 3629 2484 3699 percutiuntur
2543 3625 2700 3694 plaga
2761 3624 3171 3692 ohdurationis,
3229 3636 3282 3679 et
3341 3622 3513 3678 corda

1917 3738 2108 3778 eorum
2135 3720 2436 3776 durissimo
2472 3727 2637 3789 atque
2672 3718 2943 3772 insolubili
2986 3716 3222 3786 quodam
3261 3716 3386 3788 gelu
3411 3755 3426 3781 ,
3455 3725 3512 3773 et

1918 3817 2270 3885 frigidissime
2300 3814 2751 3882 constringuntur
2776 3831 2788 3867 :
2818 3820 3004 3866 utnon
3035 3812 3273 3866 sentiant
3306 3809 3507 3865 ferven-

1919 3908 1987 3964 tis
2016 3908 2216 3964 divinae
2239 3906 2522 3962 eharilatis
2540 3905 2803 3960 calorem.
2832 3904 2908 3958 De
2930 3903 3138 3974 angelis
3169 3902 3512 3972 apostolicis,

1917 4001 2204 4054 verissime
2230 3999 2336 4053 dici
2368 4005 2571 4068 potest,
2601 4005 2657 4051 et
2685 3997 2998 4060 specialiter
3026 3995 3095 4050 de
3125 3994 3328 4051 ludteis
3354 3995 3512 4049 iuleId

1919 4093 2188 4164 ligendutn
2209 4101 2312 4158 est,
2331 4092 2526 4162 quibus
2540 4106 2694 4162 aqum
2710 4091 3054 4159 eloquiorum
3073 4088 3377 4144 calestium
3399 4088 3519 4158 gla-

1916 4186 2070 4242 ciatre
2095 4193 2243 4251 sunt,
2260 4184 2383 4239 utin
2401 4183 2610 4240 fructus
2633 4183 2876 4254 gentium
2899 4182 3088 4254 gratia:
3113 4182 3366 4253 largitate
3391 4193 3517 4250 proo

1917 4282 2151 4338 ﬁnerent
2180 4300 2194 4334 :
2224 4281 2292 4336 de
2312 4295 2542 4351 quarum
2566 4280 2856 4334 vocatione
2885 4278 3086 4332 dictum
3117 4286 3202 4331 est
3230 4276 3517 4344 superiore

1916 4376 2210 4439 versiculo,
2243 4383 2298 4429 et
2325 4374 2395 4430 de
2422 4375 2622 4444 quibus
2662 4392 2673 4426 :
2719 4372 2901 4428 Posuit
2948 4372 3206 4426 desertum
3236 4371 3288 4424 in
3327 4380 3517 4440 stagna

1920 4483 2193 4537 aquarum,
2225 4475 2272 4522 et
2295 4475 2460 4522 terras
2480 4468 2594 4522 sine
2622 4483 2758 4536 aqua
2779 4467 2832 4521 in
2863 4467 3032 4520 exitus
3059 4480 3340 4534 aquarum,
3365 4473 3412 4518 et
3435 4463 3518 4516 in-

230 4565 321 4618 sito
348 4581 509 4638 super
538 4571 824 4641 apostolos
857 4531 1186 4640 sanctosque
1207 4531 1442 4622 crateres
1469 4566 1810 4620 dentonstra-
1837 4531 1894 4594 D
1919 4560 2158 4614 habitare
2188 4560 2307 4629 fecit
2330 4559 2398 4613 ibi
2433 4559 2748 4624 esurientes,
2784 4557 2834 4612 id
2867 4566 2950 4612 cst
2973 4599 2986 4621 ,
3019 4557 3326 4612 esurientes
3352 4555 3517 4624 justio

235 4663 340 4713 tum
386 4669 486 4715 est.
519 4662 672 4730 Quod
704 4671 884 4717 autem
939 4661 990 4717 in
1035 4660 1248 4716 laudem
1281 4659 1470 4716 imbris
1511 4656 1813 4726 evangelici

233 4747 448 4818 dicitur,
489 4755 629 4823 quod
673 4755 873 4825 pluerit
905 4769 1067 4824 super
1115 4765 1318 4810 terram
1374 4750 1812 4815 inhabitabilem,

235 4855 353 4909 lilla:
379 4843 649 4908 hominem
680 4863 788 4904 non
823 4847 1047 4903 haberet
1078 4865 1090 4900 τ
1122 4864 1227 4904 non
1259 4847 1362 4903 erit
1393 4845 1661 4906 mirabile.
1685 4843 1729 4897 si
1760 4849 1818 4900 ut

235 4945 407 5004 sonat,
439 4947 645 4996 tantum
674 4942 1036 5012 intelligatur;
1066 4940 1160 4995 sed
1186 4941 1238 4995 in
1267 4939 1508 5002 deserto,
1535 4937 1584 4991 id
1617 4946 1696 4992 est
1725 4949 1818 4988 na-

239 5024 491 5098 tionibus,
516 5034 816 5090 doetrinatn
849 5033 1140 5088 Dominicm
1165 5029 1570 5102 praedicationis
1595 5029 1820 5098 eopiose

241 5118 447 5180 eﬁ'udit.
487 5125 544 5181 Itt
589 5129 834 5193 deserto,
886 5127 1129 5198 inquam,
1165 5125 1257 5179 ubi
1309 5123 1488 5178 nullus
1539 5121 1822 5178 hominum

246 5209 411 5270 fuerat
442 5231 830 5286 commoratus,
865 5221 917 5276 id
951 5231 1054 5287 est,
1087 5220 1343 5290 quoniam
1374 5217 1555 5272 nullus
1585 5215 1825 5286 prephe-

247 5310 413 5361 tarum
439 5309 505 5364 ad
533 5324 720 5382 gentes
743 5329 773 5368 a
805 5313 918 5369 Deo
941 5320 1062 5368 erat
1089 5312 1291 5366 missus
1310 5353 1323 5375 ,
1366 5319 1422 5364 ut
1464 5307 1716 5378 impleret
1745 5307 1826 5362 in-

246 5395 325 5449 via
356 5408 408 5453 et
427 5401 690 5471 desolata,
715 5413 774 5460 et
795 5405 1122 5475 produceret
1149 5403 1346 5460 herbas
1369 5401 1614 5455 virentes
1643 5399 1827 5454 Evan-

249 5486 390 5554 gelii.
423 5489 602 5550 Imber
635 5507 795 5552 terrae
826 5494 1112 5562 Ecclesiae,
1143 5508 1268 5564 qua:
1301 5491 1476 5550 fuerat
1507 5489 1757 5545 desolata
1801 5504 1833 5544 a

257 5576 383 5644 Deo,
405 5591 460 5638 et
485 5585 662 5655 pluvia
685 5586 968 5642 eharilatis
995 5587 1088 5642 Dei
1120 5586 1285 5654 adipe
1310 5583 1543 5654 replevit
1568 5596 1711 5647 eam,
1746 5591 1834 5636 at-

257 5683 358 5734 ‘tue
398 5673 448 5728 in
479 5677 820 5750 pinguedine,
856 5689 914 5734 ut
957 5695 1028 5734 ex
1082 5680 1337 5734 ubertate
1386 5676 1648 5731 bonorum
1673 5673 1840 5729 ctele-

267 5761 424 5820 ⁵ιὶιιιιι
453 5770 776 5836 produceret
803 5786 863 5825 ac
882 5774 1150 5842 proferret
1185 5770 1380 5826 herbas
1411 5769 1648 5826 virentes
1682 5769 1839 5824 sativi

1923 4653 2049 4705 tiam
2088 4669 2099 4704 :
2135 4650 2199 4704 Et
2229 4651 2606 4704 seminaverunt
2637 4665 2812 4719 agros,
2843 4657 2890 4703 et
2918 4650 3290 4719 plantaverunt
3318 4648 3520 4711 vineas.

1919 4753 1966 4799 et
2006 4745 2235 4813 fecerunt
2280 4745 2507 4812 fructum
2547 4741 2868 4805 nativitatis,
2902 4750 2949 4792 et
2995 4739 3258 4794 benedixit
3303 4753 3422 4801 eos,
3468 4745 3521 4789 et

1921 4835 2255 4904 multiplicati
2281 4842 2402 4888 sunt
2429 4832 2606 4887 nimis.
2636 4831 2738 4897 Qui
2775 4844 2906 4899 ergo
2940 4839 3122 4884 tnentc
3158 4826 3520 4898 spiritualiter

1922 4944 2068 4984 nunc
2111 4927 2308 4997 ubique
2376 4924 2608 4995 positam
2659 4930 2950 4978 contuetur
2997 4921 3322 4983 Ecelesiam,
3370 4917 3525 4974 videt

1933 5033 2129 5076 terram
2150 5019 2294 5088 ejus,
2327 5031 2448 5087 quae
2473 5015 2576 5070 fuit
2607 5014 2720 5070 Deo
2757 5011 3051 5084 aliquando
3080 5011 3300 5067 deserta
3320 5052 3336 5078 ,
3379 5024 3526 5068 nunc

1930 5114 2205 5185 praedictis
2227 5112 2480 5167 omnilms
2501 5108 2880 5180 spiritualibus
2903 5105 3078 5177 copiis
3104 5103 3382 5160 abundare
3409 5120 3422 5158 :
3445 5102 3527 5158 sic

1932 5213 2112 5282 itaque
2155 5208 2444 5280 prtcdictas
2494 5206 2671 5262 stillas
2720 5206 2864 5260 roris
2909 5203 2978 5260 de
3019 5201 3160 5258 C(BIO
3221 5199 3527 5256 detinentes

1935 5303 2178 5374 suscepit
2215 5301 2492 5366 Ecclesia,
2547 5311 2599 5354 et
2649 5297 2946 5354 secundum
2993 5295 3247 5350 Indicum
3289 5292 3528 5357 librum,

1937 5398 2078 5469 quod
2128 5405 2376 5464 tempore
2416 5391 2640 5448 Gedeon
2685 5390 2840 5444 ducis
2871 5388 3075 5443 factum
3133 5385 3386 5456 legimus,
3443 5396 3534 5437 ros

1937 5493 2100 5547 unius
2151 5487 2382 5544 avicula:
2434 5486 2724 5556 gentisque
2782 5483 3048 5547 ntodiczn,
3109 5489 3275 5536 totam
3330 5488 3533 5534 terram

1939 5585 2155 5640 Christo
2184 5579 2517 5641 credentem,
2551 5578 2640 5648 qui
2669 5590 2762 5632 ros
2791 5586 2899 5642 est,
2923 5575 3100 5644 gratia
3131 5569 3534 5630 benedictionis

1943 5665 2237 5741 infudit,'et
2263 5671 2540 5740 impletum
2575 5677 2658 5723 est
2685 5667 2821 5722 illud
2847 5668 3191 5738 mysterium,
3215 5663 3358 5734 quod
3385 5661 3534 5718 Psal-

1958 5772 2114 5826 mista
2143 5767 2470 5840 prmdixerat
2492 5763 2715 5820 dicens:
2740 5762 2890 5826 Sicut
2921 5777 3008 5816 ros
3028 5755 3542 5820 HermonJIermon
