4032 6304
542 243 649 302 759

1336 245 1678 303 APPENDIX
1724 247 1814 302 AD
1854 247 2101 305 TOMUM
2143 247 2495 306 SEPTIMUM
2535 247 2594 306 S.
2639 247 3036 304 lllERONYMI.

3739 249 3851 306 7(0

537 339 726 409 utique
759 353 939 409 mons,
972 340 1064 411 qui
1087 340 1475 410 interpretatur
1500 340 1788 396 anathema
1808 383 1822 406 ,
1857 341 2127 413 significat
2155 345 2204 405 Α
2235 342 2435 398 sinenti
2468 356 2603 414 gyro
2646 358 2744 413 per
2774 343 3050 398 sinistram
3081 342 3293 414 plagam
3328 342 3516 399 mundi
3547 344 3608 399 in
3637 359 3700 399 se
3745 344 3852 403 feci

535 431 823 489 altitudine
866 448 960 488 sua
991 433 1243 504 populum
1295 431 1624 487 Judmorum.
1659 433 1805 487 lllius
1844 448 1974 502 ergo
2004 449 2126 502 ros,

544 527 737 596 gratia:
762 526 1017 582 videlicet
1044 533 1099 580 et
1123 524 1544 592 benedictionis,
1573 525 1859 582 descendit
1890 527 1941 580 in
1975 541 2130 582 mon-

539 627 648 674 tem
677 618 833 674 Sion.
861 619 990 673 Sion
1016 632 1254 689 namque
1283 634 1438 674 mons
1460 619 1708 674 excelsus
1729 619 2024 676 virtutibus
2048 628 2130 675 at-

539 727 646 781 que
671 711 915 767 sublimis
938 711 1181 767 Ecclesia
1213 720 1318 767 est.
1351 711 1408 767 ln
1438 728 1545 782 quo
1567 715 1864 769 constituta
1893 721 1978 770 est
2005 729 2127 786 spe-

533 805 656 859 cula
705 806 1191 876 contemplationis
1233 805 1419 861 futura
1471 808 1836 864 credentium.
1875 809 2030 866 Unde
2072 819 2128 866 et

534 896 649 966 ipsa
681 898 940 953 virtutum
970 900 1184 969 Species
1207 899 1339 955 Sion
1365 902 1780 972 interpretatur.
1815 903 1880 957 Et
1914 913 1968 957 ut
2002 919 2123 959 nos-

533 1002 718 1045 semus
749 993 1029 1061 proprium
1069 993 1216 1047 roris
1254 993 1410 1048 istius
1443 1010 1666 1060 nomen,
1700 997 1773 1050 ait
1797 997 2121 1054 PSalmista:

534 1083 793 1150 Quoniam
821 1084 934 1139 illic
959 1087 1206 1156 quidem,
1235 1086 1449 1142 scilicet
1473 1087 1526 1142 in
1559 1097 1741 1142 monte
1774 1089 1907 1146 Sion
1928 1132 1943 1156 ,
1973 1108 2124 1145 man-

529 1177 671 1232 davit
702 1177 954 1234 Dominus
986 1179 1414 1247 benedictionem,
1441 1188 1489 1234 et
1520 1182 1676 1235 vitam
1708 1198 1868 1252 usque
1896 1183 1946 1237 in
1977 1192 2126 1238 arter—

525 1287 676 1325 num.
705 1271 773 1326 Et
797 1274 1050 1342 sequitur
1078 1272 1296 1328 dicente
1317 1272 1584 1328 Domino:

601 1361 672 1415 Et
695 1362 815 1434 gelu
851 1362 917 1417 de
943 1363 1067 1417 calo
1102 1364 1218 1434 quis
1245 1365 1459 1435 genuit?
1484 1365 1596 1420 lloc
1649 1366 1810 1437 igitur
1855 1368 2017 1424 modo
2059 1369 2124 1425 de

531 1457 675 1512 ccclo
706 1456 1084 1512 obdurationis
1109 1459 1375 1512 sententia
1401 1459 1648 1532 sacrilegi
1678 1461 2126 1534 feriuntur,quod

527 1547 719 1618 utique
748 1547 947 1603 malum
975 1549 1120 1618 juste
1147 1551 1227 1606 eis
1257 1566 1287 1606 a
1318 1553 1432 1608 Deo
1483 1553 1684 1609 dicitur
1733 1558 2036 1626 procreari,
2068 1568 2124 1613 ut

528 1636 803 1693 Pharaoni
842 1638 1053 1696 scilicet
1076 1650 1130 1696 et
1155 1641 1386 1708 Judteis,
1417 1658 1554 1714 quos
1584 1658 1810 1717 propter
1837 1647 2122 1706 inﬁdelita-

2235 450 2543 506 recurrcrc,
2577 447 2634 492 ut
2682 445 2825 492 totus
2872 437 2924 492 in
2963 454 3023 493 sc
3052 437 3212 493 vadat
3244 453 3462 511 semper
3493 449 3549 495 et
3605 439 3803 495 redeat
3833 457 3849 496 :

2236 531 2506 601 numquid
2551 541 2604 586 tu
2639 532 2845 601 poteris
2889 531 3199 601 dissipare?
3227 533 3302 590 De
3340 535 3509 590 astris
3538 535 3696 603 caeli,
3733 535 3855 592 sive

2233 625 2404 696 signis
2452 637 2506 681 et
2551 626 2605 680 in
2654 627 2775 682 aliis
2809 626 2945 682 locis
2991 627 3290 698 Scriptura:
3322 628 3578 701 legimus,
3615 629 3767 685 sicut
3795 632 3850 685 in

2231 717 2360 774 Jesu
2420 717 2570 774 Nave
2639 728 2694 774 et
2737 718 2990 775 Judicnm
3041 737 3055 773 :
3121 719 3272 789 Fuit,
3323 722 3516 792 inquit,
3585 725 3854 780 terminus

2230 813 2518 868 Amorrlttei
2563 815 2627 868 ab
2672 832 2886 870 ascensu
2929 817 3213 888 scorpionis
3261 826 3427 887 petra,
3475 829 3523 872 et
3555 822 3853 889 superiora

2231 907 2364 961 loca.
2416 906 2487 962 Ut
2532 908 2697 978 igitur
2747 908 2962 963 Domini
2995 911 3162 964 verba
3209 911 3512 965 secundum
3566 914 3854 984 mysticos

2230 999 2545 1055 intellectus
2591 1001 2872 1067 dicamus,
2918 1004 3118 1058 malum
3166 1004 3595 1074 interpretemur
3646 1006 3855 1062 Eccle-

2229 1093 2386 1158 siam,
2411 1108 2574 1164 quam
2606 1095 2857 1166 superius
2889 1095 3158 1151 Dominus
3204 1107 3366 1154 terra:
3392 1099 3666 1154 vocabulo
3702 1117 3856 1156 nun-

2228 1185 2468 1254 cupavit,
2514 1185 2610 1241 sed
2656 1185 2726 1242 ibi
2774 1197 3001 1258 propter
3040 1188 3306 1260 originem
3350 1205 3508 1246 suam
3558 1198 3713 1247 terra
3758 1203 3853 1248 est

2229 1278 2526 1348 appellata.
2577 1277 2735 1334 Nunc
2781 1296 2910 1335 vero
2953 1281 3250 1336 sublimata
3297 1297 3396 1353 per
3439 1284 3729 1340 Christum
3788 1287 3846 1341 in

2227 1371 2456 1442 gloriam
2486 1390 2499 1427 :
2532 1373 2730 1429 cmlum
2763 1376 3071 1432 rectissime
3099 1377 3445 1449 intelligitur.
3493 1377 3551 1433 In
3582 1377 3689 1435 hoc
3739 1379 3849 1451 igi-

2230 1474 2320 1520 tur
2367 1465 2507 1522 cmlo
2553 1468 2716 1522 etiam
2759 1468 2934 1524 stella:
2983 1469 3247 1540 pleiades,
3303 1479 3359 1526 et
3409 1474 3843 1542 septentrionis,

2228 1573 2392 1614 unam
2444 1560 2496 1614 in
2549 1576 2607 1616 se
2653 1576 2824 1618 sacrae
2873 1562 3342 1634 interpretationis
3386 1567 3672 1622 continent
3723 1566 3846 1625 for-

2229 1667 2394 1706 mam.
2440 1652 2561 1723 lpse
2606 1655 2752 1709 enim
2798 1658 3144 1726 septenarius
3193 1672 3456 1714 numerus
3485 1658 3843 1731 septifortnis

531 1737 642 1785 tem
671 1745 846 1800 suam,
869 1741 924 1787 et
950 1732 1172 1788 nimiam
1201 1735 1629 1793 obstinationem
1660 1739 1865 1806 cordis,
1892 1740 2123 1812 legimus
2153 1730 2202 1792 Β
2227 1745 2462 1816 Spiritus
2507 1749 2712 1818 gratias
2757 1749 2811 1804 in
2855 1764 2914 1805 se
2953 1749 3316 1820 demonstrat,
3349 1767 3476 1821 qua:
3504 1755 3558 1808 in
3588 1752 3696 1810 hoc
3727 1754 3841 1808 mi-

530 1823 846 1880 obduratos.
871 1826 1134 1896 Sequitur
1157 1827 1226 1884 de
1251 1827 1588 1899 hujusmodi,
1621 1832 1836 1888 dicente
1862 1833 2118 1890 Domino:

599 1916 667 1972 In
716 1918 1110 1974 similitudinem
1150 1919 1342 1992 lapidis
1383 1939 1529 1994 aqua:
1568 1924 1841 1980 durantur.
1892 1925 2123 1984 Nomine

526 2024 830 2080 aquarum,
883 2011 1183 2067 secundum
1243 2012 1649 2086 Scripturarum
1706 2026 2119 2090 auctoritatem,

524 2103 710 2172 pepuli
745 2103 1170 2175 intelliguntur:
1227 2107 1369 2163 sicut
1415 2108 1656 2164 Joannes
1696 2112 1978 2182 apostolus
2003 2115 2117 2169 ait:

525 2193 688 2265 Aqua:
729 2206 902 2251 autem
950 2200 1134 2269 pepuli
1178 2209 1344 2265 sunt;
1390 2210 1445 2255 et
1472 2201 1640 2256 David
1673 2202 1740 2257 ad
1787 2203 2071 2261 Dominum
2105 2224 2117 2261 :

523 2285 715 2340 Libera
745 2304 846 2354 me,
880 2289 1076 2359 inquit,
1108 2291 1174 2345 de
1200 2291 1348 2362 aquis
1370 2292 1570 2358 multis,
1602 2295 1667 2350 de
1692 2312 1849 2351 manu
1891 2299 2121 2368 ﬁliorum

524 2380 835 2433 alienorum.
885 2380 986 2445 De_
1016 2380 1106 2438 his
1159 2399 1289 2453 ergo
1339 2384 1471 2440 mihi
1517 2387 1702 2444 dicere
1750 2391 1991 2457 videtur,
2028 2397 2118 2465 qui

521 2472 694 2528 nimio
738 2473 1036 2531 oblivionis
1081 2477 1177 2533 Dei
1204 2477 1411 2548 frigore
1455 2481 1832 2554 obriguerant,
1866 2497 1922 2542 et
1950 2487 2120 2546 instar

523 2563 789 2635 lapidum,
821 2569 985 2625 solidi
1007 2579 1062 2627 et
1093 2571 1319 2627 nimium
1349 2573 1472 2630 duri
1502 2574 1680 2633 effecti
1717 2588 1866 2636 sunt.
1918 2580 2120 2640 Deinde

599 2755 668 2809 Et
699 2760 994 2830 superﬁcies
1016 2760 1193 2832 abyssi
1223 2765 1620 2839 constringitur.
1653 2768 1709 2824 ln
1737 2767 1958 2840 abysso,
1991 2784 2119 2840 pro—

520 2846 906 2906 fundissimam
955 2851 1346 2912 obscuritatem
1379 2860 1579 2916 mentis
1631 2871 1764 2932 puto
1810 2864 2118 2936 intelligen-

519 2937 670 3008 dam,
720 2957 840 3013 quae
892 2943 966 2999 ita
996 2946 1290 3005 obtusione
1321 2950 1657 3011 infidelitatis
1687 2957 1871 3013 nimiae
1902 2962 2116 3031 operia-

517 3043 630 3102 tur,
679 3045 733 3092 et
776 3041 1190 3114 constringatur
1225 3047 1460 3113 quodam
1508 3051 1631 3119 gelu
1685 3053 2007 3123 impietatis,
2059 3068 2117 3113 ut

515 3141 651 3184 saxo
674 3129 870 3187 similis
911 3132 1024 3204 fiat,
1055 3135 1131 3191 ita
1163 3145 1225 3192 ut
1251 3139 1342 3194 tali
1375 3154 1580 3210 mente,
1611 3159 1718 3199 non
1750 3146 1824 3202 sit
1847 3149 1914 3202 ad
1943 3149 2112 3205 Deum

516 3222 661 3279 ullus
688 3226 870 3282 aditus
903 3229 1232 3301 respirandi,
1284 3236 1584 3292 secundum
1617 3238 1753 3294 illud
1799 3243 1944 3311 quod
1969 3245 2114 3313 Apo-

516 3318 698 3375 stolus
746 3320 816 3377 de
860 3321 1064 3378 ludatis
1116 3327 1490 3386 testimonium
1532 3333 1911 3402 propheticum
1958 3352 2112 3392 assu-

516 3425 694 3481 mens,
729 3415 946 3472 locutus
976 3427 1079 3487 est,
1112 3420 1303 3478 dicens
1329 3441 1341 3476 :
1374 3423 1535 3479 Dedit
1563 3426 1673 3481 illis
1701 3426 1844 3485 Deus
1873 3433 2114 3501 spiritum

515 3512 955 3580 compunctionis,
990 3514 1166 3569 oculos
1189 3525 1244 3569 ut
1271 3533 1374 3571 non
1404 3519 1631 3586 videant,
1662 3530 1711 3576 et
1742 3540 1892 3579 aures
1917 3537 1971 3578 ut
2010 3543 2114 3583 non

514 3601 738 3655 audiant
766 3619 928 3674 usque
952 3605 1007 3658 in
1034 3604 1345 3662 hodiernum
1375 3610 1535 3668 diem.
1561 3610 1619 3665 In
1653 3615 1864 3683 psalmo
1895 3633 2115 3689 quoque

515 3691 818 3747 centesimo
846 3694 1273 3766 quadragesimo
1305 3702 1564 3769 septimo,
1594 3703 1663 3758 de
1687 3705 1836 3775 gelu,
1869 3708 1954 3764 vel
1999 3711 2114 3779 gla-

514 3784 599 3839 cie
623 3793 679 3840 et
709 3787 1001 3858 crystallo,
1032 3790 1332 3846 secundum
1362 3792 1504 3851 lnmc
1550 3809 1771 3853 sensum
1817 3815 1978 3870 quem
2007 3802 2114 3856 Do-

510 3875 726 3931 minum
773 3879 981 3936 dixisse
1028 3881 1117 3936 hic
1177 3883 1443 3954 legimus,
1497 3888 1817 3960 prophetam
1884 3895 2114 3965 mystice

514 3967 784 4034 loculum,
833 3971 1187 4030 manifestum
1234 3984 1338 4032 est.
1379 3977 1680 4036 Possumus
1728 3981 1845 4038 haec
1892 3984 2009 4041 loca
2059 3995 2115 4042 et

511 4061 840 4128 simpliciter
866 4065 1194 4137 intelligere,
1227 4080 1283 4125 et
1319 4072 1443 4141 gelu
1469 4073 1539 4129 de
1566 4076 1704 4131 coelo
1734 4078 1857 4148 quis
1887 4081 2112 4150 genuit?

515 4150 729 4208 Caelum
758 4159 1099 4227 appellantes
1114 4163 1360 4233 glacialia
1389 4170 1680 4238 montium,
1698 4183 1750 4227 et
1771 4175 2110 4230 excelsorum

513 4249 821 4317 cacumina,
871 4259 927 4306 et
972 4267 1070 4321 per
1101 4255 1426 4313 immensum
1454 4275 1658 4329 aerem,
1695 4264 1814 4320 loca
1845 4267 1986 4322 ctelo
2030 4269 2113 4323 vi-

511 4338 747 4410 ciniora,
796 4344 885 4398 vel
926 4347 1102 4417 magis
1132 4351 1404 4418 proxima.
1455 4353 1770 4412 Secundum
1805 4358 1944 4417 hanc
1981 4377 2112 4434 ergo

513 4440 972 4498 consuetudinem
996 4443 1425 4517 Scripturarum,
1449 4453 1564 4521 ipse
1582 4455 1848 4513 Dominus
1865 4460 2039 4530 inquit
2056 4463 2108 4517 in

512 4528 836 4603 Evangelio,
895 4536 1130 4594 volatilia
1194 4543 1328 4597 cazli.
1381 4545 1477 4602 llis
1519 4551 1816 4606 secundum
1870 4528 2108 4610 litteram

511 4638 659 4680 nunc
689 4627 930 4698 omissis,
964 4646 1027 4686 ea
1060 4633 1266 4704 potius,
1299 4652 1421 4708 qua:
1452 4649 1669 4698 sacrate
1704 4661 1734 4698 a
1776 4645 1886 4700 Deo
1911 4647 2108 4716 praedi-

509 4724 630 4770 cata
664 4727 813 4790 sunt,
850 4722 1158 4795 intelligere
1181 4736 1233 4782 et
1259 4731 1490 4788 credere
1519 4748 1616 4790 nos
1642 4745 1880 4805 oportet.

583 4809 858 4884 Numquid
896 4821 1212 4890 conjungere
1240 4823 1431 4879 ualebis
1455 4826 1701 4883 micantes
1732 4833 1909 4887 stellas
1940 4835 2108 4905 pleia-
2156 4873 2163 4879 -

511 4902 622 4971 des,
657 4915 747 4958 aut
791 4924 978 4977 gyrum
1019 4913 1216 4966 arcturi
1265 4915 1456 4984 poteris
1504 4918 1799 4990 dissipare?
1835 4902 1990 4980 Nunc
2038 4929 2105 4986 de

509 4995 870 5065 coeli;ordine
914 5009 970 5056 et
1014 5012 1285 5060 astrorum
1329 5006 1560 5064 circuitu
1607 5013 1849 5081 loquitur
1886 5018 1952 5072 ad
1976 5020 2100 5076 Job.

509 5087 761 5146 Pleiades
788 5094 1031 5165 appellat
1060 5096 1269 5165 stellas,
1299 5116 1421 5170 qua:
1447 5103 1672 5172 junctae,
1717 5109 1865 5165 velut
1891 5122 2102 5182 septem

507 5195 631 5237 esse
660 5193 1057 5243 monstrantur.
1093 5189 1188 5244 llis
1216 5205 1347 5262 ergo
1375 5193 1576 5262 Graeci,
1624 5201 1770 5268 qttod
1813 5204 1998 5259 multm
2029 5207 2105 5262 si-

506 5275 621 5329 mul
653 5287 861 5346 essent,
893 5296 1092 5337 nomen
1133 5282 1202 5338 ab
1227 5283 1340 5356 ipsa
1372 5288 1722 5347 multitudine
1759 5307 2056 5365 posuerunt
2086 5317 2100 5355 :

508 5370 702 5433 πληθὺς
745 5373 830 5427 vel
881 5375 1067 5438 πλῆθος
1099 5376 1256 5432 enim
1302 5380 1596 5437 multitudo
1627 5385 1846 5457 dicitur,
1887 5401 1943 5446 et
1973 5390 2104 5449 inde

505 5460 812 5519 derivatum
863 5476 974 5534 est,
1025 5477 1085 5523 ut
1132 5470 1376 5540 pleiades
1423 5477 1785 5546 appellentur.
1836 5481 1927 5538 Ait
1973 5500 2104 5555 ergo

506 5551 772 5646 Dominus
812 5557 878 5612 ad
910 5559 1014 5616 Job
1047 5560 1356 5634 :Numquid
1390 5575 1446 5623 ut
1485 5570 1570 5625 hac
1597 5575 1768 5630 stella:
1794 5551 2106 5646 junctaz,et

503 5643 669 5698 simul
719 5647 847 5712 sint.
902 5661 989 5705 tua
1043 5656 1287 5722 potentia
1333 5657 1518 5717 facere
1557 5643 1820 5733 potuistii
1868 5669 2103 5740 Septen-

527 5735 702 5792 rionis
729 5754 948 5812 quoque
976 5745 1094 5802 sive
1136 5751 1340 5805 arcturi
1389 5753 1701 5827 circuitum,
1741 5776 1903 5832 quem
1942 5735 2104 5822 inded

2228 1847 2378 1906 cant,
2430 1839 2644 1910 ipsique
2688 1841 2989 1912 gratiarum
3035 1843 3258 1914 Spiritus
3292 1845 3347 1899 in
3398 1845 3593 1900 eodem
3646 1846 3844 1901 ﬁrma-

2227 1942 2410 1989 mento
2438 1933 2560 1988 coeli
2607 1944 2732 1989 sunt
2778 1934 3068 2007 fulgentes.
3117 1935 3241 1993 Isne
3284 1937 3450 2009 igitur
3499 1939 3683 1994 stella).
3736 1955 3840 2010 per

2226 2029 2573 2101 prophetam,
2605 2039 2816 2101 septem
2849 2033 2990 2088 oculi
3026 2033 3236 2088 Domini
3280 2035 3644 2105 appellantur,
3685 2051 3833 2107 quo-

2227 2139 2347 2179 rum
2376 2124 2660 2181 oculorum
2685 2127 2888 2196 gratias
2919 2136 3077 2199 atque
3107 2128 3337 2184 virtutes
3367 2128 3537 2184 lsaias
3557 2129 3832 2201 propheta

2226 2227 2534 2288 enumerat,
2580 2219 2672 2276 ubi
2720 2221 2789 2276 de
2835 2221 3135 2278 Salvatoris
3165 2223 3454 2281 nativitate
3498 2226 3834 2282 vaticinatur

2226 2312 2419 2368 dicens
2445 2331 2458 2369 :
2488 2312 2556 2366 Et
2589 2314 2870 2384 requiescet
2917 2332 3070 2389 super
3107 2334 3222 2371 eum
3251 2318 3464 2388 spiritus
3495 2318 3590 2373 Dei
3617 2336 3639 2374 :
3669 2321 3830 2389 spiri-

2227 2415 2310 2461 tus
2335 2408 2624 2477 sapientiw,
2659 2417 2706 2462 et
2734 2409 3024 2466 intellectus
3050 2426 3068 2465 :
3097 2412 3312 2481 spiritus
3340 2413 3548 2467 consilii
3569 2423 3618 2466 et
3660 2414 3830 2467 uirtu-

2225 2505 2291 2556 tis
2323 2519 2341 2556 :
2373 2503 2589 2575 spiritus
2607 2505 2836 2560 scientiis
2863 2514 2910 2559 et
2940 2505 3182 2576 pietatis:
3215 2508 3433 2576 replevit
3459 2523 3575 2563 eum
3604 2509 3825 2580 spiritus

2225 2598 2424 2652 timoris
2478 2597 2590 2652 Dei.
2649 2597 3120 2666 Quemadmodum
3175 2614 3307 2669 ergo
3368 2603 3661 2674 quisquam
3711 2620 3821 2662 non

2225 2695 2401 2765 potuit
2444 2695 2872 2752 indissociabilis
2921 2695 3143 2754 luminis
3173 2698 3476 2769 spiritualia
3509 2706 3658 2754 astra
3689 2713 3824 2754 con-

2219 2787 2473 2860 jungere,
2504 2791 2576 2844 ita
2609 2790 2830 2846 omnino
2862 2790 2980 2846 ﬁeri
3022 2801 3220 2861 potest,
3259 2800 3316 2846 ut
3361 2793 3446 2848 lue
3482 2792 3662 2848 stellae
3688 2808 3820 2864 gra-

2226 2883 2448 2951 tiarum,
2466 2884 2764 2941 Ecclesiam
2782 2901 2957 2942 meam
2981 2887 3187 2942 circum
3218 2887 3533 2956 lustrantes,
3565 2889 3636 2944 ab
3657 2890 3820 2945 unius

2223 2980 2572 3035 connexione
2623 2979 2901 3035 insolubili
2929 2992 3280 3052 separentur.
3327 2983 3482 3052 Quod
3516 2995 3696 3042 autem
3726 2986 3820 3042 alii

2222 3073 2496 3142 dixerunt,
2527 3084 2620 3129 aut
2647 3074 2969 3132 intellexisti
3000 3092 3178 3135 nexus
3227 3079 3461 3150 pleiadis
3489 3098 3504 3134 :
3538 3081 3607 3136 ad
3658 3083 3820 3153 spiri-

2222 3167 2422 3224 tualem
2453 3169 2870 3241 intelligentiam
2900 3173 3061 3243 erigit
3085 3173 3326 3228 animum
3377 3176 3712 3243 contuentis,
3762 3186 3821 3232 ut

2219 3261 2424 3331 aliquid
2451 3262 2810 3333 allegorieum
2841 3266 3052 3323 laboret
3079 3268 3375 3338 inquirere.

2294 3359 2566 3433 Numquid
2607 3363 2855 3432 producis
2905 3364 3207 3436 Luciferum
3237 3367 3292 3421 in
3321 3377 3554 3440 tempore
3599 3385 3718 3435 suo,
3772 3379 3819 3424 et

2228 3451 2510 3526 Vesperum
2537 3471 2692 3525 super
2717 3455 2856 3525 ﬁlios
2896 3467 3047 3512 teme
3083 3475 3391 3530 consurgere
3432 3460 3607 3530 facis?
3646 3461 3816 3517 Stella

2217 3556 2323 3612 est,
2370 3563 2531 3618 quam
2581 3549 2890 3606 Luciferum
2937 3551 3191 3619 dicimus,
3241 3555 3417 3610 stellis
3458 3556 3682 3612 cieteris
3709 3558 3820 3612 cla-

2218 3638 2354 3703 rior,
2383 3655 2546 3710 quam
2581 3642 2764 3698 lerunt
2789 3643 2951 3698 etiam
3002 3643 3257 3701 doctores
3307 3647 3597 3714 Ecclesizn,
3652 3665 3814 3706 unam

2217 3745 2341 3787 esse
2365 3732 2436 3788 de
2465 3734 2574 3790 illis
2597 3735 2837 3807 quinque
2864 3736 3058 3803 stellis,
3108 3755 3244 3809 quas
3295 3740 3543 3812 planetas
3589 3753 3815 3810 vocant,

2215 3825 2339 3897 quia
2371 3825 2692 3884 dissimilem
2724 3830 2953 3885 aliarttm
2987 3833 3266 3888 stellarum
3299 3849 3516 3891 cursum
3551 3836 3813 3907 habeant,

2216 3919 2495 3990 multoque
2542 3921 2874 3980 velociorem
2922 3936 2976 3980 et
3024 3927 3149 3982 inde
3196 3927 3448 3998 planetae,
3503 3931 3555 3985 id
3588 3941 3695 3996 est,
3726 3948 3816 3986 va-

2214 4021 2426 4082 gantes,
2471 4015 2588 4071 sive
2627 4027 2876 4073 errantes
2923 4018 3195 4085 dicantur,
3228 4035 3294 4076 eo
3339 4021 3484 4093 quod
3529 4038 3640 4078 non
3687 4039 3813 4080 cer-

2218 4113 2352 4171 tum,
2401 4107 2498 4163 sed
2551 4110 2872 4168 mutabilem
2905 4128 3125 4169 cursum
3162 4113 3417 4170 habeant.
3458 4116 3610 4173 llunc
3653 4118 3816 4189 igitur

2214 4198 2530 4256 Luciferum
2577 4203 2952 4273 appariturum
3001 4208 3198 4274 terris,
3251 4217 3374 4278 post
3423 4208 3709 4265 biennium
3759 4212 3812 4266 iu

2213 4291 2445 4349 Oriente
2473 4304 2757 4350 autumant
2788 4297 2957 4352 nasci.
2993 4296 3168 4352 Aliam
3215 4314 3346 4354 vero
3375 4301 3615 4367 stellam,
3649 4317 3809 4372 quam

2219 4383 2516 4455 Vesperum
2557 4388 2872 4458 appellavit,
2921 4405 2989 4445 eo
3016 4390 3159 4461 quod
3209 4392 3353 4448 circa
3379 4393 3490 4449 diei
3520 4410 3811 4466 vesperum

2217 4493 2316 4532 suo
2363 4488 2544 4536 tamen
2592 4491 2839 4554 tempore
2871 4484 3074 4540 mundo
3104 4495 3483 4543 monstretur:
3517 4489 3683 4557 hanc,
3730 4492 3814 4546 in-

2216 4570 2334 4640 quit
2363 4570 2509 4628 Deus
2559 4573 2626 4628 ad
2673 4574 2799 4640 Job,
2852 4589 3019 4644 super
3072 4576 3214 4633 ﬁlios
3266 4587 3430 4636 terra:
3475 4596 3810 4654 consurgere

2214 4661 2516 4730 facis?Qui
2549 4679 2680 4734 ergo
2729 4666 2989 4738 intelligis
3037 4670 3331 4739 potentiam
3380 4673 3564 4728 omnia
3615 4675 3810 4744 guber-

2214 4755 2418 4820 nantis,
2468 4764 2522 4810 et
2571 4757 2624 4811 in
2676 4766 2730 4812 te
2773 4760 3050 4828 operantis
3076 4776 3312 4832 agnosce
3337 4764 3624 4833 justitiam.
3659 4767 3810 4824 Hanc

2212 4847 2426 4903 stellam
2463 4848 2616 4903 multi
2648 4860 2837 4920 putant
2864 4851 3168 4923 Hesperum
3210 4854 3342 4912 dici.
3388 4855 3546 4913 Unde
3575 4869 3633 4914 et
3657 4858 3807 4914 Italia

2210 4940 2474 5011 Hesperia
2523 4945 2799 4999 nominata
2839 4947 2930 5014 sit,
2964 4962 3031 5002 eo
3051 4948 3196 5018 quod
3249 4949 3364 5005 illic
3417 4961 3663 5024 tempore
3708 4969 3809 5009 suo

2208 5034 2446 5104 primum
2501 5045 2751 5105 apparet.
2800 5036 3174 5108 Spiritualiter
3225 5049 3406 5098 autem
3454 5044 3621 5100 verba
3682 5053 3807 5102 sunt

2208 5126 2388 5182 Patris
2434 5125 2504 5182 de
2547 5127 2686 5183 Filio
2733 5144 2832 5184 suo
2877 5129 3164 5188 Salvatore
3207 5144 3395 5189 nostro
3420 5135 3654 5192 dicentis
3682 5137 3801 5194 sic:

2209 5215 2482 5288 Numquid
2541 5218 2742 5275 educes
2805 5221 3112 5278 Luciferum
3168 5225 3220 5279 in
3275 5233 3524 5298 tempore
3576 5245 3700 5297 suo,
3749 5240 3802 5286 et

2209 5310 2510 5382 Vesperum
2539 5327 2703 5383 super
2729 5314 2872 5369 ﬁlios
2901 5323 3065 5371 tet-rte
3095 5332 3432 5390 consurgere
3479 5321 3655 5378 facis?
3703 5324 3803 5381 Ubi

2213 5411 2266 5457 et
2315 5401 2582 5460 adventus
2629 5406 2844 5462 Domini
2891 5409 2942 5463 in
2993 5425 3158 5466 carne
3203 5416 3416 5470 venturi
3467 5417 3801 5488 signiﬁcatus

2210 5502 2315 5562 est,
2367 5505 2424 5550 et
2462 5499 2793 5554 resurrectio
2838 5501 2960 5570 ejus
3012 5517 3075 5558 ex
3131 5506 3360 5560 mortuis
3409 5508 3664 5578 figurata,
3710 5527 3800 5566 ve-

2211 5585 2402 5640 niente
2436 5588 2774 5657 plenitudine
2804 5595 3089 5664 temporis.
3125 5597 3216 5652 Ait
3243 5607 3423 5654 autem
3454 5601 3638 5657 :Misit
3659 5602 3800 5659 Deus

2211 5673 2412 5733 Filium
2441 5696 2593 5734 suum
2635 5683 2830 5752 factum
2856 5701 2919 5740 ex
2947 5688 3185 5759 muliere,
3232 5691 3428 5761 factum
3456 5697 3552 5749 sub
3578 5695 3709 5766 lege.
3742 5695 3797 5752 In

2210 5767 2315 5825 hoc
2347 5769 2508 5841 igitur
2536 5780 2782 5844 tempore
2811 5789 2911 5833 suo
2955 5779 3186 5837 eductus
3215 5781 3297 5840 eat
3323 5799 3352 5838 a
3381 5784 3494 5842 Deo
3530 5786 3712 5854 Patre,
3744 5798 3797 5843 ut
