4026 6306
38 376 73 409 ,ἶ
174 316 277 375 ’ἷυί

1107 314 1583 373 COMMENTARII
1624 313 1689 371 IN
1726 313 1991 372 LIBRUM
2029 314 2166 373 IOB.
2211 313 2363 373 CAP.
2407 318 2694 379 XXXVIII.

3379 329 3485 387 762

179 442 360 490 terras
402 430 689 501 inviseret,
739 431 829 503 qui
870 430 992 488 ideo
1036 430 1253 488 Lucifer
1295 433 1639 504 nuncupatus
1669 442 1772 500 est,
1803 432 2070 501 Amoris,
2099 443 2156 490 et
2197 434 2579 495 insinuationis
2623 439 2906 511 instinctu,
2940 450 2998 498 ιιι
3036 441 3348 501 obediendo
3374 449 3483 503 sal-

169 528 300 599 quia
339 527 568 583 veniens
609 494 686 582 de
726 494 1069 594 sublimibus,
1119 534 1398 597 tamquam
1452 494 1575 598 post
1624 494 1775 582 hicn;

1879 537 2057 598 vetur,
2088 530 2385 588 observare
2406 533 2587 600 jubet.
2616 534 2889 609 Numquid
2916 547 2996 605 ιιι,
3019 538 3145 608 Job,
3173 540 3382 613 aliquid
3400 543 3480 601 sic

171 621 349 689 nium,
377 631 505 692 post
529 620 707 692 legem
736 628 792 676 et
821 618 1115 691 prophetas
1161 627 1314 674 ortus
1349 628 1457 687 est,
1505 628 1560 675 ct
1608 635 1775 691 super
1875 622 2008 679 mile
2038 623 2223 681 facere
2251 627 2512 697 potuisti?

68 776 77 789 ι
170 729 273 771 ιιοε
324 714 537 785 positos
588 713 645 768 in
691 712 954 780 tenebris,
1003 722 1059 768 et
1106 714 1295 768 umbra
1346 712 1561 780 mortis,
1595 712 1769 769 lucem

1949 717 2218 790 Numquid
2263 721 2433 775 mittes
2482 721 2718 792 fulgura,
2774 733 2822 779 et
2868 724 3036 794 ibunt,
3091 735 3140 782 et
3169 730 3476 785 reuertentis:

169 808 335 865 nobis
381 807 507 864 lidei
537 823 599 862 ac
630 806 967 877 tempestiva:
1003 805 1333 878 cognitionis
1360 804 1629 862 exhibuit.
1663 805 1771 862 γε·
1872 809 2042 864 dicent
2070 809 2182 876 tibi,
2211 811 2517 867 Adsumus?
2539 814 2599 869 ln
2631 814 2715 871 his
2746 818 3097 875 sermonibus
3128 820 3251 888 Dei,
3277 822 3475 881 adesse

38 954 65 978 λ
167 917 303 975 sper
348 916 482 956 vero
528 901 672 956 idem
720 899 893 954 Filius
938 899 1174 954 hominis
1219 899 1547 970 appellatur,
1582 900 1673 970 qui
1714 901 1765 957 in

66 1052 71 1057 ,
166 1008 334 1051 cruce
361 1001 616 1061 tempore
648 990 921 1063 passionis
950 991 1230 1047 occubuit.
1261 990 1339 1047 De
1368 1006 1478 1063 quo
1522 991 1597 1046 ait
1639 1006 1768 1063 pro-

54 1150 75 1169 ”,
166 1091 332 1163 pheta
361 1085 579 1160 populis
607 1084 909 1142 credituris
936 1102 950 1139 :
1002 1082 1117 1138 Iter
1141 1084 1298 1156 faciet
1341 1085 1388 1138 ei
1414 1085 1502 1156 qui
1534 1086 1766 1140 ascendit

165 1197 327 1253 super
378 1180 657 1247 Occasum,
703 1176 960 1233 Dominus
998 1192 1184 1232 nomen
1222 1176 1322 1231 illi.
1357 1176 1458 1244 Qui
1496 1176 1681 1248 utique
1710 1178 1763 1233 in

38 1254 65 1331 ᾖ
167 1283 417 1343 tempore
448 1285 698 1338 occasus,
739 1268 958 1343 quando
994 1270 1071 1325 ait
1099 1269 1166 1324 ad
1193 1266 1408 1325 Patrem
1440 1287 1453 1323 :
1487 1268 1553 1324 In
1581 1286 1765 1325 manus

164 1376 283 1420 tuas
312 1364 615 1419 commendo
638 1364 883 1436 spiritum
928 1378 1120 1429 meum,
1171 1362 1350 1431 posuit
1398 1362 1676 1430 tenebras,
1708 1370 1765 1417 et

44 1442 59 1529 ί
160 1456 322 1513 tactae
368 1466 498 1511 sunt
554 1451 613 1511 in
654 1454 821 1510 corde
866 1452 1168 1509 infidelium
1223 1451 1557 1508 Judaaorum.
1607 1452 1763 1508 llunc

60 1622 61 1625 η
161 1571 297 1628 ergo
325 1556 472 1611 Deus
498 1554 686 1623 Pater,
715 1563 767 1609 ut
797 1562 1072 1625 pastorem
1101 1567 1358 1625 magnum
1388 1552 1572 1607 ovium
1610 1549 1760 1606 εχει·

161 1648 322 1704 tavit.
356 1646 536 1714 llunc,
568 1646 811 1717 inquam,
856 1645 1192 1717 Vesperum,
1234 1660 1302 1702 eo
1349 1644 1497 1717 quod
1544 1642 1758 1699 sacrifi-

157 1745 305 1800 cium
361 1743 742 1814 vespertinum
792 1742 846 1797 in
902 1756 1125 1811 vespera
1188 1740 1512 1795 surculorum
1559 1738 1757 1794 missus

38 1822 53 1907 ί
155 1836 447 1905 obtulerit,
483 1835 649 1890 lilium
678 1833 920 1889 hominis
959 1847 1129 1903 super
1161 1831 1307 1888 illios
1336 1840 1501 1887 terra:
1529 1845 1760 1886 consur—
1784 1813 1837 1875 Β
1861 1813 2047 1894 dicen]
2080 1859 2093 1894 ;
2130 1840 2368 1914 Quinque
2396 1844 2594 1899 ιαιεηια
2635 1845 2764 1900 mihi
2813 1846 3087 1902 ιναάεάεειί

153 1944 290 2001 gere
319 1926 447 1983 fecit
472 1944 486 1981 :
523 1927 728 1981 utinam
755 1941 860 1981 non
888 1925 999 1981 sint
1029 1939 1182 1991 caro,
1212 1931 1265 1979 et
1302 1931 1452 1979 terra
1481 1937 1606 1978 esca
1640 1936 1759 1978 ser-

153 2024 362 2095 pentis,
409 2036 587 2092 neque
633 2020 731 2076 lilii
773 2020 949 2076 noctis
997 2029 1054 2077 et
1101 2018 1477 2088 tenebrarum,
1519 2018 1617 2076 sed
1645 2018 1759 2074 sint

154 2116 256 2173 lilii
282 2113 544 2182 Luciferi,
575 2113 675 2170 lilii
705 2114 824 2170 Dei.

228 2207 506 2280 Numquid
526 2209 663 2263 nosti
686 2208 919 2263 ordinem
943 2208 1080 2277 celi,
1112 2216 1160 2264 et
1186 2225 1347 2283 pones
1378 2210 1630 2265 rationem
1645 2213 1756 2281 ejus

152 2303 208 2360 in
229 2315 370 2361 terra
389 2305 416 2360 1’
436 2303 496 2360 Si
522 2319 812 2360 numerum
834 2312 1109 2359 astrorum
1138 2305 1379 2360 omnium
1399 2312 1584 2377 potest
1605 2306 1755 2377 quis-

153 2402 301 2474 piam
364 2400 677 2457 mortalium
725 2414 921 2468 uosse,
971 2409 1152 2470 potest
1198 2409 1255 2457 et
1299 2401 1512 2456 militiae
1560 2416 1753 2456 eorum

152 2495 407 2552 ordinem
436 2495 799 2567 perscrutari.
848 2493 1023 2551 Nemo
1049 2510 1179 2566 ergo
1208 2496 1326 2553 lure
1353 2494 1571 2566 proprie
1602 2495 1754 2550 novit

152 2590 260 2646 nisi
288 2589 444 2645 solus
471 2590 566 2646 ille
608 2590 702 2662 qui
731 2589 996 2646 condidit.
1045 2590 1328 2661 Spirituali
1357 2599 1539 2646 autem
1584 2604 1753 2645 sensu

153 2687 226 2743 ita
249 2685 489 2758 intelligi
506 2695 687 2758 potest
715 2705 731 2742 :
760 2685 1031 2758 Numquid
1059 2696 1137 2752 tu,
1164 2685 1289 2754 Job,
1317 2685 1472 2756 quasi
1500 2685 1753 2756 cognitor

150 2780 491 2845 futurorum,
520 2780 632 2851 jam
673 2781 818 2836 nosti
845 2794 953 2852 quo
980 2778 1175 2835 ordine
1204 2779 1257 2833 in
1287 2777 1430 2835 cmlo
1464 2775 1745 2843 Ecclesiae,

147 2891 316 2950 quam
348 2874 577 2931 diversae
602 2884 768 2946 atque
794 2872 1125 2944 multiplices
1151 2872 1343 2945 gratia:
1364 2872 1589 2943 spiritus
1616 2869 1748 2937 mei,

147 2970 305 3027 velut
345 2969 520 3025 stellae
565 2968 904 3041 refulgeant,
947 2970 1063 3025 sive
1106 2983 1211 3040 qua
1258 2967 1460 3039 gloria,
1504 2966 1594 3022 vel
1640 2981 1751 3036 quo

147 3064 352 3121 ordine
400 3066 755 3130 meritorum,
808 3074 866 3119 ut
913 3063 1156 3120 siderum
1205 3062 1531 3118 radiantium
1577 3060 1746 3132 globi,

1869 901 2060 956 virtuti
2107 902 2230 973 ejus
2283 904 2616 960 credendum
2672 914 2759 963 est
2806 924 3166 983 qumcumque
3214 912 3470 982 voluerit,

1869 995 1956 1050 cui
1990 996 2154 1051 etiam
2184 999 2365 1054 omnia
2395 998 2767 1068 insensibilia,
2798 1004 2953 1073 quasi
2982 1005 3263 1062 sensibilis
3293 1016 3422 1063 sunt
3451 1025 3466 1075 ;

1867 1085 2013 1143 sicut
2038 1087 2174 1143 dicit
2216 1091 2482 1160 prOpheta
2515 1108 2535 1147 :
2571 1090 2616 1146 Α
2647 1093 2782 1164 facie
2829 1093 3044 1151 Domini
3090 1108 3348 1155 commota
3395 1109 3471 1155 est

1868 1187 2029 1248 terra,
2059 1198 2091 1235 a
2120 1183 2254 1253 facie
2279 1182 2380 1239 Dei
2401 1182 2586 1239 Jacob.
2612 1184 2839 1243 Reverti
2867 1196 3047 1245 autem
3090 1189 3303 1262 fulgura
3344 1192 3469 1249 ideo

1865 1273 2235 1344 appellantur,
2264 1277 2391 1346 quia
2424 1278 2514 1333 isti
2543 1279 2837 1334 mittuntur
2879 1297 2910 1335 a
2938 1281 3073 1353 Deo,
3105 1294 3166 1339 ιιι
3204 1286 3465 1356 praedica-

1866 1368 2016 1424 tione
2045 1370 2322 1443 Evangelii
2357 1372 2618 1428 mundum
2661 1373 2998 1443 illuminent,
3030 1379 3230 1450 quibus
3277 1382 3463 1438 Domi-

1865 1476 1967 1517 nus
1996 1462 2071 1519 ait
2102 1478 2118 1518 :
2165 1464 2264 1520 Vos
2291 1466 2411 1521 estis
2442 1466 2535 1521 luat
2560 1466 2765 1523 mundi.
2798 1468 2867 1524 Et
2907 1470 3106 1527 iterum
3138 1489 3154 1527 :
3214 1472 3374 1528 Ροεηὶ
3415 1483 3464 1530 te

1863 1557 1917 1611 in
1944 1556 2110 1613 lucem
2139 1561 2391 1631 gentium,
2423 1570 2479 1615 ut
2508 1564 2581 1618 sis
2605 1564 2661 1618 in
2689 1564 2911 1621 salutem
2936 1581 3097 1637 usque
3127 1566 3197 1621 ad
3226 1568 3464 1622 ultimunt

1866 1660 2017 1708 terra:
2046 1670 2067 1708 :
2103 1663 2162 1710 et
2196 1655 2252 1711 in
2284 1654 2392 1713 line
2437 1658 2626 1714 saeculi
2658 1668 3008 1717 revertentes
3051 1676 3174 1717 cum
3204 1661 3472 1717 fructibus

1862 1747 2267 1819 manipulorum
2317 1764 2542 1807 suorum
2593 1754 2816 1810 venient
2864 1754 2920 1811 in
2967 1756 3358 1823 exsultatione,
3408 1766 3467 1815 et

3129 1863 3150 1903 :
3195 1864 3311 1904 ecce
3353 1847 3462 1905 alia

1856 1936 2085 2006 quinque
2111 1935 2340 1993 lucratus
2364 1954 2501 1993 sum.
2534 1939 2663 1996 Sive
2685 1939 2894 2013 fulgura
2924 1950 3051 1997 sunt
3071 1941 3461 2014 inspirationes

1856 2031 2075 2098 divinae,
2126 2031 2323 2104 quibus
2372 2033 2755 2091 illuminantur
2803 2035 2970 2092 corda
3024 2045 3369 2105 sanctorum,
3401 2045 3458 2092 ιιι

1857 2124 1939 2181 eis
1966 2125 2213 2181 accensis
2242 2126 2297 2181 in
2336 2142 2526 2184 amore
2556 2127 2842 2186 charitatis
2869 2129 3075 2186 Christi
3098 2130 3457 2203 conﬂagrent.

1857 2215 1985 2273 Iltec
2030 2226 2213 2274 autem
2263 2218 2476 2291 fulgura
2528 2220 2950 2278 illuminationis
2989 2222 3087 2280 Dei
3115 2231 3462 2280 revertentur

1856 2311 1924 2365 ad
1976 2311 2168 2378 Deum,
2221 2311 2316 2383 qui
2363 2328 2426 2368 ea
2472 2312 2541 2369 ad
2606 2313 2936 2370 desiderium
2980 2315 3066 2371 sui
3110 2314 3457 2372 excitandum

1856 2405 2135 2473 emiserat,
2167 2406 2385 2477 quando
2417 2422 2513 2478 per
2533 2406 2785 2463 eamdem
2814 2408 3183 2465 visitationem
3219 2408 3458 2465 divinam

1855 2498 2068 2556 ardenti
2098 2500 2284 2557 animo
2316 2509 2373 2557 et
2422 2500 2660 2559 ferventi
2701 2517 2838 2575 opus
2884 2516 2999 2559 sua:
3046 2500 3459 2560 illuminationis

1854 2590 2181 2649 ell‘ecerunt.

1929 2685 2057 2754 Quis
2103 2689 2275 2760 posuit
2319 2690 2375 2743 in
2405 2689 2686 2745 visceribus
2727 2690 2957 2747 hominis
3000 2691 3334 2765 sapientiam,
3380 2691 3461 2748 vel

1854 2784 1971 2855 quis
2045 2782 2187 2839 dedit
2252 2785 2403 2857 gallo
2453 2785 2897 2857 intelligentiam?
2965 2786 3310 2845 Manifestum
3370 2796 3458 2845 est

1851 2876 1995 2947 quod
2034 2876 2224 2947 homo,
2273 2878 2495 2950 quando
2532 2880 2600 2936 ad
2633 2881 2924 2952 imaginem
2954 2890 3010 2940 et
3038 2883 3456 2942 similitudinem

1852 2971 1955 3029 Dei
1985 2973 2161 3030 factus
2193 2983 2301 3045 est,
2326 2977 2652 3048 sapientiam
2698 2979 2929 3036 rationis
2969 2983 3201 3053 accepit,
3232 2992 3292 3039 ut
3321 2997 3462 3053 prm-

1857 3074 2028 3123 staret
2057 3068 2275 3124 caneris
2304 3069 2692 3136 animantibus,
2725 3086 2845 3141 quze
2872 3073 3084 3130 ratione
3119 3084 3177 3129 et
3217 3074 3459 3146 pruden-

148 3160 328 3215 sancti
358 3158 411 3214 in
436 3159 845 3216 resurrectione
886 3158 1208 3229 fulgebunt?
1249 3157 1406 3213 llunc
1448 3158 1625 3213 locum
1656 3156 1745 3211 alii
1772 3200 1822 3263 Ο
1856 3158 1928 3215 tia
1974 3168 2184 3217 carent.
2228 3159 2442 3230 Quibus
2480 3171 2661 3218 autem
2696 3162 2853 3219 bonis
2883 3179 2914 3219 a
2949 3163 3060 3221 Deo
3091 3164 3255 3221 homo
3282 3166 3458 3222 dona-

149 3250 231 3307 ita
259 3259 524 3307 vertunt:
575 3250 644 3307 Ut
690 3253 865 3306 omnia
902 3267 1019 3321 quae
1066 3250 1161 3306 sub
1205 3250 1331 3304 ctelo
1370 3258 1511 3316 sunt,
1557 3249 1749 3320 pariter

151 3347 306 3417 ﬁant.
365 3344 467 3402 Ubi
516 3345 621 3401 hoc
670 3344 854 3401 dicere
903 3345 1177 3411 videntur,
1230 3344 1377 3415 quod
1406 3342 1750 3399 volubilitate

150 3441 269 3497 sive
297 3450 629 3510 temporum,
675 3441 793 3499 sive
820 3438 1124 3504 stellarum,
1154 3452 1253 3509 per
1279 3437 1451 3506 Spatia
1483 3436 1590 3492 sibi
1621 3449 1750 3491 suc-

150 3532 407 3590 cedentia
436 3531 628 3589 redeat
653 3541 712 3587 et
743 3538 1010 3587 recurrat.
1061 3529 1435 3601 Spiritualiter
1462 3536 1646 3583 autem
1678 3526 1751 3581 ita

152 3624 361 3683 dictum
423 3622 851 3681 existimandum
888 3631 1009 3693 est,
1062 3622 1206 3691 quod
1261 3621 1599 3694 dispensatio
1655 3636 1752 3691 per

151 3716 438 3776 Christum
469 3717 935 3774 reconciliationis
964 3715 1238 3781 humanae,
1285 3730 1459 3787 usque
1503 3716 1556 3771 in
1590 3713 1750 3770 linem

152 3814 346 3871 smculi
365 3822 602 3881 crescat,
633 3811 699 3868 ad
729 3812 980 3867 notitiam
1012 3811 1257 3866 omnium
1291 3810 1601 3879 nationum,
1629 3810 1751 3864 sive

152 3908 281 3981 quia
308 3908 483 3962 sancti
516 3914 576 3962 ut
601 3905 667 3961 ad
698 3905 905 3961 calcem
938 3905 1197 3960 virtutum
1238 3903 1580 3974 perveniant,
1617 3918 1753 3974 quo-

154 3999 289 4057 tidie
318 4014 529 4055 morum
561 3998 855 4054 sanctitate
884 3996 1192 4068 proﬁciant,
1221 4004 1275 4052 et
1303 3996 1429 4052 ideo
1454 3996 1555 4052 sub
1586 3996 1746 4065 cmlo,

151 4092 208 4147 id
238 4101 348 4158 est,
374 4091 480 4147 sub
507 4090 821 4147 obedientia
853 4089 1256 4147 EcclesiaStica:
1294 4089 1595 4164 disciplina:
1624 4099 1753 4145 sunt

152 4184 456 4245 constituti.

226 4277 509 4352 Numquid
543 4276 763 4333 elevabis
790 4278 845 4334 in
866 4276 1056 4333 nebula
1075 4295 1247 4334 rorem
1268 4286 1433 4345 tuam,
1464 4287 1510 4333 et
1530 4280 1753 4352 impetus

151 4388 415 4445 aquarum
441 4372 635 4443 aperiet
665 4374 749 4428 te?
777 4373 960 4430 Primo
987 4373 1172 4429 auditu
1206 4374 1311 4429 hoc
1349 4374 1420 4428 ita
1451 4373 1752 4444 intelligen—

151 4465 285 4522 dum
318 4474 422 4522 est.
454 4466 729 4538 Numquid
751 4466 919 4524 habes
951 4476 1157 4522 laniant
1204 4466 1525 4538 potentiam,
1576 4475 1635 4521 ut
1681 4471 1750 4521 ad

1856 3262 1943 3308 tus
1991 3253 2103 3308 sit:
2150 3253 2414 3311 lectorem
2464 3252 2533 3310 ad
2582 3270 2678 3311 eos
2726 3256 3039 3312 transmitte
3085 3258 3179 3328 qui
3207 3257 3274 3314 de
3307 3258 3454 3316 bono

1854 3353 2087 3414 naturm,
2122 3345 2351 3416 ejusque
2378 3346 2672 3402 virtutibus
2718 3346 2955 3417 plurima
2986 3347 3452 3420 conscripserunt.

1854 3436 2018 3494 Gallo
2065 3439 2230 3495 etiam
2297 3438 2600 3509 gallinaceo
2653 3439 2800 3495 Deus
2847 3439 3160 3510 hujusmodi
3227 3454 3450 3497 sensum

1855 3531 2026 3602 dedit,
2064 3542 2124 3588 ut
2169 3546 2395 3589 emenso
2441 3534 2623 3590 noctis
2671 3543 2939 3605 tempore,
2984 3534 3139 3606 quasi
3184 3535 3452 3605 proxima:
3550 3547 3557 3555 ·

1855 3625 1993 3681 lucis
2023 3640 2253 3692 memor,
2288 3627 2535 3682 eamdem
2566 3626 2771 3683 mundo
2800 3642 3006 3684 canens
3036 3627 3323 3685 annuntiet
3365 3643 3456 3686 re-

1856 3726 2183 3775 vertentem.
2233 3718 2544 3775 Secundnm
2579 3720 2993 3793 intelligentiam
3025 3737 3154 3778 vero
3197 3722 3455 3793 spiritua-

1854 3807 1961 3864 leni
2017 3808 2091 3864 ita
2138 3810 2483 3866 sentiendum
2540 3820 2623 3867 est
2674 3830 2686 3867 :
2732 3812 2990 3883 quoniam
3040 3811 3290 3869 Christus
3354 3812 3455 3868 Dci

1855 3910 1938 3958 est
1967 3902 2142 3957 virtus
2185 3903 2389 3975 Deique
2432 3905 2720 3977 sapientia.
2752 3905 2911 3964 Hunc
2937 3908 3096 3963 Pater
3142 3908 3198 3963 in
3232 3908 3458 3965 visceri-

1855 3993 1958 4048 bus
1986 3994 2224 4051 hominis
2251 3996 2433 4065 posuit
2462 4013 2476 4051 :
2508 3996 2587 4052 sic
2630 3999 2774 4054 enim
2811 4000 2902 4054 Dei
2948 3999 3219 4070 sapientia
3249 4000 3341 4072 qui
3372 4008 3457 4056 est

1855 4084 2027 4142 Filius
2050 4087 2189 4159 ejus,
2221 4089 2321 4155 ait,
2351 4104 2473 4145 cum
2503 4106 2625 4146 eum
2656 4091 2853 4148 Petrus
2883 4092 3079 4148 Filium
3107 4093 3202 4150 Dei
3238 4094 3457 4149 confes-

1854 4193 1947 4234 sus
1976 4181 2185 4248 fuisset,
2222 4182 2414 4238 dicens
2445 4202 2459 4239 :
2494 4181 2573 4237 Tu
2620 4201 2673 4239 es
2701 4183 2939 4242 Christus
2967 4185 3146 4242 Filius
3194 4187 3289 4243 Dei
3330 4188 3456 4245 vivi.

1857 4269 1979 4326 Non
2027 4274 2120 4328 tibi
2172 4276 2413 4332 reuelauit
2461 4276 2560 4332 Itoc
2596 4294 2721 4334 caro
2759 4290 2808 4334 et
2868 4282 3103 4353 sanguis,
3157 4281 3251 4338 sed
3296 4280 3459 4338 Pater

1853 4378 1999 4418 meus
2042 4367 2131 4435 qui
2178 4377 2251 4421 est
2298 4369 2353 4422 in
2404 4370 2566 4424 caelis.
2615 4371 2681 4426 Et
2720 4370 3061 4443 Apostolus:
3103 4373 3230 4428 Cum
3278 4383 3453 4430 autem

1854 4460 2167 4531 complacuit
2196 4463 2266 4530 ei,
2298 4463 2388 4533 qui
2416 4480 2499 4519 me
2527 4467 2809 4538 segregarit
2834 4484 2898 4522 ea;
2926 4476 3071 4523 utero
3096 4470 3278 4524 matris
3307 4487 3456 4538 metu,

152 4558 448 4630 imperium
476 4574 541 4614 ac
568 4569 756 4615 nutum
783 4568 933 4615 tuum
964 4559 1115 4616 illico
1162 4560 1365 4615 imbres
1405 4557 1750 4613 infundentes
1779 4594 1832 4656 υ
1857 4558 1905 4604 ει
1927 4551 2127 4604 vocavit
2157 4552 2211 4605 in
2239 4554 2409 4624 gratia
2455 4571 2575 4623 sua,
2610 4566 2666 4610 ut
2710 4559 2958 4613 reuelaret
2989 4557 3188 4614 Filium
3215 4577 3365 4616 suum
3400 4563 3456 4619 in

152 4660 209 4709 et
237 4653 553 4723 opericutes
582 4653 650 4708 de
677 4653 817 4710 caelo
858 4652 1212 4708 descendant.
1243 4650 1558 4709 Secundum
1586 4648 1745 4704 altio-

154 4761 274 4802 rem
308 4760 438 4801 vero
467 4745 904 4816 intelligentiam,
937 4761 1151 4812 vocem,
1201 4743 1397 4816 inquit,
1450 4743 1624 4809 clevo,
1674 4741 1750 4796 ait

153 4838 443 4907 Dominus,
477 4838 694 4910 quando
735 4837 1052 4894 hominibus
1078 4838 1255 4895 clamo
1296 4855 1310 4892 :
1366 4837 1551 4893 Venite
1572 4835 1642 4890 ad
1672 4852 1751 4889 me

152 4949 333 4988 omnes
358 4933 447 5001 qui
474 4932 720 4987 laboratis
741 4940 790 4986 et
818 4931 1019 4986 onerati
1034 4932 1178 4999 estis,
1205 4938 1260 4986 et
1284 4930 1501 5001 pictatis
1523 4928 1749 4996 all'ectu,

150 5025 320 5097 pulso
348 5032 563 5079 secreta
592 5023 792 5080 mentis
819 5023 1063 5094 ipsorum
1092 5040 1107 5077 :
1143 5023 1233 5077 uhi
1264 5031 1348 5079 est
1373 5022 1519 5077 velut
1551 5022 1748 5077 nebula

151 5119 332 5189 caligo
357 5117 592 5189 peccati,
620 5124 678 5174 et
696 5116 931 5172 nominis
954 5117 1059 5172 mei
1086 5114 1243 5172 valde
1270 5115 1501 5171 obscura
1527 5115 1748 5183 oblivio,

153 5221 215 5266 ut
251 5209 640 5266 obcdientibus
680 5210 805 5266 voci
849 5226 987 5267 mea:
1028 5210 1332 5266 innumeris
1382 5210 1596 5282 pupulis
1643 5211 1752 5267 cir-

152 5306 467 5375 cumdatus,
499 5305 657 5378 quasi
686 5304 892 5376 impetu
923 5304 1276 5361 inﬂuentibus
1320 5306 1473 5377 aquis
1510 5307 1748 5378 operiar,

153 5400 465 5473 quibusque
509 5398 659 5455 velut
700 5398 1029 5454 vestimento
1059 5396 1280 5464 induar,
1312 5395 1447 5451 utin
1478 5396 1559 5453 eis
1601 5397 1753 5451 hahi-

150 5501 290 5557 tem,
321 5493 469 5547 sicut
504 5490 773 5562 propheta
820 5491 897 5545 ait
949 5508 963 5545 :
1024 5489 1175 5547 Sicut
1220 5505 1409 5559 sponsa
1458 5489 1629 5543 induit
1675 5505 1756 5543 me

146 5584 483 5641 vestimento.
526 5580 635 5636 Alii
674 5580 974 5637 dixerunt:
1006 5580 1225 5637 Vocubis
1276 5580 1461 5635 nubem
1514 5597 1655 5652 uoce,
1707 5592 1754 5636 et

151 5676 203 5731 in
234 5685 463 5731 tremore
492 5689 642 5745 aqua:
670 5672 861 5728 validm
882 5672 1081 5729 obediet
1106 5673 1218 5728 tibi.
1253 5674 1405 5745 Aqua
1432 5674 1610 5730 valida
1646 5684 1753 5730 trc-

148 5767 417 5826 mendum
466 5765 669 5822 divina:
715 5765 1016 5821 voluntatis
1068 5775 1398 5836 praeceptum
1450 5775 1557 5832 est,
1610 5766 1753 5837 quod

149 5840 297 5924 ﬁcus
329 5854 637 5935 quemlibet
685 5867 929 5918 sanctum
979 5866 1134 5931 vero,
1169 5856 1221 5917 id
1267 5858 1374 5929 εει,
1417 5855 1615 5918 allectu
1642 5859 1753 5915 clas

1859 4659 1959 4697 me.
2001 4642 2216 4700 Gallum
2260 4661 2387 4702 vero
2419 4658 2553 4718 puto
2584 4663 2711 4705 esse
2761 4666 3206 4724 unumquemque
3234 4664 3455 4711 saneto-

1858 4751 2002 4804 rum,
2034 4737 2125 4807 qui
2156 4737 2210 4793 in
2239 4747 2400 4794 nocte
2448 4749 2505 4794 et
2551 4742 2798 4799 tenebris
2847 4744 3008 4814 hujus
3053 4747 3263 4813 tnundi,
3313 4747 3460 4803 acci-

1860 4830 2011 4902 piunt
2040 4829 2221 4898 ﬁdem,
2269 4833 2709 4905 intelligentiam,
2740 4848 2796 4893 et
2825 4837 3041 4893 virtutis
3089 4839 3457 4896 constantiam

1858 4922 2129 4980 clamandi
2160 4923 2230 4980 ad
2264 4924 2461 4993 Deum,
2494 4935 2557 4982 ut
2583 4927 2811 4999 inspiret
2833 4929 2948 5000 jam
2979 4929 3097 4987 dies
3130 4946 3461 5002 permanens

1860 5027 1916 5074 et
1945 5030 2310 5076 amoveantur
2339 5022 2547 5077 umbra:
2587 5022 2713 5079 vita:
2740 5026 3048 5095 prscsentis,
3078 5039 3201 5081 cum
3247 5028 3462 5097 urgenti

1854 5119 1910 5165 et
1930 5111 2196 5181 frequenti
2212 5112 2453 5171 clamore
2472 5131 2691 5186 precum
2710 5131 2927 5173 suarum
2950 5116 3197 5175 dicentes
3222 5134 3241 5175 :
3268 5117 3459 5175 Emitte

1855 5203 2023 5258 lucem
2051 5214 2218 5275 tuam,
2250 5216 2299 5261 et
2327 5208 2595 5265 veritatem
2622 5220 2782 5267 tuam.
2819 5210 2973 5281 Quod
3017 5221 3075 5269 ct
3120 5211 3191 5268 de
3220 5214 3462 5286 prOphc-

1858 5298 1928 5353 tis
1956 5298 2263 5371 intelligere
2296 5315 2610 5374 possumus,
2659 5306 2750 5376 qui
2798 5310 3051 5365 certatim
3097 5312 3459 5367 annuntiave-

1855 5400 1982 5446 rttnt
2025 5390 2133 5446 diei
2183 5407 2248 5449 ac
2288 5393 2421 5449 solis
2467 5395 2784 5454 adventum.
2833 5401 2949 5459 Hoc
2992 5404 3047 5460 in
3075 5403 3197 5459 loco
3224 5403 3457 5459 aliorum

1859 5484 2030 5539 multo
2058 5484 2220 5540 aliter
2251 5488 2634 5557 interpretatio
2663 5492 2847 5563 habet,
2890 5496 2982 5567 qui
3031 5497 3106 5552 ita
3156 5496 3458 5554 dixerunt:

1863 5576 1993 5647 Quis
2022 5577 2165 5633 dedit
2189 5579 2496 5635 mulieribus
2543 5591 2759 5641 textura:
2785 5587 3122 5659 sapientiam,
3164 5599 3210 5646 et
3237 5591 3462 5646 varieta-

1857 5682 1968 5728 tum
1997 5674 2309 5731 scientiam?
2334 5674 2393 5731 Si
2435 5678 2722 5735 scientiam
2752 5683 3101 5753 varietatum,
3134 5694 3191 5743 et
3230 5685 3458 5741 textrini

1857 5765 2042 5836 Operis
2072 5766 2393 5837 sapientiam
2420 5783 2451 5824 a
2488 5769 2599 5827 Deo
2642 5774 2776 5830 solae
2823 5776 3082 5836 mulieres
3104 5786 3464 5849 acceperunt,

1857 5852 1928 5915 lle
1957 5852 2151 5929 quibus
2179 5857 2407 5917 dicitur:
2442 5859 2552 5919 Sed
2576 5864 2815 5925 mulieres
2847 5867 3012 5925 docltc
3037 5866 3310 5942 dederunt,
3343 5866 3461 5941 qutb
