3980 6300
598 303 704 360 7-45

1346 299 1696 356 APPENDIX
1740 299 1830 355 AD
1869 298 2112 356 TOMUM
2149 296 2497 356 SEPTIMUM
2537 298 2597 357 S.
2640 297 3045 356 HIERONYMI.

3761 305 3840 361 τοι

597 427 844 474 noverant
865 419 922 471 in
946 432 1073 489 Opus
1104 414 1466 470 tabernaculi:
1515 415 1582 469 de
1612 413 1859 484 qualibus
1907 421 1964 467 et
2006 411 2186 466 Domi-
2217 412 2456 476 Amino.
2501 411 2670 480 Hujus
2711 411 2872 483 igitur
2910 411 3035 468 οωΙί
3077 423 3423 478 concentum,
3477 415 3556 469 ait
3599 415 3837 486 Dominus,

604 527 702 566 nus
732 510 838 566 hoc
867 511 1005 574 loco,
1035 508 1186 578 quasi
1232 507 1542 572 specialiter
1571 506 1641 560 ait
1676 523 1688 559 :
1729 505 1862 572 Quis
1893 503 2043 558 dedit
2075 519 2192 558 mu-

603 601 823 656 lieribus
870 608 1094 654 texturm
1141 599 1487 664 sapientiam,
1539 606 1594 652 et
1639 598 1958 651 varietatum
2009 597 2186 651 scien-

606 695 774 749 tiam?
805 692 1088 761 Quomodo
1122 690 1174 746 in
1221 690 1409 746 Exodo
1434 689 1679 746 Beseleel
1726 701 1779 744 et
1821 688 2060 744 Oholiab
2106 704 2195 743 sa-

601 792 878 849 cerdotum
910 797 964 843 et
1011 784 1344 842 tabernaculi
1385 784 1710 840 vestimenta
1742 787 1894 838 vario
1937 797 2001 838 ac
2040 783 2194 854 poly-

601 881 815 938 mitario
880 895 1048 949 opere
1099 886 1416 934 texuerunt.
1486 875 1812 932 Noverimus
1877 891 2006 947 ergo
2071 891 2192 932 esse

602 974 811 1028 animas
833 980 1075 1036 sanctas,
1105 986 1229 1040 qua:
1255 970 1358 1025 hoc
1381 985 1519 1040 epus
1547 969 1825 1025 efﬁciendi
1860 971 2021 1024 etiam
2053 984 2196 1026 nunc

603 1066 656 1120 in
706 1063 934 1120 historia
982 1077 1080 1134 per
1112 1063 1528 1133 intelligentiam
1568 1063 1792 1132 spiritus
1819 1071 2146 1130 acceperunt
2177 1078 2190 1116 :

599 1157 798 1226 quibus
845 1157 1033 1226 utique
1060 1155 1202 1210 sicut
1255 1153 1516 1224 scriptum
1569 1161 1655 1209 est
1688 1173 1700 1208 :
1737 1152 1892 1208 Dedit
1924 1152 2062 1210 Deus
2109 1172 2195 1210 sn-

598 1249 848 1320 pientiam
887 1256 936 1302 et
985 1246 1405 1316 intelligentiam,
1452 1245 1702 1315 quidquid
1751 1247 1904 1300 etiam
1930 1245 2074 1315 fabre
2101 1247 2196 1301 ad-

600 1343 821 1397 inveniri
864 1350 1068 1412 potest,
1127 1340 1270 1394 dedit
1319 1340 1372 1393 in
1417 1338 1572 1394 corde
1618 1356 1818 1394 eorum.
1873 1339 1965 1395 Sic
2012 1341 2195 1410 itaque

601 1435 797 1506 repleti
827 1445 954 1489 sunt
1000 1433 1198 1504 spiritu
1239 1432 1543 1502 sapientiae,
1594 1442 1649 1488 et
1697 1433 2092 1503 intelligentitn,
2140 1444 2197 1492 et

603 1527 888 1596 sapientia:
911 1526 998 1582 vel
1029 1527 1298 1592 scientiae,
1350 1537 1401 1582 et
1436 1526 1583 1582 omni
1611 1525 1854 1582 doctrina
1887 1527 1952 1583 ad
1979 1528 2194 1597 excogi-

605 1622 829 1676 tandum
879 1630 935 1678 et
963 1620 1273 1678 faciendum
1313 1636 1476 1674 omne
1507 1635 1664 1690 opus,
1712 1620 1968 1691 quoniam
2017 1621 2194 1676 taber-

601 1715 854 1768 naculum
907 1712 1037 1768 illud
1095 1712 1249 1783 legis,
1302 1720 1506 1768 sancta:
1575 1712 1832 1768 Eet'lesite
1899 1713 2190 1784 imaginem

601 1808 951 1881 praeferebat.
992 1807 1252 1863 Dicamus
1278 1807 1346 1862 de
1376 1806 1478 1861 hac
1509 1809 1773 1862 varietate
1809 1821 2045 1875 morum,
2077 1809 2194 1864 sive

600 1903 924 1958 meritorum
959 1902 1343 1956 velutvestem
1373 1915 1503 1955 vero
1550 1899 1830 1955 Salomoni
1880 1900 2196 1956 ministran-

602 1997 758 2061 tium,
790 1993 930 2065 quod
959 2009 1053 2064 per
1083 1995 1304 2066 figuram
1341 1994 1526 2063 regina
1555 1993 1697 2050 Saba
1729 1995 1864 2050 dixit
1894 1993 2191 2061 Salomoni,

597 2103 720 2144 cum
762 2087 1123 2143 admiratione
1172 2086 1399 2141 laudans
1441 2087 1768 2156 sapientiam
1819 2087 1960 2156 ejus,
2000 2095 2057 2142 et
2099 2089 2197 2141 do-

599 2197 769 2246 mum,
838 2181 1014 2248 cibos,
1076 2179 1404 2246 habitacula,
1456 2187 1510 2234 et
1572 2195 1859 2235 servorum
1919 2180 2192 2248 ordinem,

599 2285 779 2331 vestes
821 2285 878 2330 et
925 2273 1228 2341 ministros,
1263 2284 1320 2329 et
1352 2273 1694 2340 holocausta,
1729 2289 1849 2344 qua:
1897 2273 2199 2330 offerebant

601 2369 653 2422 in
684 2365 852 2421 domo
882 2366 1093 2421 Domini
1116 2365 1483 2432 continenter,
1513 2366 1652 2420 hanc
1681 2363 1992 2421 ofﬁciorum
2022 2365 2199 2421 varie-

602 2467 766 2515 tatem
813 2465 1124 2513 contextam
1171 2472 1292 2513 esse
1336 2472 1434 2528 per
1482 2457 1728 2513 diversas
1766 2457 1819 2512 in
1850 2465 1966 2512 toto
1996 2456 2199 2512 mundo

601 2549 904 2615 Ecclesias,
936 2565 1033 2618 per
1061 2563 1196 2619 quas
1225 2549 1350 2603 alibi
1390 2547 1684 2619 conjugati,
1735 2548 1866 2604 alibi
1905 2549 2197 2604 continen-

600 2651 704 2708 tes,
752 2641 883 2696 alibi
939 2640 1179 2710 virgines
1224 2639 1324 2696 :hi
1368 2656 1466 2710 per
1514 2641 1925 2714 eleemosynas,
1977 2640 2055 2697 illi
2104 2655 2200 2710 per

601 2735 989 2790 alienationem
1022 2734 1264 2790 omnium
1313 2732 1628 2790 facultatum
1659 2751 1674 2790 :
1709 2734 1786 2788 illi
1818 2750 1912 2804 per
1954 2748 2197 2803 crucem,

601 2836 659 2884 et
689 2825 1161 2883 mortiﬁcationem
1193 2836 1530 2882 terrenarum
1562 2825 1943 2896 cupiditatum,
1990 2825 2066 2884 illi
2102 2839 2200 2895 per

602 2923 890 2979 scientiam
923 2919 1764 2992 Scripturarummultiplicibus
1809 2919 1982 2975 sancti
2019 2918 2198 2988 Spiri-

603 3023 689 3069 tus
716 3014 932 3085 gratiis,
963 3013 1106 3068 velut
1152 3012 1387 3068 diversis
1417 3010 1699 3067 coloribus
1747 3011 1950 3066 Christi
1999 3025 2199 3082 corpus

600 3114 893 3173 exornant,
943 3107 1154 3174 sibique
1195 3115 1414 3160 aeterna:
1444 3105 1633 3175 glorim
1662 3114 1720 3160 et
1773 3103 2198 3160 immortalitatis

601 3201 930 3257 vestimenta
957 3201 1273 3254 conﬁciunt.
1307 3196 1801 3254 Contexuntctiam
1833 3195 2074 3267 perfecto
2113 3197 2195 3252 in-

602 3297 819 3350 lellertu
845 3294 1004 3350 ﬁdem
1035 3293 1343 3356 Trinitatis,
1378 3292 1528 3348 velut
1557 3298 1801 3360 spartum
1834 3289 2026 3361 triplex
2056 3285 2200 3362 quod

602 3403 708 3443 non
739 3388 848 3443 cito
870 3389 1159 3457 rumpitur.
1190 3384 1505 3454 Huiusmodi
1540 3385 1862 3440 vestimenta
1898 3383 2016 3438 istac
2039 3383 2202 3454 spiri-

601 3480 777 3536 tuales
803 3480 1063 3535 mulieres
1085 3486 1401 3547 operantur,
1429 3477 1477 3530 id
1501 3476 1735 3543 est,sive
1755 3487 1957 3532 sanctae
1979 3476 2198 3543 animae,

602 3573 716 3628 sive
739 3573 996 3627 Ecclesia:
1016 3570 1333 3638 perdiverst
1363 3569 1644 3639 regionum
1670 3569 1836 3640 spatia
1860 3570 2197 3624 constitutaz.

676 3664 804 3732 Quis
831 3661 1092 3718 enarrabit
1123 3661 1370 3716 caelorum
1395 3662 1671 3728 rationem,
1698 3669 1744 3714 et
1762 3671 2065 3716 concentum
2088 3661 2202 3720 caeli

601 3759 714 3831 quis
775 3759 1004 3812 dormire
1050 3757 1251 3827 faciet?
1279 3754 1499 3812 Certum
1531 3767 1634 3823 est,
1667 3757 1789 3830 quia
1820 3757 1999 3814 nullus
2027 3757 2200 3813 caelo-

601 3865 722 3904 rum
753 3850 1044 3914 rationem,
1076 3848 1160 3902 vel
1191 3848 1474 3904 stellarum
1504 3863 1722 3903 cursum
1750 3848 1946 3919 poterit
1967 3858 2062 3904 aut
2087 3863 2201 3904 ser-

603 3955 764 3995 mone
817 3956 1060 4010 narrare,
1114 3951 1203 3995 aut
1248 3950 1426 3996 mente
1469 3941 1786 4006 concipere.
1837 3942 1988 4010 Quod
2018 3951 2202 4000 autem

602 4032 678 4084 ait
723 4048 737 4086 :
789 4031 1124 4086 Colacentum
1171 4033 1296 4087 eteli
1342 4035 1464 4105 quis
1495 4033 1734 4089 dormire
1781 4031 1989 4090 laciet?
2021 4034 2204 4090 multis

605 4123 1017 4194 Scripturarum
1065 4125 1197 4179 locis
1231 4126 1454 4180 laudare
1484 4126 1652 4181 Deum
1683 4127 1953 4181 elementa
2003 4126 2201 4180 dicun-

605 4224 710 4284 tur,
750 4231 846 4286 pro
873 4232 939 4271 eo
967 4217 1112 4288 quod
1141 4217 1192 4272 in
1222 4217 1436 4272 illorttm
1467 4218 1824 4288 diSpositione
1853 4233 1917 4274 ac
1961 4218 2204 4290 pulchri-

611 4306 800 4363 tndine
833 4307 994 4374 Deus,
1038 4309 1122 4364 vel
1156 4309 1221 4365 ab
1255 4308 1582 4377 hominibus,
1622 4309 1706 4364 vel
1737 4310 1805 4364 ab
1829 4310 2036 4381 angelis
2066 4326 2202 4380 prte-

602 4400 832 4456 dicetur.
867 4402 924 4456 ιι]
950 4411 1056 4479 est,
1088 4403 1209 4474 quis
1242 4405 1488 4459 homines
1518 4405 1570 4459 in
1593 4405 1712 4476 ejus
1739 4405 1988 4464 laudibus
2011 4407 2198 4479 vitam,

605 4506 925 4551 exercentes
973 4495 1230 4562 dormire,
1287 4498 1338 4554 id
1381 4510 1483 4564 est,
1531 4501 1812 4572 quiescere
1844 4501 2048 4558 faciet?
2093 4502 2200 4559 Pro

603 4587 704 4642 hoc
732 4588 912 4658 itaque
941 4588 1170 4657 honore,
1216 4592 1304 4661 qui
1361 4591 1427 4646 ab
1473 4591 1732 4648 Ecclesia:
1776 4595 2194 4665 congregatione

598 4679 932 4749 persolvitur
960 4697 973 4732 :
1018 4681 1138 4751 quis
1165 4681 1304 4736 alius
1330 4698 1489 4752 quam
1536 4684 1652 4754 ipse
1682 4685 1924 4756 requiem
1955 4685 2104 4740 dabit
2131 4700 2196 4743 ac

600 4773 938 4845 refrigerium
966 4780 1018 4830 in
1046 4778 1476 4848 sempiternum?
1502 4781 1762 4836 Dormitio
1786 4780 1930 4837 enim
1949 4781 2196 4852 aliquan-

597 4867 668 4922 do
712 4868 763 4922 in
810 4867 1104 4938 Scripturis
1145 4871 1360 4941 requies
1389 4871 1731 4942 intelligitur,
1786 4881 1844 4930 ut
1877 4871 2042 4928 Isaias
2073 4889 2198 4944 pro-

598 4964 763 5030 pheta
789 4963 885 5030 ait,
912 4963 1134 5018 .lustitia
1164 4966 1407 5020 dormivit
1435 4967 1488 5021 in
1521 4983 1581 5022 ea
1618 4984 1637 5022 .'
1670 4967 1721 5023 id
1754 4976 1858 5036 est,
1891 4967 1943 5023 in
1975 4967 2197 5024 Jerusa-

595 5053 704 5109 lem
733 5055 960 5126 mquitas
990 5057 1206 5126 iustitiae
1235 5059 1524 5128 requievit,
1557 5075 1699 5115 nunc
1737 5069 1917 5116 autem
1971 5060 2201 5116 homici-

594 5149 698 5206 dae.
736 5149 800 5205 Et
828 5159 1048 5208 sanctus
1098 5152 1340 5222 quidam,
1373 5167 1540 5222 super
1583 5169 1741 5223 quem
1771 5153 2044 5224 signatum
2077 5153 2198 5212 fue-

595 5253 678 5296 rat
710 5243 892 5297 lumen
936 5243 1115 5301 vultus
1162 5244 1405 5314 Domini,
1448 5247 1524 5300 ait
1555 5245 1609 5300 in
1635 5246 1864 5316 psalmo,
1897 5244 1964 5301 In
1993 5263 2120 5318 pace
2144 5247 2198 5304 in

586 5337 824 5408 idipsum
855 5337 1134 5404 dormiant,
1167 5348 1217 5393 et
1249 5339 1592 5410 requiescam.
1648 5340 1780 5396 Item
1812 5340 1866 5396 in
1895 5341 2003 5396 alio
2049 5341 2193 5408 loco,

591 5430 656 5486 Si
684 5431 979 5498 dormiatis,
1004 5431 1199 5501 inquit,
1226 5431 1361 5487 inter
1381 5432 1580 5488 medios
1606 5433 1790 5500 claros,
1821 5431 1873 5488 id
1902 5442 1983 5488 est
2005 5474 2020 5499 ,
2055 5434 2199 5489 inter

589 5535 769 5578 sortes
795 5523 1028 5579 duorum
1059 5524 1535 5580 Testamentorum
1570 5527 1946 5597 requiescatis.
1980 5526 2042 5580 Et
2068 5540 2198 5581 con-

589 5627 808 5668 centum
855 5615 975 5668 coeli
1006 5615 1126 5686 quis
1175 5617 1418 5672 dormire
1451 5617 1665 5673 faciet?
1710 5619 1942 5674 Sanclos
1969 5619 2204 5687 angelos

593 5707 982 5777 intelligamus,
1033 5710 1122 5782 qui
1168 5726 1267 5781 pro
1299 5712 1412 5782 ipsa
1446 5712 1783 5768 habitatione
1823 5711 1948 5769 ςαξιί
1995 5714 2200 5772 ρωῐυηι

2293 503 2415 573 quis
2453 501 2694 558 dormire
2732 503 2904 571 faciet,
2957 503 3008 557 id
3041 513 3144 571 est,
3190 505 3314 575 quis
3340 507 3444 560 erit
3478 506 3571 561 ille
3609 508 3694 577 qui
3719 523 3839 565 eos:

2295 595 2570 664 perpetuis
2602 594 2871 657 laudibus,
2898 595 3095 666 quibus
3123 611 3210 653 me
3244 597 3572 652 benedicunt
3597 641 3611 664 ,
3641 610 3840 670 sanctus,

2295 696 2534 752 sanctus,
2566 698 2786 743 sanctus
2829 687 3115 755 Dominus,
3163 687 3569 744 incessabiliter
3598 691 3842 746 concinen-

2296 788 2399 850 tes,
2445 790 2503 836 ut
2532 789 2769 850 cessent,
2800 791 2856 836 et
2903 783 3053 851 quasi
3086 781 3492 858 obdormientes
3525 783 3692 852 possit
3737 785 3842 841 inlli-

2295 874 2469 930 bere?
2499 875 2630 942 Quis
2661 875 2902 930 narrabit
2931 875 3192 931 cmlorum
3232 875 3554 931 rationem?
3601 877 3666 932 Et
3707 882 3841 934 sancti

2295 967 2554 1024 caelorum
2588 969 2806 1022 nomine
2832 969 3028 1023 crebro
3061 969 3341 1037 dicuntur,
3366 969 3432 1024 de
3460 969 3655 1038 quibus
3684 985 3840 1028 secun-

2296 1062 2422 1116 dum
2471 1063 2731 1134 mysticos
2773 1063 3083 1119 intellectus
3112 1063 3374 1134 prOpheta
3403 1066 3743 1130 vaticinatur,
3780 1069 3841 1124 di-

2297 1172 2426 1213 cens
2452 1176 2462 1211 :
2487 1155 2613 1213 Cotti
2633 1167 2873 1212 enarrant
2901 1158 3124 1228 gloriam
3148 1156 3266 1213 Dei.
3302 1159 3507 1214 Horum
3541 1159 3699 1230 igitur
3715 1161 3845 1216 dona-

2298 1249 2496 1317 tiones,
2517 1263 2651 1317 quas
2671 1249 3177 1304 babentsecundum
3200 1251 3537 1320 Deigratiam
3552 1251 3843 1318 differentes;

2297 1341 2417 1409 quis
2431 1340 2628 1408 poterit
2649 1341 2730 1394 vel
2751 1341 2922 1410 ipsam
2949 1341 3073 1397 fidei
3090 1342 3334 1411 ipsorum
3349 1358 3579 1400 narrare
3593 1345 3844 1401 rationem?

2371 1432 2591 1499 Quando
2617 1434 2936 1504 fundebatur
2969 1436 3140 1507 pulvis
3170 1437 3225 1489 in
3277 1446 3440 1504 terra,
3475 1445 3526 1490 et
3559 1437 3707 1510 gleba?
3738 1454 3846 1491 com-

2299 1525 2674 1598 pingebantur?
2704 1526 2888 1580 Pulvis
2931 1527 3000 1581 de
3043 1542 3150 1597 quo
3185 1528 3446 1582 Dominus
3489 1530 3596 1595 ait,
3643 1530 3841 1600 gentium

2299 1617 2670 1673 inﬁdelitatem
2703 1618 2878 1688 signat
2909 1635 2922 1672 :
2953 1618 3128 1688 pulvis
3156 1620 3340 1689 utique
3361 1619 3570 1686 aridus,
3607 1633 3653 1676 et
3679 1622 3842 1676 solutus

2299 1707 2649 1765 fundamento
2696 1710 2749 1764 in
2798 1709 3038 1764 Ecclesia
3087 1711 3394 1780 apostolico
3438 1712 3770 1779 admiscetur,
3805 1727 3843 1768 ut

2223 1793 2271 1858 Β
2300 1818 2394 1873 per
2417 1801 2576 1858 ﬁdem
2600 1812 2655 1858 et
2678 1803 3077 1873 colligationes,
3108 1804 3226 1859 sive
3255 1809 3613 1877 compagines
3656 1807 3844 1862 Charita-

2299 1896 2391 1963 tis,
2421 1897 2813 1966 conglutinatio
2845 1898 2896 1953 in
2929 1898 3146 1954 Christo
3167 1899 3373 1955 laedere
3399 1902 3618 1956 unionis
3640 1911 3688 1957 et
3712 1905 3841 1972 pacis,

2297 1989 2350 2044 in
2381 1999 2729 2060 augmentum
2762 1991 2860 2046 Dei
2895 1993 3046 2047 velut
3070 1991 3123 2048 iu
3152 2001 3353 2047 terram
3381 1995 3615 2049 solidam
3643 2011 3845 2050 crescen-

2297 2080 2368 2137 do
2399 2081 2663 2152 proﬁciat.
2694 2082 2849 2139 Unde
2878 2085 3051 2155 glebae
3081 2086 3196 2156 agri
3229 2086 3522 2149 Dominici,
3551 2086 3740 2143 effectae
3769 2089 3845 2142 fru-

2299 2177 2505 2246 gilcrte,
2560 2179 2612 2232 in
2657 2194 2825 2232 unum
2859 2195 3059 2250 eorpus
3092 2181 3353 2238 Ecclesiae
3383 2183 3664 2238 charitatis
3689 2185 3841 2253 capula

2300 2270 2742 2342 compinguntur.
2793 2271 3069 2328 leorum
3100 2289 3318 2344 quoque
3349 2275 3706 2347 appellatione
3733 2274 3844 2330 Seri-

2303 2371 2476 2432 pturte
2520 2374 2724 2419 sancta:
2755 2376 2902 2422 recte
2947 2367 3202 2423 dicuntur
3249 2387 3261 2422 :
3302 2385 3371 2425 eo
3420 2371 3569 2441 quod
3612 2372 3844 2426 desursum

2301 2459 2410 2514 sint
2446 2459 2756 2516 hominibus
2802 2463 3114 2530 attributas,
3150 2463 3263 2518 sive
3302 2465 3432 2534 quia
3480 2465 3712 2521 cmlcstia
3739 2462 3846 2518 inse

2301 2551 2614 2607 contineant
2644 2565 3007 2610 sacramenta.
3062 2556 3266 2612 llorum
3312 2556 3484 2627 igitur
3528 2557 3785 2620 cmlorum,
3808 2555 3845 2609 id

2301 2655 2385 2700 est
2427 2644 2828 2716 Scripturarnm
2879 2649 3170 2715 rationem,
3223 2664 3341 2719 quae
3389 2648 3462 2704 de
3511 2649 3845 2720 mysteriorum

2301 2736 2728 2794 obscuritatibus
2755 2747 2996 2809 opacataa
3043 2749 3190 2803 sunt,
3232 2750 3284 2794 et
3316 2739 3621 2811 profundae,
3649 2740 3753 2811 quis
3780 2753 3848 2806 po-

2303 2828 2430 2884 terit
2459 2829 2644 2884 animo
2676 2830 3044 2900 perscrutari,
3082 2830 3167 2884 vel
3214 2830 3431 2901 eloquio
3486 2832 3715 2901 proferre
3737 2870 3750 2896 ,
3782 2836 3848 2881 aut

2301 2923 2423 2994 quis
2449 2939 2636 2980 eorum
2669 2923 2924 2978 vaticinia
2959 2939 3177 2978 cessare
3209 2923 3510 2994 prtecipiet.
3567 2923 3762 2994 Antiqui
3791 2921 3849 2974 in-

2302 3024 2572 3088 terpretes
2600 3016 2670 3072 ita
2701 3015 2961 3071 dixerunt
2997 3033 3009 3069 :
3058 3017 3184 3082 Quis
3214 3016 3325 3070 cadi
3366 3033 3569 3090 organa
3610 3016 3660 3069 in
3700 3024 3849 3066 terram

2302 3110 2574 3164 declinavit
2604 3110 2628 3164 ?
2655 3109 2704 3164 id
2733 3119 2836 3176 est,
2870 3110 2990 3180 quis
3017 3118 3103 3165 est
3125 3111 3216 3181 qui
3245 3110 3516 3166 cmlorum
3565 3109 3846 3165 laudantium

2227 3182 2273 3244 α
2308 3204 2474 3260 Deum
2521 3215 2734 3269 cantus,
2782 3218 2956 3273 usque
3005 3203 3071 3257 ad
3123 3201 3402 3258 hominum
3455 3199 3850 3260 inclinaritnoti-

2307 3299 2457 3364 liam,
2493 3306 2581 3357 ut,
2610 3296 2915 3350 imitatione
2941 3294 3114 3350 laudis
3145 3295 3286 3367 ejus,
3314 3295 3451 3351 socii
3476 3297 3770 3367 angelorum
3791 3290 3847 3345 el-

2306 3391 2388 3446 lici
2420 3399 2752 3446 mereantur.

2379 3479 2645 3552 Numquid
2675 3479 2844 3553 capies
2868 3479 3045 3534 laena:
3076 3479 3329 3552 prmdam,
3359 3488 3405 3534 et
3435 3480 3662 3535 animam
3683 3477 3846 3533 catulo-

2305 3588 2419 3625 rum
2457 3573 2574 3645 ejus
2604 3571 2882 3644 implebis?
2915 3570 2992 3625 Ex
3042 3573 3122 3625 his
3171 3587 3290 3641 qum
3321 3587 3418 3642 per
3443 3587 3658 3628 omnem
3689 3578 3847 3624 textum

2305 3663 2578 3720 sermonis
2609 3663 2768 3733 hujus
2799 3669 3106 3730 enumerat,
3135 3678 3230 3718 sex
3259 3673 3384 3717 sunt
3414 3661 3790 3734 quadrupedis,
3809 3665 3848 3714 et

2304 3766 2539 3828 quatuor
2567 3755 2828 3811 volatilia.
2874 3755 2940 3810 Et
2986 3755 3040 3809 in
3093 3755 3194 3810 hoc
3241 3753 3491 3825 deealogi
3528 3754 3845 3826 perfectono-

2307 3867 2458 3906 mero
2490 3849 2659 3906 videri
2694 3860 2870 3921 potest
2902 3851 3044 3921 quod
3082 3866 3297 3904 omnem
3329 3861 3640 3906 creaturam
3670 3845 3845 3914 intelligi

2305 3942 2540 3999 voluerit
2567 3943 2727 4008 Deus,
2749 3958 2867 4012 quae
2893 3957 2992 4011 per
3019 3959 3142 3998 eum
3171 3951 3359 4014 utpote.
3391 3959 3489 4010 per
3517 3953 3771 3999 auctorem
3792 3953 3848 3992 re-

2305 4036 2468 4106 gitur.
2487 4035 2739 4090 Decimus
2760 4043 2941 4090 autcm
2975 4050 3230 4090 nmnerus
3245 4037 3522 4101 perfectus
3535 4047 3636 4102 e5t;
3659 4036 3760 4104 quia
3781 4045 3846 4100 per

2308 4129 2488 4198 ipsum
2515 4127 2785 4194 iterando,
2826 4128 3007 4182 omnis
3035 4143 3295 4183 numerus
3327 4128 3378 4181 in
3414 4127 3680 4183 inﬁnitum
3709 4121 3844 4180 multi-

2307 4221 2561 4292 plicatur.
2614 4219 2758 4292 Ergo
2801 4219 2954 4290 juxta
3001 4219 3197 4276 littera:
3227 4220 3598 4291 superﬁciem,
3646 4219 3733 4273 hoc
3756 4215 3841 4266 ait:

2308 4313 2422 4385 Ego
2451 4314 2541 4386 qui
2575 4315 2755 4369 omnia
2801 4315 2951 4381 justa
2997 4312 3406 4382 dispensatione
3446 4327 3696 4385 procuro,
3740 4310 3842 4360 circa

2308 4416 2360 4462 te
2389 4417 2616 4473 tantum,
2651 4423 2683 4460 ο
2712 4405 2837 4475 Job,
2863 4405 3054 4461 videor
3084 4408 3341 4477 injustus.
3368 4406 3533 4462 Juxta
3562 4401 3842 4480 spirituali-m

2307 4499 2670 4565 intellectum,
2705 4501 2877 4554 leaena
2909 4501 3025 4555 sive
3054 4501 3220 4555 etiam
3248 4499 3354 4567 leo,
3403 4499 3650 4555 diabolus
3695 4509 3758 4550 esu
3785 4494 3842 4544 in-

2227 4571 2282 4634 D
2309 4595 2653 4667 telligendus,
2686 4593 2778 4666 qtti
2801 4605 2853 4649 et
2876 4593 2928 4648 in
2964 4594 3148 4648 multis
3179 4593 3315 4648 locis
3337 4593 3732 4663 Scripturarum
3758 4601 3843 4656 pro-

2299 4699 2421 4759 pter
2466 4687 2728 4744 saevitiam
2783 4697 2841 4742 et
2897 4686 3267 4742 fortitudinem
3314 4689 3380 4739 ita
3438 4688 3749 4742 nominatur.
3791 4677 3842 4730 De

2302 4783 2404 4836 hoc
2446 4780 2609 4851 igitur
2643 4779 2902 4835 Dominus
2929 4778 3026 4845 ait,
3059 4778 3201 4848 quod
3243 4779 3446 4834 nemini
3479 4794 3670 4835 nocere
3698 4770 3840 4846 p055“,

2300 4874 2407 4928 nisi
2435 4889 2465 4927 a
2488 4874 2599 4930 Deo
2631 4872 2905 4946 acceperit
2943 4881 3296 4941 potestatem.
3349 4871 3512 4926 Justo
3538 4885 3664 4941 ergo
3687 4861 3841 4936 judicio

2302 4965 2420 5034 ejus
2453 4964 2762 5034 traduntur,
2816 4965 2942 5036 quia
2983 4963 3077 5018 ille
3128 4966 3353 5018 omnino
3400 4965 3545 5020 vires
3591 4978 3689 5017 non
3725 4957 3842 5010 habet

2303 5057 2652 5120 dominandi,
2703 5057 2806 5113 nisi
2849 5055 2966 5128 ipse
3009 5057 3344 5127 permiserit.
3404 5055 3667 5127 Numquid
3702 5047 3842 5119 eapies

2303 5151 2489 5205 leaante
2519 5149 2778 5220 prtedam,
2816 5149 2867 5202 id
2917 5159 3023 5208 ρει,
3073 5148 3214 5204 sicut
3243 5163 3346 5220 ego
3374 5164 3495 5203 eam
3527 5161 3714 5219 capere
3752 5151 3841 5211 ρετ·

2302 5247 2536 5300 mittam.
2587 5245 2722 5300 Puto
2765 5252 2946 5299 autem
2992 5240 3095 5297 hoc
3126 5243 3248 5306 loco
3293 5243 3415 5299 ideo
3444 5244 3650 5298 catulos
3685 5239 3836 5294 dictoS.

2302 5336 2428 5408 quia
2479 5335 2704 5392 leaenam
2749 5337 3164 5400 nominaveral,
3212 5351 3350 5407 quos
3399 5349 3610 5392 veneno
3667 5325 3837 5387 malitis

2303 5446 2438 5496 sum,
2472 5431 2587 5486 sive
2613 5430 2890 5502 nequitize,
2918 5429 3064 5486 velut
3096 5430 3232 5484 lacte
3263 5431 3526 5485 nutrierat
3547 5429 3610 5484 ad
3645 5424 3837 5482 homines

2303 5523 2673 5597 perimendos.
2711 5523 2786 5578 De
2825 5537 3054 5594 quorum
3100 5523 3389 5593 mortibus,
3442 5519 3838 5592 nequissimontm

2303 5615 2597 5688 spirituum
2631 5617 2825 5670 anima:
2862 5613 3200 5683 reﬁciuntur,
3247 5624 3301 5670 et
3343 5615 3411 5670 de
3455 5615 3538 5668 bis
3582 5615 3630 5668 in
3678 5606 3837 5680 psulm0

2304 5712 2423 5771 ait:
2457 5708 2627 5764 Catuli
2650 5709 2858 5763 leonum
2895 5709 3173 5780 rugientes,
3213 5715 3265 5762 ut
3291 5709 3494 5781 rapiant
3534 5717 3581 5762 et
3603 5705 3838 5774 quem?!“

599 5797 733 5854 dicti
762 5809 888 5855 sunt
915 5816 1010 5871 per
1041 5802 1360 5872 prophetam
1387 5803 1488 5864 hoc
1521 5803 1707 5880 modo,
1743 5803 1940 5866 Caelum
1974 5805 2211 5863 caeliDoo
2307 5803 2416 5860 Deo
2459 5819 2626 5860 escam
2666 5801 2782 5858 sibi.
2837 5801 2932 5858 llis
2973 5803 3137 5876 igitur
3166 5801 3435 5872 leonibus,
3475 5811 3530 5859 et
3571 5791 3836 5856 draconihlli
