  <div class='ocr_page' id='page_1' title='image "/cluster/home/n/w/nwhite01/storage/ocr_20150623/26/uva.x000826568/390.png"; bbox 0 0 3980 6290; ppageno 0'>
   <div class='ocr_carea' id='block_1_1' title="bbox 141 275 282 335">
    <p class='ocr_par' dir='ltr' id='par_1_1' title="bbox 141 275 282 335">
     <span class='ocr_line' id='line_1_1' title="bbox 141 275 282 335; baseline 0.014 -2"><span class='ocrx_word' id='word_1_1' title='bbox 141 275 282 335; x_wconf 82' lang='grc'><strong>765</strong></span> 
     </span>
    </p>
   </div>
   <div class='ocr_carea' id='block_1_2' title="bbox 1072 279 2619 345">
    <p class='ocr_par' dir='ltr' id='par_1_2' title="bbox 1072 279 2619 345">
     <span class='ocr_line' id='line_1_2' title="bbox 1072 279 2619 345; baseline 0.004 -12"><span class='ocrx_word' id='word_1_2' title='bbox 1072 279 1548 338; x_wconf 69' lang='grc' dir='ltr'><strong>(ῚΟΜΜΗΝΤᾹΒΙΙ</strong></span> <span class='ocrx_word' id='word_1_3' title='bbox 1587 283 1654 339; x_wconf 82' lang='grc' dir='ltr'><strong>ΙΝ</strong></span> <span class='ocrx_word' id='word_1_4' title='bbox 1694 283 1954 342; x_wconf 76' lang='lat' dir='ltr'><strong>LIBRUM</strong></span> <span class='ocrx_word' id='word_1_5' title='bbox 1991 285 2130 341; x_wconf 83' lang='lat' dir='ltr'><strong>JOB.</strong></span> <span class='ocrx_word' id='word_1_6' title='bbox 2173 287 2328 345; x_wconf 85' lang='lat' dir='ltr'><strong>CAP.</strong></span> <span class='ocrx_word' id='word_1_7' title='bbox 2373 285 2619 343; x_wconf 78' lang='lat' dir='ltr'><strong>XXXIX.</strong></span> 
     </span>
    </p>
   </div>
   <div class='ocr_carea' id='block_1_3' title="bbox 3375 285 3482 341">
    <p class='ocr_par' dir='ltr' id='par_1_3' title="bbox 3375 285 3482 341">
     <span class='ocr_line' id='line_1_3' title="bbox 3375 285 3482 341; baseline 0.019 -2"><span class='ocrx_word' id='word_1_8' title='bbox 3375 285 3482 341; x_wconf 85' lang='lat'><strong>766</strong></span> 
     </span>
    </p>
   </div>
   <div class='ocr_carea' id='block_1_4' title="bbox 142 395 3486 472">
    <p class='ocr_par' dir='ltr' id='par_1_4' title="bbox 142 395 3486 472">
     <span class='ocr_line' id='line_1_4' title="bbox 142 395 3486 472; baseline 0.002 -22"><span class='ocrx_word' id='word_1_9' title='bbox 142 410 331 451; x_wconf 79' lang='lat' dir='ltr'><strong>escas</strong></span> <span class='ocrx_word' id='word_1_10' title='bbox 379 395 511 450; x_wconf 87' lang='lat' dir='ltr'><strong>dare</strong></span> <span class='ocrx_word' id='word_1_11' title='bbox 560 397 702 450; x_wconf 86' lang='lat' dir='ltr'><strong>Deus</strong></span> <span class='ocrx_word' id='word_1_12' title='bbox 749 395 996 451; x_wconf 89' lang='lat' dir='ltr'><strong>dicitur:</strong></span> <span class='ocrx_word' id='word_1_13' title='bbox 1041 396 1260 466; x_wconf 79' lang='lat' dir='ltr'><strong>quando</strong></span> <span class='ocrx_word' id='word_1_14' title='bbox 1293 397 1416 452; x_wconf 89' lang='lat' dir='ltr'><strong>illos</strong></span> <span class='ocrx_word' id='word_1_15' title='bbox 1445 413 1582 469; x_wconf 90' lang='lat' dir='ltr'><strong>quos</strong></span> <span class='ocrx_word' id='word_1_16' title='bbox 1614 413 1780 469; x_wconf 78' lang='lat' dir='ltr'><strong>expe-</strong></span> <span class='ocrx_word' id='word_1_17' title='bbox 1806 404 1856 464; x_wconf 76' lang='grc' dir='ltr'><strong>Α</strong></span> <span class='ocrx_word' id='word_1_18' title='bbox 1883 409 2194 472; x_wconf 79' lang='lat' dir='ltr'><strong>serpentem</strong></span> <span class='ocrx_word' id='word_1_19' title='bbox 2229 404 2537 469; x_wconf 88' lang='lat' dir='ltr'><strong>nominari,</strong></span> <span class='ocrx_word' id='word_1_20' title='bbox 2587 402 2708 472; x_wconf 86' lang='lat' dir='ltr'><strong>quis</strong></span> <span class='ocrx_word' id='word_1_21' title='bbox 2755 400 2983 456; x_wconf 87' lang='lat' dir='ltr'><strong>auderet</strong></span> <span class='ocrx_word' id='word_1_22' title='bbox 3025 400 3094 456; x_wconf 88' lang='lat' dir='ltr'><strong>de</strong></span> <span class='ocrx_word' id='word_1_23' title='bbox 3142 402 3372 456; x_wconf 86' lang='lat' dir='ltr'><strong>Domino</strong></span> <span class='ocrx_word' id='word_1_24' title='bbox 3414 402 3486 458; x_wconf 88' lang='lat' dir='ltr'><strong>ita</strong></span> 
     </span>
    </p>
   </div>
   <div class='ocr_carea' id='block_1_5' title="bbox 143 489 1091 560">
    <p class='ocr_par' dir='ltr' id='par_1_5' title="bbox 143 489 1091 560">
     <span class='ocr_line' id='line_1_5' title="bbox 143 489 1091 560; baseline 0.004 -18"><span class='ocrx_word' id='word_1_25' title='bbox 143 497 314 552; x_wconf 85' lang='lat' dir='ltr'><strong>lunt,</strong></span> <span class='ocrx_word' id='word_1_26' title='bbox 340 489 394 544; x_wconf 91' lang='lat' dir='ltr'><strong>in</strong></span> <span class='ocrx_word' id='word_1_27' title='bbox 430 497 759 556; x_wconf 83' lang='lat' dir='ltr'><strong>potestatem</strong></span> <span class='ocrx_word' id='word_1_28' title='bbox 791 489 1091 560; x_wconf 88' lang='lat' dir='ltr'><strong>accipiunt.</strong></span> 
     </span>
    </p>
   </div>
   <div class='ocr_carea' id='block_1_6' title="bbox 239 581 1780 655">
    <p class='ocr_par' dir='ltr' id='par_1_6' title="bbox 239 581 1780 655">
     <span class='ocr_line' id='line_1_6' title="bbox 239 581 1780 655; baseline 0.006 -20"><span class='ocrx_word' id='word_1_29' title='bbox 239 581 474 648; x_wconf 82' lang='lat' dir='ltr'><strong>Quando</strong></span> <span class='ocrx_word' id='word_1_30' title='bbox 502 581 692 636; x_wconf 90' lang='lat' dir='ltr'><strong>cubant</strong></span> <span class='ocrx_word' id='word_1_31' title='bbox 719 583 773 636; x_wconf 89' lang='lat' dir='ltr'><strong>in</strong></span> <span class='ocrx_word' id='word_1_32' title='bbox 814 583 982 636; x_wconf 88' lang='lat' dir='ltr'><strong>antris</strong></span> <span class='ocrx_word' id='word_1_33' title='bbox 1012 583 1118 636; x_wconf 86' lang='lat' dir='ltr'><strong>suis</strong></span> <span class='ocrx_word' id='word_1_34' title='bbox 1148 583 1242 655; x_wconf 91' lang='lat' dir='ltr'><strong>(in</strong></span> <span class='ocrx_word' id='word_1_35' title='bbox 1292 585 1460 651; x_wconf 77' lang='lat' dir='ltr'><strong>silvis,</strong></span> <span class='ocrx_word' id='word_1_36' title='bbox 1505 586 1599 642; x_wconf 85' lang='lat' dir='ltr'><strong>alii</strong></span> <span class='ocrx_word' id='word_1_37' title='bbox 1625 588 1780 644; x_wconf 82' lang='lat' dir='ltr'><strong>dixe-</strong></span> 
     </span>
    </p>
   </div>
   <div class='ocr_carea' id='block_1_7' title="bbox 140 676 1777 750">
    <p class='ocr_par' dir='ltr' id='par_1_7' title="bbox 140 676 1777 750">
     <span class='ocr_line' id='line_1_7' title="bbox 140 676 1777 750; baseline 0.005 -21"><span class='ocrx_word' id='word_1_38' title='bbox 140 677 323 745; x_wconf 83' lang='lat' dir='ltr'><strong>runt)</strong></span> <span class='ocrx_word' id='word_1_39' title='bbox 348 685 395 729; x_wconf 86' lang='lat' dir='ltr'><strong>et</strong></span> <span class='ocrx_word' id='word_1_40' title='bbox 418 676 470 729; x_wconf 92' lang='lat' dir='ltr'><strong>in</strong></span> <span class='ocrx_word' id='word_1_41' title='bbox 491 676 747 745; x_wconf 78' lang='lat' dir='ltr'><strong>specubus</strong></span> <span class='ocrx_word' id='word_1_42' title='bbox 774 676 1134 732; x_wconf 75' lang='lat' dir='ltr'><strong>insidiantur?</strong></span> <span class='ocrx_word' id='word_1_43' title='bbox 1163 678 1330 732; x_wconf 80' lang='lat' dir='ltr'><strong>Antra</strong></span> <span class='ocrx_word' id='word_1_44' title='bbox 1363 680 1479 734; x_wconf 88' lang='lat' dir='ltr'><strong>sive</strong></span> <span class='ocrx_word' id='word_1_45' title='bbox 1501 682 1777 750; x_wconf 66' lang='lat' dir='ltr'><strong>speluncas</strong></span> 
     </span>
    </p>
   </div>
   <div class='ocr_carea' id='block_1_8' title="bbox 142 770 1778 840">
    <p class='ocr_par' dir='ltr' id='par_1_8' title="bbox 142 770 1778 840">
     <span class='ocr_line' id='line_1_8' title="bbox 142 770 1778 840; baseline 0.005 -15"><span class='ocrx_word' id='word_1_46' title='bbox 142 779 300 826; x_wconf 81' lang='lat' dir='ltr'><strong>sunt</strong></span> <span class='ocrx_word' id='word_1_47' title='bbox 331 771 494 826; x_wconf 86' lang='lat' dir='ltr'><strong>corda</strong></span> <span class='ocrx_word' id='word_1_48' title='bbox 536 770 814 827; x_wconf 85' lang='lat' dir='ltr'><strong>hominum</strong></span> <span class='ocrx_word' id='word_1_49' title='bbox 845 770 1136 840; x_wconf 88' lang='lat' dir='ltr'><strong>impiorum</strong></span> <span class='ocrx_word' id='word_1_50' title='bbox 1168 789 1183 826; x_wconf 90' lang='lat'><strong>:</strong></span> <span class='ocrx_word' id='word_1_51' title='bbox 1218 773 1269 827; x_wconf 92' lang='lat' dir='ltr'><strong>in</strong></span> <span class='ocrx_word' id='word_1_52' title='bbox 1305 773 1388 828; x_wconf 88' lang='lat' dir='ltr'><strong>his</strong></span> <span class='ocrx_word' id='word_1_53' title='bbox 1420 774 1660 832; x_wconf 76' lang='lat' dir='ltr'><strong>latibulis</strong></span> <span class='ocrx_word' id='word_1_54' title='bbox 1691 793 1778 833; x_wconf 89' lang='lat' dir='ltr'><strong>se-</strong></span> 
     </span>
    </p>
   </div>
   <div class='ocr_carea' id='block_1_9' title="bbox 144 862 1770 930">
    <p class='ocr_par' dir='ltr' id='par_1_9' title="bbox 144 862 1770 930">
     <span class='ocr_line' id='line_1_9' title="bbox 144 862 1770 930; baseline 0.005 -13"><span class='ocrx_word' id='word_1_55' title='bbox 144 862 444 930; x_wconf 84' lang='lat' dir='ltr'><strong>dent,sive</strong></span> <span class='ocrx_word' id='word_1_56' title='bbox 460 863 662 917; x_wconf 90' lang='lat' dir='ltr'><strong>cubant</strong></span> <span class='ocrx_word' id='word_1_57' title='bbox 675 863 726 918; x_wconf 91' lang='lat' dir='ltr'><strong>in</strong></span> <span class='ocrx_word' id='word_1_58' title='bbox 741 863 1039 928; x_wconf 90' lang='lat' dir='ltr'><strong>insidiis,ut</strong></span> <span class='ocrx_word' id='word_1_59' title='bbox 1053 865 1386 920; x_wconf 81' lang='lat' dir='ltr'><strong>interﬁciant</strong></span> <span class='ocrx_word' id='word_1_60' title='bbox 1400 867 1770 925; x_wconf 75' lang='lat' dir='ltr'><strong>innocentem.</strong></span> 
     </span>
    </p>
   </div>
   <div class='ocr_carea' id='block_1_10' title="bbox 238 955 1776 1032">
    <p class='ocr_par' dir='ltr' id='par_1_10' title="bbox 238 955 1776 1032">
     <span class='ocr_line' id='line_1_10' title="bbox 238 955 1776 1032; baseline 0.005 -25"><span class='ocrx_word' id='word_1_61' title='bbox 238 955 378 1021; x_wconf 83' lang='lat' dir='ltr'><strong>Quis</strong></span> <span class='ocrx_word' id='word_1_62' title='bbox 405 966 663 1025; x_wconf 65' lang='lat' dir='ltr'><strong>praeparat</strong></span> <span class='ocrx_word' id='word_1_63' title='bbox 688 970 838 1008; x_wconf 81' lang='lat' dir='ltr'><strong>corvo</strong></span> <span class='ocrx_word' id='word_1_64' title='bbox 864 971 1032 1008; x_wconf 84' lang='lat' dir='ltr'><strong>escam</strong></span> <span class='ocrx_word' id='word_1_65' title='bbox 1072 973 1240 1021; x_wconf 84' lang='lat' dir='ltr'><strong>suam,</strong></span> <span class='ocrx_word' id='word_1_66' title='bbox 1265 958 1473 1027; x_wconf 83' lang='lat' dir='ltr'><strong>quando</strong></span> <span class='ocrx_word' id='word_1_67' title='bbox 1504 958 1638 1026; x_wconf 86' lang='lat' dir='ltr'><strong>pulli</strong></span> <span class='ocrx_word' id='word_1_68' title='bbox 1658 977 1776 1032; x_wconf 63' lang='lat' dir='ltr'><strong>ejus</strong></span> 
     </span>
    </p>
   </div>
   <div class='ocr_carea' id='block_1_11' title="bbox 142 1045 1776 1120">
    <p class='ocr_par' dir='ltr' id='par_1_11' title="bbox 142 1045 1776 1120">
     <span class='ocr_line' id='line_1_11' title="bbox 142 1045 1776 1120; baseline 0.004 -21"><span class='ocrx_word' id='word_1_69' title='bbox 142 1047 398 1100; x_wconf 74' lang='lat' dir='ltr'><strong>clamant</strong></span> <span class='ocrx_word' id='word_1_70' title='bbox 424 1046 490 1100; x_wconf 88' lang='lat' dir='ltr'><strong>ad</strong></span> <span class='ocrx_word' id='word_1_71' title='bbox 516 1045 682 1100; x_wconf 83' lang='lat' dir='ltr'><strong>Deum</strong></span> <span class='ocrx_word' id='word_1_72' title='bbox 710 1062 728 1100; x_wconf 90' lang='lat'><strong><em>:</em></strong></span> <span class='ocrx_word' id='word_1_73' title='bbox 758 1056 1020 1120; x_wconf 83' lang='lat' dir='ltr'><strong>vagantes,</strong></span> <span class='ocrx_word' id='word_1_74' title='bbox 1062 1064 1123 1103; x_wconf 86' lang='lat' dir='ltr'><strong>eo</strong></span> <span class='ocrx_word' id='word_1_75' title='bbox 1148 1051 1287 1118; x_wconf 85' lang='lat' dir='ltr'><strong>quod</strong></span> <span class='ocrx_word' id='word_1_76' title='bbox 1313 1067 1417 1104; x_wconf 85' lang='lat' dir='ltr'><strong>non</strong></span> <span class='ocrx_word' id='word_1_77' title='bbox 1441 1049 1662 1106; x_wconf 83' lang='lat' dir='ltr'><strong>habeant</strong></span> <span class='ocrx_word' id='word_1_78' title='bbox 1699 1053 1776 1106; x_wconf 89' lang='lat' dir='ltr'><strong>ci-</strong></span> 
     </span>
    </p>
   </div>
   <div class='ocr_carea' id='block_1_12' title="bbox 141 1137 1772 1214">
    <p class='ocr_par' dir='ltr' id='par_1_12' title="bbox 141 1137 1772 1214">
     <span class='ocr_line' id='line_1_12' title="bbox 141 1137 1772 1214; baseline 0.004 -23"><span class='ocrx_word' id='word_1_79' title='bbox 141 1139 250 1192; x_wconf 84' lang='lat' dir='ltr'><strong>bos</strong></span> <span class='ocrx_word' id='word_1_80' title='bbox 280 1139 306 1192; x_wconf 69' lang='lat'><strong>.9</strong></span> <span class='ocrx_word' id='word_1_81' title='bbox 337 1137 592 1194; x_wconf 85' lang='lat' dir='ltr'><strong>Arbitror</strong></span> <span class='ocrx_word' id='word_1_82' title='bbox 623 1139 771 1208; x_wconf 90' lang='lat' dir='ltr'><strong>quod</strong></span> <span class='ocrx_word' id='word_1_83' title='bbox 805 1148 859 1194; x_wconf 89' lang='lat' dir='ltr'><strong>et</strong></span> <span class='ocrx_word' id='word_1_84' title='bbox 903 1141 990 1195; x_wconf 90' lang='lat' dir='ltr'><strong>hic</strong></span> <span class='ocrx_word' id='word_1_85' title='bbox 1017 1155 1213 1197; x_wconf 87' lang='lat' dir='ltr'><strong>corvus</strong></span> <span class='ocrx_word' id='word_1_86' title='bbox 1240 1141 1612 1198; x_wconf 84' lang='lat' dir='ltr'><strong>adversariam</strong></span> <span class='ocrx_word' id='word_1_87' title='bbox 1648 1160 1772 1214; x_wconf 87' lang='lat' dir='ltr'><strong>par-</strong></span> 
     </span>
    </p>
   </div>
   <div class='ocr_carea' id='block_1_13' title="bbox 147 1230 1768 1306">
    <p class='ocr_par' dir='ltr' id='par_1_13' title="bbox 147 1230 1768 1306">
     <span class='ocr_line' id='line_1_13' title="bbox 147 1230 1768 1306; baseline 0.004 -21"><span class='ocrx_word' id='word_1_88' title='bbox 147 1240 275 1286; x_wconf 85' lang='lat' dir='ltr'><strong>tem</strong></span> <span class='ocrx_word' id='word_1_89' title='bbox 307 1230 600 1301; x_wconf 85' lang='lat' dir='ltr'><strong>signiﬁcet,</strong></span> <span class='ocrx_word' id='word_1_90' title='bbox 628 1233 773 1287; x_wconf 85' lang='lat' dir='ltr'><strong>sicut</strong></span> <span class='ocrx_word' id='word_1_91' title='bbox 801 1240 857 1288; x_wconf 90' lang='lat' dir='ltr'><strong>et</strong></span> <span class='ocrx_word' id='word_1_92' title='bbox 886 1233 1019 1302; x_wconf 87' lang='lat' dir='ltr'><strong>pulli</strong></span> <span class='ocrx_word' id='word_1_93' title='bbox 1045 1235 1193 1303; x_wconf 54' lang='lat' dir='ltr'><strong>ejus,</strong></span> <span class='ocrx_word' id='word_1_94' title='bbox 1225 1245 1283 1290; x_wconf 86' lang='lat' dir='ltr'><strong>ut</strong></span> <span class='ocrx_word' id='word_1_95' title='bbox 1310 1237 1768 1306; x_wconf 88' lang='lat' dir='ltr'><strong>quemadmodum</strong></span> 
     </span>
    </p>
   </div>
   <div class='ocr_carea' id='block_1_14' title="bbox 147 1328 1773 1400">
    <p class='ocr_par' dir='ltr' id='par_1_14' title="bbox 147 1328 1773 1400">
     <span class='ocr_line' id='line_1_14' title="bbox 147 1328 1773 1400; baseline 0.003 -17"><span class='ocrx_word' id='word_1_96' title='bbox 147 1328 424 1398; x_wconf 78' lang='lat' dir='ltr'><strong>superius</strong></span> <span class='ocrx_word' id='word_1_97' title='bbox 455 1329 708 1393; x_wconf 64' lang='lat' dir='ltr'><strong>leaenam,</strong></span> <span class='ocrx_word' id='word_1_98' title='bbox 754 1340 807 1385; x_wconf 90' lang='lat' dir='ltr'><strong>et</strong></span> <span class='ocrx_word' id='word_1_99' title='bbox 836 1330 1055 1385; x_wconf 84' lang='lat' dir='ltr'><strong>catulos</strong></span> <span class='ocrx_word' id='word_1_100' title='bbox 1094 1331 1213 1400; x_wconf 82' lang='lat' dir='ltr'><strong>ejus</strong></span> <span class='ocrx_word' id='word_1_101' title='bbox 1250 1331 1612 1388; x_wconf 83' lang='lat' dir='ltr'><strong>intelleximus</strong></span> <span class='ocrx_word' id='word_1_102' title='bbox 1654 1334 1773 1388; x_wconf 85' lang='lat' dir='ltr'><strong>dia-</strong></span> 
     </span>
    </p>
   </div>
   <div class='ocr_carea' id='block_1_15' title="bbox 146 1421 1772 1492">
    <p class='ocr_par' dir='ltr' id='par_1_15' title="bbox 146 1421 1772 1492">
     <span class='ocr_line' id='line_1_15' title="bbox 146 1421 1772 1492; baseline 0.004 -19"><span class='ocrx_word' id='word_1_103' title='bbox 146 1421 372 1486; x_wconf 72' lang='lat' dir='ltr'><strong>lrolum,</strong></span> <span class='ocrx_word' id='word_1_104' title='bbox 409 1428 463 1476; x_wconf 91' lang='lat' dir='ltr'><strong>et</strong></span> <span class='ocrx_word' id='word_1_105' title='bbox 497 1421 714 1476; x_wconf 83' lang='lat' dir='ltr'><strong>turbam</strong></span> <span class='ocrx_word' id='word_1_106' title='bbox 742 1421 1085 1492; x_wconf 86' lang='lat' dir='ltr'><strong>perditorum</strong></span> <span class='ocrx_word' id='word_1_107' title='bbox 1131 1423 1273 1492; x_wconf 87' lang='lat' dir='ltr'><strong>ejus,</strong></span> <span class='ocrx_word' id='word_1_108' title='bbox 1321 1426 1390 1478; x_wconf 87' lang='lat' dir='ltr'><strong>ita</strong></span> <span class='ocrx_word' id='word_1_109' title='bbox 1428 1435 1483 1480; x_wconf 89' lang='lat' dir='ltr'><strong>et</strong></span> <span class='ocrx_word' id='word_1_110' title='bbox 1530 1425 1618 1480; x_wconf 92' lang='lat' dir='ltr'><strong>hic</strong></span> <span class='ocrx_word' id='word_1_111' title='bbox 1657 1441 1772 1481; x_wconf 86' lang='lat' dir='ltr'><strong>cor-</strong></span> 
     </span>
    </p>
   </div>
   <div class='ocr_carea' id='block_1_16' title="bbox 145 1514 1767 1588">
    <p class='ocr_par' dir='ltr' id='par_1_16' title="bbox 145 1514 1767 1588">
     <span class='ocr_line' id='line_1_16' title="bbox 145 1514 1767 1588; baseline 0.003 -20"><span class='ocrx_word' id='word_1_112' title='bbox 145 1529 293 1568; x_wconf 81' lang='lat' dir='ltr'><strong>vum</strong></span> <span class='ocrx_word' id='word_1_113' title='bbox 322 1514 576 1570; x_wconf 89' lang='lat' dir='ltr'><strong>eumdem</strong></span> <span class='ocrx_word' id='word_1_114' title='bbox 630 1531 752 1570; x_wconf 89' lang='lat' dir='ltr'><strong>cum</strong></span> <span class='ocrx_word' id='word_1_115' title='bbox 805 1517 966 1586; x_wconf 88' lang='lat' dir='ltr'><strong>pullis</strong></span> <span class='ocrx_word' id='word_1_116' title='bbox 1006 1517 1125 1585; x_wconf 82' lang='lat' dir='ltr'><strong>ejus</strong></span> <span class='ocrx_word' id='word_1_117' title='bbox 1177 1518 1565 1588; x_wconf 85' lang='lat' dir='ltr'><strong>intelligamus.</strong></span> <span class='ocrx_word' id='word_1_118' title='bbox 1611 1520 1767 1588; x_wconf 85' lang='lat' dir='ltr'><strong>Quod</strong></span> 
     </span>
    </p>
   </div>
   <div class='ocr_carea' id='block_1_17' title="bbox 143 1607 1765 1682">
    <p class='ocr_par' dir='ltr' id='par_1_17' title="bbox 143 1607 1765 1682">
     <span class='ocr_line' id='line_1_17' title="bbox 143 1607 1765 1682; baseline 0.004 -21"><span class='ocrx_word' id='word_1_119' title='bbox 143 1620 292 1678; x_wconf 81' lang='lat' dir='ltr'><strong>ergo</strong></span> <span class='ocrx_word' id='word_1_120' title='bbox 337 1607 539 1662; x_wconf 88' lang='lat' dir='ltr'><strong>dicitur</strong></span> <span class='ocrx_word' id='word_1_121' title='bbox 584 1618 864 1677; x_wconf 73' lang='lat' dir='ltr'><strong>vagantes,</strong></span> <span class='ocrx_word' id='word_1_122' title='bbox 909 1609 1176 1664; x_wconf 82' lang='lat' dir='ltr'><strong>iudieatur</strong></span> <span class='ocrx_word' id='word_1_123' title='bbox 1223 1610 1324 1665; x_wconf 90' lang='lat' dir='ltr'><strong>hoc</strong></span> <span class='ocrx_word' id='word_1_124' title='bbox 1366 1612 1569 1680; x_wconf 86' lang='lat' dir='ltr'><strong>verbo,</strong></span> <span class='ocrx_word' id='word_1_125' title='bbox 1623 1613 1765 1682; x_wconf 90' lang='lat' dir='ltr'><strong>quod</strong></span> 
     </span>
    </p>
   </div>
   <div class='ocr_carea' id='block_1_18' title="bbox 141 1699 1766 1774">
    <p class='ocr_par' dir='ltr' id='par_1_18' title="bbox 141 1699 1766 1774">
     <span class='ocr_line' id='line_1_18' title="bbox 141 1699 1766 1774; baseline 0.009 -26"><span class='ocrx_word' id='word_1_126' title='bbox 141 1699 316 1768; x_wconf 87' lang='lat' dir='ltr'><strong>quasi</strong></span> <span class='ocrx_word' id='word_1_127' title='bbox 343 1699 633 1768; x_wconf 87' lang='lat' dir='ltr'><strong>quamdam</strong></span> <span class='ocrx_word' id='word_1_128' title='bbox 685 1702 839 1756; x_wconf 87' lang='lat' dir='ltr'><strong>lamis</strong></span> <span class='ocrx_word' id='word_1_129' title='bbox 867 1701 1073 1756; x_wconf 88' lang='lat' dir='ltr'><strong>rabiem</strong></span> <span class='ocrx_word' id='word_1_130' title='bbox 1105 1705 1384 1774; x_wconf 88' lang='lat' dir='ltr'><strong>patiantur</strong></span> <span class='ocrx_word' id='word_1_131' title='bbox 1417 1707 1560 1761; x_wconf 89' lang='lat' dir='ltr'><strong>circa</strong></span> <span class='ocrx_word' id='word_1_132' title='bbox 1590 1707 1766 1762; x_wconf 92' lang='lat' dir='ltr'><strong>homi-</strong></span> 
     </span>
    </p>
   </div>
   <div class='ocr_carea' id='block_1_19' title="bbox 1883 492 3490 566">
    <p class='ocr_par' dir='ltr' id='par_1_19' title="bbox 1883 492 3490 566">
     <span class='ocr_line' id='line_1_19' title="bbox 1883 492 3490 566; baseline 0.001 -19"><span class='ocrx_word' id='word_1_133' title='bbox 1883 494 2132 562; x_wconf 88' lang='lat' dir='ltr'><strong>credere,</strong></span> <span class='ocrx_word' id='word_1_134' title='bbox 2162 495 2264 552; x_wconf 82' lang='lat' dir='ltr'><strong>nisi</strong></span> <span class='ocrx_word' id='word_1_135' title='bbox 2293 497 2412 566; x_wconf 90' lang='lat' dir='ltr'><strong>ipse</strong></span> <span class='ocrx_word' id='word_1_136' title='bbox 2439 496 2492 550; x_wconf 92' lang='lat' dir='ltr'><strong>in</strong></span> <span class='ocrx_word' id='word_1_137' title='bbox 2524 509 2586 550; x_wconf 89' lang='lat' dir='ltr'><strong>se</strong></span> <span class='ocrx_word' id='word_1_138' title='bbox 2615 494 2888 564; x_wconf 85' lang='lat' dir='ltr'><strong>serpentis</strong></span> <span class='ocrx_word' id='word_1_139' title='bbox 2925 492 3340 548; x_wconf 81' lang='lat' dir='ltr'><strong>similitudinem</strong></span> <span class='ocrx_word' id='word_1_140' title='bbox 3367 508 3490 548; x_wconf 85' lang='lat' dir='ltr'><strong>ver-</strong></span> 
     </span>
    </p>
   </div>
   <div class='ocr_carea' id='block_1_20' title="bbox 1882 585 3488 661">
    <p class='ocr_par' dir='ltr' id='par_1_20' title="bbox 1882 585 3488 661">
     <span class='ocr_line' id='line_1_20' title="bbox 1882 585 3488 661; baseline -0.001 -18"><span class='ocrx_word' id='word_1_141' title='bbox 1882 588 1964 644; x_wconf 88' lang='lat' dir='ltr'><strong>bis</strong></span> <span class='ocrx_word' id='word_1_142' title='bbox 2016 589 2249 660; x_wconf 87' lang='lat' dir='ltr'><strong>propriis</strong></span> <span class='ocrx_word' id='word_1_143' title='bbox 2292 591 2692 661; x_wconf 80' lang='lat' dir='ltr'><strong>expressisset,</strong></span> <span class='ocrx_word' id='word_1_144' title='bbox 2750 588 2940 644; x_wconf 89' lang='lat' dir='ltr'><strong>dicens</strong></span> <span class='ocrx_word' id='word_1_145' title='bbox 2991 603 3005 640; x_wconf 90' lang='lat'><strong>:</strong></span> <span class='ocrx_word' id='word_1_146' title='bbox 3069 586 3221 642; x_wconf 84' lang='lat' dir='ltr'><strong>Sicut</strong></span> <span class='ocrx_word' id='word_1_147' title='bbox 3277 585 3488 657; x_wconf 74' lang='lat' dir='ltr'><strong>Moyses</strong></span> 
     </span>
    </p>
   </div>
   <div class='ocr_carea' id='block_1_21' title="bbox 1881 679 3483 749">
    <p class='ocr_par' dir='ltr' id='par_1_21' title="bbox 1881 679 3483 749">
     <span class='ocr_line' id='line_1_21' title="bbox 1881 679 3483 749; baseline 0.001 -15"><span class='ocrx_word' id='word_1_148' title='bbox 1881 680 2124 736; x_wconf 68' lang='lat' dir='ltr'><strong>exultavit</strong></span> <span class='ocrx_word' id='word_1_149' title='bbox 2171 693 2456 747; x_wconf 76' lang='lat' dir='ltr'><strong>serpentem</strong></span> <span class='ocrx_word' id='word_1_150' title='bbox 2502 683 2554 735; x_wconf 90' lang='lat' dir='ltr'><strong>in</strong></span> <span class='ocrx_word' id='word_1_151' title='bbox 2610 681 2847 744; x_wconf 86' lang='lat' dir='ltr'><strong>deserto,</strong></span> <span class='ocrx_word' id='word_1_152' title='bbox 2897 680 2974 732; x_wconf 89' lang='lat' dir='ltr'><strong>ita</strong></span> <span class='ocrx_word' id='word_1_153' title='bbox 3015 679 3236 734; x_wconf 71' lang='lat' dir='ltr'><strong>exaltari</strong></span> <span class='ocrx_word' id='word_1_154' title='bbox 3278 687 3483 749; x_wconf 78' lang='lat' dir='ltr'><strong>Oportet</strong></span> 
     </span>
    </p>
   </div>
   <div class='ocr_carea' id='block_1_22' title="bbox 1880 772 3483 845">
    <p class='ocr_par' dir='ltr' id='par_1_22' title="bbox 1880 772 3483 845">
     <span class='ocr_line' id='line_1_22' title="bbox 1880 772 3483 845; baseline 0.001 -19"><span class='ocrx_word' id='word_1_155' title='bbox 1880 775 2045 841; x_wconf 79' lang='lat' dir='ltr'><strong>ﬁlium</strong></span> <span class='ocrx_word' id='word_1_156' title='bbox 2067 776 2326 830; x_wconf 78' lang='lat' dir='ltr'><strong>hominis:</strong></span> <span class='ocrx_word' id='word_1_157' title='bbox 2359 783 2414 831; x_wconf 88' lang='lat' dir='ltr'><strong>et</strong></span> <span class='ocrx_word' id='word_1_158' title='bbox 2434 774 2731 845; x_wconf 86' lang='lat' dir='ltr'><strong>discipulos</strong></span> <span class='ocrx_word' id='word_1_159' title='bbox 2761 774 2897 828; x_wconf 82' lang='lat' dir='ltr'><strong>tales</strong></span> <span class='ocrx_word' id='word_1_160' title='bbox 2925 772 3207 828; x_wconf 85' lang='lat' dir='ltr'><strong>admonuit</strong></span> <span class='ocrx_word' id='word_1_161' title='bbox 3242 786 3365 830; x_wconf 86' lang='lat' dir='ltr'><strong>esse</strong></span> <span class='ocrx_word' id='word_1_162' title='bbox 3396 772 3483 827; x_wconf 64' lang='lat' dir='ltr'><strong>div</strong></span> 
     </span>
    </p>
   </div>
   <div class='ocr_carea' id='block_1_23' title="bbox 1878 865 3482 939">
    <p class='ocr_par' dir='ltr' id='par_1_23' title="bbox 1878 865 3482 939">
     <span class='ocr_line' id='line_1_23' title="bbox 1878 865 3482 939; baseline 0 -19"><span class='ocrx_word' id='word_1_163' title='bbox 1878 881 2010 921; x_wconf 82' lang='lat' dir='ltr'><strong>cens</strong></span> <span class='ocrx_word' id='word_1_164' title='bbox 2043 886 2054 921; x_wconf 89' lang='lat'>:</span> <span class='ocrx_word' id='word_1_165' title='bbox 2092 867 2268 922; x_wconf 82' lang='lat' dir='ltr'><strong>Estote</strong></span> <span class='ocrx_word' id='word_1_166' title='bbox 2291 869 2446 922; x_wconf 86' lang='lat' dir='ltr'><strong>astuti</strong></span> <span class='ocrx_word' id='word_1_167' title='bbox 2485 877 2542 922; x_wconf 85' lang='lat' dir='ltr'><strong>ut</strong></span> <span class='ocrx_word' id='word_1_168' title='bbox 2574 877 2852 939; x_wconf 77' lang='lat' dir='ltr'><strong>serpentes.</strong></span> <span class='ocrx_word' id='word_1_169' title='bbox 2905 867 2973 921; x_wconf 89' lang='lat' dir='ltr'><strong>Et</strong></span> <span class='ocrx_word' id='word_1_170' title='bbox 3003 880 3264 937; x_wconf 81' lang='lat' dir='ltr'><strong>serpens,</strong></span> <span class='ocrx_word' id='word_1_171' title='bbox 3295 865 3348 920; x_wconf 92' lang='lat' dir='ltr'><strong>id</strong></span> <span class='ocrx_word' id='word_1_172' title='bbox 3377 873 3482 932; x_wconf 87' lang='lat' dir='ltr'><strong>est,</strong></span> 
     </span>
    </p>
   </div>
   <div class='ocr_carea' id='block_1_24' title="bbox 1877 958 3481 1028">
    <p class='ocr_par' dir='ltr' id='par_1_24' title="bbox 1877 958 3481 1028">
     <span class='ocr_line' id='line_1_24' title="bbox 1877 958 3481 1028; baseline 0.002 -17"><span class='ocrx_word' id='word_1_173' title='bbox 1877 958 2128 1014; x_wconf 83' lang='lat' dir='ltr'><strong>diabolus</strong></span> <span class='ocrx_word' id='word_1_174' title='bbox 2170 961 2494 1016; x_wconf 88' lang='lat' dir='ltr'><strong>maledictus</strong></span> <span class='ocrx_word' id='word_1_175' title='bbox 2538 977 2568 1014; x_wconf 88' lang='lat' dir='ltr'><strong>a</strong></span> <span class='ocrx_word' id='word_1_176' title='bbox 2617 960 2732 1015; x_wconf 90' lang='lat' dir='ltr'><strong>Deo</strong></span> <span class='ocrx_word' id='word_1_177' title='bbox 2763 968 2882 1025; x_wconf 87' lang='lat' dir='ltr'><strong>est,</strong></span> <span class='ocrx_word' id='word_1_178' title='bbox 2921 974 2986 1014; x_wconf 88' lang='lat' dir='ltr'><strong>eo</strong></span> <span class='ocrx_word' id='word_1_179' title='bbox 3015 959 3161 1028; x_wconf 90' lang='lat' dir='ltr'><strong>quod</strong></span> <span class='ocrx_word' id='word_1_180' title='bbox 3195 960 3363 1014; x_wconf 85' lang='lat' dir='ltr'><strong>Evam</strong></span> <span class='ocrx_word' id='word_1_181' title='bbox 3389 973 3481 1014; x_wconf 87' lang='lat' dir='ltr'><strong>se-</strong></span> 
     </span>
    </p>
   </div>
   <div class='ocr_carea' id='block_1_25' title="bbox 1876 1051 3482 1122">
    <p class='ocr_par' dir='ltr' id='par_1_25' title="bbox 1876 1051 3482 1122">
     <span class='ocr_line' id='line_1_25' title="bbox 1876 1051 3482 1122; baseline 0.001 -16"><span class='ocrx_word' id='word_1_182' title='bbox 1876 1053 2031 1108; x_wconf 83' lang='lat' dir='ltr'><strong>duxit</strong></span> <span class='ocrx_word' id='word_1_183' title='bbox 2061 1055 2262 1108; x_wconf 87' lang='lat' dir='ltr'><strong>astutia</strong></span> <span class='ocrx_word' id='word_1_184' title='bbox 2298 1072 2310 1106; x_wconf 89' lang='lat'><strong>:</strong></span> <span class='ocrx_word' id='word_1_185' title='bbox 2345 1064 2399 1108; x_wconf 88' lang='lat' dir='ltr'><strong>et</strong></span> <span class='ocrx_word' id='word_1_186' title='bbox 2441 1054 2688 1108; x_wconf 77' lang='lat' dir='ltr'><strong>Christus</strong></span> <span class='ocrx_word' id='word_1_187' title='bbox 2721 1052 3048 1108; x_wconf 86' lang='lat' dir='ltr'><strong>maledictus</strong></span> <span class='ocrx_word' id='word_1_188' title='bbox 3077 1053 3279 1107; x_wconf 91' lang='lat' dir='ltr'><strong>dicitur</strong></span> <span class='ocrx_word' id='word_1_189' title='bbox 3307 1070 3320 1104; x_wconf 91' lang='lat'><strong>:</strong></span> <span class='ocrx_word' id='word_1_190' title='bbox 3353 1051 3482 1122; x_wconf 83' lang='lat' dir='ltr'><strong>quia</strong></span> 
     </span>
    </p>
   </div>
   <div class='ocr_carea' id='block_1_26' title="bbox 1876 1143 3477 1216">
    <p class='ocr_par' dir='ltr' id='par_1_26' title="bbox 1876 1143 3477 1216">
     <span class='ocr_line' id='line_1_26' title="bbox 1876 1143 3477 1216; baseline -0.003 -14"><span class='ocrx_word' id='word_1_191' title='bbox 1876 1147 2197 1202; x_wconf 83' lang='lat' dir='ltr'><strong>maledictus</strong></span> <span class='ocrx_word' id='word_1_192' title='bbox 2258 1147 2436 1201; x_wconf 77' lang='lat' dir='ltr'><strong>omnis</strong></span> <span class='ocrx_word' id='word_1_193' title='bbox 2503 1148 2594 1216; x_wconf 91' lang='lat' dir='ltr'><strong>qui</strong></span> <span class='ocrx_word' id='word_1_194' title='bbox 2660 1145 2866 1215; x_wconf 88' lang='lat' dir='ltr'><strong>pendet</strong></span> <span class='ocrx_word' id='word_1_195' title='bbox 2912 1145 2963 1199; x_wconf 89' lang='lat' dir='ltr'><strong>in</strong></span> <span class='ocrx_word' id='word_1_196' title='bbox 3017 1145 3187 1215; x_wconf 88' lang='lat' dir='ltr'><strong>ligno.</strong></span> <span class='ocrx_word' id='word_1_197' title='bbox 3249 1143 3477 1199; x_wconf 79' lang='lat' dir='ltr'><strong>Maledi-</strong></span> 
     </span>
    </p>
   </div>
   <div class='ocr_carea' id='block_1_27' title="bbox 1875 1236 3475 1312">
    <p class='ocr_par' dir='ltr' id='par_1_27' title="bbox 1875 1236 3475 1312">
     <span class='ocr_line' id='line_1_27' title="bbox 1875 1236 3475 1312; baseline -0.004 -16"><span class='ocrx_word' id='word_1_198' title='bbox 1875 1251 2022 1296; x_wconf 63' lang='lat' dir='ltr'><strong>ctum</strong></span> <span class='ocrx_word' id='word_1_199' title='bbox 2072 1241 2276 1312; x_wconf 90' lang='lat' dir='ltr'><strong>quippe</strong></span> <span class='ocrx_word' id='word_1_200' title='bbox 2336 1239 2573 1294; x_wconf 84' lang='lat' dir='ltr'><strong>hominis</strong></span> <span class='ocrx_word' id='word_1_201' title='bbox 2632 1239 2683 1293; x_wconf 91' lang='lat' dir='ltr'><strong>in</strong></span> <span class='ocrx_word' id='word_1_202' title='bbox 2727 1252 2788 1291; x_wconf 90' lang='lat' dir='ltr'><strong>se</strong></span> <span class='ocrx_word' id='word_1_203' title='bbox 2837 1237 3208 1306; x_wconf 87' lang='lat' dir='ltr'><strong>suscipiendo.</strong></span> <span class='ocrx_word' id='word_1_204' title='bbox 3267 1236 3318 1292; x_wconf 90' lang='lat' dir='ltr'><strong>id</strong></span> <span class='ocrx_word' id='word_1_205' title='bbox 3367 1245 3475 1302; x_wconf 89' lang='lat' dir='ltr'><strong>est,</strong></span> 
     </span>
    </p>
   </div>
   <div class='ocr_carea' id='block_1_28' title="bbox 1873 1332 3483 1404">
    <p class='ocr_par' dir='ltr' id='par_1_28' title="bbox 1873 1332 3483 1404">
     <span class='ocr_line' id='line_1_28' title="bbox 1873 1332 3483 1404; baseline -0.002 -16"><span class='ocrx_word' id='word_1_206' title='bbox 1873 1350 1992 1388; x_wconf 91' lang='lat' dir='ltr'><strong>eam</strong></span> <span class='ocrx_word' id='word_1_207' title='bbox 2016 1350 2136 1404; x_wconf 65' lang='lat' dir='ltr'><strong>qua;</strong></span> <span class='ocrx_word' id='word_1_208' title='bbox 2167 1349 2234 1388; x_wconf 81' lang='lat' dir='ltr'><strong>ex</strong></span> <span class='ocrx_word' id='word_1_209' title='bbox 2281 1334 2550 1389; x_wconf 77' lang='lat' dir='ltr'><strong>sententia</strong></span> <span class='ocrx_word' id='word_1_210' title='bbox 2580 1332 2676 1388; x_wconf 86' lang='lat' dir='ltr'><strong>Dei</strong></span> <span class='ocrx_word' id='word_1_211' title='bbox 2719 1338 2945 1387; x_wconf 83' lang='lat' dir='ltr'><strong>venerat</strong></span> <span class='ocrx_word' id='word_1_212' title='bbox 2975 1344 3230 1395; x_wconf 89' lang='lat' dir='ltr'><strong>mortem,</strong></span> <span class='ocrx_word' id='word_1_213' title='bbox 3263 1338 3321 1385; x_wconf 93' lang='lat' dir='ltr'><strong>ut</strong></span> <span class='ocrx_word' id='word_1_214' title='bbox 3362 1344 3483 1384; x_wconf 80' lang='lat' dir='ltr'><strong>ma-</strong></span> 
     </span>
    </p>
   </div>
   <div class='ocr_carea' id='block_1_29' title="bbox 1873 1409 3477 1495">
    <p class='ocr_par' dir='ltr' id='par_1_29' title="bbox 1873 1409 3477 1495">
     <span class='ocr_line' id='line_1_29' title="bbox 1873 1409 3477 1495; baseline -0.003 -14"><span class='ocrx_word' id='word_1_215' title='bbox 1873 1427 2130 1482; x_wconf 86' lang='lat' dir='ltr'><strong>ledictum</strong></span> <span class='ocrx_word' id='word_1_216' title='bbox 2161 1427 2447 1495; x_wconf 88' lang='lat' dir='ltr'><strong>suspendit</strong></span> <span class='ocrx_word' id='word_1_217' title='bbox 2479 1426 2528 1478; x_wconf 94' lang='lat' dir='ltr'><strong>in</strong></span> <span class='ocrx_word' id='word_1_218' title='bbox 2564 1426 2730 1493; x_wconf 88' lang='lat' dir='ltr'><strong>ligno,</strong></span> <span class='ocrx_word' id='word_1_219' title='bbox 2781 1433 2835 1478; x_wconf 89' lang='lat' dir='ltr'><strong>et</strong></span> <span class='ocrx_word' id='word_1_220' title='bbox 2886 1423 3014 1479; x_wconf 87' lang='lat' dir='ltr'><strong>inde</strong></span> <span class='ocrx_word' id='word_1_221' title='bbox 3060 1432 3145 1477; x_wconf 83' lang='lat' dir='ltr'><strong>est</strong></span> <span class='ocrx_word' id='word_1_222' title='bbox 3188 1422 3330 1492; x_wconf 90' lang='lat' dir='ltr'><strong>quod</strong></span> <span class='ocrx_word' id='word_1_223' title='bbox 3367 1409 3477 1490; x_wconf 85' lang='lat' dir='ltr'><strong>pro</strong></span> 
     </span>
    </p>
   </div>
   <div class='ocr_carea' id='block_1_30' title="bbox 1873 1513 3475 1583">
    <p class='ocr_par' dir='ltr' id='par_1_30' title="bbox 1873 1513 3475 1583">
     <span class='ocr_line' id='line_1_30' title="bbox 1873 1513 3475 1583; baseline -0.002 -11"><span class='ocrx_word' id='word_1_224' title='bbox 1873 1519 2026 1573; x_wconf 86' lang='lat' dir='ltr'><strong>nobis</strong></span> <span class='ocrx_word' id='word_1_225' title='bbox 2053 1518 2304 1572; x_wconf 83' lang='lat' dir='ltr'><strong>Christus</strong></span> <span class='ocrx_word' id='word_1_226' title='bbox 2335 1517 2511 1572; x_wconf 78' lang='lat' dir='ltr'><strong>factus</strong></span> <span class='ocrx_word' id='word_1_227' title='bbox 2537 1525 2621 1572; x_wconf 88' lang='lat' dir='ltr'><strong>est</strong></span> <span class='ocrx_word' id='word_1_228' title='bbox 2651 1515 3022 1570; x_wconf 86' lang='lat' dir='ltr'><strong>maledictum.</strong></span> <span class='ocrx_word' id='word_1_229' title='bbox 3071 1513 3196 1570; x_wconf 78' lang='lat' dir='ltr'><strong>llaec</strong></span> <span class='ocrx_word' id='word_1_230' title='bbox 3225 1515 3475 1583; x_wconf 79' lang='lat' dir='ltr'><strong>exempla</strong></span> 
     </span>
    </p>
   </div>
   <div class='ocr_carea' id='block_1_31' title="bbox 1873 1608 3481 1680">
    <p class='ocr_par' dir='ltr' id='par_1_31' title="bbox 1873 1608 3481 1680">
     <span class='ocr_line' id='line_1_31' title="bbox 1873 1608 3481 1680; baseline -0.001 -15"><span class='ocrx_word' id='word_1_231' title='bbox 1873 1611 2219 1680; x_wconf 90' lang='lat' dir='ltr'><strong>protulimus,</strong></span> <span class='ocrx_word' id='word_1_232' title='bbox 2251 1620 2308 1663; x_wconf 93' lang='lat' dir='ltr'><strong>ut</strong></span> <span class='ocrx_word' id='word_1_233' title='bbox 2337 1609 2580 1665; x_wconf 85' lang='lat' dir='ltr'><strong>ﬁrmetur</strong></span> <span class='ocrx_word' id='word_1_234' title='bbox 2607 1623 2802 1666; x_wconf 86' lang='lat' dir='ltr'><strong>sensus</strong></span> <span class='ocrx_word' id='word_1_235' title='bbox 2845 1623 3006 1678; x_wconf 84' lang='lat' dir='ltr'><strong>supra</strong></span> <span class='ocrx_word' id='word_1_236' title='bbox 3055 1608 3305 1679; x_wconf 89' lang='lat' dir='ltr'><strong>prolatus</strong></span> <span class='ocrx_word' id='word_1_237' title='bbox 3341 1624 3354 1659; x_wconf 90' lang='lat'><strong>:</strong></span> <span class='ocrx_word' id='word_1_238' title='bbox 3389 1621 3481 1663; x_wconf 80' lang='lat' dir='ltr'><strong>se-</strong></span> 
     </span>
    </p>
   </div>
   <div class='ocr_carea' id='block_1_32' title="bbox 1869 1699 3480 1772">
    <p class='ocr_par' dir='ltr' id='par_1_32' title="bbox 1869 1699 3480 1772">
     <span class='ocr_line' id='line_1_32' title="bbox 1869 1699 3480 1772; baseline -0.001 -19"><span class='ocrx_word' id='word_1_239' title='bbox 1869 1703 2084 1772; x_wconf 89' lang='lat' dir='ltr'><strong>quentia</strong></span> <span class='ocrx_word' id='word_1_240' title='bbox 2114 1702 2416 1758; x_wconf 74' lang='lat' dir='ltr'><strong>videamus.</strong></span> <span class='ocrx_word' id='word_1_241' title='bbox 2448 1701 2601 1757; x_wconf 84' lang='lat' dir='ltr'><strong>Nunc</strong></span> <span class='ocrx_word' id='word_1_242' title='bbox 2630 1701 2799 1771; x_wconf 82' lang='lat' dir='ltr'><strong>igitur</strong></span> <span class='ocrx_word' id='word_1_243' title='bbox 2829 1699 3047 1756; x_wconf 88' lang='lat' dir='ltr'><strong>Christo</strong></span> <span class='ocrx_word' id='word_1_244' title='bbox 3089 1714 3256 1754; x_wconf 82' lang='lat' dir='ltr'><strong>corvo</strong></span> <span class='ocrx_word' id='word_1_245' title='bbox 3287 1701 3480 1766; x_wconf 81' lang='lat' dir='ltr'><strong>ligura-</strong></span> 
     </span>
    </p>
   </div>
   <div class='ocr_carea' id='block_1_33' title="bbox 140 1792 3474 1867">
    <p class='ocr_par' dir='ltr' id='par_1_33' title="bbox 140 1792 3474 1867">
     <span class='ocr_line' id='line_1_33' title="bbox 140 1792 3474 1867; baseline 0.004 -25"><span class='ocrx_word' id='word_1_246' title='bbox 140 1807 288 1846; x_wconf 82' lang='lat' dir='ltr'><strong>num</strong></span> <span class='ocrx_word' id='word_1_247' title='bbox 317 1805 512 1862; x_wconf 87' lang='lat' dir='ltr'><strong>genus,</strong></span> <span class='ocrx_word' id='word_1_248' title='bbox 545 1799 603 1847; x_wconf 87' lang='lat' dir='ltr'><strong>ut</strong></span> <span class='ocrx_word' id='word_1_249' title='bbox 633 1793 994 1862; x_wconf 80' lang='lat' dir='ltr'><strong>perditionem</strong></span> <span class='ocrx_word' id='word_1_250' title='bbox 1029 1795 1293 1865; x_wconf 78' lang='lat' dir='ltr'><strong>partionis</strong></span> <span class='ocrx_word' id='word_1_251' title='bbox 1321 1797 1437 1867; x_wconf 88' lang='lat' dir='ltr'><strong>ejus</strong></span> <span class='ocrx_word' id='word_1_252' title='bbox 1459 1839 1474 1863; x_wconf 93' lang='lat'><strong>,</strong></span> <span class='ocrx_word' id='word_1_253' title='bbox 1507 1799 1658 1854; x_wconf 79' lang='lat' dir='ltr'><strong>velut</strong></span> <span class='ocrx_word' id='word_1_254' title='bbox 1684 1802 1764 1853; x_wconf 86' lang='lat' dir='ltr'><strong>ci-</strong></span> <span class='ocrx_word' id='word_1_255' title='bbox 1796 1796 1839 1856; x_wconf 84' lang='grc' dir='ltr'><strong>Β</strong></span> <span class='ocrx_word' id='word_1_256' title='bbox 1869 1795 1990 1848; x_wconf 74' lang='lat' dir='ltr'><strong>liter</strong></span> <span class='ocrx_word' id='word_1_257' title='bbox 2018 1794 2188 1864; x_wconf 75' lang='lat' dir='ltr'><strong>dicto,</strong></span> <span class='ocrx_word' id='word_1_258' title='bbox 2237 1805 2388 1865; x_wconf 85' lang='lat' dir='ltr'><strong>pater</strong></span> <span class='ocrx_word' id='word_1_259' title='bbox 2417 1802 2685 1864; x_wconf 74' lang='lat' dir='ltr'><strong>vrmpnral</strong></span> <span class='ocrx_word' id='word_1_260' title='bbox 2710 1808 2918 1856; x_wconf 79' lang='lat' dir='ltr'><strong>escam.</strong></span> <span class='ocrx_word' id='word_1_261' title='bbox 2967 1809 3088 1846; x_wconf 70' lang='lat' dir='ltr'><strong>cum</strong></span> <span class='ocrx_word' id='word_1_262' title='bbox 3119 1793 3168 1846; x_wconf 79' lang='lat' dir='ltr'><strong>ei</strong></span> <span class='ocrx_word' id='word_1_263' title='bbox 3197 1808 3266 1848; x_wconf 80' lang='lat' dir='ltr'><strong>ex</strong></span> <span class='ocrx_word' id='word_1_264' title='bbox 3297 1792 3474 1862; x_wconf 78' lang='lat' dir='ltr'><strong>genti-</strong></span> 
     </span>
    </p>
   </div>
   <div class='ocr_carea' id='block_1_34' title="bbox 143 1883 1758 1959">
    <p class='ocr_par' dir='ltr' id='par_1_34' title="bbox 143 1883 1758 1959">
     <span class='ocr_line' id='line_1_34' title="bbox 143 1883 1758 1959; baseline 0.007 -21"><span class='ocrx_word' id='word_1_265' title='bbox 143 1883 288 1940; x_wconf 85' lang='lat' dir='ltr'><strong>bum</strong></span> <span class='ocrx_word' id='word_1_266' title='bbox 335 1895 577 1953; x_wconf 89' lang='lat' dir='ltr'><strong>sumant,</strong></span> <span class='ocrx_word' id='word_1_267' title='bbox 624 1896 679 1942; x_wconf 88' lang='lat' dir='ltr'><strong>et</strong></span> <span class='ocrx_word' id='word_1_268' title='bbox 721 1886 843 1942; x_wconf 89' lang='lat' dir='ltr'><strong>ideo</strong></span> <span class='ocrx_word' id='word_1_269' title='bbox 887 1897 1140 1959; x_wconf 79' lang='lat' dir='ltr'><strong>satagere</strong></span> <span class='ocrx_word' id='word_1_270' title='bbox 1183 1891 1435 1946; x_wconf 83' lang='lat' dir='ltr'><strong>videntur</strong></span> <span class='ocrx_word' id='word_1_271' title='bbox 1482 1894 1629 1948; x_wconf 90' lang='lat' dir='ltr'><strong>omni</strong></span> <span class='ocrx_word' id='word_1_272' title='bbox 1681 1896 1758 1950; x_wconf 93' lang='lat' dir='ltr'><strong>in-</strong></span> 
     </span>
    </p>
   </div>
   <div class='ocr_carea' id='block_1_35' title="bbox 145 1979 1758 2057">
    <p class='ocr_par' dir='ltr' id='par_1_35' title="bbox 145 1979 1758 2057">
     <span class='ocr_line' id='line_1_35' title="bbox 145 1979 1758 2057; baseline 0.008 -25"><span class='ocrx_word' id='word_1_273' title='bbox 145 1979 384 2048; x_wconf 85' lang='lat' dir='ltr'><strong>stantia,</strong></span> <span class='ocrx_word' id='word_1_274' title='bbox 431 1980 609 2036; x_wconf 88' lang='lat' dir='ltr'><strong>donec</strong></span> <span class='ocrx_word' id='word_1_275' title='bbox 653 1981 718 2035; x_wconf 88' lang='lat' dir='ltr'><strong>ad</strong></span> <span class='ocrx_word' id='word_1_276' title='bbox 747 1981 997 2038; x_wconf 85' lang='lat' dir='ltr'><strong>ell‘ectum</strong></span> <span class='ocrx_word' id='word_1_277' title='bbox 1030 1993 1276 2038; x_wconf 87' lang='lat' dir='ltr'><strong>votorum</strong></span> <span class='ocrx_word' id='word_1_278' title='bbox 1306 2001 1525 2042; x_wconf 88' lang='lat' dir='ltr'><strong>suorttm</strong></span> <span class='ocrx_word' id='word_1_279' title='bbox 1562 2003 1758 2057; x_wconf 86' lang='lat' dir='ltr'><strong>perve-</strong></span> 
     </span>
    </p>
   </div>
   <div class='ocr_carea' id='block_1_36' title="bbox 146 2069 1763 2149">
    <p class='ocr_par' dir='ltr' id='par_1_36' title="bbox 146 2069 1763 2149">
     <span class='ocr_line' id='line_1_36' title="bbox 146 2069 1763 2149; baseline 0.007 -26"><span class='ocrx_word' id='word_1_280' title='bbox 146 2069 340 2137; x_wconf 85' lang='lat' dir='ltr'><strong>niant,</strong></span> <span class='ocrx_word' id='word_1_281' title='bbox 369 2069 514 2125; x_wconf 88' lang='lat' dir='ltr'><strong>sicut</strong></span> <span class='ocrx_word' id='word_1_282' title='bbox 541 2071 848 2128; x_wconf 88' lang='lat' dir='ltr'><strong>audivimus</strong></span> <span class='ocrx_word' id='word_1_283' title='bbox 881 2072 1143 2144; x_wconf 90' lang='lat' dir='ltr'><strong>Spiritum</strong></span> <span class='ocrx_word' id='word_1_284' title='bbox 1173 2086 1447 2145; x_wconf 89' lang='lat' dir='ltr'><strong>sanctum,</strong></span> <span class='ocrx_word' id='word_1_285' title='bbox 1482 2094 1579 2149; x_wconf 90' lang='lat' dir='ltr'><strong>per</strong></span> <span class='ocrx_word' id='word_1_286' title='bbox 1607 2079 1763 2135; x_wconf 82' lang='lat' dir='ltr'><strong>Salo-</strong></span> 
     </span>
    </p>
   </div>
   <div class='ocr_carea' id='block_1_37' title="bbox 145 2165 1758 2242">
    <p class='ocr_par' dir='ltr' id='par_1_37' title="bbox 145 2165 1758 2242">
     <span class='ocr_line' id='line_1_37' title="bbox 145 2165 1758 2242; baseline 0.006 -24"><span class='ocrx_word' id='word_1_287' title='bbox 145 2179 382 2219; x_wconf 85' lang='lat' dir='ltr'><strong>monem</strong></span> <span class='ocrx_word' id='word_1_288' title='bbox 414 2165 686 2222; x_wconf 87' lang='lat' dir='ltr'><strong>dicentem</strong></span> <span class='ocrx_word' id='word_1_289' title='bbox 731 2185 744 2223; x_wconf 91' lang='lat'><strong>:</strong></span> <span class='ocrx_word' id='word_1_290' title='bbox 797 2167 1025 2223; x_wconf 86' lang='lat' dir='ltr'><strong>Oculum</strong></span> <span class='ocrx_word' id='word_1_291' title='bbox 1071 2170 1376 2226; x_wconf 83' lang='lat' dir='ltr'><strong>irridentetn</strong></span> <span class='ocrx_word' id='word_1_292' title='bbox 1425 2181 1656 2242; x_wconf 88' lang='lat' dir='ltr'><strong>patrem,</strong></span> <span class='ocrx_word' id='word_1_293' title='bbox 1711 2185 1758 2228; x_wconf 89' lang='lat' dir='ltr'><strong>et</strong></span> 
     </span>
    </p>
   </div>
   <div class='ocr_carea' id='block_1_38' title="bbox 146 2257 1762 2330">
    <p class='ocr_par' dir='ltr' id='par_1_38' title="bbox 146 2257 1762 2330">
     <span class='ocr_line' id='line_1_38' title="bbox 146 2257 1762 2330; baseline 0.006 -19"><span class='ocrx_word' id='word_1_294' title='bbox 146 2257 591 2313; x_wconf 86' lang='lat' dir='ltr'><strong>contumeliosum</strong></span> <span class='ocrx_word' id='word_1_295' title='bbox 615 2263 865 2316; x_wconf 84' lang='lat' dir='ltr'><strong>senectuti</strong></span> <span class='ocrx_word' id='word_1_296' title='bbox 895 2263 1096 2327; x_wconf 81' lang='lat' dir='ltr'><strong>matris,</strong></span> <span class='ocrx_word' id='word_1_297' title='bbox 1122 2262 1378 2330; x_wconf 74' lang='lat' dir='ltr'><strong>e/Iodiant</strong></span> <span class='ocrx_word' id='word_1_298' title='bbox 1399 2283 1515 2320; x_wconf 91' lang='lat' dir='ltr'><strong>eum</strong></span> <span class='ocrx_word' id='word_1_299' title='bbox 1536 2266 1676 2320; x_wconf 89' lang='lat' dir='ltr'><strong>corvi</strong></span> <span class='ocrx_word' id='word_1_300' title='bbox 1696 2266 1762 2321; x_wconf 84' lang='lat' dir='ltr'><strong>tle</strong></span> 
     </span>
    </p>
   </div>
   <div class='ocr_carea' id='block_1_39' title="bbox 148 2354 1758 2429">
    <p class='ocr_par' dir='ltr' id='par_1_39' title="bbox 148 2354 1758 2429">
     <span class='ocr_line' id='line_1_39' title="bbox 148 2354 1758 2429; baseline 0.004 -21"><span class='ocrx_word' id='word_1_301' title='bbox 148 2354 502 2422; x_wconf 75' lang='lat' dir='ltr'><strong>convallibus,</strong></span> <span class='ocrx_word' id='word_1_302' title='bbox 539 2365 586 2410; x_wconf 90' lang='lat' dir='ltr'><strong>et</strong></span> <span class='ocrx_word' id='word_1_303' title='bbox 605 2356 848 2412; x_wconf 80' lang='lat' dir='ltr'><strong>devorent</strong></span> <span class='ocrx_word' id='word_1_304' title='bbox 879 2373 992 2411; x_wconf 87' lang='lat' dir='ltr'><strong>eum</strong></span> <span class='ocrx_word' id='word_1_305' title='bbox 1022 2359 1156 2427; x_wconf 87' lang='lat' dir='ltr'><strong>pulli</strong></span> <span class='ocrx_word' id='word_1_306' title='bbox 1199 2359 1518 2429; x_wconf 81' lang='lat' dir='ltr'><strong>aquilarum.</strong></span> <span class='ocrx_word' id='word_1_307' title='bbox 1561 2361 1758 2416; x_wconf 84' lang='lat' dir='ltr'><strong>Possu-</strong></span> 
     </span>
    </p>
   </div>
   <div class='ocr_carea' id='block_1_40' title="bbox 151 2450 1760 2520">
    <p class='ocr_par' dir='ltr' id='par_1_40' title="bbox 151 2450 1760 2520">
     <span class='ocr_line' id='line_1_40' title="bbox 151 2450 1760 2520; baseline 0.006 -20"><span class='ocrx_word' id='word_1_308' title='bbox 151 2462 278 2502; x_wconf 89' lang='lat' dir='ltr'><strong>mus</strong></span> <span class='ocrx_word' id='word_1_309' title='bbox 309 2455 366 2502; x_wconf 90' lang='lat' dir='ltr'><strong>et</strong></span> <span class='ocrx_word' id='word_1_310' title='bbox 396 2450 467 2502; x_wconf 90' lang='lat' dir='ltr'><strong>ita</strong></span> <span class='ocrx_word' id='word_1_311' title='bbox 498 2453 723 2511; x_wconf 87' lang='lat' dir='ltr'><strong>sentire.</strong></span> <span class='ocrx_word' id='word_1_312' title='bbox 756 2459 816 2504; x_wconf 91' lang='lat' dir='ltr'><strong>ut</strong></span> <span class='ocrx_word' id='word_1_313' title='bbox 845 2464 1094 2515; x_wconf 87' lang='lat' dir='ltr'><strong>corvum,</strong></span> <span class='ocrx_word' id='word_1_314' title='bbox 1129 2451 1178 2506; x_wconf 95' lang='lat' dir='ltr'><strong>id</strong></span> <span class='ocrx_word' id='word_1_315' title='bbox 1225 2463 1339 2518; x_wconf 85' lang='lat' dir='ltr'><strong>est,</strong></span> <span class='ocrx_word' id='word_1_316' title='bbox 1372 2453 1672 2520; x_wconf 88' lang='lat' dir='ltr'><strong>diabolum,</strong></span> <span class='ocrx_word' id='word_1_317' title='bbox 1704 2464 1760 2510; x_wconf 89' lang='lat' dir='ltr'><strong>et</strong></span> 
     </span>
    </p>
   </div>
   <div class='ocr_carea' id='block_1_41' title="bbox 150 2541 1756 2613">
    <p class='ocr_par' dir='ltr' id='par_1_41' title="bbox 150 2541 1756 2613">
     <span class='ocr_line' id='line_1_41' title="bbox 150 2541 1756 2613; baseline 0.007 -21"><span class='ocrx_word' id='word_1_318' title='bbox 150 2554 353 2595; x_wconf 88' lang='lat' dir='ltr'><strong>omnes</strong></span> <span class='ocrx_word' id='word_1_319' title='bbox 381 2541 563 2595; x_wconf 88' lang='lat' dir='ltr'><strong>socios</strong></span> <span class='ocrx_word' id='word_1_320' title='bbox 588 2541 706 2610; x_wconf 85' lang='lat' dir='ltr'><strong>ejus</strong></span> <span class='ocrx_word' id='word_1_321' title='bbox 730 2542 1002 2613; x_wconf 91' lang='lat' dir='ltr'><strong>quondam</strong></span> <span class='ocrx_word' id='word_1_322' title='bbox 1029 2552 1212 2613; x_wconf 89' lang='lat' dir='ltr'><strong>patres</strong></span> <span class='ocrx_word' id='word_1_323' title='bbox 1236 2544 1607 2610; x_wconf 85' lang='lat' dir='ltr'><strong>habuerimus,</strong></span> <span class='ocrx_word' id='word_1_324' title='bbox 1632 2562 1756 2602; x_wconf 92' lang='lat' dir='ltr'><strong>cum</strong></span> 
     </span>
    </p>
   </div>
   <div class='ocr_carea' id='block_1_42' title="bbox 151 2631 1758 2704">
    <p class='ocr_par' dir='ltr' id='par_1_42' title="bbox 151 2631 1758 2704">
     <span class='ocr_line' id='line_1_42' title="bbox 151 2631 1758 2704; baseline 0.006 -18"><span class='ocrx_word' id='word_1_325' title='bbox 151 2631 445 2686; x_wconf 84' lang='lat' dir='ltr'><strong>erroribus</strong></span> <span class='ocrx_word' id='word_1_326' title='bbox 493 2647 681 2688; x_wconf 90' lang='lat' dir='ltr'><strong>eorum</strong></span> <span class='ocrx_word' id='word_1_327' title='bbox 732 2636 1161 2694; x_wconf 82' lang='lat' dir='ltr'><strong>assimilaremur</strong></span> <span class='ocrx_word' id='word_1_328' title='bbox 1208 2647 1263 2692; x_wconf 89' lang='lat' dir='ltr'><strong>et</strong></span> <span class='ocrx_word' id='word_1_329' title='bbox 1309 2639 1483 2704; x_wconf 77' lang='lat' dir='ltr'><strong>vitiis,</strong></span> <span class='ocrx_word' id='word_1_330' title='bbox 1531 2652 1587 2694; x_wconf 88' lang='lat' dir='ltr'><strong>et</strong></span> <span class='ocrx_word' id='word_1_331' title='bbox 1633 2641 1758 2695; x_wconf 88' lang='lat' dir='ltr'><strong>inde</strong></span> 
     </span>
    </p>
   </div>
   <div class='ocr_carea' id='block_1_43' title="bbox 153 2726 1760 2798">
    <p class='ocr_par' dir='ltr' id='par_1_43' title="bbox 153 2726 1760 2798">
     <span class='ocr_line' id='line_1_43' title="bbox 153 2726 1760 2798; baseline 0.006 -18"><span class='ocrx_word' id='word_1_332' title='bbox 153 2726 325 2781; x_wconf 88' lang='lat' dir='ltr'><strong>etiam</strong></span> <span class='ocrx_word' id='word_1_333' title='bbox 359 2737 419 2784; x_wconf 89' lang='lat' dir='ltr'><strong>et</strong></span> <span class='ocrx_word' id='word_1_334' title='bbox 459 2729 728 2798; x_wconf 91' lang='lat' dir='ltr'><strong>pullorum</strong></span> <span class='ocrx_word' id='word_1_335' title='bbox 781 2731 1001 2786; x_wconf 85' lang='lat' dir='ltr'><strong>nomine</strong></span> <span class='ocrx_word' id='word_1_336' title='bbox 1044 2731 1383 2789; x_wconf 86' lang='lat' dir='ltr'><strong>dicebantur.</strong></span> <span class='ocrx_word' id='word_1_337' title='bbox 1433 2733 1539 2790; x_wconf 90' lang='lat' dir='ltr'><strong>Sed</strong></span> <span class='ocrx_word' id='word_1_338' title='bbox 1592 2735 1760 2790; x_wconf 87' lang='lat' dir='ltr'><strong>relin-</strong></span> 
     </span>
    </p>
   </div>
   <div class='ocr_carea' id='block_1_44' title="bbox 153 2821 1757 2896">
    <p class='ocr_par' dir='ltr' id='par_1_44' title="bbox 153 2821 1757 2896">
     <span class='ocr_line' id='line_1_44' title="bbox 153 2821 1757 2896; baseline 0.005 -22"><span class='ocrx_word' id='word_1_339' title='bbox 153 2829 388 2891; x_wconf 85' lang='lat' dir='ltr'><strong>quentes</strong></span> <span class='ocrx_word' id='word_1_340' title='bbox 409 2835 526 2886; x_wconf 86' lang='lat' dir='ltr'><strong>eos,</strong></span> <span class='ocrx_word' id='word_1_341' title='bbox 560 2821 704 2892; x_wconf 91' lang='lat' dir='ltr'><strong>quod</strong></span> <span class='ocrx_word' id='word_1_342' title='bbox 727 2831 782 2878; x_wconf 89' lang='lat' dir='ltr'><strong>et</strong></span> <span class='ocrx_word' id='word_1_343' title='bbox 809 2837 1008 2892; x_wconf 86' lang='lat' dir='ltr'><strong>sponsa</strong></span> <span class='ocrx_word' id='word_1_344' title='bbox 1041 2824 1287 2889; x_wconf 88' lang='lat' dir='ltr'><strong>docetur,</strong></span> <span class='ocrx_word' id='word_1_345' title='bbox 1322 2835 1380 2880; x_wconf 91' lang='lat' dir='ltr'><strong>ut</strong></span> <span class='ocrx_word' id='word_1_346' title='bbox 1407 2825 1570 2880; x_wconf 81' lang='lat' dir='ltr'><strong>faciat</strong></span> <span class='ocrx_word' id='word_1_347' title='bbox 1601 2843 1757 2896; x_wconf 77' lang='lat' dir='ltr'><strong>:qum</strong></span> 
     </span>
    </p>
   </div>
   <div class='ocr_carea' id='block_1_45' title="bbox 155 2915 1757 2986">
    <p class='ocr_par' dir='ltr' id='par_1_45' title="bbox 155 2915 1757 2986">
     <span class='ocr_line' id='line_1_45' title="bbox 155 2915 1757 2986; baseline 0.006 -22"><span class='ocrx_word' id='word_1_348' title='bbox 155 2926 362 2979; x_wconf 74' lang='lat' dir='ltr'><strong>Sponsa</strong></span> <span class='ocrx_word' id='word_1_349' title='bbox 393 2928 492 2968; x_wconf 89' lang='lat' dir='ltr'><strong>nos</strong></span> <span class='ocrx_word' id='word_1_350' title='bbox 523 2927 730 2982; x_wconf 82' lang='lat' dir='ltr'><strong>sumus,</strong></span> <span class='ocrx_word' id='word_1_351' title='bbox 755 2916 840 2969; x_wconf 90' lang='lat' dir='ltr'><strong>cui</strong></span> <span class='ocrx_word' id='word_1_352' title='bbox 867 2915 1103 2971; x_wconf 91' lang='lat' dir='ltr'><strong>dicitur:</strong></span> <span class='ocrx_word' id='word_1_353' title='bbox 1134 2916 1291 2982; x_wconf 82' lang='lat' dir='ltr'><strong>Audi,</strong></span> <span class='ocrx_word' id='word_1_354' title='bbox 1321 2918 1454 2986; x_wconf 79' lang='lat' dir='ltr'><strong>ﬁlia,</strong></span> <span class='ocrx_word' id='word_1_355' title='bbox 1480 2927 1526 2971; x_wconf 82' lang='lat' dir='ltr'><strong>et</strong></span> <span class='ocrx_word' id='word_1_356' title='bbox 1551 2918 1684 2985; x_wconf 83' lang='lat' dir='ltr'><strong>vide,</strong></span> <span class='ocrx_word' id='word_1_357' title='bbox 1708 2928 1757 2974; x_wconf 89' lang='lat' dir='ltr'><strong>et</strong></span> 
     </span>
    </p>
   </div>
   <div class='ocr_carea' id='block_1_46' title="bbox 153 3003 1757 3082">
    <p class='ocr_par' dir='ltr' id='par_1_46' title="bbox 153 3003 1757 3082">
     <span class='ocr_line' id='line_1_46' title="bbox 153 3003 1757 3082; baseline 0.006 -26"><span class='ocrx_word' id='word_1_358' title='bbox 153 3003 357 3057; x_wconf 86' lang='lat' dir='ltr'><strong>inclina</strong></span> <span class='ocrx_word' id='word_1_359' title='bbox 387 3021 566 3060; x_wconf 84' lang='lat' dir='ltr'><strong>aurem</strong></span> <span class='ocrx_word' id='word_1_360' title='bbox 593 3016 758 3073; x_wconf 88' lang='lat' dir='ltr'><strong>tuam,</strong></span> <span class='ocrx_word' id='word_1_361' title='bbox 797 3017 844 3062; x_wconf 84' lang='lat' dir='ltr'><strong>et</strong></span> <span class='ocrx_word' id='word_1_362' title='bbox 873 3009 1171 3063; x_wconf 75' lang='lat' dir='ltr'><strong>obliviscere</strong></span> <span class='ocrx_word' id='word_1_363' title='bbox 1213 3011 1461 3082; x_wconf 85' lang='lat' dir='ltr'><strong>papulum</strong></span> <span class='ocrx_word' id='word_1_364' title='bbox 1504 3021 1676 3080; x_wconf 88' lang='lat' dir='ltr'><strong>tuum,</strong></span> <span class='ocrx_word' id='word_1_365' title='bbox 1707 3021 1757 3066; x_wconf 91' lang='lat' dir='ltr'><strong>et</strong></span> 
     </span>
    </p>
   </div>
   <div class='ocr_carea' id='block_1_47' title="bbox 155 3097 1756 3174">
    <p class='ocr_par' dir='ltr' id='par_1_47' title="bbox 155 3097 1756 3174">
     <span class='ocr_line' id='line_1_47' title="bbox 155 3097 1756 3174; baseline 0.006 -26"><span class='ocrx_word' id='word_1_366' title='bbox 155 3097 373 3150; x_wconf 86' lang='lat' dir='ltr'><strong>domum</strong></span> <span class='ocrx_word' id='word_1_367' title='bbox 402 3098 567 3168; x_wconf 84' lang='lat' dir='ltr'><strong>patris</strong></span> <span class='ocrx_word' id='word_1_368' title='bbox 601 3100 697 3167; x_wconf 86' lang='lat' dir='ltr'><strong>tui,</strong></span> <span class='ocrx_word' id='word_1_369' title='bbox 729 3109 782 3154; x_wconf 92' lang='lat' dir='ltr'><strong>et</strong></span> <span class='ocrx_word' id='word_1_370' title='bbox 810 3101 1126 3156; x_wconf 85' lang='lat' dir='ltr'><strong>invocantes</strong></span> <span class='ocrx_word' id='word_1_371' title='bbox 1157 3117 1299 3156; x_wconf 90' lang='lat' dir='ltr'><strong>nunc</strong></span> <span class='ocrx_word' id='word_1_372' title='bbox 1327 3103 1636 3169; x_wconf 84' lang='lat' dir='ltr'><strong>Dominum,</strong></span> <span class='ocrx_word' id='word_1_373' title='bbox 1661 3121 1756 3174; x_wconf 86' lang='lat' dir='ltr'><strong>po-</strong></span> 
     </span>
    </p>
   </div>
   <div class='ocr_carea' id='block_1_48' title="bbox 1867 1884 3472 1955">
    <p class='ocr_par' dir='ltr' id='par_1_48' title="bbox 1867 1884 3472 1955">
     <span class='ocr_line' id='line_1_48' title="bbox 1867 1884 3472 1955; baseline -0.002 -15"><span class='ocrx_word' id='word_1_374' title='bbox 1867 1886 1968 1940; x_wconf 90' lang='lat' dir='ltr'><strong>bus</strong></span> <span class='ocrx_word' id='word_1_375' title='bbox 2009 1897 2274 1942; x_wconf 86' lang='lat' dir='ltr'><strong>convocat</strong></span> <span class='ocrx_word' id='word_1_376' title='bbox 2300 1886 2629 1952; x_wconf 86' lang='lat' dir='ltr'><strong>credituros,</strong></span> <span class='ocrx_word' id='word_1_377' title='bbox 2662 1886 2804 1939; x_wconf 86' lang='lat' dir='ltr'><strong>sicut</strong></span> <span class='ocrx_word' id='word_1_378' title='bbox 2833 1884 2902 1938; x_wconf 89' lang='lat' dir='ltr'><strong>de</strong></span> <span class='ocrx_word' id='word_1_379' title='bbox 2927 1885 3121 1940; x_wconf 88' lang='lat' dir='ltr'><strong>eodem</strong></span> <span class='ocrx_word' id='word_1_380' title='bbox 3156 1893 3312 1953; x_wconf 87' lang='lat' dir='ltr'><strong>patre</strong></span> <span class='ocrx_word' id='word_1_381' title='bbox 3342 1900 3472 1955; x_wconf 90' lang='lat' dir='ltr'><strong>pro-</strong></span> 
     </span>
    </p>
   </div>
   <div class='ocr_carea' id='block_1_49' title="bbox 1867 1977 3465 2048">
    <p class='ocr_par' dir='ltr' id='par_1_49' title="bbox 1867 1977 3465 2048">
     <span class='ocr_line' id='line_1_49' title="bbox 1867 1977 3465 2048; baseline -0.002 -17"><span class='ocrx_word' id='word_1_382' title='bbox 1867 1979 2026 2048; x_wconf 86' lang='lat' dir='ltr'><strong>pheta</strong></span> <span class='ocrx_word' id='word_1_383' title='bbox 2056 1981 2129 2033; x_wconf 87' lang='lat' dir='ltr'><strong>ait</strong></span> <span class='ocrx_word' id='word_1_384' title='bbox 2161 1979 2348 2034; x_wconf 85' lang='lat' dir='ltr'><strong>dicens</strong></span> <span class='ocrx_word' id='word_1_385' title='bbox 2380 1997 2393 2034; x_wconf 89' lang='lat'><strong>:</strong></span> <span class='ocrx_word' id='word_1_386' title='bbox 2443 1978 2546 2043; x_wconf 82' lang='lat' dir='ltr'><strong>Qui</strong></span> <span class='ocrx_word' id='word_1_387' title='bbox 2579 1978 2847 2032; x_wconf 84' lang='lat' dir='ltr'><strong>suscitavit</strong></span> <span class='ocrx_word' id='word_1_388' title='bbox 2886 1977 2950 2030; x_wconf 89' lang='lat' dir='ltr'><strong>ab</strong></span> <span class='ocrx_word' id='word_1_389' title='bbox 2993 1977 3204 2030; x_wconf 86' lang='lat' dir='ltr'><strong>Oriente</strong></span> <span class='ocrx_word' id='word_1_390' title='bbox 3233 1978 3465 2048; x_wconf 81' lang='lat' dir='ltr'><strong>justum,</strong></span> 
     </span>
    </p>
   </div>
   <div class='ocr_carea' id='block_1_50' title="bbox 1864 2075 3466 2148">
    <p class='ocr_par' dir='ltr' id='par_1_50' title="bbox 1864 2075 3466 2148">
     <span class='ocr_line' id='line_1_50' title="bbox 1864 2075 3466 2148; baseline -0.004 -16"><span class='ocrx_word' id='word_1_391' title='bbox 1864 2081 2060 2133; x_wconf 83' lang='lat' dir='ltr'><strong>vacarit</strong></span> <span class='ocrx_word' id='word_1_392' title='bbox 2104 2096 2242 2147; x_wconf 84' lang='lat' dir='ltr'><strong>eum,</strong></span> <span class='ocrx_word' id='word_1_393' title='bbox 2286 2087 2342 2132; x_wconf 91' lang='lat' dir='ltr'><strong>ut</strong></span> <span class='ocrx_word' id='word_1_394' title='bbox 2377 2085 2697 2148; x_wconf 81' lang='lat' dir='ltr'><strong>sequeretur.</strong></span> <span class='ocrx_word' id='word_1_395' title='bbox 2748 2075 2906 2130; x_wconf 87' lang='lat' dir='ltr'><strong>Dabit</strong></span> <span class='ocrx_word' id='word_1_396' title='bbox 2947 2075 3000 2129; x_wconf 90' lang='lat' dir='ltr'><strong>in</strong></span> <span class='ocrx_word' id='word_1_397' title='bbox 3046 2082 3320 2146; x_wconf 84' lang='lat' dir='ltr'><strong>conspectu</strong></span> <span class='ocrx_word' id='word_1_398' title='bbox 3349 2076 3466 2146; x_wconf 83' lang='lat' dir='ltr'><strong>ejus</strong></span> 
     </span>
    </p>
   </div>
   <div class='ocr_carea' id='block_1_51' title="bbox 1861 2170 3465 2245">
    <p class='ocr_par' dir='ltr' id='par_1_51' title="bbox 1861 2170 3465 2245">
     <span class='ocr_line' id='line_1_51' title="bbox 1861 2170 3465 2245; baseline -0.002 -19"><span class='ocrx_word' id='word_1_399' title='bbox 1861 2182 2055 2245; x_wconf 82' lang='lat' dir='ltr'><strong>gentes,</strong></span> <span class='ocrx_word' id='word_1_400' title='bbox 2089 2183 2137 2228; x_wconf 89' lang='lat' dir='ltr'><strong>et</strong></span> <span class='ocrx_word' id='word_1_401' title='bbox 2163 2190 2308 2244; x_wconf 79' lang='lat' dir='ltr'><strong>reges</strong></span> <span class='ocrx_word' id='word_1_402' title='bbox 2337 2173 2602 2228; x_wconf 82' lang='lat' dir='ltr'><strong>obtinebit.</strong></span> <span class='ocrx_word' id='word_1_403' title='bbox 2631 2172 2724 2227; x_wconf 86' lang='lat' dir='ltr'><strong>llis</strong></span> <span class='ocrx_word' id='word_1_404' title='bbox 2747 2172 2912 2242; x_wconf 83' lang='lat' dir='ltr'><strong>igitur</strong></span> <span class='ocrx_word' id='word_1_405' title='bbox 2941 2171 3008 2226; x_wconf 89' lang='lat' dir='ltr'><strong>ad</strong></span> <span class='ocrx_word' id='word_1_406' title='bbox 3038 2170 3200 2225; x_wconf 78' lang='lat' dir='ltr'><strong>[idem</strong></span> <span class='ocrx_word' id='word_1_407' title='bbox 3235 2171 3465 2236; x_wconf 84' lang='lat' dir='ltr'><strong>vocatis,</strong></span> 
     </span>
    </p>
   </div>
   <div class='ocr_carea' id='block_1_52' title="bbox 1863 2261 3466 2330">
    <p class='ocr_par' dir='ltr' id='par_1_52' title="bbox 1863 2261 3466 2330">
     <span class='ocr_line' id='line_1_52' title="bbox 1863 2261 3466 2330; baseline 0.001 -14"><span class='ocrx_word' id='word_1_408' title='bbox 1863 2262 2120 2318; x_wconf 88' lang='lat' dir='ltr'><strong>Dominus</strong></span> <span class='ocrx_word' id='word_1_409' title='bbox 2160 2262 2414 2318; x_wconf 83' lang='lat' dir='ltr'><strong>Christus</strong></span> <span class='ocrx_word' id='word_1_410' title='bbox 2453 2263 2602 2318; x_wconf 87' lang='lat' dir='ltr'><strong>velut</strong></span> <span class='ocrx_word' id='word_1_411' title='bbox 2649 2277 2773 2317; x_wconf 86' lang='lat' dir='ltr'><strong>esca</strong></span> <span class='ocrx_word' id='word_1_412' title='bbox 2833 2262 3030 2330; x_wconf 88' lang='lat' dir='ltr'><strong>gaudio</strong></span> <span class='ocrx_word' id='word_1_413' title='bbox 3079 2261 3466 2317; x_wconf 84' lang='lat' dir='ltr'><strong>exsultationis</strong></span> 
     </span>
    </p>
   </div>
   <div class='ocr_carea' id='block_1_53' title="bbox 1863 2351 3468 2424">
    <p class='ocr_par' dir='ltr' id='par_1_53' title="bbox 1863 2351 3468 2424">
     <span class='ocr_line' id='line_1_53' title="bbox 1863 2351 3468 2424; baseline 0.001 -17"><span class='ocrx_word' id='word_1_414' title='bbox 1863 2354 2122 2410; x_wconf 89' lang='lat' dir='ltr'><strong>relicitur.</strong></span> <span class='ocrx_word' id='word_1_415' title='bbox 2177 2355 2346 2422; x_wconf 86' lang='lat' dir='ltr'><strong>Hujus</strong></span> <span class='ocrx_word' id='word_1_416' title='bbox 2377 2354 2580 2424; x_wconf 89' lang='lat' dir='ltr'><strong>populi,</strong></span> <span class='ocrx_word' id='word_1_417' title='bbox 2615 2353 2668 2408; x_wconf 88' lang='lat' dir='ltr'><strong>id</strong></span> <span class='ocrx_word' id='word_1_418' title='bbox 2711 2361 2813 2414; x_wconf 87' lang='lat' dir='ltr'><strong>est,</strong></span> <span class='ocrx_word' id='word_1_419' title='bbox 2846 2351 3125 2424; x_wconf 88' lang='lat' dir='ltr'><strong>discipuli,</strong></span> <span class='ocrx_word' id='word_1_420' title='bbox 3169 2361 3225 2407; x_wconf 90' lang='lat' dir='ltr'><strong>et</strong></span> <span class='ocrx_word' id='word_1_421' title='bbox 3275 2366 3468 2408; x_wconf 79' lang='lat' dir='ltr'><strong>omnes</strong></span> 
     </span>
    </p>
   </div>
   <div class='ocr_carea' id='block_1_54' title="bbox 1860 2445 3464 2516">
    <p class='ocr_par' dir='ltr' id='par_1_54' title="bbox 1860 2445 3464 2516">
     <span class='ocr_line' id='line_1_54' title="bbox 1860 2445 3464 2516; baseline -0.001 -16"><span class='ocrx_word' id='word_1_422' title='bbox 1860 2447 2148 2504; x_wconf 83' lang='lat' dir='ltr'><strong>credentes</strong></span> <span class='ocrx_word' id='word_1_423' title='bbox 2179 2447 2418 2502; x_wconf 87' lang='lat' dir='ltr'><strong>clamant</strong></span> <span class='ocrx_word' id='word_1_424' title='bbox 2447 2447 2512 2502; x_wconf 87' lang='lat' dir='ltr'><strong>ad</strong></span> <span class='ocrx_word' id='word_1_425' title='bbox 2546 2445 2717 2504; x_wconf 88' lang='lat' dir='ltr'><strong>Deum</strong></span> <span class='ocrx_word' id='word_1_426' title='bbox 2746 2447 2798 2501; x_wconf 91' lang='lat' dir='ltr'><strong>in</strong></span> <span class='ocrx_word' id='word_1_427' title='bbox 2827 2447 3099 2510; x_wconf 87' lang='lat' dir='ltr'><strong>oratione,</strong></span> <span class='ocrx_word' id='word_1_428' title='bbox 3124 2461 3319 2516; x_wconf 86' lang='lat' dir='ltr'><strong>panem</strong></span> <span class='ocrx_word' id='word_1_429' title='bbox 3341 2445 3464 2500; x_wconf 80' lang='lat' dir='ltr'><strong>sub-</strong></span> 
     </span>
    </p>
   </div>
   <div class='ocr_carea' id='block_1_55' title="bbox 1859 2539 3467 2610">
    <p class='ocr_par' dir='ltr' id='par_1_55' title="bbox 1859 2539 3467 2610">
     <span class='ocr_line' id='line_1_55' title="bbox 1859 2539 3467 2610; baseline -0.002 -17"><span class='ocrx_word' id='word_1_430' title='bbox 1859 2541 2164 2595; x_wconf 84' lang='lat' dir='ltr'><strong>stantialcm</strong></span> <span class='ocrx_word' id='word_1_431' title='bbox 2194 2539 2439 2607; x_wconf 86' lang='lat' dir='ltr'><strong>quotidie</strong></span> <span class='ocrx_word' id='word_1_432' title='bbox 2465 2539 2826 2610; x_wconf 86' lang='lat' dir='ltr'><strong>postulantes,</strong></span> <span class='ocrx_word' id='word_1_433' title='bbox 2850 2547 2904 2594; x_wconf 87' lang='lat' dir='ltr'><strong>et</strong></span> <span class='ocrx_word' id='word_1_434' title='bbox 2929 2540 3030 2594; x_wconf 89' lang='lat' dir='ltr'><strong>hoc</strong></span> <span class='ocrx_word' id='word_1_435' title='bbox 3057 2540 3234 2608; x_wconf 91' lang='lat' dir='ltr'><strong>ipsum</strong></span> <span class='ocrx_word' id='word_1_436' title='bbox 3264 2551 3467 2607; x_wconf 87' lang='lat' dir='ltr'><strong>vagan-</strong></span> 
     </span>
    </p>
   </div>
   <div class='ocr_carea' id='block_1_56' title="bbox 1863 2630 3467 2704">
    <p class='ocr_par' dir='ltr' id='par_1_56' title="bbox 1863 2630 3467 2704">
     <span class='ocr_line' id='line_1_56' title="bbox 1863 2630 3467 2704; baseline -0.001 -18"><span class='ocrx_word' id='word_1_437' title='bbox 1863 2644 1942 2686; x_wconf 88' lang='lat' dir='ltr'><strong>tes</strong></span> <span class='ocrx_word' id='word_1_438' title='bbox 1982 2632 2216 2700; x_wconf 81' lang='lat' dir='ltr'><strong>l‘acinnt,</strong></span> <span class='ocrx_word' id='word_1_439' title='bbox 2253 2633 2378 2704; x_wconf 87' lang='lat' dir='ltr'><strong>quia</strong></span> <span class='ocrx_word' id='word_1_440' title='bbox 2427 2631 2701 2703; x_wconf 79' lang='lat' dir='ltr'><strong>peregrini</strong></span> <span class='ocrx_word' id='word_1_441' title='bbox 2737 2642 2793 2686; x_wconf 92' lang='lat' dir='ltr'><strong>et</strong></span> <span class='ocrx_word' id='word_1_442' title='bbox 2833 2630 3083 2702; x_wconf 87' lang='lat' dir='ltr'><strong>hospites</strong></span> <span class='ocrx_word' id='word_1_443' title='bbox 3129 2639 3254 2685; x_wconf 89' lang='lat' dir='ltr'><strong>sunt</strong></span> <span class='ocrx_word' id='word_1_444' title='bbox 3300 2643 3467 2699; x_wconf 86' lang='lat' dir='ltr'><strong>super</strong></span> 
     </span>
    </p>
   </div>
   <div class='ocr_carea' id='block_1_57' title="bbox 1861 2722 3469 2791">
    <p class='ocr_par' dir='ltr' id='par_1_57' title="bbox 1861 2722 3469 2791">
     <span class='ocr_line' id='line_1_57' title="bbox 1861 2722 3469 2791; baseline -0.001 -14"><span class='ocrx_word' id='word_1_445' title='bbox 1861 2735 2086 2791; x_wconf 89' lang='lat' dir='ltr'><strong>terram,</strong></span> <span class='ocrx_word' id='word_1_446' title='bbox 2132 2724 2225 2780; x_wconf 92' lang='lat' dir='ltr'><strong>ubi</strong></span> <span class='ocrx_word' id='word_1_447' title='bbox 2247 2725 2434 2780; x_wconf 89' lang='lat' dir='ltr'><strong>sedem</strong></span> <span class='ocrx_word' id='word_1_448' title='bbox 2462 2724 2562 2778; x_wconf 86' lang='lat' dir='ltr'><strong>sibi</strong></span> <span class='ocrx_word' id='word_1_449' title='bbox 2595 2725 2807 2779; x_wconf 78' lang='lat' dir='ltr'><strong>firmam</strong></span> <span class='ocrx_word' id='word_1_450' title='bbox 2836 2734 2891 2778; x_wconf 89' lang='lat' dir='ltr'><strong>et</strong></span> <span class='ocrx_word' id='word_1_451' title='bbox 2923 2722 3174 2778; x_wconf 87' lang='lat' dir='ltr'><strong>stabilem</strong></span> <span class='ocrx_word' id='word_1_452' title='bbox 3207 2736 3312 2776; x_wconf 92' lang='lat' dir='ltr'><strong>non</strong></span> <span class='ocrx_word' id='word_1_453' title='bbox 3343 2735 3469 2776; x_wconf 90' lang='lat' dir='ltr'><strong>con-</strong></span> 
     </span>
    </p>
   </div>
   <div class='ocr_carea' id='block_1_58' title="bbox 1859 2814 3464 2886">
    <p class='ocr_par' dir='ltr' id='par_1_58' title="bbox 1859 2814 3464 2886">
     <span class='ocr_line' id='line_1_58' title="bbox 1859 2814 3464 2886; baseline 0.001 -17"><span class='ocrx_word' id='word_1_454' title='bbox 1859 2817 2174 2883; x_wconf 87' lang='lat' dir='ltr'><strong>stituerunt,</strong></span> <span class='ocrx_word' id='word_1_455' title='bbox 2190 2816 2285 2872; x_wconf 89' lang='lat' dir='ltr'><strong>sed</strong></span> <span class='ocrx_word' id='word_1_456' title='bbox 2310 2817 2499 2871; x_wconf 88' lang='lat' dir='ltr'><strong>dicunt</strong></span> <span class='ocrx_word' id='word_1_457' title='bbox 2517 2831 2639 2872; x_wconf 89' lang='lat' dir='ltr'><strong>cum</strong></span> <span class='ocrx_word' id='word_1_458' title='bbox 2660 2815 2944 2886; x_wconf 88' lang='lat' dir='ltr'><strong>Apostolo,</strong></span> <span class='ocrx_word' id='word_1_459' title='bbox 2968 2814 3246 2869; x_wconf 86' lang='lat' dir='ltr'><strong>Instabiles</strong></span> <span class='ocrx_word' id='word_1_460' title='bbox 3262 2830 3464 2871; x_wconf 81' lang='lat' dir='ltr'><strong>sumus.</strong></span> 
     </span>
    </p>
   </div>
   <div class='ocr_carea' id='block_1_59' title="bbox 1859 2907 3464 2980">
    <p class='ocr_par' dir='ltr' id='par_1_59' title="bbox 1859 2907 3464 2980">
     <span class='ocr_line' id='line_1_59' title="bbox 1859 2907 3464 2980; baseline -0.001 -17"><span class='ocrx_word' id='word_1_461' title='bbox 1859 2909 1920 2963; x_wconf 84' lang='lat' dir='ltr'><strong>lli</strong></span> <span class='ocrx_word' id='word_1_462' title='bbox 1959 2910 2119 2979; x_wconf 81' lang='lat' dir='ltr'><strong>igitur</strong></span> <span class='ocrx_word' id='word_1_463' title='bbox 2157 2910 2353 2965; x_wconf 84' lang='lat' dir='ltr'><strong>habent</strong></span> <span class='ocrx_word' id='word_1_464' title='bbox 2387 2909 2608 2980; x_wconf 89' lang='lat' dir='ltr'><strong>quidem</strong></span> <span class='ocrx_word' id='word_1_465' title='bbox 2645 2909 2794 2963; x_wconf 89' lang='lat' dir='ltr'><strong>cibos</strong></span> <span class='ocrx_word' id='word_1_466' title='bbox 2822 2907 3222 2978; x_wconf 81' lang='lat' dir='ltr'><strong>Scripturarum</strong></span> <span class='ocrx_word' id='word_1_467' title='bbox 3272 2925 3285 2961; x_wconf 89' lang='lat'>:</span> <span class='ocrx_word' id='word_1_468' title='bbox 3330 2923 3464 2978; x_wconf 81' lang='lat' dir='ltr'><strong>qua-</strong></span> 
     </span>
    </p>
   </div>
   <div class='ocr_carea' id='block_1_60' title="bbox 1858 2999 3460 3072">
    <p class='ocr_par' dir='ltr' id='par_1_60' title="bbox 1858 2999 3460 3072">
     <span class='ocr_line' id='line_1_60' title="bbox 1858 2999 3460 3072; baseline -0.001 -17"><span class='ocrx_word' id='word_1_469' title='bbox 1858 3017 1975 3055; x_wconf 84' lang='lat' dir='ltr'><strong>runt</strong></span> <span class='ocrx_word' id='word_1_470' title='bbox 2017 3001 2392 3056; x_wconf 86' lang='lat' dir='ltr'><strong>consolatione</strong></span> <span class='ocrx_word' id='word_1_471' title='bbox 2422 3013 2739 3072; x_wconf 87' lang='lat' dir='ltr'><strong>pascuntur,</strong></span> <span class='ocrx_word' id='word_1_472' title='bbox 2777 2999 2872 3056; x_wconf 87' lang='lat' dir='ltr'><strong>sed</strong></span> <span class='ocrx_word' id='word_1_473' title='bbox 2913 3001 3028 3070; x_wconf 87' lang='lat' dir='ltr'><strong>spei</strong></span> <span class='ocrx_word' id='word_1_474' title='bbox 3066 3010 3122 3056; x_wconf 89' lang='lat' dir='ltr'><strong>et</strong></span> <span class='ocrx_word' id='word_1_475' title='bbox 3155 3000 3279 3055; x_wconf 73' lang='lat' dir='ltr'><strong>lldt‘l</strong></span> <span class='ocrx_word' id='word_1_476' title='bbox 3302 3001 3460 3056; x_wconf 87' lang='lat' dir='ltr'><strong>cibus</strong></span> 
     </span>
    </p>
   </div>
   <div class='ocr_carea' id='block_1_61' title="bbox 1858 3091 3462 3162">
    <p class='ocr_par' dir='ltr' id='par_1_61' title="bbox 1858 3091 3462 3162">
     <span class='ocr_line' id='line_1_61' title="bbox 1858 3091 3462 3162; baseline -0.002 -15"><span class='ocrx_word' id='word_1_477' title='bbox 1858 3102 1960 3159; x_wconf 60' lang='grc' dir='ltr'><strong>εει,</strong></span> <span class='ocrx_word' id='word_1_478' title='bbox 1996 3107 2100 3147; x_wconf 90' lang='lat' dir='ltr'><strong>non</strong></span> <span class='ocrx_word' id='word_1_479' title='bbox 2132 3093 2383 3147; x_wconf 85' lang='lat' dir='ltr'><strong>alimonia</strong></span> <span class='ocrx_word' id='word_1_480' title='bbox 2410 3094 2484 3147; x_wconf 92' lang='lat' dir='ltr'><strong>rei</strong></span> <span class='ocrx_word' id='word_1_481' title='bbox 2505 3093 2724 3162; x_wconf 89' lang='lat' dir='ltr'><strong>proprie</strong></span> <span class='ocrx_word' id='word_1_482' title='bbox 2751 3093 3138 3161; x_wconf 87' lang='lat' dir='ltr'><strong>permanentis.</strong></span> <span class='ocrx_word' id='word_1_483' title='bbox 3165 3091 3234 3146; x_wconf 91' lang='lat' dir='ltr'><strong>Et</strong></span> <span class='ocrx_word' id='word_1_484' title='bbox 3257 3091 3462 3145; x_wconf 89' lang='lat' dir='ltr'><strong>idcirco</strong></span> 
     </span>
    </p>
   </div>
   <div class='ocr_carea' id='block_1_62' title="bbox 158 3179 3465 3266">
    <p class='ocr_par' dir='ltr' id='par_1_62' title="bbox 158 3179 3465 3266">
     <span class='ocr_line' id='line_1_62' title="bbox 158 3179 3465 3266; baseline -0.002 -23"><span class='ocrx_word' id='word_1_485' title='bbox 158 3199 263 3244; x_wconf 89' lang='lat' dir='ltr'><strong>test</strong></span> <span class='ocrx_word' id='word_1_486' title='bbox 320 3189 438 3245; x_wconf 83' lang='lat' dir='ltr'><strong>ﬁeri</strong></span> <span class='ocrx_word' id='word_1_487' title='bbox 491 3199 550 3246; x_wconf 93' lang='lat' dir='ltr'><strong>ut</strong></span> <span class='ocrx_word' id='word_1_488' title='bbox 597 3192 830 3261; x_wconf 88' lang='lat' dir='ltr'><strong>pristino</strong></span> <span class='ocrx_word' id='word_1_489' title='bbox 876 3195 1055 3249; x_wconf 90' lang='lat' dir='ltr'><strong>adhuc</strong></span> <span class='ocrx_word' id='word_1_490' title='bbox 1106 3198 1327 3252; x_wconf 88' lang='lat' dir='ltr'><strong>nomine</strong></span> <span class='ocrx_word' id='word_1_491' title='bbox 1364 3197 1704 3266; x_wconf 73' lang='lat' dir='ltr'><strong>appellamur</strong></span> <span class='ocrx_word' id='word_1_492' title='bbox 1738 3216 1752 3256; x_wconf 73' lang='grc' dir='ltr'>ς</span> <span class='ocrx_word' id='word_1_493' title='bbox 1784 3179 1828 3242; x_wconf 89' lang='lat' dir='ltr'><strong>C</strong></span> <span class='ocrx_word' id='word_1_494' title='bbox 1863 3190 1912 3243; x_wconf 87' lang='lat' dir='ltr'><strong>itt</strong></span> <span class='ocrx_word' id='word_1_495' title='bbox 1945 3189 2044 3243; x_wconf 89' lang='lat' dir='ltr'><strong>hoc</strong></span> <span class='ocrx_word' id='word_1_496' title='bbox 2073 3189 2274 3244; x_wconf 91' lang='lat' dir='ltr'><strong>mundo</strong></span> <span class='ocrx_word' id='word_1_497' title='bbox 2297 3187 2480 3257; x_wconf 81' lang='lat' dir='ltr'><strong>vagari</strong></span> <span class='ocrx_word' id='word_1_498' title='bbox 2510 3187 2794 3241; x_wconf 88' lang='lat' dir='ltr'><strong>dicuntur:</strong></span> <span class='ocrx_word' id='word_1_499' title='bbox 2820 3187 2994 3242; x_wconf 91' lang='lat' dir='ltr'><strong>donec</strong></span> <span class='ocrx_word' id='word_1_500' title='bbox 3015 3186 3084 3240; x_wconf 88' lang='lat' dir='ltr'><strong>ad</strong></span> <span class='ocrx_word' id='word_1_501' title='bbox 3115 3185 3465 3240; x_wconf 87' lang='lat' dir='ltr'><strong>immobilita-</strong></span> 
     </span>
    </p>
   </div>
   <div class='ocr_carea' id='block_1_63' title="bbox 157 3282 1758 3364">
    <p class='ocr_par' dir='ltr' id='par_1_63' title="bbox 157 3282 1758 3364">
     <span class='ocr_line' id='line_1_63' title="bbox 157 3282 1758 3364; baseline 0.006 -29"><span class='ocrx_word' id='word_1_502' title='bbox 157 3282 300 3337; x_wconf 87' lang='lat' dir='ltr'><strong>sicut</strong></span> <span class='ocrx_word' id='word_1_503' title='bbox 331 3284 592 3354; x_wconf 85' lang='lat' dir='ltr'><strong>propheta</strong></span> <span class='ocrx_word' id='word_1_504' title='bbox 621 3286 718 3356; x_wconf 85' lang='lat' dir='ltr'><strong>ait,</strong></span> <span class='ocrx_word' id='word_1_505' title='bbox 743 3288 831 3342; x_wconf 88' lang='lat' dir='ltr'><strong>ubi</strong></span> <span class='ocrx_word' id='word_1_506' title='bbox 858 3287 928 3344; x_wconf 90' lang='lat' dir='ltr'><strong>de</strong></span> <span class='ocrx_word' id='word_1_507' title='bbox 964 3290 1072 3344; x_wconf 84' lang='lat' dir='ltr'><strong>Deo</strong></span> <span class='ocrx_word' id='word_1_508' title='bbox 1105 3291 1339 3360; x_wconf 87' lang='lat' dir='ltr'><strong>loquitur</strong></span> <span class='ocrx_word' id='word_1_509' title='bbox 1372 3309 1384 3344; x_wconf 91' lang='lat'>:</span> <span class='ocrx_word' id='word_1_510' title='bbox 1422 3292 1525 3358; x_wconf 83' lang='lat' dir='ltr'><strong>Qui</strong></span> <span class='ocrx_word' id='word_1_511' title='bbox 1554 3293 1642 3346; x_wconf 87' lang='lat' dir='ltr'><strong>dat</strong></span> <span class='ocrx_word' id='word_1_512' title='bbox 1665 3297 1758 3364; x_wconf 83' lang='lat' dir='ltr'><strong>ju-</strong></span> 
     </span>
    </p>
   </div>
   <div class='ocr_carea' id='block_1_64' title="bbox 157 3376 1757 3450">
    <p class='ocr_par' dir='ltr' id='par_1_64' title="bbox 157 3376 1757 3450">
     <span class='ocr_line' id='line_1_64' title="bbox 157 3376 1757 3450; baseline 0.009 -24"><span class='ocrx_word' id='word_1_513' title='bbox 157 3376 349 3430; x_wconf 87' lang='lat' dir='ltr'><strong>mentis</strong></span> <span class='ocrx_word' id='word_1_514' title='bbox 366 3393 533 3430; x_wconf 84' lang='lat' dir='ltr'><strong>escam</strong></span> <span class='ocrx_word' id='word_1_515' title='bbox 557 3379 810 3448; x_wconf 85' lang='lat' dir='ltr'><strong>ipsorum,</strong></span> <span class='ocrx_word' id='word_1_516' title='bbox 838 3390 886 3435; x_wconf 88' lang='lat' dir='ltr'><strong>et</strong></span> <span class='ocrx_word' id='word_1_517' title='bbox 913 3382 1074 3450; x_wconf 87' lang='lat' dir='ltr'><strong>pullis</strong></span> <span class='ocrx_word' id='word_1_518' title='bbox 1102 3398 1372 3436; x_wconf 84' lang='lat' dir='ltr'><strong>corvorum</strong></span> <span class='ocrx_word' id='word_1_519' title='bbox 1409 3385 1757 3440; x_wconf 77' lang='lat' dir='ltr'><strong>invocantibus</strong></span> 
     </span>
    </p>
   </div>
   <div class='ocr_carea' id='block_1_65' title="bbox 159 3468 1752 3545">
    <p class='ocr_par' dir='ltr' id='par_1_65' title="bbox 159 3468 1752 3545">
     <span class='ocr_line' id='line_1_65' title="bbox 159 3468 1752 3545; baseline 0.007 -26"><span class='ocrx_word' id='word_1_520' title='bbox 159 3483 295 3521; x_wconf 83' lang='lat' dir='ltr'><strong>eum.</strong></span> <span class='ocrx_word' id='word_1_521' title='bbox 329 3468 393 3522; x_wconf 87' lang='lat' dir='ltr'><strong>Et</strong></span> <span class='ocrx_word' id='word_1_522' title='bbox 424 3484 550 3525; x_wconf 87' lang='lat' dir='ltr'><strong>reor</strong></span> <span class='ocrx_word' id='word_1_523' title='bbox 581 3473 723 3542; x_wconf 90' lang='lat' dir='ltr'><strong>quod</strong></span> <span class='ocrx_word' id='word_1_524' title='bbox 747 3471 873 3527; x_wconf 89' lang='lat' dir='ltr'><strong>ideo</strong></span> <span class='ocrx_word' id='word_1_525' title='bbox 903 3474 1132 3542; x_wconf 88' lang='lat' dir='ltr'><strong>pristino</strong></span> <span class='ocrx_word' id='word_1_526' title='bbox 1160 3475 1380 3529; x_wconf 90' lang='lat' dir='ltr'><strong>nomine</strong></span> <span class='ocrx_word' id='word_1_527' title='bbox 1409 3490 1752 3545; x_wconf 86' lang='lat' dir='ltr'><strong>censeantur,</strong></span> 
     </span>
    </p>
   </div>
   <div class='ocr_carea' id='block_1_66' title="bbox 158 3561 1758 3636">
    <p class='ocr_par' dir='ltr' id='par_1_66' title="bbox 158 3561 1758 3636">
     <span class='ocr_line' id='line_1_66' title="bbox 158 3561 1758 3636; baseline 0.006 -21"><span class='ocrx_word' id='word_1_528' title='bbox 158 3571 218 3615; x_wconf 92' lang='lat' dir='ltr'><strong>ut</strong></span> <span class='ocrx_word' id='word_1_529' title='bbox 263 3561 575 3616; x_wconf 81' lang='lat' dir='ltr'><strong>noverimus</strong></span> <span class='ocrx_word' id='word_1_530' title='bbox 596 3563 724 3631; x_wconf 91' lang='lat' dir='ltr'><strong>quid</strong></span> <span class='ocrx_word' id='word_1_531' title='bbox 769 3563 989 3632; x_wconf 82' lang='lat' dir='ltr'><strong>fuimus,</strong></span> <span class='ocrx_word' id='word_1_532' title='bbox 1017 3573 1073 3620; x_wconf 89' lang='lat' dir='ltr'><strong>et</strong></span> <span class='ocrx_word' id='word_1_533' title='bbox 1102 3565 1228 3636; x_wconf 90' lang='lat' dir='ltr'><strong>quid</strong></span> <span class='ocrx_word' id='word_1_534' title='bbox 1259 3582 1402 3620; x_wconf 92' lang='lat' dir='ltr'><strong>nunc</strong></span> <span class='ocrx_word' id='word_1_535' title='bbox 1432 3583 1526 3636; x_wconf 90' lang='lat' dir='ltr'><strong>per</strong></span> <span class='ocrx_word' id='word_1_536' title='bbox 1558 3568 1758 3624; x_wconf 74' lang='lat' dir='ltr'><strong>Christi</strong></span> 
     </span>
    </p>
   </div>
   <div class='ocr_carea' id='block_1_67' title="bbox 159 3655 1757 3732">
    <p class='ocr_par' dir='ltr' id='par_1_67' title="bbox 159 3655 1757 3732">
     <span class='ocr_line' id='line_1_67' title="bbox 159 3655 1757 3732; baseline 0.006 -23"><span class='ocrx_word' id='word_1_537' title='bbox 159 3655 388 3725; x_wconf 81' lang='lat' dir='ltr'><strong>gratiam</strong></span> <span class='ocrx_word' id='word_1_538' title='bbox 428 3656 618 3712; x_wconf 88' lang='lat' dir='ltr'><strong>simus.</strong></span> <span class='ocrx_word' id='word_1_539' title='bbox 676 3659 739 3712; x_wconf 81' lang='lat' dir='ltr'><strong>Et</strong></span> <span class='ocrx_word' id='word_1_540' title='bbox 771 3659 894 3714; x_wconf 87' lang='lat' dir='ltr'><strong>inde</strong></span> <span class='ocrx_word' id='word_1_541' title='bbox 927 3661 1031 3715; x_wconf 91' lang='lat' dir='ltr'><strong>hoc</strong></span> <span class='ocrx_word' id='word_1_542' title='bbox 1061 3661 1236 3730; x_wconf 89' lang='lat' dir='ltr'><strong>ipsum</strong></span> <span class='ocrx_word' id='word_1_543' title='bbox 1267 3677 1522 3732; x_wconf 79' lang='lat' dir='ltr'><strong>magnotu</strong></span> <span class='ocrx_word' id='word_1_544' title='bbox 1557 3663 1757 3719; x_wconf 90' lang='lat' dir='ltr'><strong>bonum</strong></span> 
     </span>
    </p>
   </div>
   <div class='ocr_carea' id='block_1_68' title="bbox 159 3749 1761 3824">
    <p class='ocr_par' dir='ltr' id='par_1_68' title="bbox 159 3749 1761 3824">
     <span class='ocr_line' id='line_1_68' title="bbox 159 3749 1761 3824; baseline 0.005 -20"><span class='ocrx_word' id='word_1_545' title='bbox 159 3749 548 3821; x_wconf 87' lang='lat' dir='ltr'><strong>intelligentes,</strong></span> <span class='ocrx_word' id='word_1_546' title='bbox 577 3752 750 3821; x_wconf 83' lang='lat' dir='ltr'><strong>magis</strong></span> <span class='ocrx_word' id='word_1_547' title='bbox 781 3753 890 3808; x_wconf 89' lang='lat' dir='ltr'><strong>Deo</strong></span> <span class='ocrx_word' id='word_1_548' title='bbox 919 3753 1126 3824; x_wconf 85' lang='lat' dir='ltr'><strong>gratias</strong></span> <span class='ocrx_word' id='word_1_549' title='bbox 1158 3756 1478 3822; x_wconf 80' lang='lat' dir='ltr'><strong>referamus,</strong></span> <span class='ocrx_word' id='word_1_550' title='bbox 1507 3756 1761 3812; x_wconf 87' lang='lat' dir='ltr'><strong>dicentes</strong></span> 
     </span>
    </p>
   </div>
   <div class='ocr_carea' id='block_1_69' title="bbox 158 3842 1762 3919">
    <p class='ocr_par' dir='ltr' id='par_1_69' title="bbox 158 3842 1762 3919">
     <span class='ocr_line' id='line_1_69' title="bbox 158 3842 1762 3919; baseline 0.005 -23"><span class='ocrx_word' id='word_1_551' title='bbox 158 3857 287 3898; x_wconf 88' lang='lat' dir='ltr'><strong>cum</strong></span> <span class='ocrx_word' id='word_1_552' title='bbox 316 3842 578 3914; x_wconf 82' lang='lat' dir='ltr'><strong>Apostolo</strong></span> <span class='ocrx_word' id='word_1_553' title='bbox 610 3861 626 3902; x_wconf 86' lang='lat'><strong>:</strong></span> <span class='ocrx_word' id='word_1_554' title='bbox 673 3844 878 3901; x_wconf 82' lang='lat' dir='ltr'><strong>Gratias</strong></span> <span class='ocrx_word' id='word_1_555' title='bbox 913 3845 1018 3900; x_wconf 84' lang='lat' dir='ltr'><strong>Deo</strong></span> <span class='ocrx_word' id='word_1_556' title='bbox 1050 3846 1221 3914; x_wconf 87' lang='lat' dir='ltr'><strong>Patri,</strong></span> <span class='ocrx_word' id='word_1_557' title='bbox 1263 3849 1354 3919; x_wconf 86' lang='lat' dir='ltr'><strong>qui</strong></span> <span class='ocrx_word' id='word_1_558' title='bbox 1397 3849 1529 3902; x_wconf 90' lang='lat' dir='ltr'><strong>eruit</strong></span> <span class='ocrx_word' id='word_1_559' title='bbox 1564 3865 1657 3902; x_wconf 85' lang='lat' dir='ltr'><strong>nos</strong></span> <span class='ocrx_word' id='word_1_560' title='bbox 1696 3849 1762 3905; x_wconf 86' lang='lat' dir='ltr'><strong>de</strong></span> 
     </span>
    </p>
   </div>
   <div class='ocr_carea' id='block_1_70' title="bbox 158 3937 1762 4012">
    <p class='ocr_par' dir='ltr' id='par_1_70' title="bbox 158 3937 1762 4012">
     <span class='ocr_line' id='line_1_70' title="bbox 158 3937 1762 4012; baseline 0.005 -25"><span class='ocrx_word' id='word_1_561' title='bbox 158 3945 415 4007; x_wconf 81' lang='lat' dir='ltr'><strong>potestate</strong></span> <span class='ocrx_word' id='word_1_562' title='bbox 437 3937 787 4008; x_wconf 86' lang='lat' dir='ltr'><strong>tenebrarum,</strong></span> <span class='ocrx_word' id='word_1_563' title='bbox 819 3949 866 3993; x_wconf 90' lang='lat' dir='ltr'><strong>et</strong></span> <span class='ocrx_word' id='word_1_564' title='bbox 885 3940 1149 3996; x_wconf 79' lang='lat' dir='ltr'><strong>transtulit</strong></span> <span class='ocrx_word' id='word_1_565' title='bbox 1176 3941 1228 3993; x_wconf 87' lang='lat' dir='ltr'><strong>in</strong></span> <span class='ocrx_word' id='word_1_566' title='bbox 1258 3957 1474 4012; x_wconf 80' lang='lat' dir='ltr'><strong>regnum</strong></span> <span class='ocrx_word' id='word_1_567' title='bbox 1496 3939 1625 3995; x_wconf 86' lang='lat' dir='ltr'><strong>Filii</strong></span> <span class='ocrx_word' id='word_1_568' title='bbox 1651 3940 1762 3995; x_wconf 87' lang='lat' dir='ltr'><strong>cla—</strong></span> 
     </span>
    </p>
   </div>
   <div class='ocr_carea' id='block_1_71' title="bbox 159 4031 1760 4104">
    <p class='ocr_par' dir='ltr' id='par_1_71' title="bbox 159 4031 1760 4104">
     <span class='ocr_line' id='line_1_71' title="bbox 159 4031 1760 4104; baseline 0.006 -20"><span class='ocrx_word' id='word_1_569' title='bbox 159 4031 334 4085; x_wconf 84' lang='lat' dir='ltr'><strong>ritatis</strong></span> <span class='ocrx_word' id='word_1_570' title='bbox 359 4047 488 4086; x_wconf 78' lang='lat' dir='ltr'><strong>stite.</strong></span> <span class='ocrx_word' id='word_1_571' title='bbox 532 4032 648 4088; x_wconf 84' lang='lat' dir='ltr'><strong>Mos</strong></span> <span class='ocrx_word' id='word_1_572' title='bbox 680 4043 861 4089; x_wconf 89' lang='lat' dir='ltr'><strong>autem</strong></span> <span class='ocrx_word' id='word_1_573' title='bbox 894 4044 1095 4090; x_wconf 87' lang='lat' dir='ltr'><strong>sanctae</strong></span> <span class='ocrx_word' id='word_1_574' title='bbox 1123 4033 1425 4104; x_wconf 73' lang='lat' dir='ltr'><strong>Scriptura:</strong></span> <span class='ocrx_word' id='word_1_575' title='bbox 1453 4033 1760 4102; x_wconf 88' lang='lat' dir='ltr'><strong>hujusmodi</strong></span> 
     </span>
    </p>
   </div>
   <div class='ocr_carea' id='block_1_72' title="bbox 160 4126 1759 4198">
    <p class='ocr_par' dir='ltr' id='par_1_72' title="bbox 160 4126 1759 4198">
     <span class='ocr_line' id='line_1_72' title="bbox 160 4126 1759 4198; baseline 0.005 -20"><span class='ocrx_word' id='word_1_576' title='bbox 160 4133 268 4189; x_wconf 92' lang='lat' dir='ltr'><strong>est,</strong></span> <span class='ocrx_word' id='word_1_577' title='bbox 319 4133 376 4179; x_wconf 89' lang='lat' dir='ltr'><strong>ttt</strong></span> <span class='ocrx_word' id='word_1_578' title='bbox 424 4126 653 4194; x_wconf 88' lang='lat' dir='ltr'><strong>pristina</strong></span> <span class='ocrx_word' id='word_1_579' title='bbox 693 4127 976 4198; x_wconf 90' lang='lat' dir='ltr'><strong>culparum</strong></span> <span class='ocrx_word' id='word_1_580' title='bbox 1027 4129 1245 4184; x_wconf 90' lang='lat' dir='ltr'><strong>nomina</strong></span> <span class='ocrx_word' id='word_1_581' title='bbox 1298 4130 1348 4184; x_wconf 90' lang='lat' dir='ltr'><strong>in</strong></span> <span class='ocrx_word' id='word_1_582' title='bbox 1398 4130 1603 4185; x_wconf 88' lang='lat' dir='ltr'><strong>sanctis</strong></span> <span class='ocrx_word' id='word_1_583' title='bbox 1648 4128 1759 4186; x_wconf 86' lang='lat' dir='ltr'><strong>fre-</strong></span> 
     </span>
    </p>
   </div>
   <div class='ocr_carea' id='block_1_73' title="bbox 159 4220 1764 4291">
    <p class='ocr_par' dir='ltr' id='par_1_73' title="bbox 159 4220 1764 4291">
     <span class='ocr_line' id='line_1_73' title="bbox 159 4220 1764 4291; baseline 0.006 -22"><span class='ocrx_word' id='word_1_584' title='bbox 159 4225 396 4287; x_wconf 87' lang='lat' dir='ltr'><strong>quenter</strong></span> <span class='ocrx_word' id='word_1_585' title='bbox 429 4227 732 4286; x_wconf 84' lang='lat' dir='ltr'><strong>recenseat,</strong></span> <span class='ocrx_word' id='word_1_586' title='bbox 778 4220 920 4276; x_wconf 88' lang='lat' dir='ltr'><strong>sicut</strong></span> <span class='ocrx_word' id='word_1_587' title='bbox 967 4220 1154 4276; x_wconf 84' lang='lat' dir='ltr'><strong>beatus</strong></span> <span class='ocrx_word' id='word_1_588' title='bbox 1194 4221 1358 4278; x_wconf 86' lang='lat' dir='ltr'><strong>Isaias</strong></span> <span class='ocrx_word' id='word_1_589' title='bbox 1389 4223 1657 4291; x_wconf 86' lang='lat' dir='ltr'><strong>propheta</strong></span> <span class='ocrx_word' id='word_1_590' title='bbox 1689 4222 1764 4278; x_wconf 89' lang='lat' dir='ltr'><strong>ait</strong></span> 
     </span>
    </p>
   </div>
   <div class='ocr_carea' id='block_1_74' title="bbox 163 4304 1763 4387">
    <p class='ocr_par' dir='ltr' id='par_1_74' title="bbox 163 4304 1763 4387">
     <span class='ocr_line' id='line_1_74' title="bbox 163 4304 1763 4387; baseline 0.005 -25"><span class='ocrx_word' id='word_1_591' title='bbox 163 4308 235 4364; x_wconf 80' lang='lat' dir='ltr'><strong>(lc</strong></span> <span class='ocrx_word' id='word_1_592' title='bbox 267 4309 377 4364; x_wconf 85' lang='lat' dir='ltr'><strong>Deo</strong></span> <span class='ocrx_word' id='word_1_593' title='bbox 421 4327 434 4363; x_wconf 92' lang='lat'><strong>:</strong></span> <span class='ocrx_word' id='word_1_594' title='bbox 481 4304 791 4368; x_wconf 75' lang='lat' dir='ltr'><strong>Benedicent</strong></span> <span class='ocrx_word' id='word_1_595' title='bbox 844 4329 925 4366; x_wconf 86' lang='lat' dir='ltr'><strong>nte</strong></span> <span class='ocrx_word' id='word_1_596' title='bbox 962 4313 1136 4368; x_wconf 70' lang='lat' dir='ltr'><strong>bestiae</strong></span> <span class='ocrx_word' id='word_1_597' title='bbox 1173 4314 1334 4387; x_wconf 82' lang='lat' dir='ltr'><strong>agri;</strong></span> <span class='ocrx_word' id='word_1_598' title='bbox 1378 4321 1435 4367; x_wconf 85' lang='lat' dir='ltr'><strong>et</strong></span> <span class='ocrx_word' id='word_1_599' title='bbox 1482 4315 1763 4384; x_wconf 74' lang='lat' dir='ltr'><strong>apostolus</strong></span> 
     </span>
    </p>
   </div>
   <div class='ocr_carea' id='block_1_75' title="bbox 166 4400 1760 4476">
    <p class='ocr_par' dir='ltr' id='par_1_75' title="bbox 166 4400 1760 4476">
     <span class='ocr_line' id='line_1_75' title="bbox 166 4400 1760 4476; baseline 0.004 -21"><span class='ocrx_word' id='word_1_600' title='bbox 166 4400 446 4457; x_wconf 77' lang='lat' dir='ltr'><strong>Mattbteus</strong></span> <span class='ocrx_word' id='word_1_601' title='bbox 475 4401 671 4458; x_wconf 76' lang='lat' dir='ltr'><strong>dicitur</strong></span> <span class='ocrx_word' id='word_1_602' title='bbox 695 4403 1034 4476; x_wconf 86' lang='lat' dir='ltr'><strong>publicanus.</strong></span> <span class='ocrx_word' id='word_1_603' title='bbox 1063 4405 1354 4460; x_wconf 86' lang='lat' dir='ltr'><strong>Videamus</strong></span> <span class='ocrx_word' id='word_1_604' title='bbox 1390 4405 1530 4460; x_wconf 91' lang='lat' dir='ltr'><strong>hunc</strong></span> <span class='ocrx_word' id='word_1_605' title='bbox 1560 4406 1760 4472; x_wconf 91' lang='lat' dir='ltr'><strong>locum,</strong></span> 
     </span>
    </p>
   </div>
   <div class='ocr_carea' id='block_1_76' title="bbox 162 4495 1756 4572">
    <p class='ocr_par' dir='ltr' id='par_1_76' title="bbox 162 4495 1756 4572">
     <span class='ocr_line' id='line_1_76' title="bbox 162 4495 1756 4572; baseline 0.005 -24"><span class='ocrx_word' id='word_1_606' title='bbox 162 4496 211 4549; x_wconf 89' lang='lat' dir='ltr'><strong>si</strong></span> <span class='ocrx_word' id='word_1_607' title='bbox 235 4505 287 4550; x_wconf 90' lang='lat' dir='ltr'><strong>et</strong></span> <span class='ocrx_word' id='word_1_608' title='bbox 319 4495 370 4550; x_wconf 90' lang='lat' dir='ltr'><strong>in</strong></span> <span class='ocrx_word' id='word_1_609' title='bbox 393 4496 588 4554; x_wconf 88' lang='lat' dir='ltr'><strong>bonam</strong></span> <span class='ocrx_word' id='word_1_610' title='bbox 623 4509 830 4564; x_wconf 85' lang='lat' dir='ltr'><strong>partem</strong></span> <span class='ocrx_word' id='word_1_611' title='bbox 864 4515 1148 4570; x_wconf 81' lang='lat' dir='ltr'><strong>exponere</strong></span> <span class='ocrx_word' id='word_1_612' title='bbox 1191 4503 1489 4572; x_wconf 87' lang='lat' dir='ltr'><strong>possimus,</strong></span> <span class='ocrx_word' id='word_1_613' title='bbox 1519 4509 1573 4555; x_wconf 92' lang='lat' dir='ltr'><strong>ut</strong></span> <span class='ocrx_word' id='word_1_614' title='bbox 1596 4503 1756 4558; x_wconf 89' lang='lat' dir='ltr'><strong>istum</strong></span> 
     </span>
    </p>
   </div>
   <div class='ocr_carea' id='block_1_77' title="bbox 162 4567 1838 4665">
    <p class='ocr_par' dir='ltr' id='par_1_77' title="bbox 162 4567 1838 4665">
     <span class='ocr_line' id='line_1_77' title="bbox 162 4567 1838 4665; baseline 0.005 -22"><span class='ocrx_word' id='word_1_615' title='bbox 162 4604 408 4655; x_wconf 90' lang='lat' dir='ltr'><strong>corvum,</strong></span> <span class='ocrx_word' id='word_1_616' title='bbox 439 4599 495 4646; x_wconf 90' lang='lat' dir='ltr'><strong>et</strong></span> <span class='ocrx_word' id='word_1_617' title='bbox 519 4590 797 4648; x_wconf 90' lang='lat' dir='ltr'><strong>Christum</strong></span> <span class='ocrx_word' id='word_1_618' title='bbox 828 4567 1270 4665; x_wconf 82' lang='lat' dir='ltr'><strong>interpretemur.</strong></span> <span class='ocrx_word' id='word_1_619' title='bbox 1314 4595 1466 4650; x_wconf 88' lang='lat' dir='ltr'><strong>Sicut</strong></span> <span class='ocrx_word' id='word_1_620' title='bbox 1490 4595 1635 4650; x_wconf 89' lang='lat' dir='ltr'><strong>enim</strong></span> <span class='ocrx_word' id='word_1_621' title='bbox 1668 4609 1759 4651; x_wconf 88' lang='lat' dir='ltr'><strong>se-</strong></span> <span class='ocrx_word' id='word_1_622' title='bbox 1792 4567 1838 4626; x_wconf 65' lang='grc' dir='ltr'>υ</span> 
     </span>
    </p>
   </div>
   <div class='ocr_carea' id='block_1_78' title="bbox 162 4681 1762 4756">
    <p class='ocr_par' dir='ltr' id='par_1_78' title="bbox 162 4681 1762 4756">
     <span class='ocr_line' id='line_1_78' title="bbox 162 4681 1762 4756; baseline 0.004 -22"><span class='ocrx_word' id='word_1_623' title='bbox 162 4681 398 4736; x_wconf 90' lang='lat' dir='ltr'><strong>cundum</strong></span> <span class='ocrx_word' id='word_1_624' title='bbox 423 4683 824 4756; x_wconf 87' lang='lat' dir='ltr'><strong>Scripturarum</strong></span> <span class='ocrx_word' id='word_1_625' title='bbox 848 4687 1321 4752; x_wconf 88' lang='lat' dir='ltr'><strong>consuetudinem,</strong></span> <span class='ocrx_word' id='word_1_626' title='bbox 1355 4692 1594 4741; x_wconf 88' lang='lat' dir='ltr'><strong>montem</strong></span> <span class='ocrx_word' id='word_1_627' title='bbox 1626 4684 1762 4741; x_wconf 84' lang='lat' dir='ltr'><strong>dici-</strong></span> 
     </span>
    </p>
   </div>
   <div class='ocr_carea' id='block_1_79' title="bbox 166 4772 1762 4848">
    <p class='ocr_par' dir='ltr' id='par_1_79' title="bbox 166 4772 1762 4848">
     <span class='ocr_line' id='line_1_79' title="bbox 166 4772 1762 4848; baseline 0.004 -21"><span class='ocrx_word' id='word_1_628' title='bbox 166 4786 287 4827; x_wconf 89' lang='lat' dir='ltr'><strong>mus</strong></span> <span class='ocrx_word' id='word_1_629' title='bbox 314 4772 602 4830; x_wconf 90' lang='lat' dir='ltr'><strong>Dominutn</strong></span> <span class='ocrx_word' id='word_1_630' title='bbox 633 4787 916 4843; x_wconf 91' lang='lat' dir='ltr'><strong>nostrum,</strong></span> <span class='ocrx_word' id='word_1_631' title='bbox 959 4787 1016 4834; x_wconf 87' lang='lat' dir='ltr'><strong>et</strong></span> <span class='ocrx_word' id='word_1_632' title='bbox 1057 4778 1332 4833; x_wconf 90' lang='lat' dir='ltr'><strong>diabolum</strong></span> <span class='ocrx_word' id='word_1_633' title='bbox 1381 4777 1632 4833; x_wconf 88' lang='lat' dir='ltr'><strong>similiter</strong></span> <span class='ocrx_word' id='word_1_634' title='bbox 1674 4792 1762 4848; x_wconf 88' lang='lat' dir='ltr'><strong>ap-</strong></span> 
     </span>
    </p>
   </div>
   <div class='ocr_carea' id='block_1_80' title="bbox 167 4866 1760 4943">
    <p class='ocr_par' dir='ltr' id='par_1_80' title="bbox 167 4866 1760 4943">
     <span class='ocr_line' id='line_1_80' title="bbox 167 4866 1760 4943; baseline 0.005 -21"><span class='ocrx_word' id='word_1_635' title='bbox 167 4866 431 4938; x_wconf 85' lang='lat' dir='ltr'><strong>pellamus</strong></span> <span class='ocrx_word' id='word_1_636' title='bbox 475 4887 489 4924; x_wconf 87' lang='lat'><strong>:</strong></span> <span class='ocrx_word' id='word_1_637' title='bbox 543 4879 750 4941; x_wconf 90' lang='lat' dir='ltr'><strong>petram</strong></span> <span class='ocrx_word' id='word_1_638' title='bbox 795 4888 1012 4943; x_wconf 87' lang='lat' dir='ltr'><strong>quoque</strong></span> <span class='ocrx_word' id='word_1_639' title='bbox 1065 4887 1128 4927; x_wconf 90' lang='lat' dir='ltr'><strong>ac</strong></span> <span class='ocrx_word' id='word_1_640' title='bbox 1178 4872 1458 4942; x_wconf 87' lang='lat' dir='ltr'><strong>lapidem,</strong></span> <span class='ocrx_word' id='word_1_641' title='bbox 1511 4873 1760 4930; x_wconf 77' lang='lat' dir='ltr'><strong>arborem</strong></span> 
     </span>
    </p>
   </div>
   <div class='ocr_carea' id='block_1_81' title="bbox 169 4962 1764 5035">
    <p class='ocr_par' dir='ltr' id='par_1_81' title="bbox 169 4962 1764 5035">
     <span class='ocr_line' id='line_1_81' title="bbox 169 4962 1764 5035; baseline 0.004 -19"><span class='ocrx_word' id='word_1_642' title='bbox 169 4962 428 5028; x_wconf 88' lang='lat' dir='ltr'><strong>etiam,et</strong></span> <span class='ocrx_word' id='word_1_643' title='bbox 454 4964 692 5035; x_wconf 89' lang='lat' dir='ltr'><strong>gladium</strong></span> <span class='ocrx_word' id='word_1_644' title='bbox 720 4965 991 5022; x_wconf 86' lang='lat' dir='ltr'><strong>dicimus:</strong></span> <span class='ocrx_word' id='word_1_645' title='bbox 1048 4967 1116 5021; x_wconf 89' lang='lat' dir='ltr'><strong>ita</strong></span> <span class='ocrx_word' id='word_1_646' title='bbox 1162 4975 1218 5021; x_wconf 88' lang='lat' dir='ltr'><strong>et</strong></span> <span class='ocrx_word' id='word_1_647' title='bbox 1257 4981 1477 5022; x_wconf 89' lang='lat' dir='ltr'><strong>corvum</strong></span> <span class='ocrx_word' id='word_1_648' title='bbox 1517 4965 1764 5022; x_wconf 80' lang='lat' dir='ltr'><strong>fortassis</strong></span> 
     </span>
    </p>
   </div>
   <div class='ocr_carea' id='block_1_82' title="bbox 171 5052 1763 5129">
    <p class='ocr_par' dir='ltr' id='par_1_82' title="bbox 171 5052 1763 5129">
     <span class='ocr_line' id='line_1_82' title="bbox 171 5052 1763 5129; baseline 0.003 -20"><span class='ocrx_word' id='word_1_649' title='bbox 171 5052 350 5110; x_wconf 88' lang='lat' dir='ltr'><strong>dicere</strong></span> <span class='ocrx_word' id='word_1_650' title='bbox 381 5071 690 5126; x_wconf 86' lang='lat' dir='ltr'><strong>possumus.</strong></span> <span class='ocrx_word' id='word_1_651' title='bbox 720 5059 854 5115; x_wconf 85' lang='lat' dir='ltr'><strong>Nam</strong></span> <span class='ocrx_word' id='word_1_652' title='bbox 881 5068 937 5115; x_wconf 91' lang='lat' dir='ltr'><strong>et</strong></span> <span class='ocrx_word' id='word_1_653' title='bbox 967 5073 1160 5129; x_wconf 88' lang='lat' dir='ltr'><strong>sponsa</strong></span> <span class='ocrx_word' id='word_1_654' title='bbox 1188 5059 1458 5125; x_wconf 90' lang='lat' dir='ltr'><strong>Ecclesia,</strong></span> <span class='ocrx_word' id='word_1_655' title='bbox 1495 5059 1636 5113; x_wconf 91' lang='lat' dir='ltr'><strong>inter</strong></span> <span class='ocrx_word' id='word_1_656' title='bbox 1657 5073 1763 5113; x_wconf 74' lang='lat' dir='ltr'><strong>cae-</strong></span> 
     </span>
    </p>
   </div>
   <div class='ocr_carea' id='block_1_83' title="bbox 175 5149 1763 5220">
    <p class='ocr_par' dir='ltr' id='par_1_83' title="bbox 175 5149 1763 5220">
     <span class='ocr_line' id='line_1_83' title="bbox 175 5149 1763 5220; baseline 0.003 -18"><span class='ocrx_word' id='word_1_657' title='bbox 175 5156 283 5203; x_wconf 88' lang='lat' dir='ltr'><strong>tera</strong></span> <span class='ocrx_word' id='word_1_658' title='bbox 313 5151 585 5220; x_wconf 64' lang='lat' dir='ltr'><strong>praeconia</strong></span> <span class='ocrx_word' id='word_1_659' title='bbox 632 5152 811 5208; x_wconf 87' lang='lat' dir='ltr'><strong>laudis</strong></span> <span class='ocrx_word' id='word_1_660' title='bbox 841 5151 910 5208; x_wconf 88' lang='lat' dir='ltr'><strong>de</strong></span> <span class='ocrx_word' id='word_1_661' title='bbox 937 5153 1178 5218; x_wconf 88' lang='lat' dir='ltr'><strong>Christo,</strong></span> <span class='ocrx_word' id='word_1_662' title='bbox 1232 5153 1302 5207; x_wconf 88' lang='lat' dir='ltr'><strong>ita</strong></span> <span class='ocrx_word' id='word_1_663' title='bbox 1337 5152 1405 5205; x_wconf 86' lang='lat' dir='ltr'><strong>ait</strong></span> <span class='ocrx_word' id='word_1_664' title='bbox 1454 5152 1507 5205; x_wconf 93' lang='lat' dir='ltr'><strong>in</strong></span> <span class='ocrx_word' id='word_1_665' title='bbox 1537 5149 1763 5208; x_wconf 81' lang='lat' dir='ltr'><strong>Catttico</strong></span> 
     </span>
    </p>
   </div>
   <div class='ocr_carea' id='block_1_84' title="bbox 169 5244 1764 5318">
    <p class='ocr_par' dir='ltr' id='par_1_84' title="bbox 169 5244 1764 5318">
     <span class='ocr_line' id='line_1_84' title="bbox 169 5244 1764 5318; baseline 0.005 -22"><span class='ocrx_word' id='word_1_666' title='bbox 169 5244 501 5300; x_wconf 85' lang='lat' dir='ltr'><strong>canticorum</strong></span> <span class='ocrx_word' id='word_1_667' title='bbox 534 5264 548 5299; x_wconf 90' lang='lat'><strong>:</strong></span> <span class='ocrx_word' id='word_1_668' title='bbox 575 5246 753 5302; x_wconf 85' lang='lat' dir='ltr'><strong>Crines</strong></span> <span class='ocrx_word' id='word_1_669' title='bbox 776 5248 889 5318; x_wconf 84' lang='lat' dir='ltr'><strong>ejus</strong></span> <span class='ocrx_word' id='word_1_670' title='bbox 911 5257 964 5302; x_wconf 89' lang='lat' dir='ltr'><strong>ut</strong></span> <span class='ocrx_word' id='word_1_671' title='bbox 991 5248 1190 5313; x_wconf 87' lang='lat' dir='ltr'><strong>abietis,</strong></span> <span class='ocrx_word' id='word_1_672' title='bbox 1221 5249 1358 5318; x_wconf 84' lang='lat' dir='ltr'><strong>nigri</strong></span> <span class='ocrx_word' id='word_1_673' title='bbox 1380 5247 1511 5301; x_wconf 86' lang='lat' dir='ltr'><strong>sicut</strong></span> <span class='ocrx_word' id='word_1_674' title='bbox 1536 5264 1717 5303; x_wconf 85' lang='lat' dir='ltr'><strong>corvus</strong></span> <span class='ocrx_word' id='word_1_675' title='bbox 1743 5264 1764 5304; x_wconf 89' lang='lat'><strong><em>:</em></strong></span> 
     </span>
    </p>
   </div>
   <div class='ocr_carea' id='block_1_85' title="bbox 171 5335 1764 5411">
    <p class='ocr_par' dir='ltr' id='par_1_85' title="bbox 171 5335 1764 5411">
     <span class='ocr_line' id='line_1_85' title="bbox 171 5335 1764 5411; baseline 0.004 -20"><span class='ocrx_word' id='word_1_676' title='bbox 171 5335 262 5391; x_wconf 86' lang='lat' dir='ltr'><strong>sed</strong></span> <span class='ocrx_word' id='word_1_677' title='bbox 289 5339 504 5407; x_wconf 87' lang='lat' dir='ltr'><strong>quando</strong></span> <span class='ocrx_word' id='word_1_678' title='bbox 544 5339 767 5397; x_wconf 87' lang='lat' dir='ltr'><strong>diabolo</strong></span> <span class='ocrx_word' id='word_1_679' title='bbox 809 5344 957 5397; x_wconf 90' lang='lat' dir='ltr'><strong>corvi</strong></span> <span class='ocrx_word' id='word_1_680' title='bbox 989 5357 1187 5398; x_wconf 89' lang='lat' dir='ltr'><strong>nomen</strong></span> <span class='ocrx_word' id='word_1_681' title='bbox 1213 5350 1484 5411; x_wconf 88' lang='lat' dir='ltr'><strong>aptantus,</strong></span> <span class='ocrx_word' id='word_1_682' title='bbox 1530 5341 1764 5398; x_wconf 85' lang='lat' dir='ltr'><strong>dicimus</strong></span> 
     </span>
    </p>
   </div>
   <div class='ocr_carea' id='block_1_86' title="bbox 171 5433 1761 5506">
    <p class='ocr_par' dir='ltr' id='par_1_86' title="bbox 171 5433 1761 5506">
     <span class='ocr_line' id='line_1_86' title="bbox 171 5433 1761 5506; baseline 0.003 -20"><span class='ocrx_word' id='word_1_683' title='bbox 171 5445 289 5486; x_wconf 91' lang='lat' dir='ltr'><strong>eum</strong></span> <span class='ocrx_word' id='word_1_684' title='bbox 308 5433 516 5503; x_wconf 88' lang='lat' dir='ltr'><strong>nigrum</strong></span> <span class='ocrx_word' id='word_1_685' title='bbox 538 5435 871 5492; x_wconf 89' lang='lat' dir='ltr'><strong>criminibus</strong></span> <span class='ocrx_word' id='word_1_686' title='bbox 895 5446 1059 5506; x_wconf 89' lang='lat' dir='ltr'><strong>atque</strong></span> <span class='ocrx_word' id='word_1_687' title='bbox 1083 5443 1303 5503; x_wconf 87' lang='lat' dir='ltr'><strong>tetrum,</strong></span> <span class='ocrx_word' id='word_1_688' title='bbox 1328 5445 1383 5491; x_wconf 91' lang='lat' dir='ltr'><strong>et</strong></span> <span class='ocrx_word' id='word_1_689' title='bbox 1407 5437 1497 5506; x_wconf 90' lang='lat' dir='ltr'><strong>qui</strong></span> <span class='ocrx_word' id='word_1_690' title='bbox 1529 5435 1580 5489; x_wconf 92' lang='lat' dir='ltr'><strong>in</strong></span> <span class='ocrx_word' id='word_1_691' title='bbox 1607 5445 1761 5491; x_wconf 83' lang='lat' dir='ltr'><strong>tene-</strong></span> 
     </span>
    </p>
   </div>
   <div class='ocr_carea' id='block_1_87' title="bbox 171 5524 1760 5599">
    <p class='ocr_par' dir='ltr' id='par_1_87' title="bbox 171 5524 1760 5599">
     <span class='ocr_line' id='line_1_87' title="bbox 171 5524 1760 5599; baseline 0.005 -22"><span class='ocrx_word' id='word_1_692' title='bbox 171 5524 281 5578; x_wconf 86' lang='lat' dir='ltr'><strong>bris</strong></span> <span class='ocrx_word' id='word_1_693' title='bbox 317 5528 680 5598; x_wconf 86' lang='lat' dir='ltr'><strong>nequitiarum</strong></span> <span class='ocrx_word' id='word_1_694' title='bbox 710 5539 1100 5586; x_wconf 86' lang='lat' dir='ltr'><strong>commoretur.</strong></span> <span class='ocrx_word' id='word_1_695' title='bbox 1131 5530 1359 5599; x_wconf 86' lang='lat' dir='ltr'><strong>Quando</strong></span> <span class='ocrx_word' id='word_1_696' title='bbox 1389 5545 1520 5586; x_wconf 84' lang='lat' dir='ltr'><strong>vero</strong></span> <span class='ocrx_word' id='word_1_697' title='bbox 1562 5544 1628 5584; x_wconf 91' lang='lat' dir='ltr'><strong>eo</strong></span> <span class='ocrx_word' id='word_1_698' title='bbox 1659 5545 1760 5584; x_wconf 79' lang='grc' dir='ltr'><strong>ηο-</strong></span> 
     </span>
    </p>
   </div>
   <div class='ocr_carea' id='block_1_88' title="bbox 173 5612 1758 5694">
    <p class='ocr_par' dir='ltr' id='par_1_88' title="bbox 173 5612 1758 5694">
     <span class='ocr_line' id='line_1_88' title="bbox 173 5612 1758 5694; baseline 0.006 -24"><span class='ocrx_word' id='word_1_699' title='bbox 173 5612 311 5672; x_wconf 88' lang='lat' dir='ltr'><strong>mine</strong></span> <span class='ocrx_word' id='word_1_700' title='bbox 353 5618 690 5677; x_wconf 88' lang='lat' dir='ltr'><strong>Salvatorem</strong></span> <span class='ocrx_word' id='word_1_701' title='bbox 736 5621 1027 5689; x_wconf 80' lang='lat' dir='ltr'><strong>signiﬁcari</strong></span> <span class='ocrx_word' id='word_1_702' title='bbox 1060 5623 1326 5692; x_wconf 87' lang='lat' dir='ltr'><strong>dicimus,</strong></span> <span class='ocrx_word' id='word_1_703' title='bbox 1379 5622 1758 5694; x_wconf 86' lang='lat' dir='ltr'><strong>mysteriorum</strong></span> 
     </span>
    </p>
   </div>
   <div class='ocr_carea' id='block_1_89' title="bbox 176 5709 1761 5784">
    <p class='ocr_par' dir='ltr' id='par_1_89' title="bbox 176 5709 1761 5784">
     <span class='ocr_line' id='line_1_89' title="bbox 176 5709 1761 5784; baseline 0.008 -22"><span class='ocrx_word' id='word_1_704' title='bbox 176 5709 378 5765; x_wconf 84' lang='lat' dir='ltr'><strong>arcanis</strong></span> <span class='ocrx_word' id='word_1_705' title='bbox 409 5728 540 5777; x_wconf 84' lang='lat' dir='ltr'><strong>eum</strong></span> <span class='ocrx_word' id='word_1_706' title='bbox 582 5713 636 5770; x_wconf 92' lang='lat' dir='ltr'><strong>in</strong></span> <span class='ocrx_word' id='word_1_707' title='bbox 671 5714 966 5784; x_wconf 89' lang='lat' dir='ltr'><strong>Scripturis</strong></span> <span class='ocrx_word' id='word_1_708' title='bbox 1003 5716 1119 5771; x_wconf 89' lang='lat' dir='ltr'><strong>suis</strong></span> <span class='ocrx_word' id='word_1_709' title='bbox 1144 5716 1591 5772; x_wconf 88' lang='lat' dir='ltr'><strong>obscurissimum</strong></span> <span class='ocrx_word' id='word_1_710' title='bbox 1639 5730 1761 5774; x_wconf 83' lang='lat' dir='ltr'><strong>esse</strong></span> 
     </span>
    </p>
   </div>
   <div class='ocr_carea' id='block_1_90' title="bbox 177 5801 1760 5878">
    <p class='ocr_par' dir='ltr' id='par_1_90' title="bbox 177 5801 1760 5878">
     <span class='ocr_line' id='line_1_90' title="bbox 177 5801 1760 5878; baseline 0.008 -23"><span class='ocrx_word' id='word_1_711' title='bbox 177 5801 449 5863; x_wconf 80' lang='lat' dir='ltr'><strong>sentimus.</strong></span> <span class='ocrx_word' id='word_1_712' title='bbox 501 5807 567 5863; x_wconf 85' lang='lat' dir='ltr'><strong>Et</strong></span> <span class='ocrx_word' id='word_1_713' title='bbox 616 5823 739 5864; x_wconf 91' lang='lat' dir='ltr'><strong>cum</strong></span> <span class='ocrx_word' id='word_1_714' title='bbox 776 5810 1013 5864; x_wconf 84' lang='lat' dir='ltr'><strong>sciamus</strong></span> <span class='ocrx_word' id='word_1_715' title='bbox 1056 5806 1332 5864; x_wconf 80' lang='lat' dir='ltr'><strong>diabolum</strong></span> <span class='ocrx_word' id='word_1_716' title='bbox 1381 5809 1433 5863; x_wconf 92' lang='lat' dir='ltr'><strong>in</strong></span> <span class='ocrx_word' id='word_1_717' title='bbox 1465 5807 1760 5878; x_wconf 82' lang='lat' dir='ltr'><strong>Scripturis</strong></span> 
     </span>
    </p>
   </div>
   <div class='ocr_carea' id='block_1_91' title="bbox 1863 3278 3466 3351">
    <p class='ocr_par' dir='ltr' id='par_1_91' title="bbox 1863 3278 3466 3351">
     <span class='ocr_line' id='line_1_91' title="bbox 1863 3278 3466 3351; baseline 0.001 -18"><span class='ocrx_word' id='word_1_718' title='bbox 1863 3291 1967 3336; x_wconf 89' lang='lat' dir='ltr'><strong>tem</strong></span> <span class='ocrx_word' id='word_1_719' title='bbox 1984 3281 2266 3350; x_wconf 88' lang='lat' dir='ltr'><strong>quamdam</strong></span> <span class='ocrx_word' id='word_1_720' title='bbox 2281 3280 2464 3336; x_wconf 66' lang='lat' dir='ltr'><strong>Saeculi</strong></span> <span class='ocrx_word' id='word_1_721' title='bbox 2485 3279 2645 3334; x_wconf 77' lang='lat' dir='ltr'><strong>futuri</strong></span> <span class='ocrx_word' id='word_1_722' title='bbox 2661 3279 3000 3351; x_wconf 86' lang='lat' dir='ltr'><strong>perveniant.</strong></span> <span class='ocrx_word' id='word_1_723' title='bbox 3021 3279 3154 3334; x_wconf 83' lang='lat' dir='ltr'><strong>Nam</strong></span> <span class='ocrx_word' id='word_1_724' title='bbox 3170 3279 3301 3334; x_wconf 87' lang='lat' dir='ltr'><strong>etad</strong></span> <span class='ocrx_word' id='word_1_725' title='bbox 3319 3278 3466 3335; x_wconf 89' lang='lat' dir='ltr'><strong>hunc</strong></span> 
     </span>
    </p>
   </div>
   <div class='ocr_carea' id='block_1_92' title="bbox 1862 3371 3466 3443">
    <p class='ocr_par' dir='ltr' id='par_1_92' title="bbox 1862 3371 3466 3443">
     <span class='ocr_line' id='line_1_92' title="bbox 1862 3371 3466 3443; baseline 0 -17"><span class='ocrx_word' id='word_1_726' title='bbox 1862 3373 2201 3430; x_wconf 88' lang='lat' dir='ltr'><strong>intellectum</strong></span> <span class='ocrx_word' id='word_1_727' title='bbox 2237 3371 2576 3443; x_wconf 86' lang='lat' dir='ltr'><strong>spiritualem</strong></span> <span class='ocrx_word' id='word_1_728' title='bbox 2612 3373 2866 3442; x_wconf 88' lang='lat' dir='ltr'><strong>pertinet,</strong></span> <span class='ocrx_word' id='word_1_729' title='bbox 2891 3372 3034 3443; x_wconf 91' lang='lat' dir='ltr'><strong>quod</strong></span> <span class='ocrx_word' id='word_1_730' title='bbox 3053 3372 3309 3428; x_wconf 88' lang='lat' dir='ltr'><strong>corviisti</strong></span> <span class='ocrx_word' id='word_1_731' title='bbox 3343 3386 3466 3426; x_wconf 87' lang='lat' dir='ltr'><strong>rore</strong></span> 
     </span>
    </p>
   </div>
   <div class='ocr_carea' id='block_1_93' title="bbox 1863 3464 3458 3536">
    <p class='ocr_par' dir='ltr' id='par_1_93' title="bbox 1863 3464 3458 3536">
     <span class='ocr_line' id='line_1_93' title="bbox 1863 3464 3458 3536; baseline 0.002 -20"><span class='ocrx_word' id='word_1_732' title='bbox 1863 3466 2009 3534; x_wconf 88' lang='lat' dir='ltr'><strong>pasci</strong></span> <span class='ocrx_word' id='word_1_733' title='bbox 2033 3465 2310 3532; x_wconf 91' lang='lat' dir='ltr'><strong>dicuntur,</strong></span> <span class='ocrx_word' id='word_1_734' title='bbox 2341 3465 2486 3520; x_wconf 88' lang='lat' dir='ltr'><strong>sicut</strong></span> <span class='ocrx_word' id='word_1_735' title='bbox 2510 3464 2767 3536; x_wconf 84' lang='lat' dir='ltr'><strong>philologi</strong></span> <span class='ocrx_word' id='word_1_736' title='bbox 2791 3480 2850 3520; x_wconf 90' lang='lat' dir='ltr'><strong>se</strong></span> <span class='ocrx_word' id='word_1_737' title='bbox 2873 3466 3119 3521; x_wconf 77' lang='lat' dir='ltr'><strong>referunt</strong></span> <span class='ocrx_word' id='word_1_738' title='bbox 3150 3464 3458 3536; x_wconf 86' lang='lat' dir='ltr'><strong>indagasse.</strong></span> 
     </span>
    </p>
   </div>
   <div class='ocr_carea' id='block_1_94' title="bbox 2398 3578 2916 3636">
    <p class='ocr_par' dir='ltr' id='par_1_94' title="bbox 2398 3578 2916 3636">
     <span class='ocr_line' id='line_1_94' title="bbox 2398 3578 2916 3636; baseline -0.004 -2"><span class='ocrx_word' id='word_1_739' title='bbox 2398 3578 2628 3636; x_wconf 78' lang='lat' dir='ltr'><strong>CAPUT</strong></span> <span class='ocrx_word' id='word_1_740' title='bbox 2666 3579 2916 3636; x_wconf 79' lang='lat' dir='ltr'><strong>XXXIX.</strong></span> 
     </span>
    </p>
   </div>
   <div class='ocr_carea' id='block_1_95' title="bbox 1933 3674 3448 3744">
    <p class='ocr_par' dir='ltr' id='par_1_95' title="bbox 1933 3674 3448 3744">
     <span class='ocr_line' id='line_1_95' title="bbox 1933 3674 3448 3744; baseline 0.001 -14"><span class='ocrx_word' id='word_1_741' title='bbox 1933 3674 2206 3744; x_wconf 85' lang='lat' dir='ltr'><strong>Numquid</strong></span> <span class='ocrx_word' id='word_1_742' title='bbox 2239 3675 2371 3728; x_wconf 80' lang='lat' dir='ltr'><strong>nosti</strong></span> <span class='ocrx_word' id='word_1_743' title='bbox 2413 3685 2611 3744; x_wconf 86' lang='lat' dir='ltr'><strong>tempus</strong></span> <span class='ocrx_word' id='word_1_744' title='bbox 2638 3685 2820 3744; x_wconf 83' lang='lat' dir='ltr'><strong>partus</strong></span> <span class='ocrx_word' id='word_1_745' title='bbox 2850 3674 3038 3728; x_wconf 88' lang='lat' dir='ltr'><strong>ibicum</strong></span> <span class='ocrx_word' id='word_1_746' title='bbox 3072 3675 3123 3729; x_wconf 91' lang='lat' dir='ltr'><strong>in</strong></span> <span class='ocrx_word' id='word_1_747' title='bbox 3155 3676 3335 3744; x_wconf 79' lang='lat' dir='ltr'><strong>patris,</strong></span> <span class='ocrx_word' id='word_1_748' title='bbox 3368 3675 3448 3732; x_wconf 85' lang='lat' dir='ltr'><strong>vel</strong></span> 
     </span>
    </p>
   </div>
   <div class='ocr_carea' id='block_1_96' title="bbox 1861 3765 3467 3837">
    <p class='ocr_par' dir='ltr' id='par_1_96' title="bbox 1861 3765 3467 3837">
     <span class='ocr_line' id='line_1_96' title="bbox 1861 3765 3467 3837; baseline 0.001 -15"><span class='ocrx_word' id='word_1_749' title='bbox 1861 3769 2201 3837; x_wconf 80' lang='lat' dir='ltr'><strong>parturientes</strong></span> <span class='ocrx_word' id='word_1_750' title='bbox 2232 3782 2405 3821; x_wconf 73' lang='lat' dir='ltr'><strong>cervas</strong></span> <span class='ocrx_word' id='word_1_751' title='bbox 2436 3767 2711 3820; x_wconf 79' lang='lat' dir='ltr'><strong>observasti</strong></span> <span class='ocrx_word' id='word_1_752' title='bbox 2735 3768 2758 3820; x_wconf 78' lang='grc'><em>7</em></span> <span class='ocrx_word' id='word_1_753' title='bbox 2785 3765 2958 3822; x_wconf 88' lang='lat' dir='ltr'><strong>lbices</strong></span> <span class='ocrx_word' id='word_1_754' title='bbox 2991 3765 3094 3835; x_wconf 88' lang='lat' dir='ltr'><strong>ipsi</strong></span> <span class='ocrx_word' id='word_1_755' title='bbox 3127 3777 3283 3829; x_wconf 90' lang='lat' dir='ltr'><strong>sunt,</strong></span> <span class='ocrx_word' id='word_1_756' title='bbox 3325 3782 3467 3836; x_wconf 89' lang='lat' dir='ltr'><strong>quos</strong></span> 
     </span>
    </p>
   </div>
   <div class='ocr_carea' id='block_1_97' title="bbox 1862 3856 3468 3928">
    <p class='ocr_par' dir='ltr' id='par_1_97' title="bbox 1862 3856 3468 3928">
     <span class='ocr_line' id='line_1_97' title="bbox 1862 3856 3468 3928; baseline -0.001 -14"><span class='ocrx_word' id='word_1_757' title='bbox 1862 3858 2033 3914; x_wconf 73' lang='lat' dir='ltr'><strong>Grtrci</strong></span> <span class='ocrx_word' id='word_1_758' title='bbox 2072 3857 2422 3928; x_wconf 83' lang='lat' dir='ltr'><strong>tragelapltos</strong></span> <span class='ocrx_word' id='word_1_759' title='bbox 2460 3865 2688 3922; x_wconf 87' lang='lat' dir='ltr'><strong>vocant,</strong></span> <span class='ocrx_word' id='word_1_760' title='bbox 2718 3856 2961 3911; x_wconf 78' lang='lat' dir='ltr'><strong>admixto</strong></span> <span class='ocrx_word' id='word_1_761' title='bbox 2991 3856 3209 3911; x_wconf 88' lang='lat' dir='ltr'><strong>nomine</strong></span> <span class='ocrx_word' id='word_1_762' title='bbox 3238 3856 3373 3912; x_wconf 87' lang='lat' dir='ltr'><strong>hirci</strong></span> <span class='ocrx_word' id='word_1_763' title='bbox 3410 3865 3468 3912; x_wconf 89' lang='lat' dir='ltr'><strong>et</strong></span> 
     </span>
    </p>
   </div>
   <div class='ocr_carea' id='block_1_98' title="bbox 1861 3948 3461 4022">
    <p class='ocr_par' dir='ltr' id='par_1_98' title="bbox 1861 3948 3461 4022">
     <span class='ocr_line' id='line_1_98' title="bbox 1861 3948 3461 4022; baseline -0.004 -12"><span class='ocrx_word' id='word_1_764' title='bbox 1861 3953 2033 4018; x_wconf 86' lang='lat' dir='ltr'><strong>cervi,</strong></span> <span class='ocrx_word' id='word_1_765' title='bbox 2056 3967 2122 4008; x_wconf 91' lang='lat' dir='ltr'><strong>eo</strong></span> <span class='ocrx_word' id='word_1_766' title='bbox 2145 3951 2286 4022; x_wconf 89' lang='lat' dir='ltr'><strong>quod</strong></span> <span class='ocrx_word' id='word_1_767' title='bbox 2316 3966 2541 4007; x_wconf 89' lang='lat' dir='ltr'><strong>necesse</strong></span> <span class='ocrx_word' id='word_1_768' title='bbox 2563 3959 2668 4016; x_wconf 87' lang='lat' dir='ltr'><strong>est,</strong></span> <span class='ocrx_word' id='word_1_769' title='bbox 2703 3959 2759 4004; x_wconf 95' lang='lat' dir='ltr'><strong>ut</strong></span> <span class='ocrx_word' id='word_1_770' title='bbox 2781 3949 2959 4005; x_wconf 82' lang='lat' dir='ltr'><strong>simile</strong></span> <span class='ocrx_word' id='word_1_771' title='bbox 2986 3949 3088 4004; x_wconf 84' lang='lat' dir='ltr'><strong>sibi</strong></span> <span class='ocrx_word' id='word_1_772' title='bbox 3118 3948 3321 4019; x_wconf 84' lang='lat' dir='ltr'><strong>aliquid</strong></span> <span class='ocrx_word' id='word_1_773' title='bbox 3345 3949 3461 4004; x_wconf 49' lang='lat' dir='ltr'><strong>hate</strong></span> 
     </span>
    </p>
   </div>
   <div class='ocr_carea' id='block_1_99' title="bbox 1862 4041 3466 4114">
    <p class='ocr_par' dir='ltr' id='par_1_99' title="bbox 1862 4041 3466 4114">
     <span class='ocr_line' id='line_1_99' title="bbox 1862 4041 3466 4114; baseline -0.001 -13"><span class='ocrx_word' id='word_1_774' title='bbox 1862 4046 2116 4103; x_wconf 87' lang='lat' dir='ltr'><strong>animalia</strong></span> <span class='ocrx_word' id='word_1_775' title='bbox 2152 4045 2406 4114; x_wconf 85' lang='lat' dir='ltr'><strong>habeant,</strong></span> <span class='ocrx_word' id='word_1_776' title='bbox 2450 4054 2504 4100; x_wconf 88' lang='lat' dir='ltr'><strong>et</strong></span> <span class='ocrx_word' id='word_1_777' title='bbox 2533 4059 2696 4099; x_wconf 91' lang='lat' dir='ltr'><strong>unum</strong></span> <span class='ocrx_word' id='word_1_778' title='bbox 2744 4042 2938 4098; x_wconf 91' lang='lat' dir='ltr'><strong>horttm</strong></span> <span class='ocrx_word' id='word_1_779' title='bbox 2968 4054 3098 4112; x_wconf 89' lang='lat' dir='ltr'><strong>puto</strong></span> <span class='ocrx_word' id='word_1_780' title='bbox 3139 4043 3194 4100; x_wconf 91' lang='lat' dir='ltr'><strong>in</strong></span> <span class='ocrx_word' id='word_1_781' title='bbox 3223 4041 3466 4099; x_wconf 81' lang='lat' dir='ltr'><strong>Cantieis</strong></span> 
     </span>
    </p>
   </div>
   <div class='ocr_carea' id='block_1_100' title="bbox 1861 4133 3457 4206">
    <p class='ocr_par' dir='ltr' id='par_1_100' title="bbox 1861 4133 3457 4206">
     <span class='ocr_line' id='line_1_100' title="bbox 1861 4133 3457 4206; baseline -0.004 -12"><span class='ocrx_word' id='word_1_782' title='bbox 1861 4139 2200 4195; x_wconf 88' lang='lat' dir='ltr'><strong>canticorum</strong></span> <span class='ocrx_word' id='word_1_783' title='bbox 2225 4137 2497 4194; x_wconf 87' lang='lat' dir='ltr'><strong>datnnlam</strong></span> <span class='ocrx_word' id='word_1_784' title='bbox 2531 4135 2739 4202; x_wconf 86' lang='lat' dir='ltr'><strong>vocari,</strong></span> <span class='ocrx_word' id='word_1_785' title='bbox 2782 4150 2905 4204; x_wconf 64' lang='lat' dir='ltr'><strong>quae</strong></span> <span class='ocrx_word' id='word_1_786' title='bbox 2935 4133 3249 4206; x_wconf 89' lang='lat' dir='ltr'><strong>aliquando,</strong></span> <span class='ocrx_word' id='word_1_787' title='bbox 3281 4143 3335 4189; x_wconf 88' lang='lat' dir='ltr'><strong>et</strong></span> <span class='ocrx_word' id='word_1_788' title='bbox 3363 4149 3457 4188; x_wconf 85' lang='lat' dir='ltr'><strong>ca-</strong></span> 
     </span>
    </p>
   </div>
   <div class='ocr_carea' id='block_1_101' title="bbox 1863 4224 3467 4304">
    <p class='ocr_par' dir='ltr' id='par_1_101' title="bbox 1863 4224 3467 4304">
     <span class='ocr_line' id='line_1_101' title="bbox 1863 4224 3467 4304; baseline -0.004 -15"><span class='ocrx_word' id='word_1_789' title='bbox 1863 4249 2016 4304; x_wconf 90' lang='lat' dir='ltr'><strong>prea,</strong></span> <span class='ocrx_word' id='word_1_790' title='bbox 2048 4231 2344 4289; x_wconf 86' lang='lat' dir='ltr'><strong>secundum</strong></span> <span class='ocrx_word' id='word_1_791' title='bbox 2386 4231 2559 4301; x_wconf 81' lang='lat' dir='ltr'><strong>legem</strong></span> <span class='ocrx_word' id='word_1_792' title='bbox 2591 4229 2987 4285; x_wconf 86' lang='lat' dir='ltr'><strong>mactabantnr.</strong></span> <span class='ocrx_word' id='word_1_793' title='bbox 3048 4227 3115 4282; x_wconf 78' lang='lat' dir='ltr'><strong>Et</strong></span> <span class='ocrx_word' id='word_1_794' title='bbox 3147 4228 3198 4283; x_wconf 93' lang='lat' dir='ltr'><strong>in</strong></span> <span class='ocrx_word' id='word_1_795' title='bbox 3236 4224 3467 4282; x_wconf 85' lang='lat' dir='ltr'><strong>Cantico</strong></span> 
     </span>
    </p>
   </div>
   <div class='ocr_carea' id='block_1_102' title="bbox 1862 4308 3472 4392">
    <p class='ocr_par' dir='ltr' id='par_1_102' title="bbox 1862 4308 3472 4392">
     <span class='ocr_line' id='line_1_102' title="bbox 1862 4308 3472 4392; baseline -0.002 -13"><span class='ocrx_word' id='word_1_796' title='bbox 1862 4308 2197 4380; x_wconf 81' lang='lat' dir='ltr'><strong>canticorum</strong></span> <span class='ocrx_word' id='word_1_797' title='bbox 2225 4324 2424 4381; x_wconf 90' lang='lat' dir='ltr'><strong>crebro</strong></span> <span class='ocrx_word' id='word_1_798' title='bbox 2451 4323 2611 4378; x_wconf 82' lang='lat' dir='ltr'><strong>simul</strong></span> <span class='ocrx_word' id='word_1_799' title='bbox 2640 4331 2935 4392; x_wconf 89' lang='lat' dir='ltr'><strong>ponuntur,</strong></span> <span class='ocrx_word' id='word_1_800' title='bbox 2970 4331 3018 4376; x_wconf 84' lang='lat' dir='ltr'><strong>et</strong></span> <span class='ocrx_word' id='word_1_801' title='bbox 3052 4319 3256 4377; x_wconf 87' lang='lat' dir='ltr'><strong>munda</strong></span> <span class='ocrx_word' id='word_1_802' title='bbox 3285 4319 3472 4390; x_wconf 83' lang='lat' dir='ltr'><strong>appel-</strong></span> 
     </span>
    </p>
   </div>
   <div class='ocr_carea' id='block_1_103' title="bbox 1866 4414 3470 4488">
    <p class='ocr_par' dir='ltr' id='par_1_103' title="bbox 1866 4414 3470 4488">
     <span class='ocr_line' id='line_1_103' title="bbox 1866 4414 3470 4488; baseline -0.003 -18"><span class='ocrx_word' id='word_1_803' title='bbox 1866 4419 2064 4484; x_wconf 87' lang='lat' dir='ltr'><strong>lantur,</strong></span> <span class='ocrx_word' id='word_1_804' title='bbox 2097 4418 2352 4488; x_wconf 83' lang='lat' dir='ltr'><strong>quoniam</strong></span> <span class='ocrx_word' id='word_1_805' title='bbox 2376 4425 2602 4472; x_wconf 87' lang='lat' dir='ltr'><strong>cornuta</strong></span> <span class='ocrx_word' id='word_1_806' title='bbox 2633 4425 2839 4482; x_wconf 89' lang='lat' dir='ltr'><strong>essent,</strong></span> <span class='ocrx_word' id='word_1_807' title='bbox 2865 4423 2922 4468; x_wconf 90' lang='lat' dir='ltr'><strong>et</strong></span> <span class='ocrx_word' id='word_1_808' title='bbox 2964 4414 3322 4479; x_wconf 89' lang='lat' dir='ltr'><strong>ruminarenl,</strong></span> <span class='ocrx_word' id='word_1_809' title='bbox 3367 4427 3470 4466; x_wconf 93' lang='lat' dir='ltr'><strong>un-</strong></span> 
     </span>
    </p>
   </div>
   <div class='ocr_carea' id='block_1_104' title="bbox 1863 4502 3470 4578">
    <p class='ocr_par' dir='ltr' id='par_1_104' title="bbox 1863 4502 3470 4578">
     <span class='ocr_line' id='line_1_104' title="bbox 1863 4502 3470 4578; baseline -0.002 -16"><span class='ocrx_word' id='word_1_810' title='bbox 1863 4509 2154 4578; x_wconf 84' lang='lat' dir='ltr'><strong>gulamque</strong></span> <span class='ocrx_word' id='word_1_811' title='bbox 2181 4507 2505 4564; x_wconf 85' lang='lat' dir='ltr'><strong>dividerent.</strong></span> <span class='ocrx_word' id='word_1_812' title='bbox 2546 4506 2710 4562; x_wconf 86' lang='lat' dir='ltr'><strong>Istius</strong></span> <span class='ocrx_word' id='word_1_813' title='bbox 2756 4505 2916 4561; x_wconf 91' lang='lat' dir='ltr'><strong>ibicis</strong></span> <span class='ocrx_word' id='word_1_814' title='bbox 2959 4514 3083 4561; x_wconf 89' lang='lat' dir='ltr'><strong>sunt</strong></span> <span class='ocrx_word' id='word_1_815' title='bbox 3113 4512 3172 4561; x_wconf 90' lang='lat' dir='ltr'><strong>et</strong></span> <span class='ocrx_word' id='word_1_816' title='bbox 3212 4503 3319 4559; x_wconf 89' lang='lat' dir='ltr'><strong>alia</strong></span> <span class='ocrx_word' id='word_1_817' title='bbox 3350 4502 3470 4558; x_wconf 85' lang='lat' dir='ltr'><strong>ani-</strong></span> 
     </span>
    </p>
   </div>
   <div class='ocr_carea' id='block_1_105' title="bbox 1868 4600 3473 4671">
    <p class='ocr_par' dir='ltr' id='par_1_105' title="bbox 1868 4600 3473 4671">
     <span class='ocr_line' id='line_1_105' title="bbox 1868 4600 3473 4671; baseline -0.001 -18"><span class='ocrx_word' id='word_1_818' title='bbox 1868 4601 2026 4655; x_wconf 84' lang='lat' dir='ltr'><strong>malia</strong></span> <span class='ocrx_word' id='word_1_819' title='bbox 2056 4601 2208 4671; x_wconf 87' lang='lat' dir='ltr'><strong>quasi</strong></span> <span class='ocrx_word' id='word_1_820' title='bbox 2236 4600 2477 4670; x_wconf 87' lang='lat' dir='ltr'><strong>ejusdem</strong></span> <span class='ocrx_word' id='word_1_821' title='bbox 2504 4600 2742 4670; x_wconf 84' lang='lat' dir='ltr'><strong>generis,</strong></span> <span class='ocrx_word' id='word_1_822' title='bbox 2773 4606 2830 4654; x_wconf 92' lang='lat' dir='ltr'><strong>ut</strong></span> <span class='ocrx_word' id='word_1_823' title='bbox 2852 4606 2958 4665; x_wconf 89' lang='lat' dir='ltr'><strong>est,</strong></span> <span class='ocrx_word' id='word_1_824' title='bbox 2981 4613 3297 4665; x_wconf 88' lang='lat' dir='ltr'><strong>corvorum,</strong></span> <span class='ocrx_word' id='word_1_825' title='bbox 3329 4602 3473 4659; x_wconf 87' lang='lat' dir='ltr'><strong>sicut</strong></span> 
     </span>
    </p>
   </div>
   <div class='ocr_carea' id='block_1_106' title="bbox 1869 4692 3467 4766">
    <p class='ocr_par' dir='ltr' id='par_1_106' title="bbox 1869 4692 3467 4766">
     <span class='ocr_line' id='line_1_106' title="bbox 1869 4692 3467 4766; baseline -0.002 -17"><span class='ocrx_word' id='word_1_826' title='bbox 1869 4694 1922 4750; x_wconf 90' lang='lat' dir='ltr'><strong>in</strong></span> <span class='ocrx_word' id='word_1_827' title='bbox 1959 4695 2102 4766; x_wconf 87' lang='lat' dir='ltr'><strong>Lege</strong></span> <span class='ocrx_word' id='word_1_828' title='bbox 2128 4694 2330 4750; x_wconf 91' lang='lat' dir='ltr'><strong>dicitur</strong></span> <span class='ocrx_word' id='word_1_829' title='bbox 2361 4713 2376 4748; x_wconf 71' lang='grc' dir='ltr'><em>ε</em></span> <span class='ocrx_word' id='word_1_830' title='bbox 2421 4693 2489 4752; x_wconf 84' lang='grc' dir='ltr'><strong>Ει</strong></span> <span class='ocrx_word' id='word_1_831' title='bbox 2516 4709 2688 4748; x_wconf 87' lang='lat' dir='ltr'><strong>omnes</strong></span> <span class='ocrx_word' id='word_1_832' title='bbox 2733 4692 2924 4746; x_wconf 81' lang='lat' dir='ltr'><strong>cervini</strong></span> <span class='ocrx_word' id='word_1_833' title='bbox 2961 4693 3166 4764; x_wconf 83' lang='lat' dir='ltr'><strong>generis</strong></span> <span class='ocrx_word' id='word_1_834' title='bbox 3204 4709 3321 4747; x_wconf 85' lang='lat' dir='ltr'><strong>aves</strong></span> <span class='ocrx_word' id='word_1_835' title='bbox 3361 4708 3467 4746; x_wconf 90' lang='lat' dir='ltr'><strong>non</strong></span> 
     </span>
    </p>
   </div>
   <div class='ocr_carea' id='block_1_107' title="bbox 1869 4783 3470 4855">
    <p class='ocr_par' dir='ltr' id='par_1_107' title="bbox 1869 4783 3470 4855">
     <span class='ocr_line' id='line_1_107' title="bbox 1869 4783 3470 4855; baseline -0.001 -12"><span class='ocrx_word' id='word_1_836' title='bbox 1869 4787 2264 4844; x_wconf 88' lang='lat' dir='ltr'><strong>manducabitis.</strong></span> <span class='ocrx_word' id='word_1_837' title='bbox 2309 4786 2436 4842; x_wconf 70' lang='lat' dir='ltr'><strong>Haec</strong></span> <span class='ocrx_word' id='word_1_838' title='bbox 2482 4801 2612 4855; x_wconf 90' lang='lat' dir='ltr'><strong>ergo</strong></span> <span class='ocrx_word' id='word_1_839' title='bbox 2658 4784 2942 4850; x_wconf 86' lang='lat' dir='ltr'><strong>animalia,</strong></span> <span class='ocrx_word' id='word_1_840' title='bbox 2995 4784 3080 4839; x_wconf 88' lang='lat' dir='ltr'><strong>vel</strong></span> <span class='ocrx_word' id='word_1_841' title='bbox 3129 4784 3368 4839; x_wconf 77' lang='lat' dir='ltr'><strong>maxime</strong></span> <span class='ocrx_word' id='word_1_842' title='bbox 3412 4783 3470 4842; x_wconf 87' lang='lat' dir='ltr'><strong>in</strong></span> 
     </span>
    </p>
   </div>
   <div class='ocr_carea' id='block_1_108' title="bbox 1867 4876 3467 4946">
    <p class='ocr_par' dir='ltr' id='par_1_108' title="bbox 1867 4876 3467 4946">
     <span class='ocr_line' id='line_1_108' title="bbox 1867 4876 3467 4946; baseline -0.006 -8"><span class='ocrx_word' id='word_1_843' title='bbox 1867 4883 2014 4938; x_wconf 85' lang='lat' dir='ltr'><strong>saxis</strong></span> <span class='ocrx_word' id='word_1_844' title='bbox 2058 4881 2392 4943; x_wconf 85' lang='lat' dir='ltr'><strong>nutriuntur,</strong></span> <span class='ocrx_word' id='word_1_845' title='bbox 2437 4886 2492 4934; x_wconf 91' lang='lat' dir='ltr'><strong>et</strong></span> <span class='ocrx_word' id='word_1_846' title='bbox 2537 4878 2590 4934; x_wconf 93' lang='lat' dir='ltr'><strong>in</strong></span> <span class='ocrx_word' id='word_1_847' title='bbox 2622 4878 2872 4935; x_wconf 88' lang='lat' dir='ltr'><strong>cavernis</strong></span> <span class='ocrx_word' id='word_1_848' title='bbox 2913 4885 3214 4946; x_wconf 84' lang='lat' dir='ltr'><strong>petrarum.</strong></span> <span class='ocrx_word' id='word_1_849' title='bbox 3262 4876 3467 4936; x_wconf 87' lang='lat' dir='ltr'><strong>lbicum</strong></span> 
     </span>
    </p>
   </div>
   <div class='ocr_carea' id='block_1_109' title="bbox 1869 4967 3467 5046">
    <p class='ocr_par' dir='ltr' id='par_1_109' title="bbox 1869 4967 3467 5046">
     <span class='ocr_line' id='line_1_109' title="bbox 1869 4967 3467 5046; baseline -0.006 -13"><span class='ocrx_word' id='word_1_850' title='bbox 1869 4986 2083 5046; x_wconf 89' lang='lat' dir='ltr'><strong>tempus</strong></span> <span class='ocrx_word' id='word_1_851' title='bbox 2111 4974 2330 5046; x_wconf 87' lang='lat' dir='ltr'><strong>quando</strong></span> <span class='ocrx_word' id='word_1_852' title='bbox 2366 4973 2583 5046; x_wconf 89' lang='lat' dir='ltr'><strong>pariunt</strong></span> <span class='ocrx_word' id='word_1_853' title='bbox 2619 4970 2785 5036; x_wconf 84' lang='lat' dir='ltr'><strong>nosti,</strong></span> <span class='ocrx_word' id='word_1_854' title='bbox 2813 4971 2889 5026; x_wconf 88' lang='lat' dir='ltr'><strong>ait</strong></span> <span class='ocrx_word' id='word_1_855' title='bbox 2921 4969 3181 5026; x_wconf 92' lang='lat' dir='ltr'><strong>Dominus</strong></span> <span class='ocrx_word' id='word_1_856' title='bbox 3217 4968 3281 5024; x_wconf 87' lang='lat' dir='ltr'><strong>ad</strong></span> <span class='ocrx_word' id='word_1_857' title='bbox 3309 4967 3415 5024; x_wconf 84' lang='lat' dir='ltr'><strong>Job</strong></span> <span class='ocrx_word' id='word_1_858' title='bbox 3449 4986 3467 5029; x_wconf 77' lang='grc' dir='ltr'><strong>,τ</strong></span> 
     </span>
    </p>
   </div>
   <div class='ocr_carea' id='block_1_110' title="bbox 1871 5059 3469 5139">
    <p class='ocr_par' dir='ltr' id='par_1_110' title="bbox 1871 5059 3469 5139">
     <span class='ocr_line' id='line_1_110' title="bbox 1871 5059 3469 5139; baseline -0.005 -17"><span class='ocrx_word' id='word_1_859' title='bbox 1871 5070 1952 5124; x_wconf 88' lang='lat' dir='ltr'><strong>vel</strong></span> <span class='ocrx_word' id='word_1_860' title='bbox 1979 5067 2198 5139; x_wconf 87' lang='lat' dir='ltr'><strong>quando</strong></span> <span class='ocrx_word' id='word_1_861' title='bbox 2218 5081 2396 5123; x_wconf 62' lang='lat' dir='ltr'><strong>cerva;</strong></span> <span class='ocrx_word' id='word_1_862' title='bbox 2429 5065 2738 5135; x_wconf 86' lang='lat' dir='ltr'><strong>parturiunt</strong></span> <span class='ocrx_word' id='word_1_863' title='bbox 2764 5062 3099 5120; x_wconf 88' lang='lat' dir='ltr'><strong>observasti?</strong></span> <span class='ocrx_word' id='word_1_864' title='bbox 3128 5062 3337 5128; x_wconf 87' lang='lat' dir='ltr'><strong>Quanta</strong></span> <span class='ocrx_word' id='word_1_865' title='bbox 3362 5059 3469 5121; x_wconf 86' lang='lat' dir='ltr'><strong>alia</strong></span> 
     </span>
    </p>
   </div>
   <div class='ocr_carea' id='block_1_111' title="bbox 1865 5153 3466 5229">
    <p class='ocr_par' dir='ltr' id='par_1_111' title="bbox 1865 5153 3466 5229">
     <span class='ocr_line' id='line_1_111' title="bbox 1865 5153 3466 5229; baseline -0.002 -15"><span class='ocrx_word' id='word_1_866' title='bbox 1865 5163 2060 5216; x_wconf 87' lang='lat' dir='ltr'><strong>suntin</strong></span> <span class='ocrx_word' id='word_1_867' title='bbox 2097 5159 2390 5229; x_wconf 90' lang='lat' dir='ltr'><strong>Scripturis</strong></span> <span class='ocrx_word' id='word_1_868' title='bbox 2420 5157 2588 5228; x_wconf 82' lang='lat' dir='ltr'><strong>magis</strong></span> <span class='ocrx_word' id='word_1_869' title='bbox 2615 5157 2846 5213; x_wconf 89' lang='lat' dir='ltr'><strong>obscura</strong></span> <span class='ocrx_word' id='word_1_870' title='bbox 2889 5163 3053 5224; x_wconf 88' lang='lat' dir='ltr'><strong>atque</strong></span> <span class='ocrx_word' id='word_1_871' title='bbox 3081 5154 3149 5207; x_wconf 90' lang='lat' dir='ltr'><strong>ab</strong></span> <span class='ocrx_word' id='word_1_872' title='bbox 3182 5153 3466 5210; x_wconf 87' lang='lat' dir='ltr'><strong>hominum</strong></span> 
     </span>
    </p>
   </div>
   <div class='ocr_carea' id='block_1_112' title="bbox 1867 5245 3466 5322">
    <p class='ocr_par' dir='ltr' id='par_1_112' title="bbox 1867 5245 3466 5322">
     <span class='ocr_line' id='line_1_112' title="bbox 1867 5245 3466 5322; baseline -0.006 -14"><span class='ocrx_word' id='word_1_873' title='bbox 1867 5253 2056 5309; x_wconf 86' lang='lat' dir='ltr'><strong>notitia</strong></span> <span class='ocrx_word' id='word_1_874' title='bbox 2085 5253 2242 5322; x_wconf 84' lang='lat' dir='ltr'><strong>longe</strong></span> <span class='ocrx_word' id='word_1_875' title='bbox 2271 5265 2501 5318; x_wconf 83' lang='lat' dir='ltr'><strong>remeta,</strong></span> <span class='ocrx_word' id='word_1_876' title='bbox 2534 5250 2602 5305; x_wconf 82' lang='lat' dir='ltr'><strong>de</strong></span> <span class='ocrx_word' id='word_1_877' title='bbox 2643 5249 2843 5321; x_wconf 88' lang='lat' dir='ltr'><strong>quibus</strong></span> <span class='ocrx_word' id='word_1_878' title='bbox 2871 5248 3070 5318; x_wconf 59' lang='lat' dir='ltr'><strong>aliqua</strong></span> <span class='ocrx_word' id='word_1_879' title='bbox 3098 5247 3150 5302; x_wconf 92' lang='lat' dir='ltr'><strong>in</strong></span> <span class='ocrx_word' id='word_1_880' title='bbox 3196 5245 3297 5301; x_wconf 92' lang='lat' dir='ltr'><strong>hoc</strong></span> <span class='ocrx_word' id='word_1_881' title='bbox 3324 5245 3466 5299; x_wconf 91' lang='lat' dir='ltr'><strong>libro</strong></span> 
     </span>
    </p>
   </div>
   <div class='ocr_carea' id='block_1_113' title="bbox 1865 5333 3467 5414">
    <p class='ocr_par' dir='ltr' id='par_1_113' title="bbox 1865 5333 3467 5414">
     <span class='ocr_line' id='line_1_113' title="bbox 1865 5333 3467 5414; baseline -0.005 -14"><span class='ocrx_word' id='word_1_882' title='bbox 1865 5346 1980 5414; x_wconf 70' lang='lat' dir='ltr'><strong>ipse</strong></span> <span class='ocrx_word' id='word_1_883' title='bbox 2011 5345 2273 5401; x_wconf 88' lang='lat' dir='ltr'><strong>Dominus</strong></span> <span class='ocrx_word' id='word_1_884' title='bbox 2319 5341 2538 5398; x_wconf 90' lang='lat' dir='ltr'><strong>videtur</strong></span> <span class='ocrx_word' id='word_1_885' title='bbox 2581 5341 2826 5406; x_wconf 81' lang='lat' dir='ltr'><strong>dixisse,</strong></span> <span class='ocrx_word' id='word_1_886' title='bbox 2877 5353 3036 5410; x_wconf 91' lang='lat' dir='ltr'><strong>quam</strong></span> <span class='ocrx_word' id='word_1_887' title='bbox 3088 5345 3216 5392; x_wconf 86' lang='lat' dir='ltr'><strong>sunt</strong></span> <span class='ocrx_word' id='word_1_888' title='bbox 3243 5352 3362 5407; x_wconf 74' lang='lat' dir='ltr'><strong>qum</strong></span> <span class='ocrx_word' id='word_1_889' title='bbox 3397 5333 3467 5392; x_wconf 87' lang='lat' dir='ltr'><strong>ad</strong></span> 
     </span>
    </p>
   </div>
   <div class='ocr_carea' id='block_1_114' title="bbox 1866 5431 3466 5507">
    <p class='ocr_par' dir='ltr' id='par_1_114' title="bbox 1866 5431 3466 5507">
     <span class='ocr_line' id='line_1_114' title="bbox 1866 5431 3466 5507; baseline -0.005 -13"><span class='ocrx_word' id='word_1_890' title='bbox 1866 5438 1968 5494; x_wconf 85' lang='lat' dir='ltr'><strong>Job</strong></span> <span class='ocrx_word' id='word_1_891' title='bbox 2007 5451 2150 5494; x_wconf 91' lang='lat' dir='ltr'><strong>nunc</strong></span> <span class='ocrx_word' id='word_1_892' title='bbox 2191 5437 2432 5507; x_wconf 89' lang='lat' dir='ltr'><strong>loquitttr</strong></span> <span class='ocrx_word' id='word_1_893' title='bbox 2479 5453 2493 5488; x_wconf 84' lang='lat'><strong>:</strong></span> <span class='ocrx_word' id='word_1_894' title='bbox 2537 5434 2679 5505; x_wconf 85' lang='lat' dir='ltr'><strong>quod</strong></span> <span class='ocrx_word' id='word_1_895' title='bbox 2725 5431 2872 5490; x_wconf 90' lang='lat' dir='ltr'><strong>enim</strong></span> <span class='ocrx_word' id='word_1_896' title='bbox 2924 5431 3126 5489; x_wconf 87' lang='lat' dir='ltr'><strong>laboris</strong></span> <span class='ocrx_word' id='word_1_897' title='bbox 3172 5439 3258 5488; x_wconf 86' lang='lat' dir='ltr'><strong>est</strong></span> <span class='ocrx_word' id='word_1_898' title='bbox 3303 5444 3466 5486; x_wconf 83' lang='lat' dir='ltr'><strong>nosse</strong></span> 
     </span>
    </p>
   </div>
   <div class='ocr_carea' id='block_1_115' title="bbox 1868 5523 3467 5602">
    <p class='ocr_par' dir='ltr' id='par_1_115' title="bbox 1868 5523 3467 5602">
     <span class='ocr_line' id='line_1_115' title="bbox 1868 5523 3467 5602; baseline -0.004 -16"><span class='ocrx_word' id='word_1_899' title='bbox 1868 5539 2083 5602; x_wconf 87' lang='lat' dir='ltr'><strong>tempus</strong></span> <span class='ocrx_word' id='word_1_900' title='bbox 2139 5543 2449 5594; x_wconf 89' lang='lat' dir='ltr'><strong>cervarum,</strong></span> <span class='ocrx_word' id='word_1_901' title='bbox 2513 5528 2812 5583; x_wconf 66' lang='lat' dir='ltr'><strong>et‘ihicum</strong></span> <span class='ocrx_word' id='word_1_902' title='bbox 2869 5523 3332 5596; x_wconf 86' lang='lat' dir='ltr'><strong>parturientium?</strong></span> <span class='ocrx_word' id='word_1_903' title='bbox 3374 5530 3467 5580; x_wconf 85' lang='lat' dir='ltr'><strong>aut</strong></span> 
     </span>
    </p>
   </div>
   <div class='ocr_carea' id='block_1_116' title="bbox 1867 5612 3467 5684">
    <p class='ocr_par' dir='ltr' id='par_1_116' title="bbox 1867 5612 3467 5684">
     <span class='ocr_line' id='line_1_116' title="bbox 1867 5612 3467 5684; baseline -0.006 -7"><span class='ocrx_word' id='word_1_904' title='bbox 1867 5623 2011 5679; x_wconf 89' lang='lat' dir='ltr'><strong>unde</strong></span> <span class='ocrx_word' id='word_1_905' title='bbox 2041 5633 2148 5677; x_wconf 90' lang='lat' dir='ltr'><strong>tam</strong></span> <span class='ocrx_word' id='word_1_906' title='bbox 2181 5620 2516 5678; x_wconf 89' lang='lat' dir='ltr'><strong>latebrosum</strong></span> <span class='ocrx_word' id='word_1_907' title='bbox 2547 5626 2629 5674; x_wconf 89' lang='lat' dir='ltr'><strong>est</strong></span> <span class='ocrx_word' id='word_1_908' title='bbox 2664 5618 2915 5674; x_wconf 72' lang='lat' dir='ltr'><strong>humanm</strong></span> <span class='ocrx_word' id='word_1_909' title='bbox 2948 5615 3174 5684; x_wconf 65' lang='lat' dir='ltr'><strong>notitia},</strong></span> <span class='ocrx_word' id='word_1_910' title='bbox 3212 5623 3271 5670; x_wconf 91' lang='lat' dir='ltr'><strong>ut</strong></span> <span class='ocrx_word' id='word_1_911' title='bbox 3297 5612 3467 5684; x_wconf 85' lang='lat' dir='ltr'><strong>possit</strong></span> 
     </span>
    </p>
   </div>
   <div class='ocr_carea' id='block_1_117' title="bbox 1867 5707 3464 5787">
    <p class='ocr_par' dir='ltr' id='par_1_117' title="bbox 1867 5707 3464 5787">
     <span class='ocr_line' id='line_1_117' title="bbox 1867 5707 3464 5787; baseline -0.006 -15"><span class='ocrx_word' id='word_1_912' title='bbox 1867 5725 2081 5787; x_wconf 86' lang='lat' dir='ltr'><strong>tempus</strong></span> <span class='ocrx_word' id='word_1_913' title='bbox 2113 5715 2306 5772; x_wconf 89' lang='lat' dir='ltr'><strong>horum</strong></span> <span class='ocrx_word' id='word_1_914' title='bbox 2335 5713 2649 5772; x_wconf 89' lang='lat' dir='ltr'><strong>animalium</strong></span> <span class='ocrx_word' id='word_1_915' title='bbox 2682 5711 3008 5784; x_wconf 87' lang='lat' dir='ltr'><strong>parientium</strong></span> <span class='ocrx_word' id='word_1_916' title='bbox 3043 5710 3260 5782; x_wconf 78' lang='lat' dir='ltr'><strong>penitus</strong></span> <span class='ocrx_word' id='word_1_917' title='bbox 3310 5707 3464 5782; x_wconf 89' lang='lat' dir='ltr'><strong>igno-</strong></span> 
     </span>
    </p>
   </div>
   <div class='ocr_carea' id='block_1_118' title="bbox 1867 5801 3466 5881">
    <p class='ocr_par' dir='ltr' id='par_1_118' title="bbox 1867 5801 3466 5881">
     <span class='ocr_line' id='line_1_118' title="bbox 1867 5801 3466 5881; baseline -0.003 -15"><span class='ocrx_word' id='word_1_918' title='bbox 1867 5825 2015 5879; x_wconf 82' lang='lat' dir='ltr'><strong>rare,</strong></span> <span class='ocrx_word' id='word_1_919' title='bbox 2066 5808 2370 5881; x_wconf 81' lang='lat' dir='ltr'><strong>praesertim</strong></span> <span class='ocrx_word' id='word_1_920' title='bbox 2415 5821 2539 5864; x_wconf 86' lang='lat' dir='ltr'><strong>cum</strong></span> <span class='ocrx_word' id='word_1_921' title='bbox 2587 5805 2702 5862; x_wconf 75' lang='lat' dir='ltr'><strong>hinc</strong></span> <span class='ocrx_word' id='word_1_922' title='bbox 2752 5803 2869 5876; x_wconf 88' lang='lat' dir='ltr'><strong>ipsa</strong></span> <span class='ocrx_word' id='word_1_923' title='bbox 2918 5804 3171 5865; x_wconf 87' lang='lat' dir='ltr'><strong>animalia</strong></span> <span class='ocrx_word' id='word_1_924' title='bbox 3219 5817 3356 5876; x_wconf 87' lang='lat' dir='ltr'><strong>pene</strong></span> <span class='ocrx_word' id='word_1_925' title='bbox 3407 5801 3466 5862; x_wconf 86' lang='lat' dir='ltr'><strong>in</strong></span> 
     </span>
    </p>
   </div>
   <div class='ocr_carea' id='block_1_119' title="bbox 2961 0 3790 25">
    <p class='ocr_par' dir='ltr' id='par_1_119' title="bbox 2961 0 3790 25">
     <span class='ocr_line' id='line_1_119' title="bbox 2961 0 3790 25; baseline -0.002 -5"><span class='ocrx_word' id='word_1_926' title='bbox 2961 18 2992 20; x_wconf 95' lang='lat'><strong>__</strong></span> <span class='ocrx_word' id='word_1_927' title='bbox 3050 0 3790 25; x_wconf 36' lang='lat' dir='ltr'><strong>mur-ww?&quot;</strong></span> 
     </span>
    </p>
   </div>
  </div>
