4026 6314
503 283 608 342 767

1342 286 1685 345 APPENDIX
1723 287 1815 344 AD
1851 283 2097 343 TOMUM
2138 283 2497 345 SEPTHIUM
2535 286 2595 344 S.
2635 287 3048 348 HlEIiO-NYMI.

3693 299 3794 356 768

505 403 689 460 medio
722 404 1003 462 hominum
1035 414 1461 462 commorantur.
1484 404 1739 473 Proinde,
1765 420 1834 462 ue
1861 405 1933 460 sit
1959 404 2101 476 apud
2130 408 2184 470 Î‘
2209 423 2341 461 mas.
2370 406 2635 474 Qualibus
2659 405 2855 462 dolens
2882 424 2952 464 ex
2982 407 3269 468 charitatis
3293 411 3600 471 visceribus
3626 415 3753 473 dit-it
3781 439 3795 475 :

505 496 773 567 quosdam
805 498 890 554 hic
921 512 1098 554 sermo
1128 498 1341 553 Domini
1373 498 1520 564 vilis,
1556 507 1613 554 et
1647 498 1789 554 forte
1814 498 1882 554 ab
1903 498 1984 554 eis
2013 514 2106 554 su-

507 589 757 660 perfluus
794 590 1132 646 existimetur
1155 635 1170 660 ,
1219 591 1380 646 altius
1420 592 1566 663 quod
1603 591 1740 648 dixit
1785 592 2104 649 intuendum

507 694 614 751 est,
639 694 696 740 ut
724 685 966 740 dicamus
992 685 1047 741 in
1079 687 1356 758 mysteriis
1381 687 1485 744 sub
1511 689 1732 745 nomine
1767 689 1965 745 borum
1997 689 2108 746 ani-

505 778 746 846 malium,
782 777 1156 850 praefiguratos
1177 781 1454 851 apostolos
1491 790 1549 839 et
1574 783 1903 853 apostolicos
1930 783 2100 851 viros,

506 878 561 926 et
586 883 775 924 omnes
817 869 1206 939 praedicatores
1235 873 1483 928 veritatis
1517 891 1531 929 :
1573 874 1666 946 qui
1691 874 1742 930 in
1788 873 2107 930 fortitudine

512 961 634 1016 fidei
668 968 723 1016 et
766 962 1051 1033 patientia,
1083 964 1234 1020 velut
1278 963 1333 1020 in
1367 965 1536 1034 petris
1569 981 1666 1036 per
1708 967 1955 1036 Spiritum
2005 967 2102 1021 im-

504 1052 764 1109 buentem
793 1068 910 1119 eos,
932 1050 1159 1111 verbum
1187 1057 1463 1127 Evangelii
1485 1058 1725 1129 perfecte
1747 1058 1800 1114 in
1825 1073 1885 1115 se
1907 1058 2108 1115 forma-

507 1152 618 1200 tum
636 1147 960 1215 parturiant,
980 1149 1065 1204 vel
1085 1163 1207 1204 cum
1223 1148 1509 1208 doloribus
1528 1153 1969 1222 persecutionum
1987 1168 2110 1222 par-

505 1241 731 1297 turiant.
755 1242 814 1299 In
841 1251 994 1312 petra
1019 1245 1355 1315 parturiebat
1374 1257 1428 1302 et
1460 1247 1556 1304 ille
1579 1248 1670 1318 qui
1691 1248 1830 1304 dixit
1853 1266 1866 1302 :
1892 1247 2035 1302 Nam
2054 1249 2108 1304 in

505 1333 712 1390 Christo
733 1353 826 1408 per
851 1337 1190 1411 Evangelium
1211 1355 1305 1412 ego
1327 1357 1413 1396 vos
1438 1342 1614 1413 genui.
1641 1341 1754 1397 Hoc
1784 1342 1950 1412 igitur
1973 1351 2108 1398 tem-

503 1442 605 1500 pus
631 1429 870 1488 futurum
900 1434 1180 1499 constitui,
1202 1443 1256 1490 et
1285 1437 1497 1491 animas
1530 1436 1932 1506 praedictorum,
1963 1438 2113 1493 velut

506 1536 719 1590 cervas,
749 1540 872 1595 quae
920 1525 992 1582 de
1032 1526 1225 1583 timore
1257 1543 1380 1584 meo
1409 1529 1742 1600 concipiunt,
1771 1539 1832 1585 ut
1855 1532 2108 1601 spiritum

512 1618 704 1674 salutis
724 1620 937 1690 pariant
965 1635 1131 1692 super
1161 1630 1384 1690 terram,
1400 1631 1456 1678 tu
1483 1622 1733 1695 forsitan,
1751 1625 1908 1696 quasi
1930 1625 2115 1682 obste-

512 1711 762 1767 tricantis
789 1711 1010 1780 officio,
1052 1713 1472 1786 diligentissima
1515 1717 1881 1775 sollicitudine
1921 1720 2111 1775 obser-

2208 496 2394 552 Filioli
2435 500 2552 568 mei,
2604 516 2734 571 quos
2783 501 2971 555 iterum
3019 505 3287 575 parturio,
3342 507 3505 561 donec
3547 513 3800 580 formetur

2209 593 2442 649 Christus
2469 595 2522 648 in
2551 595 2713 649 vobis.
2754 594 2885 651 Item
2913 597 2990 651 ait
3030 597 3083 652 in
3118 596 3344 654 Actibus
3400 603 3795 674 apostolorum,

2207 686 2298 742 ubi
2337 701 2553 743 omnem
2581 687 2981 745 fraternitatem
3017 691 3306 748 collectam
3338 693 3636 767 alloquitur
3665 715 3679 751 :
3712 698 3801 753 Vi-

2207 782 2400 854 gilate,
2447 784 2706 838 memerita
2749 785 3044 852 retinentes,
3095 787 3344 857 quoniam
3393 806 3486 860 per
3524 791 3800 847 triennium

2208 885 2358 929 nocte
2383 886 2429 928 et
2462 876 2545 930 die
2574 893 2676 930 non
2705 879 2898 931 cessavi
2927 895 3042 932 cum
3074 879 3319 950 lacrymis
3352 898 3567 938 monere
3610 901 3802 939 unum-

2207 983 2455 1037 quemque
2485 978 2726 1024 t'estrunt.
2762 969 2828 1024 Et
2869 969 3068 1025 iterum
3107 971 3183 1026 ait
3213 988 3230 1024 :
3255 971 3370 1044 Ipsi
3399 975 3543 1030 scitis
3586 977 3805 1048 qualiter

2209 1059 2465 1113 vobiscum
2504 1076 2594 1130 per
2636 1077 2786 1114 omne
2833 1070 3030 1132 tempus
3060 1064 3264 1134 fuerim,
3312 1067 3534 1120 serviens
3585 1065 3806 1123 Domino

2210 1166 2324 1203 cum
2347 1151 2488 1204 omni
2517 1150 2812 1207 humilitate
2851 1163 2900 1207 et
2923 1152 3192 1224 lacrymis.
3243 1155 3368 1212 llam
3409 1156 3579 1228 igitur
3604 1158 3806 1215 idcirco

2211 1241 2355 1298 dicta
2399 1251 2547 1310 sunt,
2578 1252 2634 1299 ut
2662 1244 2901 1299 sciamus
2931 1247 3189 1315 quoniam
3214 1248 3280 1302 ad
3307 1249 3550 1318 gemitus
3575 1258 3632 1304 et
3657 1251 3804 1320 rugi-

2211 1344 2300 1391 tus
2328 1336 2640 1405 pertineant
2673 1337 2978 1404 tribulatio,
3008 1339 3286 1410 angustia,
3340 1341 3601 1413 lacrymre
3625 1353 3680 1398 et
3706 1343 3807 1399 do-

2214 1427 2298 1484 lor
2325 1429 2612 1484 c0ntinuns
2643 1429 2828 1486 cordis
2857 1439 3198 1488 sanctorum.
3229 1431 3406 1488 Aliter
3451 1434 3810 1490 incurvantur

2215 1523 2281 1578 ad
2310 1523 2499 1589 fetum,
2524 1532 2578 1580 et
2611 1525 2847 1595 pariunt,
2881 1535 2935 1582 et
2984 1527 3196 1597 rugitus
3224 1527 3487 1583 emittunt
3513 1547 3526 1584 :
3552 1528 3648 1583 ubi
3679 1543 3812 1598 pra:-

2213 1615 2490 1672 dicatores
2533 1617 2782 1673 veritatis
2827 1619 3052 1675 verbum
3101 1619 3224 1676 fidei
3257 1622 3529 1691 coeperint
3570 1621 3811 1679 editione

2215 1711 2423 1782 eloquii
2453 1713 2781 1783 prmdicare,
2810 1713 2955 1769 illico
2977 1713 3046 1769 ab
3065 1713 3400 1771 adversariis
3429 1717 3809 1782 incurvantur,

511 1805 670 1868 vasti,
688 1803 824 1862 dans
847 1805 928 1862 cis
951 1810 1106 1875 os,fet
1134 1808 1456 1878 sapientiam
1481 1810 1547 1866 de
1573 1821 1727 1868 utero
1751 1814 1948 1868 mentis
1970 1828 2106 1880 sum,
2140 1798 2188 1858 B
2214 1804 2268 1862 id
2292 1815 2396 1872 est,
2427 1805 2691 1862 custodiis
2717 1821 2997 1862 carcerum
3029 1805 3386 1862 humiliantur
3425 1816 3593 1880 atque
3616 1810 3811 1864 verbe-

514 1897 694 1952 minus
731 1897 965 1955 fortasse
1007 1901 1260 1968 solidum,
1295 1902 1383 1959 vel
1412 1904 1680 1976 integrum
1717 1907 1940 1962 verbum
1973 1923 2113 1978 prte-

512 1986 802 2044 dicationis
826 2033 840 2056 ,
873 1990 1024 2046 velut
1068 1991 1237 2048 fctum
1267 1995 1322 2048 in
1357 1995 1495 2050 hanc
1524 1995 1872 2053 effunderent
1911 1999 2110 2055 lucem.

586 2081 940 2138 Dinumerain
962 2101 1160 2140 menses
1203 2097 1479 2159 conceptus
1506 2104 1709 2160 eorum,
1741 2098 1786 2144 et
1815 2092 1959 2146 scisti
1990 2101 2116 2146 tem-

514 2190 610 2244 pus
641 2185 819 2246 partus
859 2177 1083 2232 earum?
1118 2177 1316 2234 Vivum
1363 2179 1589 2235 verbum
1620 2181 1738 2250 Dei,
1767 2193 1820 2238 et
1857 2183 2113 2253 validum,

513 2281 808 2342 penetrans
849 2285 1020 2343 usque
1066 2272 1121 2328 in
1152 2272 1478 2330 divisionem
1527 2277 1726 2332 anima:
1756 2291 1821 2332 ac
1868 2278 2110 2348 spiritus,

515 2379 839 2437 compagum
867 2381 1088 2437 quoque
1115 2380 1177 2421 ac
1204 2368 1591 2436 medullarum,
1621 2370 1675 2425 in
1707 2370 1812 2427 hoc
1842 2371 2113 2443 spirituali

514 2467 785 2528 conceptu
828 2459 1111 2529 profectus
1135 2460 1401 2531 quosdam
1441 2463 1928 2534 incrementorum,
1967 2465 2117 2522 velut

516 2567 616 2624 per
639 2568 859 2610 menses
891 2563 1198 2623 temporum
1231 2557 1284 2612 in
1307 2557 1556 2614 cordium
1589 2558 1801 2616 sinibus
1833 2570 2115 2629 Operatur,

517 2653 578 2700 ut
602 2645 732 2716 ipsis
757 2646 1026 2716 apostolis
1049 2648 1282 2719 primum
1307 2651 1582 2720 apparuit,
1605 2651 1698 2721 qui
1723 2651 1776 2707 in
1800 2653 1956 2708 initio
1980 2667 2113 2721 pra:-

515 2740 829 2809 dicationis,
875 2742 1030 2814 quasi
1077 2743 1252 2814 parvi,
1305 2753 1364 2800 et
1414 2745 1614 2802 modici
1662 2745 1762 2802 visi
1815 2756 1970 2815 sunt,
2020 2747 2114 2802 sed

520 2835 785 2907 paulatim
830 2837 1228 2893 corroborante
1265 2852 1364 2892 eos
1412 2839 1628 2909 spiritu,
1681 2839 1904 2895 verbum
1951 2840 2004 2895 itt
2036 2841 2118 2897 eis

520 2931 953 2988 demonstratum
980 2943 1087 2998 est,
1121 2949 1293 3006 usque
1323 2934 1392 2990 ad
1438 2951 1754 2992 mensuram
1785 2936 1964 3007 plena:
1995 2952 2120 3007 gra-

520 3027 611 3082 tia:
647 3027 986 3098 pervenisse.
1028 3026 1184 3097 Quod
1239 3029 1390 3085 velut
1437 3039 1594 3100 partu
1643 3031 1895 3100 edentes,
1945 3041 2115 3087 totum

519 3130 680 3194 atque
725 3122 1024 3193 perfectum
1066 3138 1132 3179 ac
1162 3124 1383 3194 plenum
1411 3125 1616 3182 divinis
1661 3127 2118 3194 promissionibus

2218 1900 2395 1967 ribus;
2428 1900 2522 1956 sed
2558 1901 2682 1970 quia
2709 1917 2810 1956 nec
2841 1901 2895 1955 in
2919 1900 3149 1957 vinculis
3176 1901 3401 1957 verbum
3436 1902 3534 1958 Dei
3583 1913 3667 1958 est
3695 1903 3814 1958 alli-

2216 2005 2400 2066 ga:um
2434 2013 2445 2048 :
2482 1994 2592 2049 illic
2619 1994 2975 2050 nihilominus
3001 1993 3054 2049 id
3089 1996 3299 2065 populis
3342 1994 3587 2066 pariunt,
3623 2010 3732 2066 quo
3761 2005 3815 2052 ct

2218 2088 2322 2160 ipsi
2353 2088 2407 2143 in
2429 2087 2646 2145 Christo
2678 2098 2980 2144 nascuntur
3011 2106 3024 2142 :
3056 2089 3212 2145 Sicut
3235 2089 3334 2156 ait,
3365 2097 3426 2144 ut
3454 2088 3713 2155 diximus,
3759 2091 3812 2144 in

2219 2192 2587 2254 regeneratos,
2615 2191 2836 2238 sanctus
2865 2183 3159 2253 Apostolus
3191 2201 3202 2238 :
3234 2181 3302 2237 In
3332 2180 3542 2238 Christo
3566 2183 3694 2237 Jesu
3727 2201 3815 2255 per

2221 2274 2558 2347 Et'angeliuut
2580 2291 2673 2346 ego
2693 2292 2780 2330 vos
2803 2275 2958 2349 genui
2983 2294 2995 2330 :
3023 2275 3288 2345 Deinceps
3311 2275 3380 2330 ad
3407 2275 3578 2330 Deum
3612 2275 3666 2330 in
3693 2289 3813 2330 ora-

2219 2368 2459 2423 tionibus
2507 2369 2718 2439 rugitus
2756 2368 3197 2438 deprecationum
3251 2367 3529 2438 emittunt,
3591 2369 3673 2424 vel
3716 2383 3813 2438 pro

2219 2465 2667 2536 persecutoribus
2689 2465 2803 2520 suis
2831 2465 3003 2521 Deum
3024 2472 3306 2534 rogantes,
3341 2464 3424 2520 vel
3451 2479 3812 2538 perseveran-

2221 2559 2350 2614 tiam
2389 2558 2648 2626 fidelium,
2683 2558 3018 2628 adiutorium
3055 2558 3257 2614 divina:
3283 2557 3475 2629 gratia:
3497 2557 3818 2629 suppliciter

2220 2649 2594 2722 implorantes.
2626 2653 2826 2719 Aliter,
2871 2653 3089 2723 rugitus
3125 2651 3406 2720 emittunt,
3439 2651 3564 2723 quia
3600 2651 3692 2722 qui
3721 2652 3817 2706 ad-

2215 2747 2336 2818 jicit
2357 2748 2665 2815 scientiam,
2702 2746 2894 2819 adjicit
2914 2747 3160 2802 dolorem
3197 2765 3212 2804 :
3244 2756 3470 2818 gemunt
3508 2748 3684 2803 sancti
3721 2762 3817 2802 coâ€”

2217 2841 2454 2914 gitantes
2482 2851 2684 2914 quanta
2717 2851 2847 2897 sunt
2877 2840 3120 2912 pericula
3153 2839 3315 2912 hujus
3344 2839 3494 2909 vitae,
3527 2840 3616 2898 vel
3649 2855 3813 2912 quam

2219 2938 2379 3009 longe
2404 2948 2530 2994 sunt
2574 2954 2604 2994 a
2635 2937 2929 2993 virtutibus
2957 2951 3092 3008 quas
3123 2936 3428 3007 requirunt.

2296 3031 2620 3103 Separantur
2667 3030 2768 3100 ï¬lii
2816 3048 3010 3099 earum,
3066 3039 3115 3085 et
3175 3039 3400 3103 pergunt
3443 3029 3515 3085 ad
3555 3037 3762 3098 pastum
3795 3042 3815 3082 :

2221 3125 2578 3197 egrediuntur,
2639 3132 2686 3178 et
2739 3139 2845 3179 non
2901 3132 3226 3178 revertuntur
3277 3125 3347 3176 ad
3406 3139 3515 3178 eas.
3569 3123 3811 3177 Parturi-

520 3216 846 3286 scribentes,
883 3217 1118 3274 diversis
1144 3215 1412 3275 Ecclesiis
1439 3219 1749 3275 ediderunt.
1795 3220 2114 3289 llujusmodi
2144 3200 2189 3264 ÎŸ
2222 3219 2369 3273 tione
2398 3217 2719 3288 apostolica,
2754 3215 2848 3272 filii
2884 3231 3023 3286 quos
3054 3216 3227 3271 sancti
3262 3215 3314 3270 in
3345 3215 3570 3270 Christo
3615 3229 3815 3285 genue-

522 3310 688 3382 igitur
718 3321 1039 3383 conceptus,
1080 3319 1136 3367 et
1177 3321 1366 3379 partus
1397 3321 1665 3381 tempora,
1699 3311 1791 3382 qui
1822 3311 1924 3368 hoc
1957 3312 2118 3368 modo

519 3405 790 3474 spirituali
843 3417 1001 3463 utero
1033 3405 1218 3462 cordis
1264 3406 1420 3470 fiunt,
1481 3404 1626 3460 unde
1667 3414 1721 3460 et
1751 3415 1837 3473 tu,
1886 3405 2010 3471 Job,
2043 3407 2119 3462 ait

521 3496 810 3569 Dominus,
839 3513 1177 3570 cognoscere
1207 3497 1478 3568 potuisti?
1504 3512 1844 3569 quorumque
1873 3507 2118 3570 tempora

515 3599 645 3646 sunt
670 3590 723 3645 in
749 3590 1045 3661 Evangelio
1073 3589 1454 3658 praefinitionis
1483 3603 1618 3645 mea;
1649 3589 1886 3646 consilio
1914 3592 2120 3648 consti-

520 3691 655 3739 tuta.
687 3683 793 3740 Ubi
830 3698 962 3754 ergo
1009 3681 1218 3738 dictum
1265 3691 1372 3749 est,
1405 3692 1462 3738 et
1503 3682 1658 3740 scisti
1689 3693 1900 3754 tempus
1932 3697 2120 3754 partus

519 3789 710 3830 eorum
741 3793 752 3826 :
786 3774 880 3829 alii
909 3773 1186 3841 dixerunt,
1220 3783 1266 3828 et
1287 3773 1494 3829 dolores
1529 3790 1704 3829 eorum
1750 3776 1967 3831 solvisti.
2015 3777 2122 3832 Do-

521 3868 670 3924 lores
710 3877 838 3922 sunt
868 3867 1264 3924 insectationes
1293 3875 1350 3923 et
1385 3867 1790 3935 tribulationes,
1834 3886 1952 3942 qua:
1984 3886 2122 3942 prm-

515 3960 856 4016 dicatoribus
891 3960 1220 4025 inferuntur.
1257 3975 1286 4014 a
1315 3960 1512 4030 quibus
1537 3961 1822 4017 doloribus
1856 3962 1948 4018 isti
1993 3971 2121 4019 tunc

517 4057 908 4122 absolvuntur,
931 4057 1149 4128 quando
1173 4058 1384 4114 invitati
1409 4057 1474 4114 ad
1500 4059 1744 4129 requiem
1764 4059 2123 4115 absolvuntur

513 4167 542 4208 Î¸
567 4167 819 4222 corpore.
848 4151 972 4209 Sive
1003 4163 1130 4208 tunc
1151 4154 1552 4208 ahsolvuntura
1572 4153 1850 4208 doloribus
1868 4168 2123 4224 persecu-

519 4247 751 4311 tionum,
777 4245 992 4316 quando
1017 4246 1070 4301 itt
1102 4261 1200 4314 spe
1230 4246 1420 4318 positi,
1451 4261 1548 4316 pro
1576 4246 1734 4302 malis
1763 4247 2123 4317 praesentibus

521 4338 588 4395 ad
617 4338 1038 4408 promissionem
1076 4349 1295 4394 aeterna:
1325 4339 1787 4396 remunerationis
1826 4339 2118 4407 aspiciunt.

597 4430 946 4486 Incurvantur
974 4434 1044 4486 ad
1077 4435 1259 4503 fetant,
1311 4441 1357 4488 et
1386 4433 1597 4506 pariunt
1629 4448 1648 4488 :
1676 4442 1722 4488 et
1749 4434 1952 4504 rugitus
1979 4433 2124 4488 emit-

525 4537 658 4582 tunt.
694 4526 1010 4582 Doctrinam
1059 4526 1288 4583 laeteam
1345 4525 1687 4597 pr0pinando
1737 4525 2036 4582 incredulis
2066 4535 2123 4582 et

2221 3312 2352 3377 rint,
2404 3313 2522 3368 sive
2575 3327 2603 3365 a
2649 3310 2896 3382 pristinis
2926 3310 3208 3366 erroribus
3254 3310 3393 3373 suis,
3443 3309 3560 3364 sive
3591 3309 3753 3363 etiam
3782 3322 3814 3361 a

2221 3404 2535 3460 carnalibus
2585 3403 2846 3474 operibus
2891 3410 3262 3473 separantur:
3313 3401 3367 3457 in
3419 3401 3622 3472 quibus
3680 3415 3815 3456 nunc

2221 3499 2582 3565 erubescunt,
2616 3507 2676 3554 ut
2723 3498 2836 3570 jam
2889 3511 3002 3552 non
3045 3497 3148 3553 sibi
3195 3497 3405 3561 vivant,
3436 3495 3534 3550 sed
3571 3495 3813 3563 Christo,

2221 3593 2314 3663 qui
2343 3609 2445 3665 pro
2475 3592 2554 3649 eis
2587 3603 2834 3648 mortuus
2863 3601 2968 3659 est,
3011 3600 3070 3647 et
3112 3590 3441 3646 resurrexit.
3483 3589 3722 3661 Pergunt
3749 3592 3817 3646 ad

2221 3694 2436 3755 pastum
2471 3702 2485 3738 :
2521 3683 2573 3739 id
2603 3693 2710 3750 est,
2747 3699 2844 3755 per
2880 3682 3169 3740 scientiam
3212 3681 3589 3753 profundioris
3618 3681 3820 3738 intelli-

2221 3778 2419 3848 gentiae
2459 3777 2709 3849 quotidie
2757 3777 2984 3834 excitati
3025 3776 3448 3834 conversatione
3504 3776 3817 3847 proficiunt,

2221 3868 2488 3937 dicentes,
2537 3871 2799 3926 animalia
2852 3879 3038 3926 sancta
3070 3871 3182 3926 veri
3231 3870 3515 3939 pastoris:
3571 3869 3820 3924 Dominus

2221 3964 2351 4034 regit
2398 3979 2497 4030 me,
2541 3973 2589 4017 et
2620 3962 2756 4016 nihil
2802 3963 2930 4017 mihi
2968 3963 3172 4017 deerit:
3206 3971 3261 4018 et
3290 3971 3520 4027 caetera,
3567 3977 3690 4032 qum
3735 3977 3823 4016 se-

2223 4065 2468 4128 quuntur
2515 4057 2568 4111 in
2612 4055 2820 4126 psalmo
2869 4057 3100 4122 eodem;
3147 4057 3249 4124 sic,
3301 4057 3548 4126 inquam,
3588 4067 3822 4127 pergunt

2223 4151 2398 4206 sancti
2431 4151 2525 4204 filii
2571 4150 3071 4220 evangelizantium
3116 4165 3332 4220 pacem,
3367 4151 3506 4206 sicut
3539 4150 3656 4220 jam
3687 4150 3820 4213 dixi,

2224 4243 2278 4298 id
2303 4252 2408 4311 est,
2441 4253 2696 4299 crescunt
2733 4252 2896 4316 atque
2925 4243 3238 4314 proficiunt.
3270 4243 3352 4299 Ad
3391 4243 3556 4298 istutn
3609 4254 3820 4313 pastum

2225 4338 2464 4404 Domini,
2512 4349 2567 4393 et
2597 4339 2662 4393 ad
2695 4338 2835 4394 hanc
2881 4337 3201 4394 alimoniam
3257 4347 3573 4394 sanctarum
3605 4337 3820 4392 anima-

2223 4445 2366 4497 rum,
2405 4438 2462 4485 et
2499 4429 2566 4483 ad
2619 4431 2754 4485 tales
2808 4429 3034 4485 delicias
3085 4429 3421 4500 spirituales,
3466 4428 3825 4500 egrediuntur

2231 4525 2415 4594 utique
2442 4523 2510 4578 ab
2534 4522 2761 4579 infantia
2787 4538 3000 4579 morum
3034 4523 3278 4592 quotidie
3303 4522 3673 4594 proficientes,
3704 4539 3827 4593 pro-

525 4620 792 4689 inllrmis,
818 4621 959 4678 sicut
985 4621 1063 4676 ait
1093 4587 1387 4692 Apostolus
1418 4587 1573 4676 z'Lac
1597 4621 1740 4676 vobis
1771 4630 1950 4694 potum
1978 4621 2118 4688 dedi,
2151 4587 2206 4649 D
2232 4587 2540 4672 ficiscentes
2570 4617 2834 4671 virtutum
2885 4587 3083 4671 merito
3115 4616 3168 4670 in
3201 4587 3375 4671 virum
3403 4587 3728 4686 perfectum:
3759 4615 3826 4671 Et

523 4729 628 4768 non
658 4729 824 4768 escam
851 4731 871 4769 :
904 4715 975 4768 ab
1011 4713 1102 4770 illa
1134 4713 1461 4769 celsitudine
1491 4712 1775 4783 sapientia:
1821 4713 1887 4768 ad
1941 4711 2121 4766 humi-

521 4805 658 4862 liora
694 4805 1084 4877 praedicatores
1115 4804 1522 4877 quodammodo
1559 4805 1921 4860 humiliantur
1961 4814 2124 4873 atque

523 4899 886 4966 descendunt,
911 4910 970 4956 ut
988 4901 1071 4956 vir
1096 4899 1194 4956 fiat
1222 4900 1479 4971 parvulus
1505 4915 1519 4952 :
1543 4907 1601 4954 et
1630 4898 1717 4953 his
1737 4899 1828 4969 qui
1859 4898 1979 4953 sine
2003 4899 2122 4966 lege

524 5004 674 5061 sunt,
705 5004 978 5065 tamquam
1009 5003 1066 5050 et
1094 4995 1211 5064 ipse
1232 4993 1302 5050 sit
1332 4995 1452 5048 sine
1477 4993 1619 5062 lege.
1647 4992 1714 5046 Et
1741 4991 1869 5047 dum
1902 5006 2000 5047 eos
2031 5007 2125 5046 co-

523 5103 722 5148 nantur
754 5093 806 5146 in
839 5090 1062 5148 Christo
1107 5093 1347 5148 formare
1389 5099 1448 5146 et
1478 5102 1692 5159 parere,
1727 5087 1937 5158 rugitus
1964 5088 2126 5144 emitâ€”

527 5196 669 5249 tunt,
694 5186 820 5241 dum
863 5185 932 5239 ab
979 5185 1214 5240 inimicis
1240 5182 1445 5238 Christi
1492 5195 1657 5252 supra
1687 5181 1907 5236 modum
1942 5194 2006 5234 ac
2035 5195 2126 5234 su-

525 5293 620 5352 pra
670 5279 928 5334 virtutem
971 5291 1126 5332 suam
1172 5283 1492 5346 gravantur,
1546 5273 1618 5328 ita
1671 5282 1734 5328 ut
1792 5272 1993 5329 taedeat
2033 5285 2130 5328 eos

523 5375 686 5430 etiam
738 5374 943 5430 vivere.
996 5373 1075 5429 De
1109 5373 1365 5443 qualibus
1407 5370 1574 5427 etiam
1613 5370 1744 5427 dicit
1777 5369 2075 5442 Apostolus
2110 5388 2122 5424 :

524 5466 594 5523 Et
617 5483 754 5521 nunc
781 5469 913 5538 [lens
942 5465 1062 5520 dico
1085 5465 1324 5519 inimicos
1345 5465 1513 5520 crucis
1535 5463 1750 5520 Christi.
1785 5461 1910 5518 Sive
1932 5478 2001 5516 ex
2045 5461 2126 5516 af-

524 5558 671 5616 fectu
721 5557 1011 5613 cbaritatis
1054 5556 1368 5628 hujusmodi
1409 5557 1622 5626 rugitus
1662 5555 1953 5619 emittunt,
1982 5554 2126 5608 sicut

529 5652 606 5706 ait
637 5650 782 5707 idem
815 5649 1112 5721 Apostolus
1137 5667 1152 5704 :
1183 5649 1421 5705 Tristitia
1449 5651 1576 5706 mihi
1605 5661 1680 5706 est
1712 5666 1898 5721 magna
1921 5659 1968 5704 et
1995 5665 2123 5704 rou-

532 5744 707 5797 tinuus
733 5743 885 5798 dolor
931 5743 1076 5797 cordi
1103 5760 1238 5799 meo.
1267 5744 1399 5798 Item
1429 5746 1506 5799 ait
1539 5763 1551 5798 :
1587 5743 1674 5798 Ea:
1701 5743 1868 5797 multa
1906 5743 2127 5798 tribula-

532 5823 671 5888 lieni
701 5839 747 5889 et
771 5836 1013 5906 angustia
1041 5835 1423 5907 cordis:scripsi
1448 5835 1588 5892 vobis
1615 5850 1705 5906 per
1731 5839 1919 5890 multas
1948 5829 2123 5906 Î¹Î±Ï‚Î½ÏƒÎ´

2228 4725 2341 4766 non
2364 4719 2717 4766 revertuntur
2747 4707 2814 4764 ad
2843 4724 2956 4764 eas.
2987 4707 3103 4764 Non
3131 4717 3503 4770 revertuntur,
3533 4715 3594 4761 ut
3630 4707 3825 4763 iterum

2228 4818 2462 4859 necesse
2491 4804 2562 4858 sit
2599 4817 2694 4857 eos
2738 4802 2947 4868 doceri,
2979 4817 3100 4872 quae
3149 4803 3258 4856 sint
3305 4803 3584 4858 elementa
3620 4804 3827 4860 exordii

2227 4911 2549 4952 sermonum
2603 4895 2718 4949 Dei.
2751 4893 2872 4950 Non
2921 4902 3276 4949 revertuntur
3322 4895 3389 4949 ad
3435 4909 3496 4949 ea
3529 4911 3653 4962 quae
3680 4905 3827 4952 retro

2228 4996 2376 5052 sunt,
2409 4987 2504 5043 sed
2528 4987 2594 5042 ad
2636 5001 2698 5042 ea
2727 5003 2846 5057 quze
2887 4987 2940 5040 in
2969 4997 3096 5042 ante
3126 4997 3254 5042 sunt
3277 5001 3336 5042 se
3361 4988 3687 5043 extendunt.
3711 4987 3825 5044 Non

2226 5089 2600 5146 revertuntur,
2630 5087 2694 5134 ut
2739 5079 2982 5150 quidam,
3015 5078 3214 5147 quibus
3245 5079 3320 5134 ait
3351 5078 3656 5147 Apostolus
3686 5098 3699 5134 :
3735 5079 3827 5134 Fiâ€”

2227 5176 2343 5231 lioli
2366 5177 2487 5243 mei,
2533 5192 2659 5246 quos
2688 5176 2873 5230 iterum
2909 5175 3142 5244 parturio
3169 5175 3333 5232 donec
3364 5176 3604 5232 Christus
3634 5182 3823 5249 forme-

2228 5279 2312 5327 tur
2337 5272 2388 5324 in
2412 5271 2593 5326 vobis:
2643 5269 2739 5325 sed
2792 5268 2972 5339 potius
3017 5268 3261 5325 subeunt
3312 5270 3513 5341 gradus
3554 5271 3828 5327 ascensio-

2231 5379 2381 5432 num,
2423 5363 2764 5420 inambulant
2795 5363 2863 5418 de
2893 5362 3187 5418 virtutibus
3217 5363 3271 5418 in
3309 5363 3588 5419 virtutem.
3632 5364 3828 5435 llujus-

2229 5459 2375 5515 modi
2405 5474 2536 5530 ergo
2564 5459 2659 5513 filii
2705 5475 2812 5513 non
2843 5468 3078 5528 possunt
3104 5457 3318 5524 audire,
3347 5469 3405 5512 ut
3456 5458 3690 5525 Galattr,
3734 5475 3827 5514 vo-

2229 5569 2347 5611 cem
2373 5553 2705 5623 increpaulis
2737 5552 2988 5623 Apostoli
3019 5571 3033 5609 :
3075 5553 3256 5607 vellem
3293 5569 3400 5606 esse
3446 5553 3590 5623 apud
3629 5569 3743 5619 ros,
3781 5560 3825 5608 et

2229 5657 2433 5703 mutare
2480 5663 2651 5702 vocem
2675 5663 2862 5702 meam.
2905 5647 3005 5702 Hic
3029 5662 3160 5718 ergo
3187 5662 3368 5703 sermo
3393 5647 3490 5703 Dei
3519 5647 3621 5702 sub
3655 5647 3824 5719 ï¬gura

2229 5758 2572 5809 caprearum,
2597 5751 2651 5797 et
2677 5742 2900 5808 ibicum,
2931 5741 3195 5798 describit
3219 5740 3516 5812 apostolos,
3548 5741 3692 5797 sicut
3714 5741 3826 5812 jam

2231 5831 2366 5902 dixi,
2402 5841 2458 5890 et
2488 5833 2817 5902 apostolicos
2840 5833 3007 5905 viros,
3041 5841 3200 5906 atque
3221 5841 3410 5892 omnes
3440 5829 3694 5892 doctores
3728 5826 3828 5890 Ee-
