3980 6324
84 310 91 315 ’
184 306 293 364 769

1475 39 1537 41 _
1665 37 1697 40 _
1800 29 2271 39 —_—_—R.—
2324 27 2451 31 ’ἠέ
2494 26 2635 28 ἡ
2692 24 2831 26 ἑκ
2864 24 2933 26 Vi

1085 300 1559 362 COMMENTARII
1599 300 1665 360 IN
1704 298 1963 359 LIBRUM
2003 298 2143 358 JOB.
2182 300 2338 359 CAP.
2384 299 2632 361 XXXIX.

3367 305 3476 362 770

183 415 391 482 clesiar,
432 429 530 485 per
558 429 791 485 quorum
824 414 1130 472 doctrinam
1178 416 1420 473 Ecclesia
1468 416 1783 488 spirituales
1810 416 1860 477 Α
1887 426 2055 473 rentes
2096 426 2345 487 statuere,
2383 420 2611 492 justitite
2637 418 2738 498 Dei
2783 434 2886 473 non
2915 427 3034 475 sunt
3062 420 3301 492 subjecti.
3334 420 3492 487 Quod

183 508 289 563 sibi
322 506 469 562 ﬁlios
513 514 765 577 generat.
818 506 890 562 Et
930 522 1268 581 unaquaeque
1297 509 1477 565 anima
1507 508 1577 565 de
1612 509 1782 565 verbo

184 598 288 656 Dei
318 598 655 670 concipiens,
690 599 835 670 parit
866 598 1010 655 ﬁlios
1055 600 1321 657 bonorum
1377 616 1631 672 operum,
1662 616 1785 670 quae

185 700 371 749 tamen
410 706 591 749 cerva:
635 693 708 748 sit
751 691 969 761 similis,
1016 704 1070 750 et
1101 694 1250 762 ibici,
1304 705 1363 750 ut
1393 694 1449 752 in
1502 695 1783 753 montibus

185 785 419 854 ltabitet,
452 795 510 843 et
536 784 590 842 in
633 785 804 857 petris
832 784 1060 854 nutriat,
1084 787 1357 860 veloxque
1379 788 1476 856 sit,
1507 800 1560 844 et
1590 787 1785 844 alacris

182 879 255 937 ad
285 880 614 938 currendam
658 881 805 937 viam
852 881 1095 939 Domini.
1138 883 1433 954 Serpentes
1459 897 1677 955 quoque
1717 882 1787 940 de

183 982 336 1032 terra
370 989 468 1031 sua
507 973 725 1040 educat,
771 982 827 1032 et
847 975 992 1032 vivat
1039 974 1211 1032 multo
1238 985 1506 1047 tempore,
1557 974 1787 1032 audiens

185 1065 515 1140 prophetam
550 1083 564 1120 :
607 1065 939 1139 Adjicientur
964 1066 1057 1121 tibi
1100 1067 1227 1121 anni
1257 1067 1377 1121 sita:
1398 1076 1522 1123 tuae.
1557 1065 1789 1122 Talibus

186 1160 375 1216 cervis
403 1166 533 1214 sunt
562 1165 778 1214 montes
826 1158 1054 1229 excelsi,
1085 1173 1223 1230 quos
1272 1158 1489 1215 Domini
1534 1172 1638 1213 vox
1666 1172 1791 1228 per-

187 1251 330 1319 ﬁcit,
363 1259 419 1307 et
447 1265 686 1323 quorum
716 1250 883 1323 pedes
912 1252 965 1307 in
998 1252 1475 1308 consummatione
1503 1250 1786 1322 perducet.

266 1343 403 1410 Quis
443 1342 644 1397 dimisit
672 1360 924 1417 onagrum
942 1344 1185 1411 liberum,
1213 1354 1261 1398 et
1291 1344 1494 1399 vincula
1522 1345 1634 1415 ejus
1674 1344 1791 1416 quis

186 1437 382 1493 soluit?
407 1434 467 1492 In
495 1451 656 1493 cerva
702 1447 757 1492 et
804 1434 944 1493 ibice
973 1437 1225 1508 superius
1254 1436 1478 1508 ﬁguram
1529 1436 1793 1491 Ecclesite

187 1546 318 1589 esse
346 1531 792 1588 monstravimus.
834 1529 989 1587 Nunc
1034 1545 1167 1586 vero
1192 1530 1385 1602 onagri
1417 1529 1665 1596 nomine,
1705 1544 1795 1584 ar-

188 1624 469 1682 bitramur
502 1624 763 1696 populum
793 1623 1105 1681 Judteorunt
1137 1639 1298 1695 posse
1337 1623 1591 1694 intelligi,
1632 1636 1794 1694 quem

186 1716 347 1775 Deus
394 1716 467 1773 ob
510 1716 953 1773 incredulitatem
995 1715 1118 1788 ejus
1157 1713 1452 1786 dimiserit,
1480 1715 1625 1770 sicut
1669 1715 1792 1769 ait:

1886 521 2066 566 autem
2121 512 2219 577 ait,
2256 527 2424 567 suam
2457 512 2711 569 volentes
2746 518 2995 568 statuere
3038 510 3328 582 justitiam,
3376 528 3489 568 non

1886 601 2013 674 quia
2052 602 2142 659 lex
2183 604 2255 660 ab
2299 605 2430 675 ipsis
2481 605 2555 661 sit
2593 604 2925 672 constituta,
2973 603 3080 660 hoc
3135 603 3246 670 ait,
3282 604 3384 662 sed
3429 607 3486 662 in

1884 694 2008 765 lege
2055 711 2179 766 quae
2218 712 2287 752 ex
2334 697 2444 754 Deo
2484 707 2563 754 est
2607 713 2763 754 suam
2813 698 3229 763 constituerant,
3270 698 3489 770 quando

1888 789 2138 846 eamdem
2166 788 2341 860 legem
2373 790 2487 845 suis
2517 790 2726 847 viribus
2751 806 2812 848 se
2841 792 3072 862 implere
3099 805 3264 862 posse
3288 791 3515 861 crcdc-_

1888 880 2044 950 bant,
2087 890 2144 936 et
2173 880 2379 939 idcirco
2405 881 2702 939 secundum
2739 884 2885 940 hunc
2908 898 3136 940 sensum
3174 883 3489 941 Judaeorum

1891 972 2109 1028 vincula
2137 972 2530 1045 disrumpenda
2569 989 2599 1031 a
2628 975 2743 1032 Deo
2769 974 3047 1046 dicuntur,
3086 985 3147 1033 et
3193 975 3494 1049 projicien-

1889 1063 2018 1120 dum
2044 1064 2237 1135 jugum
2263 1066 2525 1135 ipsorum.

1963 1155 2060 1212 Cui
2086 1156 2228 1212 dedit
2250 1157 2304 1212 in
2329 1156 2611 1215 solitudine
2634 1159 2868 1218 domum.
2898 1160 3086 1219 Justus
3111 1160 3403 1220 destitutos
3432 1163 3489 1221 in

1893 1248 2213 1317 solitudine,
2259 1250 2523 1308 videlicet
2573 1252 2920 1323 protectione
2972 1254 3308 1312 delensionis
3352 1269 3491 1313 mea:

1896 1342 2145 1400 habitare
2184 1343 2308 1413 ieci,
2339 1345 2483 1402 sicut
2519 1346 2686 1403 etiam
2729 1348 3076 1417 postmodum
3122 1364 3219 1405 ore
3257 1350 3493 1421 prophe-

1896 1434 2007 1493 tico
2031 1436 2249 1494 locutus
2278 1451 2397 1493 sum
2448 1437 2636 1495 dicens
2670 1457 2681 1492 :
2715 1436 2841 1496 Fiat
2895 1440 3150 1496 habitatio
3199 1458 3376 1497 eorum
3405 1443 3497 1500 de.

1895 1539 2068 1597 serta;
2097 1540 2147 1586 et
2174 1530 2227 1585 in
2255 1529 2604 1588 tabernaculis
2629 1549 2809 1588 eorum
2847 1549 2953 1589 non
2979 1535 3048 1590 sit
3079 1536 3169 1606 qui
3217 1535 3494 1591 inhabitet.

1898 1623 2151 1681 Solitudo
2191 1624 2379 1695 itaque
2407 1626 2586 1682 lactus
2613 1635 2698 1683 est
2728 1628 2967 1700 populus
3009 1627 3126 1697 ille,
3169 1636 3224 1685 ct
3252 1643 3495 1697 eremus,

1900 1719 2024 1788 quia
2071 1717 2251 1773 ablata
2290 1717 2435 1790 lege,
2484 1718 2791 1791 prophetia,
2839 1720 3186 1790 sacerdotio,
3228 1721 3501 1779 sacriﬁcio

186 1810 267 1868 Et
292 1811 488 1867 dimisit
508 1826 599 1866 eos
619 1810 908 1866 secundum
937 1809 1197 1865 desideria
1222 1809 1391 1864 cordis
1417 1824 1616 1865 eorum.
1642 1806 1795 1876 Quod
1824 1804 1872 1866 B
1900 1825 2117 1882 quoque
2169 1825 2235 1866 ac
2282 1811 2572 1867 beneﬁciis
2623 1812 2828 1869 divinis
2854 1855 2870 1883 ,
2920 1815 3111 1886 gratia:
3157 1814 3318 1872 etiam
3374 1829 3505 1887 pro-

186 1905 253 1963 in
289 1905 481 1962 multis
507 1904 630 1961 aliis
652 1903 786 1960 locis
814 1903 1221 1976 Scripturarum
1253 1903 1396 1959 Deus
1423 1900 1527 1958 hoc
1556 1901 1796 1957 futurum

186 2013 323 2055 esse
345 2005 592 2053 testatur.
617 1996 893 2068 Cujusque
915 1996 1131 2052 vincula
1161 2004 1430 2067 praecepta
1459 2009 1584 2051 esse
1603 1993 1798 2065 legalia

1902 1903 2139 1959 lectione
2164 1904 2358 1973 privati
2382 1917 2447 1959 ac
2475 1903 2722 1961 destituti
2744 1914 2891 1962 sunt.

1971 1995 2039 2051 Et
2069 1995 2406 2052 tabernacula
2429 2000 2546 2070 ejus
2564 1998 2620 2054 in
2647 2008 2787 2055 terra
2814 1999 3118 2074 salsugiuis.
3144 2000 3215 2059 Ut
3240 2000 3360 2058 sine
3381 2004 3492 2062 ulla

186 2104 311 2148 non
356 2087 591 2145 absurde
623 2086 908 2144 sentimus.
953 2086 1086 2142 Nam
1125 2087 1378 2143 eumdem
1420 2096 1798 2143 contumacem
1900 2104 2001 2160 spe
2041 2089 2420 2161 promissionis
2456 2092 2550 2149 Dei
2586 2093 2797 2149 sterilis
2822 2095 3068 2163 viveret,
3109 2105 3166 2152 et
3202 2095 3505 2154 infructuo-

191 2182 465 2258 populum
493 2194 547 2238 et
579 2180 859 2250 rebellem;
905 2180 1168 2252 propheta
1197 2181 1271 2238 ita
1309 2181 1580 2253 objurgat,
1614 2190 1671 2238 et
1720 2182 1801 2236 in-
1903 2197 1996 2238 sus
2024 2191 2225 2239 terram
2269 2184 2565 2254 salsuginis
2590 2185 2797 2243 dicitur
2826 2187 3109 2260 accepisse
3137 2207 3150 2244 :
3185 2189 3274 2245 ubi
3304 2199 3510 2261 praeter

191 2288 414 2352 crepat,
454 2276 640 2334 dicens
682 2293 696 2331 :
734 2275 910 2331 Vacca
951 2275 1221 2331 lasciviens
1261 2273 1456 2345 Israel,
1504 2276 1803 2348 confregisti
1902 2274 2327 2332 amaritudinem
2357 2292 2463 2347 qua
2490 2276 2663 2334 Deum
2690 2288 3024 2350 provocaret
3043 2281 3111 2337 ad
3134 2281 3499 2352 iracundiam,

187 2371 413 2444 jugum,
440 2368 877 2444 rupistivincula.
924 2368 1078 2426 llunc
1118 2368 1281 2440 igitur
1317 2368 1474 2440 quasi
1514 2384 1800 2441 onagrum,
1905 2370 2044 2427 nihil
2075 2370 2332 2428 haberet.
2358 2371 2451 2428 Sic
2497 2387 2734 2444 namque
2780 2371 2911 2429 alibi
2954 2374 3022 2431 de
3069 2373 3184 2431 Deo
3210 2373 3346 2432 dicit
3384 2390 3513 2446 pro-

197 2464 546 2523 immundum
576 2462 832 2521 videlicet
859 2462 1061 2523 animal
1085 2480 1149 2522 ac
1197 2461 1401 2519 eﬁ'rene
1450 2462 1672 2534 reliquit
1697 2461 1804 2520 Do-
1906 2462 2069 2537 pheta
2100 2481 2113 2518 :
2148 2463 2386 2520 Posuisti
2410 2465 2634 2536 ﬂumina
2664 2467 2719 2520 in
2748 2466 3034 2536 desertum,
3062 2476 3112 2523 et
3147 2468 3319 2524 exitus
3346 2484 3512 2541 aqua-

202 2563 429 2633 minus,
460 2572 519 2619 ut
544 2560 613 2618 ab
652 2575 720 2618 eo
740 2561 876 2633 jugo
906 2563 1122 2635 imperii
1157 2562 1265 2631 sui,
1307 2559 1434 2632 quia
1463 2575 1678 2631 semper
1718 2574 1805 2615 re-
1906 2573 2023 2612 rum
2063 2558 2119 2612 in
2170 2558 2331 2613 sitim.
2378 2555 2600 2614 Terram
2639 2560 2971 2634 fructiferam
3023 2560 3081 2616 in
3120 2561 3439 2634 salsuginem
3482 2578 3518 2620 a

198 2659 353 2716 stitit
379 2656 623 2726 obedire,
654 2672 683 2712 a
705 2657 940 2713 vinculis
968 2664 1368 2728 praceptorum
1395 2654 1597 2711 diaboli
1630 2653 1808 2712 solve-
1905 2652 2114 2707 malitia
2140 2651 2555 2707 inhabitantium
2574 2652 2628 2708 in
2654 2670 2737 2710 ea.

203 2759 388 2822 retur,
420 2761 475 2808 et
508 2750 805 2808 secundum
834 2751 1156 2822 Apostolum
1185 2762 1378 2805 servus
1408 2747 1638 2820 peccati,
1672 2746 1809 2803 liber
1980 2744 2268 2803 Contemnit
2298 2748 2686 2804 multitudinem
2720 2749 2965 2822 civitatis,
2994 2749 3276 2808 clamorem
3302 2762 3516 2809 exacto-

208 2852 365 2902 esset
388 2844 652 2915 justitite;
675 2844 754 2901 sic
777 2845 923 2900 enim
953 2842 1071 2915 ipse
1096 2842 1363 2919 Dominus
1388 2840 1456 2896 de
1485 2839 1689 2896 Judtcis
1733 2839 1810 2895 ait
1909 2841 1982 2896 ris
2004 2858 2106 2897 non
2127 2842 2296 2897 audit.
2322 2842 2565 2901 Ecclesia
2595 2851 2681 2901 est
2708 2843 2828 2902 haec
2852 2845 3114 2913 civitatis,
3141 2862 3263 2919 qnte
3284 2853 3507 2904 constat

209 2939 270 2996 in
319 2938 580 3009 psalmo:
612 2935 1014 3008 Disrumpamus
1059 2934 1267 2990 vincula
1312 2950 1509 3003 eorum,
1541 2944 1590 2988 et
1644 2934 1811 3006 proji-
1912 2950 1978 2991 ex
2011 2934 2363 2992 multitudine
2406 2936 2894 2994 innumerabilium
2935 2939 3285 3011 populorum,
3315 2940 3385 2997 de
3413 2952 3519 3010 qua

209 3033 419 3089 ciamus
461 3049 495 3087 a
528 3030 672 3087 nobis
709 3035 903 3106 jugum
947 3030 1181 3103 ipsorum
1220 3044 1240 3084 :
1285 3016 1377 3084 ubi
1421 3027 1538 3097 ipsa
1569 3026 1811 3081 Trinitas
1915 3030 2185 3086 Dominus
2216 3030 2331 3085 ait:
2366 3029 2490 3085 Non
2526 3040 2691 3104 potest
2720 3032 2901 3087 civitas
2952 3033 3207 3088 abscondi
3242 3034 3297 3089 in
3349 3043 3521 3090 ntonte

211 3125 320 3184 Dei
342 3124 443 3182 hoc
470 3124 676 3183 dixisse
700 3124 935 3182 videtur.
964 3123 1100 3180 Nam
1123 3119 1582 3196 quemadmodum
1612 3120 1667 3176 in
1700 3118 1809 3176 Ge-
1846 3189 1884 3199 Δ
1915 3127 2106 3195 posito.
2140 3124 2294 3181 lianc
2333 3124 2497 3197 igitur
2524 3126 2757 3197 quisque
2785 3124 3009 3183 Judaeus
3035 3125 3384 3199 despiciens,
3427 3143 3519 3185 re-

212 3221 339 3278 nesi
364 3220 418 3276 in
443 3219 646 3276 iactura
669 3218 903 3275 hominis
926 3217 1213 3290 pluraliter
1239 3215 1384 3272 dixit
1408 3215 1585 3271 Deus:
1619 3212 1813 3267 Facia-
1839 3189 1887 3254 ο
1915 3189 2164 3289 ὲρυεηιιο
2185 3189 2507 3288 contemnit,
2526 3189 2821 3274 clamorem
2845 3217 3010 3275 etiam
3041 3189 3333 3289 cujuslibet
3353 3189 3521 3275 evan-

214 3331 332 3372 mus
361 3315 618 3369 hominem
648 3313 718 3368 ad
740 3312 1019 3387 imaginem
1044 3322 1092 3369 et
1114 3312 1513 3368 similitudinem
1543 3317 1813 3365 nostram:
1917 3310 2204 3383 gelizantis
2259 3311 2486 3368 verbum
2535 3311 2668 3379 Dei,
2716 3320 2772 3368 et
2821 3311 3094 3383 exigentis
3148 3309 3521 3367 obedientiam

216 3412 295 3470 ita
329 3420 385 3468 ct
413 3411 502 3467 hic
531 3411 746 3467 locutus
774 3416 859 3466 est
890 3425 904 3463 :
934 3408 1336 3480 Disrumpamus
1365 3405 1574 3461 vincula
1613 3420 1813 3472 eorum,
1920 3404 2067 3476 ﬁdei,
2097 3419 2206 3462 non
2252 3405 2424 3477 audit,
2465 3404 2520 3462 id
2549 3413 2654 3474 cst,
2693 3405 2922 3462 obedire
2960 3403 3252 3462 detrectat.
3290 3403 3374 3463 0b
3416 3403 3523 3463 hoc

217 3514 271 3562 et
297 3504 636 3576 projiciamus
661 3519 695 3557 a
736 3502 881 3558 nobis
910 3504 1103 3575 jugum
1137 3502 1388 3575 ipsorum.
1435 3501 1606 3568 Quem
1635 3498 1816 3555 locum
1920 3495 2105 3568 igitur,
2151 3497 2513 3555 incrassatum
2554 3507 2640 3555 cst
2678 3512 2775 3554 cor
2807 3512 3018 3567 eorum,
3061 3507 3118 3555 et
3164 3497 3357 3554 oculos
3391 3510 3524 3554 suos

217 3601 395 3658 Actus
413 3597 783 3669 apostolorum
803 3596 878 3652 ita
897 3609 958 3653 se
971 3593 1174 3651 habere
1192 3593 1481 3650 manifeste
1503 3592 1815 3651 declarant:

219 3694 318 3752 ubi
340 3691 574 3765 apostoli
600 3690 666 3748 ad
691 3691 859 3748 Deum
888 3690 1241 3747 elevaverunt
1267 3702 1455 3744 vocem
1478 3703 1632 3744 suam
1657 3698 1822 3760 atque

222 3789 483 3846 dixerunt
513 3804 527 3843 :
566 3786 820 3856 Domine,
855 3795 910 3843 tu
939 3786 1030 3859 qui
1059 3785 1238 3843 fecisti
1265 3787 1464 3842 ctelum
1494 3794 1550 3840 ct
1589 3792 1818 3851 terram,

220 3896 403 3948 mare,
434 3888 491 3937 et
517 3878 704 3936 omnia
734 3893 856 3950 quae
884 3878 938 3934 in
969 3877 1052 3934 eis
1089 3886 1237 3944 sunt,
1268 3875 1364 3949 qui
1390 3875 1595 3946 Spiritu
1632 3882 1824 3931 sancto

224 3990 420 4049 peros
457 3974 630 4045 patris
658 3972 833 4029 nostri
867 3971 1034 4029 David
1082 3971 1236 4043 pueri
1266 3970 1343 4026 tui
1384 3968 1570 4026 dixisti
1607 3988 1617 4024 :
1654 3968 1826 4035 Quare

224 4072 553 4144 fremuerunt
595 4078 798 4144 gentes,
842 4076 890 4123 et
932 4066 1114 4141 populi
1155 4066 1392 4121 meditati
1436 4073 1557 4121 sunt
1602 4064 1827 4120 inania?

225 4162 526 4219 Astiterunt
578 4177 723 4234 reges
772 4170 922 4216 terra:
949 4161 1010 4215 'et
1061 4158 1324 4232 principes
1372 4166 1722 4213 convenerunt
1773 4155 1827 4211 in

227 4271 415 4324 unum,
453 4256 701 4311 adversus
726 4253 1033 4319 Dominum,
1063 4262 1111 4308 et
1139 4252 1386 4308 adversus
1411 4250 1673 4308 Christum
1693 4251 1823 4323 ejus.

226 4350 316 4408 οι»
336 4348 437 4405 hoc
464 4348 628 4420 igitur
655 4347 836 4405 scelus
864 4347 1008 4419 quod
1041 4346 1096 4402 in
1124 4344 1346 4402 Christo
1377 4343 1519 4401 Filio
1547 4343 1643 4400 Dei
1672 4357 1827 4400 com-

225 4443 465 4504 missum
495 4449 603 4512 est,
631 4443 707 4498 ait
733 4441 919 4510 Pater,
966 4440 1059 4512 qui
1096 4438 1152 4495 in
1178 4438 1378 4510 Spiritu
1417 4451 1519 4493 suo
1550 4436 1654 4492 hoc
1685 4435 1832 4491 lutu-

227 4555 357 4597 rum
373 4536 720 4610 praedixerat,
740 4535 931 4592 dicens
951 4553 964 4592 :
988 4531 1385 4607 Disrumpamus
1400 4529 1607 4587 vincula
1628 4545 1826 4599 eorum,

229 4642 286 4689 et
335 4631 678 4705 projiciamus
721 4646 755 4683 α
798 4627 947 4685 nobis
989 4632 1183 4703 jugum
1244 4629 1493 4700 ipsorum.
1554 4622 1833 4679 Processit

228 4726 449 4800 grande
506 4733 784 4797 peccatum
833 4739 898 4781 ac
952 4722 1272 4789 uelandum,
1324 4733 1435 4793 quo
1490 4718 1832 4776 Salvatorem

231 4819 642 4887 cruciﬁxerunt,
674 4826 733 4874 ut
753 4816 948 4875 merito
968 4816 1037 4874 ab
1063 4817 1145 4873 eis
1177 4814 1404 4872 vincula
1435 4820 1832 4885 praeceptorum

230 4911 337 4974 Dei
358 4911 853 4985 disrumperentur,
886 4921 943 4969 et
965 4910 1038 4968 ita
1064 4910 1200 4982 legis
1220 4908 1411 4981 jugum
1443 4906 1830 4979 projiceretur.

232 5006 400 5077 Quod
441 5016 624 5064 autem
664 5006 880 5078 jugum,
921 5013 978 5063 et
1024 5004 1241 5062 vincula
1265 5017 1455 5060 eorum
1506 5000 1655 5058 dicta
1683 5008 1833 5068 sunt,

232 5118 367 5161 cum
395 5100 493 5158 Dei
519 5098 725 5157 iuerint
756 5100 939 5173 potius
972 5114 1135 5171 quam
1166 5095 1503 5163 Judzeorum,
1531 5092 1728 5164 quibus
1763 5092 1843 5148 le-

235 5210 369 5269 gem
391 5208 456 5250 ac
475 5201 744 5266 praecepta
770 5190 998 5249 dederat
1026 5188 1408 5246 mandatorum
1437 5203 1453 5241 :
1479 5185 1583 5242 hoc
1608 5184 1844 5240 maxime

236 5283 660 5358 requirendum,
711 5283 857 5355 quod
904 5282 982 5340 ita
1022 5282 1250 5350 dictum,
1282 5280 1409 5353 quia
1462 5274 1638 5336 ,ιιιάωί
1667 5276 1844 5348 legem

239 5378 542 5438 carnaliter
583 5375 976 5449 intelligentes,
1017 5390 1179 5449 quam
1225 5390 1293 5431 ex
1335 5372 1600 5445 operibus
1639 5386 1701 5428 se
1737 5370 1845 5427 im-

239 5471 403 5549 plere
439 5470 871 5538 arbitrabantur,
925 5468 1085 5541 quasi
1133 5483 1288 5524 suam
1336 5465 1650 5534 eil’ecerant,
1707 5462 1850 5519 sicut

240 5566 385 5626 dicit
415 5563 718 5639 Apostolus
761 5581 776 5619 :
808 5560 984 5619 Israel
1027 5579 1145 5619 vero
1192 5570 1391 5619 sectans
1419 5558 1581 5634 legem
1599 5556 1846 5631 justitite,

243 5660 305 5719 in
348 5662 510 5735 legem
542 5660 776 5734 justititc
801 5673 906 5714 non
934 5658 1180 5727 pervenit.
1225 5657 1445 5727 Quare?
1473 5654 1611 5723 Quia
1643 5668 1751 5708 non
1779 5667 1849 5709 ex

247 5750 384 5820 (ide,
426 5753 523 5810 sed
568 5767 636 5809 ex
664 5750 946 5823 operibus.
975 5751 1048 5807 Et
1078 5751 1202 5808 ideo
1241 5749 1310 5807 de
1338 5748 1545 5807 eisdem
1579 5746 1847 5818 sequitur,

246 5845 447 5912 dicens
469 5843 827 5925 :lgnorantes
856 5844 1110 5923 cuimDei
1140 5845 1421 5921 justitiam,
1452 5854 1499 5903 et
1537 5857 1685 5900 suam
1711 5855 1853 5916 qutu-

1922 3590 2259 3657 clauserunt,
2312 3598 2374 3647 ut
2420 3606 2529 3648 non
2561 3590 2782 3648 videant
2825 3591 3019 3663 oculis,
3052 3600 3108 3649 et
3149 3591 3376 3650 auribus
3411 3606 3523 3651 non

1923 3684 2164 3754 audiant,
2196 3692 2253 3740 et
2276 3686 2452 3743 corde
2482 3685 2808 3757 intelligant.

1997 3779 2360 3851 Circumspicit
2386 3789 2584 3836 montes
2607 3796 2815 3853 pascua:
2834 3781 3034 3849 sute,'et
3063 3782 3282 3838 uirentia
3310 3796 3527 3855 quaque

1934 3875 2208 3947 perquirit.
2233 3874 2467 3941 Montes,
2499 3873 2767 3945 superbos
2792 3889 3044 3947 quosque
3069 3874 3353 3943 doctores,
3388 3870 3532 3931 scri-

1931 3966 2032 4023 bas
2061 3966 2361 4036 videlicet,
2415 3975 2478 4023 et‘
2500 3967 2804 4038 pharisaeus
2832 3967 2965 4040 legis
2998 3984 3135 4036 sum,
3168 3967 3326 4042 quasi
3354 3966 3535 4039 suspi-

1928 4060 2101 4127 ciens,
2130 4059 2318 4131 eisque
2362 4058 2632 4117 honorem
2662 4057 2941 4126 del'erens,
2974 4058 3304 4116 adulationis
3324 4058 3533 4115 ambitu

1930 4152 2219 4210 circumit:
2249 4151 2317 4209 ab
2346 4151 2427 4208 eis
2451 4150 2633 4223 procul
2660 4149 2848 4217 dubio,
2878 4151 2932 4207 in
2952 4150 3153 4222 quibus
3175 4161 3260 4207 est
3276 4149 3532 4206 doctrina

1931 4241 2254 4314 hominum,
2306 4259 2418 4302 non
2447 4242 2755 4311 recedens,
2787 4243 2846 4299 in
2896 4242 3098 4315 quibus
3150 4242 3316 4299 etiam
3370 4255 3532 4298 mon-

1934 4340 2080 4397 tibus
2107 4340 2201 4396 ubi
2222 4354 2283 4395 se
2312 4354 2513 4411 pascua
2536 4338 2776 4395 carnalis
2800 4337 2940 4410 legis
2967 4336 3171 4393 habere
3200 4336 3533 4407 gloriantur,

1934 4432 2172 4489 virentia
2201 4445 2434 4503 qumque
2465 4430 2756 4503 perquirit,
2789 4445 2913 4501 qua:
2963 4429 3031 4486 ad
3080 4428 3308 4486 delicias
3350 4428 3542 4501 utique

1934 4525 2148 4593 carnis,
2196 4531 2246 4580 et
2282 4523 2513 4580 sabbata
2547 4522 2776 4579 delicata
2804 4522 3104 4594 pertinent,
3138 4530 3195 4578 et
3225 4536 3348 4593 qua:
3392 4519 3544 4577 velut

1940 4616 2263 4673 virescentis
2287 4615 2583 4688 superﬁcie
2603 4616 2738 4688 legis
2764 4614 3036 4684 historiis,
3063 4613 3274 4670 nullum
3303 4612 3542 4670 fructum

1941 4712 2179 4770 habeant
2199 4711 2519 4782 ﬁgurarum.

2014 4802 2288 4875 Numquid
2315 4803 2447 4860 volet
2482 4803 2784 4861 rhinoceros
2810 4803 3002 4860 seruire
3036 4803 3153 4869 tibi,
3195 4812 3287 4857 aut
3330 4799 3549 4857 morabi-

1943 4906 2027 4955 tur
2056 4900 2124 4954 ad
2170 4913 2400 4973 prtesepe
2429 4899 2615 4954 tuum?
2641 4897 2791 4969 Sive,
2825 4905 2886 4953 ut
2914 4896 3008 4953 alii
3044 4895 3303 4953 dixerunt
3329 4912 3340 4949 :
3368 4894 3544 4950 Num-

1942 4994 2069 5068 quid
2094 4995 2226 5050 rolet
2255 5008 2557 5049 mouoceros
2580 4991 2772 5049 seruire
2796 4990 2930 5046 tibi?
2959 4989 3041 5045 Ex
3065 4987 3283 5045 diversa
3303 4986 3549 5046 editione

1949 5087 2396 5147 transferentium
2427 5086 2784 5158 advertimus,
2813 5085 2962 5160 quod
2984 5086 3159 5158 ipsum
3191 5082 3262 5140 sit
3282 5081 3545 5139 rhinoce-

1947 5199 2040 5241 ros
2066 5181 2213 5255 quod
2234 5182 2301 5253 ζει
2346 5195 2696 5251 monoceros,
2728 5189 2785 5238 et
2811 5178 3007 5237 Latine
3050 5177 3391 5250 intelligatur
3429 5175 3553 5232 uni-

1946 5273 2150 5341 cernis,
2201 5273 2318 5330 sive
2345 5287 2514 5343 super
2543 5287 2707 5331 nares
2750 5288 2928 5331 cornu
2968 5270 3204 5328 habens.
3254 5269 3394 5327 Sunt
3420 5281 3552 5342 ergo

1949 5366 2326 5439 hujuscemodi
2371 5364 2503 5422 fera:
2532 5367 2586 5422 in
2634 5365 2936 5423 solitudine
2965 5362 3237 5432 Orientis,
3268 5370 3326 5419 et
3354 5362 3423 5419 ab
3453 5365 3554 5419 ho-

1956 5448 2196 5520 minibus
2221 5474 2627 5531 nonnumquam
2657 5458 2931 5529 videntur,
2962 5457 3079 5514 sive
3110 5455 3429 5529 capiuntur.
3452 5453 3555 5511 Hic

1957 5554 2123 5628 igitur
2154 5565 2508 5620 monoceros,
2541 5551 2726 5623 populi
2762 5549 2988 5624 gentilis
3037 5548 3335 5621 imaginem
3381 5544 3560 5619 praell-

1957 5659 2152 5721 gurat;
2183 5648 2338 5720 cujus
2379 5648 2548 5705 etiam
2577 5645 2832 5718 superbia
2858 5643 3200 5717 signiﬁcatur
3242 5642 3298 5699 in
3338 5656 3507 5699 cornu
3538 5657 3554 5698 :

1958 5744 2100 5800 sicut
2131 5739 2453 5813 quibusdam
2478 5738 2880 5812 peccatoribus,
2905 5747 2961 5795 et
2986 5735 3244 5809 superbis
3268 5750 3298 5791 a
3328 5734 3441 5791 Deo
3471 5733 3557 5791 dl-

1959 5836 2101 5897 citur
2129 5850 2229 5910 per
2250 5837 2573 5911 prophetam
2606 5831 2764 5894 :Dixi
2796 5831 3009 5908 iniquis,
3035 5830 3218 5890 Nolite
3238 5831 3413 5907 inique
3433 5842 3558 5907 ag¢~
