4026 6318
540 276 641 338 771

1324 266 1668 333 APPENDIX
1707 268 1800 326 AD
1838 267 2080 325 TUMUM
2118 258 2470 323 SEPTIMUM
2515 266 2573 322 S.
2617 258 3017 323 HIERONYMI.

3730 262 3833 323 773
3876 276 3889 295 ε

535 413 627 458 re;
647 404 697 450 et
721 393 1161 465 delinquentibus,
1182 389 1340 444 nolite
1365 386 1599 443 exaltare
1626 401 1808 440 cornu.
1838 383 2019 439 Nolite
2045 398 2137 438 ex.
2162 385 2214 444 Α
2242 382 2296 437 in
2325 382 2537 453 psalmo
2567 399 2578 435 :
2613 383 2869 437 Ascensus
2900 382 2956 436 in
2982 382 3141 436 corde
3165 398 3262 438 suo
3304 383 3569 456 disposuit
3613 383 3671 436 in
3704 384 3836 437 ualle

530 487 721 552 tollere
756 487 811 542 in
840 484 1007 542 altum
1033 498 1192 537 cornu
1217 489 1439 535 vestrum
1468 495 1489 535 :
1515 480 1641 550 quia
1683 485 1952 534 ueternosa
1978 484 2136 546 atque

539 579 758 649 antiqua
787 578 841 631 in
879 576 984 641 Itis,
1013 589 1139 645 quos
1169 571 1307 626 Deus
1337 571 1593 641 increpat,
1620 568 1866 642 superbia
1891 577 1988 624 est.
2034 565 2134 624 Sc-

542 670 780 728 cundam
812 667 972 722 aliam
1001 665 1323 732 editionem,
1357 664 1409 720 in
1441 662 1545 719 hoc
1571 661 1766 718 eodem
1797 660 1922 717 loco
1943 659 2135 730 psalmi

538 763 767 833 legimus
799 778 811 813 :
849 758 1029 813 Nolite
1050 756 1279 812 exaltare
1307 756 1364 811 in
1387 753 1653 811 excelsum
1678 768 1842 808 cornu
1873 762 2096 808 uestrum
2116 793 2131 818 ,

534 854 797 926 loquentes
847 851 904 905 in
932 849 1127 906 cervice
1176 848 1354 904 veteri.
1407 846 1470 904 in
1521 846 1707 903 multis
1743 860 1961 919 quoque
2009 844 2135 900 aliis

533 950 968 1019 Scripturarum,
1000 959 1172 999 cornu
1201 950 1540 1012 nuncupata,
1564 940 1794 1011 legimus
1823 938 2134 1008 superbiam

531 1047 802 1103 nominari
846 1064 861 1100 :
912 1046 1040 1101 licet
1069 1053 1127 1100 et
1156 1045 1211 1098 in
1258 1044 1456 1097 bonam
1492 1047 1702 1110 partem
1740 1051 1911 1092 cornu
1965 1036 2138 1090 soleat

528 1140 661 1206 dici,
680 1152 737 1196 ut
758 1150 843 1197 est
865 1138 1003 1194 illud
1039 1156 1052 1193 :
1084 1135 1356 1194 Exaltabit
1384 1150 1548 1188 cornu
1573 1130 1899 1191 Christian“.
1921 1126 2055 1183 Nam
2081 1137 2135 1180 et

532 1232 653 1304 ipse
687 1232 949 1288 Dominus
979 1230 1260 1294 Christus,
1286 1234 1512 1298 propter
1538 1224 1815 1294 singulare
1844 1219 2135 1291 imperium

526 1342 710 1395 suum,
737 1324 1037 1397 aliquando
1063 1333 1119 1379 et
1139 1319 1426 1377 unicornis
1455 1317 1681 1372 dicitur.
1710 1313 1967 1385 Legimus
1992 1326 2128 1383 quo-

527 1433 638 1491 que
658 1432 868 1475 cornua
884 1426 940 1473 et
967 1429 1137 1487 regna
1161 1413 1296 1479 dici,
1320 1412 1455 1467 utin
1481 1407 1707 1464 Dauiele
1732 1416 1789 1461 et
1808 1402 2134 1475 Apocalypsi

527 1512 870 1568 continetur.
892 1509 992 1565 llic
1007 1520 1358 1572 monoceros,
1384 1504 1474 1573 qui
1505 1517 1602 1573 per
1620 1501 1947 1571 sapientiam
1981 1514 2136 1552 mutt-

533 1603 736 1663 dialem
780 1612 993 1658 tumore
1024 1598 1294 1671 superbia:
1323 1602 1442 1651 erat
1477 1595 1531 1649 in
1558 1592 1794 1649 sublime
1823 1597 2133 1660 porrectus,

2238 478 2417 547 ﬂetus.
2463 473 2619 532 Unde
2647 481 2705 529 et
2730 474 2899 529 Isaias
2924 488 3049 530 cum
3081 474 3462 545 increpatione
3486 474 3837 545 prophetatu-

2238 582 2363 634 rus,
2395 576 2584 625 contra
2621 566 2926 624 Jerusalem
2961 567 3321 637 peccatricem
3375 568 3686 638 prophetia:
3724 582 3834 622 sua:

2238 660 2624 732 hujuscemodi
2654 662 2873 717 titulum
2901 662 3223 731 praeposuit,
3247 661 3479 717 dicens:
3516 660 3670 715 Onus
3691 662 3835 716 callis

2238 756 2472 811 visionis.
2522 752 2738 810 Talium
2767 753 2949 825 ,igitur
2998 753 3225 811 vallium
3272 754 3468 823 glebas
3516 767 3837 809 monoceros

2237 847 2579 912 comminuit,
2626 845 2843 917 quando
2896 846 3160 903 humiliati
3201 847 3451 917 corporis
3475 854 3685 904 terram
3714 848 3837 904 edo-

2239 949 2371 1004 mat,
2394 948 2451 995 et
2467 938 2835 1006 suscipiendis
2852 939 3163 995 ctrlestinm
3186 950 3591 1011 praeceptorum
3621 940 3841 995 seruii-

2238 1030 2340 1086 bus
2380 1045 2445 1087 ac
2483 1030 2778 1087 reddendis
2810 1030 3081 1087 fructibus
3112 1042 3393 1103 praparat
3422 1050 3435 1086 :
3471 1033 3695 1104 quando
3719 1050 3835 1089 cum

2235 1121 2503 1194 Apostolo
2530 1124 2759 1195 castigat
2790 1138 2991 1195 corpus
3012 1140 3196 1191 suum,
3224 1134 3280 1181 et
3303 1126 3356 1181 in
3382 1126 3713 1182 servitutem
3751 1142 3835 1183 re-

2236 1213 2377 1284 digit
2403 1231 2418 1270 :
2448 1215 2671 1286 quando
2692 1231 2911 1272 omnem
2934 1215 3321 1274 bebetudioem
3352 1217 3833 1286 obstinaticordis,

2234 1305 2545 1379 duramque
2576 1308 2930 1365 stoliditatem
2956 1326 2985 1365 a
3026 1325 3088 1367 se
3111 1310 3331 1367 auferre
3359 1312 3666 1381 contendit,
3693 1313 3837 1383 quod

2239 1410 2423 1457 tamen
2445 1401 2668 1457 efﬁcere
2691 1416 3033 1473 nequaquam
3065 1403 3287 1472 poterit,
3316 1404 3401 1457 ait‘
3418 1402 3701 1470 Dominus,
3731 1405 3832 1459 nisi

2237 1503 2509 1550 rectorem
2540 1502 2597 1550 et
2621 1495 3048 1565 gubernatorem
3082 1508 3240 1549 suum
3270 1493 3601 1551 obedienter
3616 1510 3704 1552 me
3728 1494 3838 1551 fue-

2236 1583 2309 1640 rit
2336 1594 2578 1641 secutus.
2606 1583 2762 1642 Unde
2790 1586 2865 1640 ait
2889 1585 3152 1640 Dominus
3180 1584 3248 1639 ad
3289 1584 3395 1641 Job
3424 1602 3440 1640 :
3472 1595 3570 1641 aut
3597 1586 3837 1642 confrin-

534 1695 799 1769 numquid
827 1695 923 1751 tibi
951 1692 1297 1764 subjicietur,
1328 1687 1683 1744 aitDominus
1706 1683 1774 1740 ad
1798 1682 1921 1752 Job,
1948 1691 2011 1737 ut
2041 1698 2137 1751 per
2170 1765 2201 1769 _
2235 1688 2331 1749 get
2353 1678 2539 1750 glebas
2567 1679 2786 1736 vallium
2811 1690 2936 1752 post
2960 1679 3192 1745 te,sicut
3225 1679 3494 1735 habemus
3517 1680 3572 1735 in
3601 1680 3832 1749 psalmo:

540 1765 705 1847 ﬁdem
732 1790 786 1845 in
812 1787 1106 1843 sanctitate
1135 1793 1191 1839 et
1228 1781 1446 1851 justitia
1485 1779 1761 1844 serviens,
1804 1776 2133 1832 obedientia:
2163 1765 2212 1825 B
2237 1774 2473 1830 Adltwsit
2500 1776 2679 1830 anima
2709 1793 2823 1830 mea
2851 1785 2967 1847 post
2999 1785 3069 1831 te.
3118 1775 3188 1831 Et
3215 1773 3488 1845 propheta
3533 1773 3607 1831 de
3654 1773 3836 1844 hujus-

539 1882 683 1937 colla
706 1878 1013 1944 submittat,
1039 1886 1093 1932 et
1115 1882 1431 1930 mansuetus
1457 1869 1685 1927 eﬂ'ectus
1706 1875 1869 1940 atque
1891 1867 2135 1933 humilis,

532 1975 600 2030 ad
628 1973 968 2028 Dominicum
1021 1982 1266 2037 praesepe
1296 1972 1570 2029 recurrat,
1614 1977 1679 2017 ac
1706 1960 1885 2016 verbis
1910 1960 2008 2015 Dei
2036 1959 2134 2014 ho-

530 2068 806 2136 minisque
835 2064 1125 2135 assumpti,
1167 2061 1340 2117 sacris
1381 2057 1603 2114 cibariis
1642 2064 1945 2111 saturetur.
1985 2054 2131 2121 Sive,

529 2160 798 2232 numquid
850 2156 1196 2229 subjicietur,
1244 2163 1300 2210 ut
1334 2154 1389 2208 in
1427 2151 1691 2208 Ecclesia
1728 2165 1869 2205 mea:
1896 2149 2137 2205 claustro

531 2254 765 2321 habitet,
802 2250 947 2323 quod
990 2250 1096 2305 erit
1125 2246 1403 2303 viantibus
1453 2244 1752 2313 stabulum,
1800 2249 1965 2311 atque
2012 2239 2139 2296 huic

532 2346 738 2405 saeculo
764 2342 1196 2401 renuntiantihus
1218 2341 1458 2396 salutare
1481 2336 1783 2408 perfugium
1813 2353 1829 2391 :
1854 2334 1946 2389 ubi
1969 2334 2135 2405 spiri-

531 2439 764 2498 tualium
815 2438 1061 2494 ciborum
1108 2433 1410 2499 alimoniis,
1442 2429 1902 2496 institutionibus,
1936 2435 1993 2483 et
2020 2442 2135 2483 coe-

528 2532 767 2590 lestibus
811 2532 1131 2602 pinguescat
1171 2526 1424 2598 eloquiis,
1468 2534 1524 2579 et
1569 2522 1865 2592 impleatur
1916 2520 1971 2575 in
2015 2520 2133 2589 illo,

533 2622 680 2698 quod
732 2623 840 2681 erit
896 2638 993 2691 per
1048 2620 1376 2691 prophetam
1438 2625 1626 2686 postea
1682 2610 2135 2683 praedicendum:

529 2718 754 2793 Agnovit
779 2716 870 2772 bos
914 2727 1258 2788 possessorem
1284 2724 1460 2776 suum,
1488 2716 1535 2762 et
1558 2707 1735 2761 asinus
1768 2720 1997 2777 prazsepe
2035 2703 2134 2758 do-

530 2811 660 2867 mini
688 2810 792 2865 sui.
836 2808 893 2864 in
935 2813 1292 2862 monocerote
1321 2801 1526 2873 quippe
1549 2798 1635 2854 hic
1658 2796 1964 2866 nominato,
1991 2798 2136 2852 sicut

531 2902 589 2959 in
612 2901 881 2973 propheta
914 2913 1009 2970 per
1028 2900 1266 2963 asinum,
1302 2891 1612 2951 immundus
1639 2901 1694 2946 et
1715 2889 2135 2947 incircumcisus

535 2995 880 3065 signiﬁcatus
905 3001 990 3047 est
1009 2991 1242 3061 populus
1268 2988 1516 3044 omnium
1547 2981 1848 3039 nationum.

604 3084 882 3156 Numquid
898 3083 1137 3159 alligabis
1160 3083 1490 3139 rhinocerota
1510 3078 1579 3134 ad
1601 3076 1863 3134 arandum
1882 3076 1995 3131 loro
2016 3085 2129 3141 tuo,

528 3189 624 3237 aut
643 3142 934 3252 confringet
959 3142 1133 3251 glebas
1158 3176 1382 3233 vallium
1409 3181 1523 3247 post
1544 3182 1611 3228 te.
1639 3170 1844 3227 Lorum
1871 3170 1975 3225 hoc
2001 3169 2128 3224 loco
2155 3142 2201 3206 Ο

532 3276 735 3333 dictam
768 3273 940 3346 ipsam
971 3273 1293 3329 charitatcm
1319 3267 1552 3335 Christi,
1585 3280 1710 3337 quae
1738 3272 1823 3320 est
1847 3264 1991 3319 inter
2008 3276 2127 3315 om-

537 3384 637 3426 nes
666 3369 897 3425 virtutes
928 3365 1225 3437 praecipua,
1260 3360 1566 3431 intelligere
1607 3358 1895 3422 debemus,
1924 3356 1994 3410 de
2023 3369 2127 3424 qua

530 3462 600 3518 ad
629 3461 919 3533 diligentes
963 3467 1124 3529 atque
1152 3464 1401 3510 amantes
1430 3452 1600 3507 Deum
1627 3491 1644 3517 ,
1691 3450 1767 3504 ait
1796 3448 2088 3519 Apostolus
2112 3491 2127 3515 ,

529 3553 777 3626 Copulati
826 3554 882 3607 in
938 3545 1429 3616 charitate:cujus
1477 3542 1712 3598 vinculis
1766 3540 2124 3611 colligandos,

525 3650 801 3719 propheta
828 3647 959 3701 olim
1006 3642 1355 3714 praedixerat,
1385 3637 1574 3693 dicens
1602 3635 1669 3691 ad
1707 3635 1881 3690 Deutn
1911 3652 1926 3690 ε
1956 3631 2130 3688 Labor

528 3740 775 3815 zEgypti,
805 3745 852 3794 et
880 3736 1160 3810 negotiatio
1184 3729 1499 3798 /Ethi0pite,
1522 3737 1572 3782 et
1604 3727 1820 3783 Sabuim
1848 3725 1943 3779 viri
1960 3724 2126 3779 subli-

524 3852 634 3890 mes
660 3834 731 3889 ad
759 3842 807 3888 te
832 3831 1147 3896 transibunt,
1173 3837 1222 3882 et
1262 3824 1341 3880 tui
1371 3829 1544 3888 erunt,
1572 3832 1618 3876 et
1646 3828 1761 3891 post
1805 3829 1854 3874 te
1893 3817 2129 3873 ambula-

525 3925 690 3980 bunt:
713 3923 869 3979 uincti
891 3921 1108 3976 manicis
1133 3926 1363 3990 pergent.
1391 3916 1455 3970 Et
1479 3912 1649 3969 David
1664 3911 2123 3982 quemadmodum

524 4017 815 4073 charitatis
846 4014 940 4069 Dei
977 4010 1205 4068 vinculis
1248 4024 1347 4081 per
1380 4005 1666 4062 ministros
1698 4003 1853 4061 verbi
1883 4003 1980 4059 Dei
2009 4005 2128 4057 vin-

522 4108 707 4166 ciendi
730 4115 917 4164 essent
945 4103 1262 4168 credentes,
1290 4102 1363 4156 ita
1386 4096 1646 4169 loquitur,
1673 4096 1864 4152 dicens
1897 4114 1911 4151 :
1939 4097 2017 4149 Ad
2038 4095 2123 4149 al-

523 4200 768 4274 ligandos
788 4213 935 4269 reges
957 4211 1137 4251 eorum
1162 4196 1217 4248 in
1242 4191 1463 4247 vinculis
1493 4189 1694 4261 ferreis.
1726 4188 1970 4257 Quorum
2004 4188 2126 4242 vin-

523 4294 772 4351 culorum
804 4287 1138 4352 nominibus,
1174 4284 1463 4341 charitatis
1495 4278 1696 4335 Christi
1747 4278 2123 4335 fortitudinem

526 4386 706 4441 voluit
731 4383 1136 4446 demonstrare,
1168 4393 1289 4450 qua:
1315 4377 1481 4431 etiam
1515 4372 1677 4430 furtis
1722 4383 1778 4430 et
1829 4382 2022 4443 potens
2068 4373 2123 4427 in

524 4480 762 4538 manicis
792 4476 1009 4543 ferreis,
1036 4474 1104 4530 ad
1136 4486 1379 4529 amorem
1403 4469 1618 4527 Domini
1647 4465 1998 4537 constringit.
2025 4465 2123 4522 llic

2239 1869 2389 1924 modi
2419 1888 2433 1923 ι
2463 1868 2597 1923 Post
2616 1877 2665 1923 te
2691 1869 3048 1934 ambulabunt,
3074 1868 3443 1941 inquit,vitlcti
3473 1869 3835 1939 conpedibus:

2240 1963 2331 2019 ubi
2361 1962 2727 2020 admiratione
2742 1963 2937 2034 dignos
2953 1962 3115 2019 video
3140 1964 3281 2019 tales
3298 1962 3489 2033 pedes,
3515 1962 3613 2032 qui
3636 1973 3834 2033 quanto

2237 2060 2411 2124 magis
2438 2055 2739 2123 compediti
2770 2053 2994 2123 fuerint,
3042 2064 3197 2110 tanto
3244 2054 3487 2110 velocius
3516 2054 3643 2110 sine
3666 2054 3831 2111 olle.-

2238 2146 2397 2202 sione
2419 2145 2798 2217 egrediuntur.

2313 2237 2591 2310 Numquid
2640 2239 2888 2308 ﬁduciam
2940 2238 3152 2295 habebis
3198 2242 3249 2294 in
3291 2256 3482 2313 magna
3531 2239 3834 2311 fortitudine

2237 2333 2370 2401 ejus,
2399 2343 2447 2388 et
2476 2333 2799 2401 derelinques
2837 2333 2885 2388 ei
2924 2332 3125 2388 labores
3164 2333 3324 2388 tuos?
3353 2332 3635 2403 Numquid
3662 2334 3833 2389 aedes

2237 2421 2341 2491 illi,
2379 2425 2626 2493 quoniam
2671 2431 2951 2480 sementem
2996 2422 3179 2479 reddat
3213 2423 3341 2486 tibi,
3387 2433 3435 2478 et
3477 2440 3658 2479 aream
3699 2434 3834 2478 tm

2238 2524 2508 2588 congreget
2531 2515 2557 2569 ?
2588 2514 2701 2586 Ego
2726 2516 2988 2571 Dominus
3019 2517 3144 2570 novi
3177 2514 3560 2572 fortitudinem
3591 2516 3831 2572 charita-

2239 2607 2310 2662 tis
2333 2606 2478 2677 ejus,
2510 2616 2563 2663 et
2587 2607 2866 2678 patientim
2884 2623 2948 2662 ac
2966 2608 3413 2679 longanimitatis,
3438 2617 3494 2665 et
3516 2606 3725 2664 idcirco
3740 2607 3831 2665 de-

2237 2700 2433 2769 reliqui
2463 2700 2513 2756 ei
2540 2699 2608 2755 ad
2638 2699 2963 2755 imitandum
2997 2716 3087 2756 me
3119 2715 3312 2756 omnes
3356 2699 3581 2756 labores
3614 2700 3834 2772 dispen-

2235 2791 2464 2848 Sationis
2497 2807 2652 2860 meae,
2687 2809 2826 2863 quos
2855 2794 2908 2848 in
2951 2808 3038 2848 me
3067 2792 3347 2849 credendo
3372 2792 3668 2864 intelliget,
3713 2793 3829 2864 quia

2236 2899 2335 2953 pro
2356 2885 2449 2940 illo
2470 2886 2704 2941 sustinui
2730 2886 2940 2957 alapas,
2967 2886 3194 2941 verbera
3220 2900 3285 2942 ac
3311 2896 3479 2953 sputa
3499 2887 3829 2956 suscipiens,

2235 2976 2415 3033 eidem
2449 2977 2694 3034 laboravi
2728 2996 2742 3032 :
2775 2982 2937 3048 eique
2962 2977 3030 3033 ad
3074 2976 3245 3034 oculos
3284 2977 3543 3033 revolans
3586 2978 3831 3049 exempla

2234 3069 2485 3125 laborum
2517 3085 2581 3126 ac
2607 3072 2871 3126 virtutum
2903 3070 3123 3141 reliqui,
3155 3068 3244 3125 cui
3268 3084 3391 3140 qua:
3430 3068 3641 3124 credidi
3672 3076 3831 3139 atque

2234 3161 2507 3229 commisi,
2533 3161 2842 3233 Opitulante
2873 3162 2979 3217 sibi
3009 3160 3182 3234 gratia
3229 3176 3372 3228 mea,
3412 3161 3607 3217 reddat
3652 3160 3830 3216 multi-

2236 3252 2358 3322 plex
2386 3268 2599 3320 semen,
2627 3263 2682 3310 et
2711 3255 2762 3308 in
2793 3269 2920 3310 arca
2952 3254 3211 3311 Ecclesia:
3242 3269 3379 3310 mea:
3405 3268 3635 3324 germen
3663 3254 3821 3309 trice—

2235 3343 2455 3412 simum,
2488 3345 2913 3415 sexagesimum,
2944 3346 3415 3416 centesimumquc
3435 3344 3755 3410 l'ructiﬁcet,
3778 3353 3828 3400 et

2232 3450 2414 3493 aream
2444 3447 2594 3493 tuam
2634 3448 2925 3511 congreget
2953 3457 2967 3493 :
2996 3439 3138 3495 sicut
3162 3440 3417 3512 apostoli,
3446 3451 3498 3496 et
3539 3450 3664 3512 post
3696 3454 3825 3510 apo-

2231 3531 2405 3586 stolos
2435 3531 2590 3586 multi
2614 3530 2799 3589 fecere
2827 3532 3138 3589 doctorum.

2308 3623 2491 3680 Penno
2513 3624 2841 3695 struthionis,
2865 3624 3058 3680 similis
3094 3632 3166 3681 est
3201 3625 3383 3696 pennis
3423 3623 3626 3680 herodit'
3655 3633 3703 3679 et
3743 3639 3826 3678 ac-

2231 3718 2457 3789 cipitris.
2479 3719 2839 3775 Herodiorum
2864 3735 3066 3791 genera
3093 3721 3199 3776 tria
3220 3734 3342 3776 esse
3358 3719 3638 3784 dicuntur,
3664 3735 3824 3775 unum

2232 3808 2426 3865 horum
2467 3811 2649 3867 album
2668 3826 2790 3867 esse
2815 3813 3002 3868 colore
3027 3810 3246 3883 quidam
3276 3810 3488 3878 lerunt,
3523 3813 3673 3868 aliud
3699 3828 3825 3869 vero

2231 3905 2386 3973 quasi
2424 3905 2573 3975 gruis
2621 3905 2945 3976 quihusdam
2985 3906 3224 3963 diversis
3250 3906 3531 3962 coloribus
3575 3908 3820 3976 varium,

2233 3996 2456 4050 tertium
2498 4010 2717 4067 quoque
2751 4012 2925 4069 genus
2966 3998 3179 4068 nigrum
3221 3997 3497 4053 afﬁrmant
3521 4044 3537 4069 ,
3570 4000 3719 4070 quod
3758 4000 3824 4057 sit

2231 4099 2341 4140 non
2383 4086 2559 4141 solum
2593 4087 2788 4153 velox,
2841 4102 2895 4145 et
2938 4105 3141 4146 saevum
3184 4089 3251 4144 ad
3291 4089 3536 4160 praedam
3573 4106 3587 4143 :
3636 4107 3820 4147 verum

2229 4177 2395 4232 etiam
2442 4178 2497 4232 in
2540 4178 2687 4234 coitu
2737 4179 3320 4252 impatientissimum,
3372 4183 3648 4239 intantum
3683 4185 3819 4238 utin

2230 4279 2479 4341 tempore
2507 4271 2686 4327 coitus
2714 4288 2781 4329 ex
2809 4272 2988 4331 oculis
3027 4274 3145 4346 ejus
3179 4274 3403 4345 sanguis
3429 4274 3681 4331 ebulliat.
3716 4275 3818 4331 lic-

2229 4362 2419 4417 rodius
2450 4363 2501 4418 in
2535 4365 2747 4433 psalmo
2794 4364 3105 4422 centesimo
3148 4365 3313 4421 tertio
3344 4366 3417 4421 ita
3458 4368 3774 4422 nominatur
3804 4385 3816 4419 :

2231 4452 2452 4510 Ilerodii
2480 4456 2663 4511 domus
2693 4457 2802 4512 dua:
2822 4470 2895 4514 est
2920 4474 3120 4526 eorum,
3153 4473 3278 4513 cum
3309 4457 3377 4513 de
3407 4458 3572 4529 lignis
3602 4457 3815 4515 Domini

1134 4578 1244 4633 est,
1271 4565 1506 4638 populus
1527 4561 1800 4637 quondam
1830 4528 2121 4617 incircum-
2149 4528 2199 4590 υ
2227 4552 2491 4622 propheta
2524 4553 2763 4623 tropicos
2790 4551 3053 4625 loquitur.
3074 4551 3133 4607 lu
3157 4548 3582 4645 Denteronomio
3603 4563 3815 4624 quoque

523 4665 695 4733 cisus,
722 4663 987 4737 praeputio
1007 4659 1218 4717 scilicet
1238 4657 1538 4714 carnalium
1564 4653 1924 4726 voluptatum,
1952 4660 2012 4709 et
2032 4652 2116 4708 in-

520 4760 788 4820 ﬁdelitate
818 4753 1150 4822 immundus,
1183 4754 1285 4810 hoc
1310 4752 1429 4809 loro
1450 4748 1741 4807 charitatis
1768 4745 1971 4802 Christi
2008 4743 2122 4799 for-

520 4856 734 4913 tissimo
758 4851 1034 4925 alligatus,
1060 4850 1133 4904 ita
1154 4858 1214 4904 ut
1235 4844 1388 4901 nulla
1414 4858 1540 4900 eum
1572 4850 1828 4898 creatura
1860 4851 2119 4909 separare

518 4947 693 5023 possit
720 4962 752 5003 a
774 4943 995 5002 Christo
1030 4959 1044 4999 :
1073 4940 1296 5000 conﬁcit
1322 4939 1375 4995 in
1415 4950 1651 5010 corpore
1672 4932 1861 5007 glebas
1898 4930 2121 4988 conval-

517 5042 650 5100 lium
673 5083 691 5111 ,
736 5036 995 5096 duritiam
1023 5036 1237 5094 scilicet
1265 5041 1642 5104 peccatorum,
1675 5037 1731 5084 et
1752 5026 1885 5083 colit
1910 5024 1964 5081 in
1995 5039 2118 5080 cor-

517 5154 655 5213 pore
683 5151 786 5194 suo
814 5145 1019 5193 terram
1039 5130 1404 5195 Dominicam,
1435 5122 1736 5182 secundum
1766 5118 2113 5213 Apostolum,

515 5211 609 5306 qui
632 5233 708 5289 ait
738 5246 753 5285 :
789 5228 913 5285 Non
939 5226 1061 5283 estis
1084 5222 1262 5280 vestri.
1297 5221 1363 5278 Et
1392 5218 1516 5275 ideo
1550 5216 1637 5272 hic
1668 5212 1982 5287 specialiter
2012 5211 2116 5267 Do-

515 5328 652 5387 mini
678 5335 766 5382 est
792 5332 961 5389 terra,
986 5319 1038 5376 in
1068 5332 1173 5390 qua
1199 5313 1450 5389 primitus
1478 5308 1538 5366 ﬁt
1577 5308 1820 5365 omnium
1858 5313 2114 5379 peccato-

513 5437 636 5480 rum
667 5419 829 5492 quasi
857 5416 1101 5488 veprium
1141 5410 1530 5482 Spinarutnque
1576 5402 1847 5478 purgatio.
1905 5395 2111 5492 Deinde

510 5490 698 5573 aratro
740 5508 945 5575 crucis,
976 5516 1030 5564 et
1057 5505 1206 5561 ferro
1233 5496 1537 5557 Dominica:
1585 5494 1877 5568 passionis,
1907 5490 2108 5548 duritia

509 5608 695 5666 cordis
748 5601 1007 5658 atteritur
1032 5642 1047 5668 ,
1092 5607 1148 5653 et
1193 5594 1609 5664 cuniringuntur
1646 5585 1868 5645 vallium
1911 5583 2108 5655 glebae.

509 5702 749 5757 Vallium
772 5693 1014 5761 nomine,
1046 5681 1362 5745 humiliatos
1389 5681 1626 5756 peccatis
1646 5678 1917 5745 homines,
1948 5682 2112 5746 atque

594 5794 703 5853 una
718 5788 1019 5859 depressos
1040 5772 1332 5853 signiﬁcari
1363 5774 1644 5841 existimo,
1677 5770 1817 5827 sicut
1844 5767 2112 5827 habemus

2221 4653 2279 4701 et
2309 4646 2363 4700 in
2387 4645 2663 4713 Levitico,
2692 4645 2784 4701 ubi
2817 4662 2883 4701 ne
2924 4661 3053 4703 aves
3096 4643 3391 4701 immundae
3420 4644 3475 4701 in
3516 4644 3701 4701 cibum
3730 4658 3811 4700 su-

2224 4746 2442 4793 mantur
2478 4737 2692 4811 Moyses
2725 4738 3017 4809 prohibet,
3062 4747 3119 4794 et
3150 4736 3267 4793 haec
3295 4735 3555 4794 similiter
3573 4738 3806 4810 ponitur.

2224 4831 2563 4901 Accipitrum
2592 4831 2758 4887 etiam
2804 4830 3013 4903 aliquot
3062 4839 3189 4886 sunt
3220 4827 3435 4900 formae,
3468 4828 3559 4887 vel
3589 4844 3808 4902 genera.

2224 4925 2319 4982 llis
2366 4941 2497 4999 ergo
2539 4925 2913 4994 rapacissimis
2952 4924 3166 4993 avibus,
3210 4932 3408 4980 venatu
3438 4931 3496 4979 et
3526 4923 3707 4995 praeda
3737 4921 3809 4979 vi-

2222 5017 2504 5086 ventibus,
2548 5018 2605 5074 in
2652 5017 2844 5089 pennis
2894 5016 3136 5073 struthio
3181 5023 3556 5088 comparatur.
3599 5017 3809 5073 sicutet

2220 5111 2315 5168 alii
2342 5113 2601 5169 dixerunt
2631 5130 2645 5168 :
2678 5109 2918 5167 Strutltio
2971 5111 3133 5165 mixta
3154 5151 3169 5176 ,
3198 5119 3247 5165 et
3276 5109 3376 5164 alis
3417 5107 3739 5173 herodionis,
3765 5116 3809 5162 et

2219 5206 2507 5278 accipitris.
2532 5203 2705 5278 Igitur
2733 5203 3104 5260 struthionem
3137 5202 3440 5260 secundum
3471 5200 3808 5274 spiritualem

2218 5299 2630 5371 intelligentiam
2678 5313 2979 5370 sensusque
3029 5297 3286 5369 divinos,
3344 5294 3652 5355 Ecclesiam
3704 5310 3804 5351 non

2217 5392 2454 5449 absurde
2473 5392 2767 5459 sentimus,
2790 5407 2911 5462 qua:
2931 5406 3026 5461 per
3045 5389 3324 5446 lavacrum
3352 5389 3802 5462 regenerationis,

2216 5497 2270 5544 et
2295 5488 2524 5544 verbum
2558 5484 2758 5541 munda
2786 5484 2841 5540 in
2863 5483 3081 5541 Christo
3103 5483 3295 5542 effecta
3324 5495 3431 5551 est,
3459 5483 3552 5555 qui
3575 5483 3803 5541 similem

2214 5582 2436 5654 quidem
2470 5594 2702 5651 pennam
2739 5577 2904 5632 habet
2937 5574 3128 5648 pennis
3159 5575 3371 5643 avium,
3403 5590 3523 5647 qua:
3552 5573 3804 5631 carnibus

2216 5683 2514 5730 vescuntur
2540 5680 2597 5728 et
2625 5669 2910 5742 sanguine.
2953 5667 3064 5725 Sed
3096 5669 3203 5724 illa:
3242 5666 3473 5738 remigio
3512 5667 3726 5723 alarum
3754 5666 3801 5719 in

2218 5763 2323 5824 hoc
2346 5780 2473 5823 aere
2499 5765 2647 5820 velut
2670 5764 2722 5820 in
2752 5761 2945 5835 pelago
2976 5759 3030 5818 id
3060 5771 3247 5834 agunt,
3276 5768 3337 5817 ut
3362 5759 3430 5817 de
3456 5758 3677 5818 caeteris
3695 5760 3803 5813 asia
