4026 6292
205 199 319 269 ’115

1088 198 1572 273 COMIENTARII
1611 208 1678 271 IN
1716 208 1981 272 LIBRUM
2019 205 2157 272 που.
2195 206 2349 273 CAP.
2397 200 2642 268 XXXIX.

3406 206 3512 271 πη

208 329 317 385 bus
342 328 587 399 praedam
638 318 883 399 capiant.
915 320 1072 386 Unde
1124 328 1229 385 sub
1271 327 1373 385 hac
1410 328 1579 397 ﬁgura
1610 327 2148 391 inimiciAsuorum
2200 326 2469 398 gloriam,
2522 336 2577 384 et
2633 326 3064 397 incorruptionis
3118 324 3509 383 beatitudinem

210 421 392 478 nostri
426 422 753 492 spirituales
791 420 1193 491 intelllguntur.
1222 420 1468 479 Struthlo
1487 436 1620 479 vero
1648 422 1810 492 longe

212 512 475 570 dissimili
510 513 675 570 modo
705 514 901 585 pennis
932 512 1050 571 suis
1076 512 1249 570 utitur
1277 530 1292 568 :
1325 528 1391 569 eo
1419 512 1563 582 quod
1592 529 1686 571 eas
1714 528 1807 570 re-

210 607 296 664 lut
340 622 438 679 per
469 607 657 678 fidem,
711 618 769 664 et
796 608 1034 678 speciem
1084 606 1317 664 duorum
1365 616 1809 664 testamentorum

208 700 600 773 gubernaculis
624 700 814 757 vivens
839 700 1176 759 habitantem
1205 701 1483 757 extendat.
1513 699 1641 757 llaec
1668 700 1805 771 avis,

208 795 286 850 ait
317 795 585 851 Dominus
614 793 683 850 ad
708 792 814 851 Job
843 812 854 847 :

284 884 516 952 Quando
562 882 839 956 dereliquit
887 898 981 939 ova
1023 900 1125 939 sua
1154 884 1207 938 in
1238 892 1394 950 terra,
1425 894 1479 939 tu
1508 883 1726 957 forsitan
1755 884 1810 938 in

210 976 418 1049 puli-ere
456 976 734 1048 calefacies
780 978 880 1032 ea?
920 972 1033 1030 Ova
1065 975 1185 1032 sivi:
1214 974 1383 1041 filios,
1415 985 1473 1032 ut
1522 977 1575 1032 in
1614 975 1805 1031 subse~

208 1070 510 1143 quentibus
551 1068 777 1136 dicitur,
809 1084 1011 1126 novam
1038 1081 1345 1125 creaturam
1378 1079 1540 1140 atque
1566 1070 1621 1125 in
1652 1067 1812 1125 Chri-

209 1173 298 1219 sto
322 1171 667 1234 generatam,
701 1171 758 1218 ot
782 1160 1073 1219 candidam
1109 1163 1420 1233 progeniem
1466 1170 1675 1217 sancta:
1705 1161 1810 1217 Ec-

212 1253 393 1311 clesize
422 1252 732 1324 intelligere
771 1252 1058 1309 debemus.
1100 1251 1210 1309 Sed
1254 1252 1313 1308 in
1356 1252 1479 1308 ovis
1522 1251 1648 1309 illos
1686 1266 1809 1308 esse

209 1348 562 1413 noverimus,
615 1346 707 1419 qui
757 1345 1001 1403 doctrina
1047 1345 1397 1415 quotidiana,
1466 1345 1623 1415 quasi
1666 1343 1809 1401 fetus

209 1440 433 1512 quidam
471 1422 732 1495 Ecclesiae
765 1436 956 1492 matris
1008 1438 1341 1504 nutriuntur,
1394 1446 1453 1491 ut
1483 1437 1809 1508 quandoque

209 1535 279 1592 de
303 1534 589 1592 initiorum
620 1533 950 1605 frugalitate,
977 1543 1034 1591 et
1066 1532 1485 1604 imperfectione
1514 1530 1807 1603 proceden-

208 1638 320 1699 tes,
351 1627 422 1684 ad
454 1627 706 1684 ultimum
734 1634 871 1685 testa
898 1628 1186 1692 virtutum,
1226 1626 1393 1683 veluti
1424 1625 1697 1683 distinctis
1725 1635 1802 1679 at-

1914 419 2326 488 sempiternam.
2359 419 2557 486 Aliter,
2613 418 2709 474 sed
2753 426 2811 474 et
2855 417 2899 473 si
2948 408 3225 474 doluisset
3248 434 3346 487 pro
3380 419 3509 475 liliis

1913 511 2273 580 consecratis,
2308 511 2503 569 frustra
2536 509 2830 578 doluisset,
2858 509 2981 582 quia
3011 524 3121 565 non
3172 508 3403 566 trahebat
3444 509 3512 564 ti-

1913 605 2096 663 mendi
2124 620 2344 675 causas,
2392 604 2612 677 quando
2639 620 2735 662 eos
2764 619 2872 661 non
2906 603 3171 675 perdidit,
3200 604 3295 660 sed
3323 602 3513 674 acqui-

1911 697 2060 753 sivit.

1984 788 2218 846 Prirarit
2239 790 2381 845 enim
2404 806 2518 845 eam
2545 788 2684 845 Deus
2712 788 2994 859 sapientia,
3020 804 3113 843 nec
3139 786 3281 842 dedit
3309 785 3392 841 illi
3430 787 3508 841 in-

1913 883 2277 954 telligentiam.
2307 881 2592 952 Sapientia
2618 892 2786 954 atque
2815 879 3173 951 intelligentia
3206 878 3393 935 mundi
3416 877 3516 934 hu-

1907 975 1996 1045 jus
2024 975 2234 1046 privata
2257 983 2341 1030 est
2361 990 2390 1029 a
2416 976 2525 1030 Deo
2552 974 2827 1040 Ecclesia;
2858 989 2982 1028 nam
3008 982 3065 1028 et
3087 972 3380 1043 Apostolus
3408 972 3511 1027 hoc

1913 1065 2031 1122 fieri
2066 1066 2332 1138 praecipit,
2356 1066 2586 1123 dicens:
2617 1065 2716 1135 Qui
2744 1065 2851 1119 uult
2892 1064 3098 1138 sapiens
3135 1080 3269 1131 esse,
3320 1063 3511 1119 stultus

1909 1159 2022 1231 ﬁat,
2048 1168 2106 1215 ut
2136 1161 2205 1215 sit
2234 1160 2446 1233 sapiens
2470 1176 2489 1215 .'
2512 1159 2639 1233 quia
2662 1158 2922 1230 sapientia
2941 1160 3100 1226 liuius
3122 1158 3304 1213 mundi
3327 1157 3507 1212 stulti-

1909 1252 1984 1309 tia
2006 1262 2081 1306 est
2110 1252 2253 1325 apud
2281 1251 2471 1309 Deum.

1981 1343 2112 1402 Cum
2133 1356 2334 1420 teitxpus
2382 1347 2567 1418 fuerit,
2609 1345 2664 1401 in
2711 1345 2880 1401 altum
2925 1342 3039 1399 alas
3084 1344 3260 1416 erigit,
3303 1342 3508 1399 deridet

1910 1454 2104 1509 equum
2121 1449 2171 1494 et
2200 1456 2524 1497 ascensorem
2549 1440 2683 1511 ejus.
2707 1435 2841 1494 Cum
2875 1437 3175 1509 ingruerit,
3202 1436 3307 1501 ait,
3339 1438 3509 1491 mole-

1909 1536 2045 1590 stior
2073 1543 2132 1591 et
2164 1536 2394 1592 nimium
2443 1535 2638 1592 acerba
2697 1533 2922 1590 afﬂictio
2978 1533 3387 1605 persequentis,
3437 1534 3508 1588 ibi

1910 1626 2086 1696 major
2113 1627 2181 1683 ad
2224 1628 2394 1683 Deum
2440 1628 2508 1684 de
2554 1627 2855 1684 afﬂictione
2896 1626 3232 1683 obsecrantis
3257 1626 3508 1691 affectus,

207 1738 316 1792 que
339 1719 585 1777 formatis
612 1721 981 1778 membrorum
999 1720 1373 1791 compagibus,
1404 1721 1806 1786 esistant,cum
1835 1700 1884 1764 Β
1913 1720 2038 1774 dum
2066 1720 2472 1791 quodammodo
2514 1724 2808 1788 excitatur,
2836 1729 2892 1777 et
2923 1719 3238 1776 humiliatus
3282 1719 3512 1791 erigitur

207 1829 278 1870 es
315 1813 557 1870 tenebris
581 1813 834 1869 vitiorum
872 1813 977 1868 hoc
1020 1813 1183 1868 modo
1220 1812 1347 1869 facti
1381 1813 1581 1868 fuerint
1619 1812 1711 1869 lus
1749 1813 1805 1868 in

208 1906 467 1973 Domino,
498 1905 847 1975 proﬁcientes
870 1904 1113 1975 quotidie
1135 1904 1203 1960 ad
1231 1912 1450 1959 attalum
1485 1918 1809 1972 tllOl‘tttllqtlc

204 1998 570 2055 soliditatem.
613 1998 855 2055 Attdiattt
884 1998 1208 2070 prophetam
1239 1996 1310 2054 de
1333 1997 1466 2069 ipsis
1488 1997 1759 2055 dicentem
1791 2014 1805 2053 :

208 2090 341 2147 Dies
368 2090 755 2162 formabuntur,
781 2100 830 2147 et
858 2107 1007 2148 uento
1027 2092 1084 2146 in
1114 2091 1220 2159 eis,
1258 2091 1312 2147 id
1341 2099 1457 2160 est,
1501 2091 1707 2149 nullum
1753 2093 1807 2148 in

207 2185 294 2241 eis
328 2185 521 2241 vitium
551 2183 943 2250 dominabitur,
973 2200 1082 2256 quo
1111 2185 1462 2255 impugnante
1498 2185 1803 2242 vincantur.

206 2276 396 2334 Filios
422 2291 558 2333 vero
583 2275 951 2346 intelligamus
976 2277 1088 2347 jam
1114 2278 1278 2333 solito
1312 2276 1670 2346 robustiores,
1703 2278 1809 2334 fide

206 2386 275 2428 ac
300 2370 600 2425 virtutibus
622 2370 955 2440 compositos
976 2412 991 2438 ,
1027 2378 1189 2441 atque
1219 2369 1477 2427 formatos
1504 2385 1605 2441 per
1633 2370 1811 2429 incre-

208 2478 401 2520 menta
428 2463 713 2525 virtutum.
748 2472 1029 2533 tamquam
1060 2477 1155 2533 per
1185 2479 1454 2518 annorum
1479 2464 1676 2520 seriem
1695 2463 1806 2534 jam

206 2555 281 2613 de
300 2556 453 2612 omni
482 2556 800 2611 infirmitate
821 2556 946 2610 vita:
970 2555 1347 2626 incomposita:
1367 2555 1504 2611 nihil
1522 2555 1806 2612 habentes.

209 2649 280 2707 lli
308 2650 493 2721 igitur,
516 2649 658 2709 sicut
688 2648 763 2702 ait
798 2648 1084 2716 Dominus,
1112 2648 1166 2703 in
1195 2656 1335 2704 terra
1358 2648 1426 2704 ab
1457 2647 1700 2705 Ecclesia
1723 2664 1810 2706 re-

210 2744 560 2815 linquuntur,
611 2742 831 2815 quando
888 2743 1326 2813 persecutionem
1376 2742 1445 2798 ab
1494 2742 1714 2813 impiis,
1755 2751 1810 2799 et

208 2848 436 2898 terrena
463 2840 804 2910 sapientibus
832 2840 1135 2907 patiuntur.
1168 2837 1502 2910 Relinquere
1546 2840 1691 2895 enim
1715 2853 1810 2895 eos

208 2931 462 2988 Ecclesia
505 2929 729 2997 dicitur,
756 2930 886 2987 dum
927 2929 1345 2987 adversantibus
1394 2945 1503 2987 non
1555 2929 1805 2987 resistit:

208 3040 355 3095 quos
379 3023 641 3079 Dominus
668 3023 884 3080 fervore
915 3022 1040 3079 ﬁdei
1064 3033 1120 3079 et
1146 3025 1406 3094 patientia
1432 3022 1621 3090 duros,
1645 3033 1811 3093 atque

206 3211 423 3282 fragilis
450 3211 631 3268 carnis
659 3225 850 3267 eorum
875 3209 1211 3267 fortissimos
1236 3209 1387 3266 facit.

286 3304 625 3361 Obliviscitur
659 3304 799 3376 quod
838 3321 928 3379 pes
970 3306 1234 3361 conculcet
1262 3322 1354 3371 ea,
1391 3312 1482 3359 aut
1508 3302 1665 3358 bestia
1693 3302 1811 3375 agri

207 3409 471 3456 conterat.
501 3399 857 3455 Obliviscitur
892 3397 1136 3455 Ecclesia
1167 3406 1327 3454 natos
1367 3411 1531 3464 suos,
1571 3395 1699 3452 dum
1730 3397 1811 3452 eis

208 3505 600 3561 pressurarum
657 3488 959 3557 molestias,
1021 3489 1372 3546 adversarios
1426 3488 1632 3545 inferre
1700 3502 1808 3544 non

210 3582 496 3653 prohibet.
525 3581 638 3639 lloc
666 3582 791 3638 loco
815 3580 1182 3637 diﬂ‘erentiam
1212 3592 1340 3651 puto
1359 3595 1479 3637 esse
1506 3579 1811 3635 tribulatio-

207 3690 350 3732 num
371 3684 595 3745 propter
621 3674 749 3729 illud
773 3675 917 3745 quod
948 3674 1110 3742 dixit,
1137 3690 1232 3745 pes
1256 3675 1565 3740 conculcet,
1597 3682 1654 3731 et
1675 3672 1809 3729 illud

208 3765 362 3837 quod
385 3767 483 3835 ait,
506 3776 559 3822 et
588 3766 778 3822 bestiae
800 3767 919 3837 agri
949 3777 1255 3823 conterant.
1286 3768 1355 3823 Et
1377 3770 1478 3823 hoc
1506 3765 1579 3822 sit
1603 3766 1810 3822 contri-

212 3859 292 3915 tio
314 3859 638 3925 bestiarum,
661 3859 880 3932 quando
909 3868 1102 3929 aperte
1134 3867 1336 3926 truces,
1373 3859 1503 3915 smvi
1532 3869 1588 3915 et
1618 3859 1812 3915 imma-

209 3954 389 4009 nitate
418 3969 631 4010 morum
682 3952 1006 4011 crudelitate
1044 3954 1256 4010 similes
1297 3951 1616 4010 bestiarum.
1656 3952 1811 4009 Chri-

210 4058 363 4103 stum
391 4046 718 4103 conlitentes
740 4062 911 4118 usque
939 4045 1009 4102 ad
1055 4047 1396 4102 atrocitatem
1441 4046 1634 4101 mortis
1671 4043 1811 4101 afﬂi-

210 4147 372 4210 gunt.
395 4138 497 4195 Pes
521 4154 653 4195 vero
679 4138 1112 4196 conculcationis
1139 4139 1209 4197 sit
1232 4138 1607 4210 hujuscemodi
1640 4139 1811 4195 tribu-

211 4233 390 4299 latio,
453 4232 672 4304 quando
737 4233 1098 4305 opprobriis,
1154 4240 1212 4291 et
1271 4233 1440 4289 nimio
1495 4242 1811 4305 contemptu

212 4324 528 4394 iniquorum
579 4324 756 4379 sancti
808 4340 1193 4397 usquequaque
1239 4325 1621 4395 humiliantur,
1665 4326 1813 4383 velut

214 4417 454 4489 quadam
480 4419 894 4475 conculcatione
918 4419 1152 4490 protriti.

290 4508 524 4565 Duratur
551 4509 620 4563 ad
643 4509 782 4579 filios
809 4526 955 4577 suos,
985 4511 1135 4583 quasi
1166 4528 1271 4566 non
1301 4511 1404 4566 sint
1435 4513 1518 4567 sui
1556 4528 1574 4566 :
1611 4514 1811 4584 frustra

216 4603 500 4668 laboravit,
532 4604 678 4658 nullo
708 4604 891 4660 timore
919 4615 1148 4678 cogente.
1179 4604 1553 4662 Praesentibus
1581 4605 1809 4662 ﬁliorum

215 4709 447 4750 suorum
484 4694 954 4763 tribulationibus,
998 4696 1243 4755 Ecclesia
1290 4696 1424 4753 dura
1453 4708 1507 4752 et
1541 4697 1701 4768 impia
1732 4697 1812 4753 vi-

213 4785 398 4854 detur,
430 4788 684 4858 quoniam
715 4804 825 4845 non
855 4789 1186 4861 ingemiscit,
1216 4800 1271 4859 et
1298 4790 1509 4864 plangit
1529 4789 1811 4862 angustias

214 4878 607 4949 interitumque
629 4888 903 4937 natorum.
933 4881 993 4939 In
1023 4881 1179 4951 cujus
1208 4882 1459 4954 figuram,
1489 4892 1674 4940 sancta
1698 4898 1814 4940 ωλι

216 4981 303 5030 ter
333 4972 772 5029 Maehabceomm
804 4988 972 5044 super
1019 4974 1254 5031 ﬁliorum
1306 4991 1528 5032 suorum
1560 4973 1813 5033 cruciati-

215 5064 320 5122 bus
366 5066 721 5122 exsultabat:
755 5066 977 5123 videbat
1015 5068 1218 5140 quippe
1263 5067 1316 5124 in
1348 5069 1559 5141 spiritu,
1594 5068 1732 5124 sicut
1761 5077 1816 5124 et

213 5156 306 5216 hic
330 5164 521 5215 sancta
548 5167 724 5214 mater
753 5158 1001 5216 Ecclesia
1045 5176 1145 5230 per
1195 5159 1358 5215 tidem
1397 5159 1644 5231 quotidie
1683 5175 1815 5215 con-

212 5251 533 5323 templatur,
588 5261 847 5322 quantam
894 5254 1123 5326 gloriam
1179 5252 1234 5309 in
1288 5263 1552 5310 aeternum
1603 5254 1815 5325 pariant

211 5358 392 5415 penna:
415 5352 741 5413 praesentes,
788 5342 1129 5416 professione
1156 5344 1405 5401 veritatis
1432 5354 1700 5414 acceptae.
1745 5342 1810 5399 Et

208 5435 336 5494 ideo
358 5434 507 5510 quod
534 5436 804 5506 sequitur,
852 5438 1047 5493 lrustra
1089 5436 1376 5498 laboravit,
1422 5435 1572 5492 nullo
1619 5433 1812 5491 timore

206 5544 469 5606 cogente,
499 5530 800 5587 Ecclesium
831 5530 1025 5602 signat,
1061 5549 1180 5602 qua:
1210 5531 1352 5587 lilios
1382 5528 1596 5588 suos.ad
1636 5538 1813 5587 tenta-

208 5627 447 5693 tionem,
479 5631 538 5680 et
558 5619 746 5680 saeculi
771 5621 930 5692 hujus
953 5623 1232 5681 molestias
1262 5633 1556 5697 praeparat,
1584 5636 1812 5693 sperans

203 5721 400 5793 utique
430 5733 463 5774 a
495 5714 610 5774 Deo
666 5730 764 5791 pro
820 5714 904 5771 his
956 5715 1113 5772 malis
1161 5714 1526 5789 temporarils,
1573 5714 1810 5773 ﬁliorum

1912 1810 2219 1869 intentione
2241 1812 2655 1884 vigilantissima
2677 1811 3009 1884 deprecandi
3031 1811 3083 1867 in
3105 1810 3376 1867 excelsum
3401 1809 3508 1864 ala-

1910 1904 1990 1959 cri
2018 1905 2165 1975 nisu,
2202 1906 2363 1963 (idem
2392 1921 2547 1962 suam
2579 1914 2633 1962 et
2654 1921 2830 1977 spem,
2862 1904 3008 1960 velut
3036 1918 3241 1975 pennas
3270 1901 3326 1958 in
3356 1902 3505 1973 adju-

1911 1994 2054 2052 torio
2080 1995 2267 2067 gratia:
2300 1996 2392 2053 Dei
2425 1996 2591 2053 fultas
2613 1995 2822 2061 suffert,
2856 2005 3058 2052 etcum
3085 1994 3270 2051 talium
3298 1993 3505 2048 alarum

1910 2099 2214 2146 sustentata
2232 2089 2396 2148 fuerit
2412 2091 2638 2159 auxilio,
2653 2106 2872 2162 gressus
2885 2088 3128 2163 profecto
3142 2089 3259 2161 ejus
3272 2087 3510 2145 velocio-

1912 2196 1999 2238 res
2051 2181 2363 2240 efflciuntur
2400 2193 2453 2239 ct
2482 2182 2682 2243 conciti
2718 2200 2730 2237 :
2759 2182 2833 2239 ita
2867 2191 2924 2238 ut
2954 2181 3303 2253 insequentes
3324 2196 3384 2237 se
3412 2179 3506 2237 de-
3551 2180 3565 2191 '

1912 2275 2089 2334 rideat
2115 2276 2388 2344 inimicos,
2422 2276 2598 2343 idest,
2630 2292 2830 2349 equum
2860 2285 2913 2331 et
2937 2277 3174 2346 equitem
3198 2315 3212 2340 ,
3246 2274 3392 2346 quod
3426 2282 3513 2329 est

1910 2368 2189 2425 diabolum
2237 2378 2293 2424 et
2334 2367 2616 2424 hominem
2666 2366 2976 2422 ministrum
3024 2366 3257 2432 inimici,
3313 2364 3404 2435 qui
3456 2365 3508 2418 itt

1914 2461 2309 2534 perpetrandas
2340 2471 2530 2518 contra
2558 2461 2859 2519 Ecclesiam
2892 2459 3327 2532 persecutiones,
3359 2459 3514 2514 sedet

1912 2556 1965 2610 iu
2010 2555 2261 2627 quolibet
2297 2570 2438 2627 equo
2483 2571 2606 2621 suo,
2658 2556 2711 2611 in
2761 2555 2932 2612 corde
2971 2555 3233 2612 videlicet
3273 2553 3512 2612 hominis

1916 2647 2319 2720 persequentis.

1988 2738 2258 2813 Numquid
2297 2738 2545 2811 praebebis
2585 2756 2713 2811 equo
2754 2738 3139 2811 fortitudinem,
3168 2746 3259 2794 aut
3291 2738 3518 2793 circum-

1911 2832 2061 2889 dabis
2091 2834 2228 2890 collo
2251 2834 2366 2900 eius
2392 2831 2691 2890 hinnitum?
2721 2833 2877 2890 Hunc
2906 2850 3103 2905 equum
3137 2834 3512 2891 adversariam

1913 2937 2243 3003 potestatem
2275 2928 2515 2985 arbitror
2542 2943 2706 3000 posse
2741 2928 2994 2999 intelligi,
3029 2927 3123 2998 qui
3152 2931 3224 2984 sit
3254 2927 3515 2999 pallidus,

1913 3032 1973 3079 ut
2012 3022 2067 3080 in
2109 3022 2440 3087 Apocalypsi
2474 3022 2735 3078 scribitur
2756 3064 2772 3087 ,
2810 3037 2972 3087 quem
3003 3022 3255 3087 sequitur
3285 3038 3433 3078 mors
3464 3031 3519 3076 et

208 3040 355 3095 quos
380 3039 641 3079 uomtnus
668 3039 884 3080 terrore
915 3039 1040 3079 uoci
1064 3039 1120 3079 et
1146 3039 1406 3094 patientia
1432 3039 1621 3090 curos,
1645 3039 1811 3093 atque
1863 3084 1879 3107 ‘
1913 3039 1973 3079 ut
2012 3040 2067 3080 tn
2109 3039 2440 3096 ApocalypSt
2474 3039 2735 3078 seruntur
2756 3064 2772 3087 ,
2810 3039 2972 3093 quem
3003 3039 3102 3095 seq

208 3117 270 3174 in
301 3117 400 3172 illo
424 3116 546 3187 igne
571 3132 733 3186 quem
755 3116 905 3171 misit
943 3115 998 3171 in
1055 3126 1255 3171 terram
1277 3155 1293 3181 ,
1327 3124 1385 3171 et
1427 3114 1484 3170 in
1523 3114 1802 3186 pulverem
1834 3085 1880 3147 (ι
1911 3114 2145 3173 inferos.
2176 3116 2243 3172 Et
2267 3117 2359 3187 qui
2387 3115 2444 3172 in
2475 3114 2741 3173 Zacharia
2766 3116 3037 3187 propheta
3064 3116 3097 3171 d

1911 3114 2145 3173 inferos.
2176 3116 2243 3172 Et
2267 3117 2359 3189 qui
2387 3115 2444 3172 in
2475 3114 2741 3173 Zacharia
2766 3116 3037 3187 propheta
3064 3116 3268 3175 dicitur
3288 3115 3514 3180 rubens,

1912 3211 2184 3268 mortibus
2212 3210 2472 3268 videlicet
2511 3210 2834 3282 hominum,
2876 3219 2931 3266 et
2974 3226 3173 3267 cruore
3203 3224 3514 3281 reSpct‘Stts.

1911 3302 2153 3360 Proinde
2181 3302 2313 3358 dum
2344 3301 2682 3371 permittitur
2718 3301 2952 3372 prwberi
2984 3300 3036 3358 ei
3061 3317 3093 3357 a
3124 3301 3278 3373 Deo,
3320 3298 3520 3357 dicitur

1913 3392 2210 3460 fortitudo,
2235 3404 2291 3451 et
2320 3393 2645 3449 circumdari
2676 3393 2820 3449 collo
2850 3393 2970 3467 ejus
3014 3394 3298 3462 hinnitus,
3333 3399 3393 3448 ut
3421 3408 3519 3464 per

1913 3484 2265 3557 patientiam,
2297 3493 2355 3542 et
2385 3485 2686 3543 bonitatem
2722 3486 2851 3553 Dei,
2879 3485 3218 3542 thesaurizet
3247 3486 3347 3541 sibi
3379 3485 3516 3542 iram

1882 3577 1970 3656 .in
1999 3579 2088 3636 die
2109 3579 2299 3646 iraa,et
2330 3579 2685 3637 revelationis
2705 3579 2837 3650 justi
2856 3579 3060 3650 judicis
3081 3579 3199 3637 Dei.
3221 3581 3289 3636 Et
3312 3578 3515 3637 idcirco

1914 3672 1970 3729 in
2001 3673 2145 3729 collo
2171 3673 2289 3743 ejus
2312 3671 2659 3745 significatur
2690 3672 2936 3728 hinnitus
2962 3672 3258 3742 superbiae,
3290 3689 3398 3746 quo
3430 3681 3513 3729 tu-

1913 3775 2062 3824 meat
2090 3776 2282 3823 coutra
2313 3767 2505 3834 Deum,
2540 3774 2595 3822 et
2625 3765 3025 3837 blasphemiam
3055 3765 3329 3837 loquatur.

1986 3860 2259 3930 Numquid
2277 3860 2550 3916 suscitabis
2573 3876 2689 3916 eum
2712 3860 2861 3933 quasi
2886 3858 3158 3915 locustas?
3185 3859 3338 3917 More
3360 3858 3513 3917 locu-

1914 3964 2143 4027 starum,
2168 3955 2516 4013 adversarius
2545 3964 2735 4012 noster
2765 3955 2969 4011 dicitur
2990 3955 3267 4021 suscitari,
3295 3953 3513 4026 quando

1914 4049 1983 4107 de
2007 4049 2145 4107 locis
2159 4050 2277 4107 suis
2305 4048 2372 4104 ad
2404 4047 2717 4120 partiendas
2738 4047 3015 4117 regiones,
3035 4058 3199 4120 atque
3218 4048 3513 4105 vastandas

1917 4140 2114 4213 praeire
2142 4139 2375 4208 dicitur,
2398 4141 2538 4197 sicut
2565 4140 2641 4196 ait
2665 4139 2734 4196 de
2765 4137 2878 4195 Deo
2909 4138 3195 4210 psalmista
3223 4155 3237 4193 :
3267 4137 3440 4206 Dixit,
3466 4148 3516 4194 et

1915 4235 2050 4291 venit
2079 4237 2300 4293 locusta.
2328 4234 2434 4293 Sed
2458 4234 2598 4291 hanc
2620 4233 3056 4301 suscitationem,
3091 4232 3403 4288 instantiam
3430 4231 3514 4288 ei-

1915 4326 2136 4384 lieiendi
2178 4327 2366 4398 operis
2392 4342 2515 4383 esse
2545 4327 2808 4387 arbitror.
2854 4323 3009 4383 Unde
3044 4325 3248 4382 dicitur
3276 4326 3345 4382 ad
3375 4324 3515 4383 Pha-

1913 4432 2140 4477 raonem
2171 4436 2184 4475 :
2218 4417 2283 4475 In
2311 4418 2410 4472 hoc
2447 4420 2617 4489 ipsum
2647 4428 2695 4474 te
2718 4418 2960 4486 excitavi,
2993 4427 3048 4473 ut
3076 4419 3344 4473 ostendam
3379 4419 3432 4474 in
3466 4428 3516 4475 te

1916 4509 2156 4563 virtutem
2185 4526 2385 4577 meam,
2418 4518 2468 4564 et
2493 4510 2838 4566 mittuntietur
2877 4527 3062 4565 nomen
3090 4527 3257 4567 meum
3296 4510 3352 4567 in
3395 4511 3515 4566 uni-

1915 4615 2060 4656 versa
2088 4611 2245 4656 terra.

1991 4689 2173 4746 Gloria
2200 4690 2408 4745 narium
2439 4691 2557 4762 ejus
2586 4700 2770 4745 terror.
2804 4691 2939 4748 Sive
2981 4703 3040 4749 ut
3077 4692 3168 4749 alii
3216 4693 3472 4751 dixerunt
3502 4713 3517 4751 :

1916 4782 2101 4840 Gloria
2139 4791 2348 4855 pectora
2389 4783 2503 4854 ejus
2545 4782 2785 4837 audacia.
2824 4781 2894 4840 Ut
2932 4783 3189 4839 inimicus
3231 4783 3284 4840 itt
3332 4784 3514 4858 fugam

1915 4886 2096 4935 vertat
2124 4874 2505 4932 adversarium
2533 4891 2693 4932 suum
2712 4919 2728 4946 ,
2770 4875 3000 4931 militem
3030 4875 3242 4931 scilicet
3271 4874 3514 4947 Christi,

1915 4969 2039 5043 ipso
2065 4973 2228 5028 etiam
2258 4969 2505 5028 anhelitu
2538 4980 2709 5027 terret
2735 4987 2748 5024 :
2782 4969 2870 5026 hic
2892 4979 2975 5027 est
3004 4968 3141 5025 odor
3172 4972 3388 5037 mortis,
3423 4968 3516 5027 hic

1918 5072 2004 5120 est
2032 5064 2265 5135 spiritus
2291 5062 2623 5123 furibundus
2647 5063 2914 5120 anhelans
2942 5061 2998 5118 in
3025 5061 3269 5118 hominis
3296 5078 3513 5133 necem,

1917 5168 2221 5215 retrorsum
2255 5159 2515 5229 reSpicit,
2551 5156 2644 5230 qui
2662 5159 2859 5216 iterum
2889 5156 2960 5214 ad
2991 5163 3216 5230 peccata
3239 5154 3518 5212 converti-

1919 5261 2028 5321 tur,
2058 5253 2173 5309 sive
2198 5252 2642 5310 tribulationibus
2684 5253 2865 5320 cedit,
2898 5262 2957 5310 ut
2989 5253 3047 5309 in
3077 5249 3374 5325 Evangelio
3404 5250 3515 5307 Do-

1919 5343 2102 5401 minus
2131 5360 2228 5416 per
2256 5345 2567 5417 parabolatn
2592 5342 2868 5403 edisserit.

1994 5435 2204 5495 Terram
2247 5435 2447 5512 ungula
2478 5437 2633 5509 fodit.
2666 5438 2825 5507 Sive,
2855 5447 2916 5494 ut
2959 5438 3053 5495 alii
3104 5437 3361 5496 dixerunt
3391 5452 3405 5494 :
3436 5435 3519 5509 fo‘

1920 5530 2064 5586 diens
2085 5532 2136 5586 in
2160 5547 2342 5602 campo
2366 5531 2622 5600 luxuriat,
2650 5531 2703 5588 id
2731 5544 2838 5598 est,
2872 5533 3124 5591 carnales
3156 5534 3433 5603 homines,
3462 5541 3517 5586 et

1920 5633 2138 5680 terrena
2172 5624 2453 5695 sapientes
2481 5623 2786 5693 concaleat,
2811 5636 2863 5681 et
2893 5626 3148 5697 proterit,
3175 5635 3231 5682 et
3260 5642 3384 5682 cum
3419 5640 3518 5682 eos

1924 5713 2297 5777 humiliaverit
2319 5756 2334 5785 ,
2368 5716 2584 5791 sibique
2627 5714 2960 5791 subdiderit,
2995 5717 3125 5773 facit
3160 5733 3256 5774 eos
3291 5733 3354 5775 ea
3385 5733 3515 5774 cou-
