4026 6348
619 287 728 345 ’ἰ75

1423 285 1770 347 ΑΡΡΕΝΒΙΧ
1809 287 1902 346 AD
1942 287 2185 346 TOMUM
2225 285 2575 347 SEPTIMUM
2617 285 2674 343 S.
2719 285 3120 346 HIERONYMI.

3781 295 3855 356 776

618 403 847 457 tritionc
869 402 1157 467 contritos,
1189 401 1365 473 qualis
1392 410 1475 458 est
1498 401 1794 467 contritio,
1826 410 1883 457 et
1923 400 2216 456 infelicitas
2245 401 2291 461 Α
2323 400 2630 470 phetarum,
2655 408 2711 456 et
2738 401 3109 472 apostolorum
3145 400 3568 470 increpationem
3599 403 3766 461 audire
3786 408 3855 461 de-

621 493 678 548 in
711 495 814 548 viis
856 495 1136 549 hominum
1180 494 1490 564 impiorum.
1540 494 1597 548 In
1631 493 2008 563 hujuscemodi
2053 493 2217 563 igitur

622 585 910 642 latitudine
940 587 1220 652 vitiorum,
1249 586 1403 640 velut
1435 587 1487 641 in
1518 601 1713 657 campo
1746 586 2051 652 luxurians,
2081 587 2219 641 fodit

625 679 690 734 ad
721 679 1090 735 subtrahendo
1121 677 1436 734 hominibus
1459 678 1816 735 fundamenta
1842 679 2126 745 virtutum,
2159 686 2219 734 ut

623 771 675 827 in
700 771 913 828 ruinam
938 769 1202 826 subducta
1225 770 1506 827 soliditate
1535 772 1918 842 procumbunt.

700 861 946 919 Exsultat
981 866 1252 918 audacter.
1281 864 1496 921 Gaudet
1522 865 1792 936 superbus
1835 864 2220 938 praesumptio-

618 955 701 1012 nis
728 956 980 1025 audacia,
1014 957 1372 1029 quoadusque
1397 957 1713 1030 perniciose
1741 968 1936 1015 contra
1963 958 2217 1014 homines

619 1059 846 1122 pugnat.

689 1142 761 1198 In
791 1158 1066 1198 occursum
1097 1145 1266 1217 pergit
1313 1147 1551 1202 armatis.
1583 1147 1716 1217 Qua:
1755 1145 1867 1203 sint
1897 1161 2049 1202 arma
2088 1163 2218 1202 san-

619 1242 832 1292 ctorum
860 1247 1050 1293 contra
1097 1237 1408 1308 spiritualia
1443 1239 1726 1310 nequitiae,
1757 1239 2055 1309 Apostolus
2089 1238 2218 1295 dili-

619 1339 812 1400 genter
847 1340 1092 1386 enarrat.
1123 1329 1325 1387 Contra
1356 1331 1459 1388 hos
1495 1334 1661 1404 igitur
1701 1333 2012 1404 hujusmodi
2054 1333 2219 1388 armis

618 1421 871 1492 indutus,
889 1424 942 1479 in
969 1438 1261 1480 occursum
1288 1440 1518 1497 pergere
1538 1426 1758 1495 dicitttr,
1791 1426 2009 1497 quando
2037 1441 2216 1482 arcem

625 1519 825 1574 mentis
850 1533 1176 1590 expugnare
1201 1520 1454 1585 moliens,
1485 1519 1775 1576 adversum
1808 1535 2028 1576 murum
2051 1520 2222 1574 virtu-

625 1623 761 1683 tum,
791 1613 994 1669 arietes
1024 1613 1217 1685 abjicit
1246 1613 1501 1670 vitiorum
1523 1656 1537 1681 ,
1569 1625 1624 1670 et
1656 1615 1723 1669 ad
1756 1615 2073 1670 tentandum
2108 1614 2217 1669 Do-

621 1703 1034 1773 minum,ausus
1057 1705 1159 1761 luit
1185 1707 1238 1761 in
1264 1720 1553 1762 occursum
1584 1707 1705 1777 ejus
1718 1708 1906 1763 venire
1933 1708 1984 1762 in
2008 1723 2214 1773 eremo,

2321 498 2549 554 trectat,
2602 491 2800 562 quibus
2857 492 3097 547 dicitur:
3139 492 3288 547 Sicut
3349 495 3468 547 tuba
3517 496 3680 549 exalto
3726 515 3857 552 uocem

2320 593 2459 638 tuam
2485 601 2501 637 :
2533 586 2626 640 sed
2653 585 2828 655 magis
2855 586 3108 654 saeviens,
3141 584 3284 641 unde
3315 601 3474 642 verus
3502 587 3700 644 Pharao
3725 591 3856 647 dicit:

2320 675 2642 748 Persequens
2671 677 3132 748 comprehendam,
3160 679 3459 748 departibor
3488 681 3682 751 spatia,
3710 694 3756 739 et
3779 699 3856 739 cm-

2321 777 2454 823 tera.
2489 767 2544 823 In
2578 767 2660 822 itis
2710 769 2845 825 locis
2877 769 2946 826 de
2974 770 3169 841 quibus
3203 771 3473 840 diximus,
3507 773 3595 828 alii
3625 777 3856 830 transtule-

2318 868 2449 914 runt
2491 879 2504 914 :
2542 862 2714 935 Super
2756 865 2924 936 ipsum
2964 865 3098 920 enim
3138 866 3332 938 gaudet
3377 883 3529 921 arcus
3573 875 3616 923 et
3661 871 3852 940 gladius,

2320 949 2525 1018 lancea,
2563 953 2734 1023 basta,
2769 964 2816 1008 et
2847 965 3071 1010 tremore
3100 965 3146 1010 et
3170 957 3448 1013 iracundia
3475 961 3646 1014 erertit
3673 971 3856 1018 terram:

2321 1061 2412 1099 nee
2441 1046 2634 1114 credit,
2668 1049 2834 1102 donec
2879 1048 3168 1120 elanguerit
3217 1049 3436 1105 buccina
3475 1067 3494 1105 :
3531 1051 3616 1106 ubi
3661 1053 3858 1108 eumdem

2321 1149 2542 1192 sensum
2573 1137 2830 1195 existimo
2859 1142 3151 1208 contineri,
3184 1142 3480 1197 secundum
3513 1158 3663 1213 quem
3694 1159 3778 1198 nos
3794 1161 3860 1199 ex-

2323 1228 2622 1298 posuimus.
2661 1229 2717 1285 ln
2751 1246 2915 1300 arcu,
2950 1243 3003 1288 et
3032 1233 3244 1302 gladio,
3281 1241 3337 1289 et
3372 1233 3584 1290 czeteris
3614 1237 3761 1292 armis
3784 1237 3858 1292 ini-

2323 1320 2470 1387 mici,
2504 1336 2694 1376 omnes
2724 1322 3142 1380 adinventiones
3172 1325 3292 1394 ejus
3343 1325 3698 1396 intelligenda:
3738 1339 3858 1396 sunt,

2322 1432 2442 1485 qua:
2465 1416 2521 1471 in
2551 1433 2616 1472 eo
2652 1419 2925 1488 gaudeant
2955 1434 3076 1474 cum
3112 1418 3195 1475 Itis
3226 1418 3438 1488 modis,
3462 1420 3615 1492 qu:tsi
3638 1423 3778 1478 armis
3806 1424 3860 1479 in-

2325 1512 2595 1569 terficiunt
2628 1515 2926 1572 hominem.

2399 1603 2500 1659 Ubi
2521 1606 2746 1661 audierit
2772 1609 3064 1676 buecinam,
3098 1609 3249 1678 dicit,
3281 1608 3416 1664 vult!
3451 1607 3641 1664 Procul
3664 1611 3860 1666 odoratur

2323 1698 2550 1767 bellum,
2584 1699 2991 1756 exhortationem
3015 1703 3207 1756 dueum
3225 1743 3238 1769 ,
3264 1711 3313 1758 et
3335 1703 3601 1756 ululatum
3634 1704 3856 1757 exercitus.

623 1806 680 1854 et
712 1812 810 1868 per
839 1798 1079 1870 singulas
1118 1800 1374 1856 civitates
1403 1800 1672 1872 apostolis
1701 1799 1976 1857 Christum
2022 1803 2216 1873 prmdi-
2247 1797 2295 1858 B
2321 1795 2551 1861 Quando
2606 1795 2863 1864 audierit,
2917 1798 3125 1868 inquit,
3177 1796 3527 1853 adversarius
3580 1806 3747 1852 noster
3792 1795 3858 1850 Dei

621 1891 872 1947 cantibus
903 1894 1262 1961 occurrebat,
1295 1897 1514 1966 quando
1536 1899 1615 1952 cis
1645 1898 2042 1954 commotiones
2069 1898 2213 1954 sedi-

623 1985 830 2041 tionum
880 1987 1068 2058 populi
1115 1987 1442 2056 suscitabat,
1483 1990 1623 2045 sicut.
1678 1991 1843 2046 etiam
1895 1991 1948 2046 in
1988 1990 2214 2048 Actibus

620 2080 993 2150 apostolorum
1040 2080 1293 2154 legimus.
1327 2082 1483 2139 Unde
1522 2092 1577 2139 et
1605 2084 1672 2139 ad
1718 2083 1980 2155 quosdam
2018 2085 2214 2140 Paulus

611 2171 729 2227 ait:
764 2170 969 2227 Ostium
1009 2174 1139 2228 mihi
1177 2185 1410 2248 apertum
1457 2186 1836 2250 estmagnum,
1884 2186 1930 2232 et
1981 2177 2214 2246 evidens,

613 2262 707 2318 sed
733 2263 1023 2320 aduersarii
1051 2267 1225 2321 multi.
1258 2267 1326 2322 Et
1347 2267 1536 2323 multis
1558 2267 1686 2322 aliis
1712 2268 1847 2324 locis
1889 2268 1958 2324 de
1986 2267 2087 2324 hac
2113 2269 2214 2324 ad-

615 2358 954 2414 versantium
984 2358 1402 2431 impugnatione
1433 2377 1544 2417 non
1578 2371 1754 2429 tacet,
1784 2377 1921 2433 quas
1964 2362 2214 2418 diabolus

615 2450 966 2507 immittebat.

688 2545 986 2604 Contemnit
1019 2565 1259 2620 pavorem
1281 2589 1296 2616 ,
1326 2566 1419 2605 uec
1445 2551 1582 2606 cedit
1603 2550 1803 2622 gladio.
1836 2549 1987 2620 Quod
2011 2550 2076 2606 ad
2109 2551 2212 2606 im—

617 2643 867 2714 perium,
903 2653 960 2699 et
1002 2643 1406 2701 invocationem
1457 2644 1577 2711 Dei,
1626 2645 1876 2702 diabolus
1923 2645 2212 2716 etl‘ngetur,

621 2731 976 2790 manifestum
1007 2745 1122 2802 est;
1151 2735 1246 2791 sed
1271 2736 1316 2792 si
1345 2736 1411 2791 ad
1442 2738 1865 2806 contumaciam,
1895 2737 2212 2794 ctvolunta-

611 2834 721 2882 tem
751 2826 893 2883 illius
923 2827 1321 2900 iniquissimam
1341 2869 1357 2896 ,
1380 2843 1444 2886 ac
1465 2830 1776 2900 procaciter
1799 2831 2213 2902 impudentissi-

613 2933 758 2974 mam
789 2919 1161 2989 attendamus,
1196 2921 1502 2992 intrepidus
1525 2937 1630 2978 non
1662 2932 1921 2989 terretur,
1949 2939 2060 2980 non
2090 2940 2216 2980 eru-

616 3016 791 3072 bescit
821 3014 1037 3072 etiamsi
1074 3017 1266 3088 gladio
1295 3018 1420 3074 ferri
1454 3017 1552 3074 Dei
1586 3019 1810 3075 territus
1833 3018 1997 3075 fuerit
2041 3029 2096 3076 et
2125 3023 2212 3075 fu-

611 3119 792 3179 gatus,
825 3115 882 3164 et
911 3110 1205 3165 revertitur
1229 3108 1453 3178 iterum,
1477 3126 1577 3167 nec
1602 3112 1912 3168 confutatus
1942 3113 2208 3170 abscedit.

2319 1889 2626 1955 buccinam,
2659 1888 2711 1944 id
2742 1899 2848 1957 est,
2879 1904 3321 1961 unumquemque
3351 1889 3628 1945 doctorem
3652 1888 3859 1944 Ecclesia

2319 1980 2701 2038 adhortantem
2744 1983 3146 2038 commilitones
3187 1997 3350 2051 suos,
3379 1981 3672 2039 secundum
3701 1995 3858 2051 pracc-

2320 2083 2469 2143 ptum
2498 2073 2782 2144 imperiale
2804 2116 2818 2140 ,
2850 2084 3014 2145 atque
3042 2074 3284 2131 divinum
3311 2117 3326 2143 ,
3360 2083 3418 2130 ut
3447 2083 3629 2130 contra
3658 2074 3859 2129 adversa-

2319 2166 2458 2221 rium
2491 2182 2648 2222 suum
2682 2177 2829 2224 stent
2857 2168 3026 2225 fortes
3055 2171 3108 2224 in
3134 2170 3359 2241 prmlio:
3392 2170 3631 2240 stupenti
3656 2169 3860 2225 animort

2319 2261 2628 2328 scrutabili,
2653 2263 2990 2333 auribusque
3013 2263 3280 2330 attonitis,
3315 2264 3390 2318 ait
3417 2280 3429 2318 :
3460 2261 3604 2317 Vah!
3638 2269 3858 2332 tamquam

2318 2354 2368 2411 si
2399 2354 2647 2412 diceret:
2676 2356 2816 2425 Quid
2846 2357 3051 2413 audio?
3081 2358 3182 2414 hac
3211 2359 3500 2430 quisquam
3525 2357 3772 2429 prmsumft
3791 2370 3859 2409 au-

2318 2450 2571 2518 dacia,ut
2594 2460 2782 2507 contra
2809 2469 2895 2509 me
2925 2454 3117 2510 saltem
3150 2455 3356 2526 cogitet
3377 2455 3519 2511 bella
3550 2454 3858 2512 constituere?

2319 2541 2421 2598 Ubi
2450 2558 2580 2613 ergo
2602 2544 2939 2616 dictumjest,
2980 2546 3130 2600 Vah!
3163 2547 3252 2602 alii
3276 2547 3540 2603 dixerunt
3569 2545 3726 2619 Euge,
3751 2546 3858 2617 quod

2320 2635 2654 2706 secundum,
2699 2647 2756 2693 ut
2786 2640 3175 2711 consequentia
3206 2640 3312 2696 loci
3345 2639 3542 2707 fuerit,
3586 2644 3692 2696 sive
3723 2640 3767 2694 in
3791 2638 3859 2694 bo-

2319 2745 2444 2784 nutn
2465 2771 2480 2798 ,
2530 2731 2649 2786 sive
2682 2732 2734 2786 in
2765 2732 2964 2787 malum
3007 2733 3238 2804 capitur,
3264 2744 3319 2789 et
3359 2734 3411 2788 in
3438 2733 3692 2789 Psalterio
3723 2749 3735 2786 :
3761 2732 3860 2786 Con-

2318 2825 2611 2894 fundantur
2630 2835 2677 2880 et
2701 2839 3050 2898 revercantur,
3081 2831 3169 2900 qui
3192 2829 3372 2884 dicunt
3394 2829 3548 2899 mihi,
3574 2829 3726 2902 Euge,
3745 2844 3856 2898 euge.

2319 2918 2554 2974 Proinde
2585 2921 2638 2976 in
2660 2919 2764 2977 hoc
2789 2923 2913 2978 loco
2939 2923 3221 2980 irridentis
3242 2926 3448 2994 animo,
3466 2922 3858 2981 etsubsannantis

2316 3014 2487 3081 vultu,
2521 3030 2657 3085 euge
2687 3015 2909 3071 dicitur.
2952 3015 3179 3072 Subtilis
3205 3018 3350 3072 enim
3383 3028 3437 3073 ct
3464 3014 3857 3089 vigilantissimus

2318 3105 2589 3175 inimicus,
2616 3117 2669 3162 et
2689 3107 2916 3163 nimium
2943 3107 3195 3177 callidus,
3226 3109 3317 3179 qui
3339 3108 3744 3165 sollicitudinem
3771 3121 3858 3176 pcr-

682 3202 856 3273 ,ευμεν
892 3201 1060 3273 ipsum
1103 3204 1313 3258 sonabit
1354 3204 1631 3274 pharetra,
1675 3205 1894 3260 m'brabit
1933 3205 2111 3274 hasta,
2158 3218 2206 3262 ει
2234 3185 2281 3250 C
2313 3197 2476 3254 dendi
2527 3215 2744 3256 omnem
2795 3209 2994 3257 terram
3033 3200 3236 3270 habet,
3277 3216 3401 3257 eum
3449 3199 3678 3257 senserit
3719 3198 3854 3268 aliqui

608 3295 841 3366 clypeus.
873 3296 985 3350 Cur
1013 3294 1174 3351 habet
1202 3295 1512 3366 pharetram
1536 3297 1828 3353 inimicus?
1862 3306 1918 3352 ut
1949 3297 2205 3355 videlicet

605 3391 861 3447 sedentes
891 3392 948 3446 in
976 3406 1038 3447 ea
1075 3391 1275 3459 Judaei,
1307 3393 1572 3462 gentiles,
1607 3391 1887 3457 haeretici.
1923 3393 1975 3448 in
2007 3394 2204 3465 quibus

603 3495 734 3541 sunt
772 3485 984 3557 sagitta:
1009 3485 1238 3555 mortis,
1269 3500 1522 3541 errorum
1565 3485 1781 3543 scilicet
1810 3486 2032 3542 lethalia
2072 3488 2205 3558 dog-

604 3587 772 3647 mata,
803 3579 1071 3648 sagittent
1097 3577 1150 3632 in
1189 3577 1428 3633 obscuro
1469 3587 1652 3633 rectos
1677 3577 1862 3634 corde.
1898 3577 2075 3634 liabet
2105 3578 2201 3632 ha-

606 3681 748 3728 SIam
801 3670 948 3727 unde
995 3668 1320 3725 criminibus
1365 3669 1688 3740 ueterisque
1732 3671 1880 3726 vitiis
1924 3670 2205 3726 confodiat

603 3771 952 3834 peccatores,
988 3760 1240 3832 sagittas,
1273 3760 1591 3817 subtiliores
1615 3761 1794 3830 dolos,
1827 3761 2060 3829 hastam,
2107 3763 2202 3819 de-

599 3860 728 3915 licta
761 3857 999 3913 trabalia
1039 3865 1205 3928 atque
1235 3855 1541 3912 mortifera.
1578 3856 1751 3912 liabet
1788 3857 2063 3928 clypeum,
2094 3873 2200 3928 quo

604 3948 828 4007 malitia:
855 3948 1221 4020 plenitudine,
1245 3957 1418 4004 totum
1462 3947 1694 4004 militum
1724 3965 1944 4005 suorttm
1969 3960 2201 4021 occupat

603 4051 797 4112 pectus
819 4082 834 4108 ,
875 4057 984 4113 quo
1028 4057 1098 4098 ne
1130 4042 1252 4099 telis
1276 4041 1573 4099 verborum
1603 4042 1697 4098 Dei
1739 4053 2194 4115 compungantnr,

599 4135 807 4192 excutit
833 4150 922 4204 ea,
949 4135 1268 4206 frustratur,
1293 4137 1568 4210 expalmat
1589 4156 1601 4192 :
1625 4154 1690 4194 ex
1722 4155 1829 4209 quo
1853 4155 1996 4210 cquo
2025 4147 2197 4195 trans-

602 4228 834 4299 figurato
859 4228 916 4284 in
955 4227 1212 4299 angelum
1253 4228 1413 4296 lucis,
1447 4228 1748 4299 splendore
1773 4231 2009 4300 quodam
2038 4229 2198 4286 terri—

599 4321 716 4390 bili,
743 4321 960 4378 vibrant
1003 4322 1162 4378 hasta
1186 4334 1240 4379 et
1282 4323 1527 4395 clypcus,
1568 4335 1620 4380 et
1667 4324 1935 4381 mendacii
1977 4325 2196 4396 eloquio

601 4415 850 4486 abruptae
905 4415 1290 4473 hmreticorum
1338 4426 1601 4474 resonant
1652 4417 1975 4490 pravitates,
2014 4427 2068 4475 et
2107 4420 2196 4475 hic

595 4517 823 4581 propter
867 4508 1266 4568 indesinentem
1315 4510 1677 4569 intensionem
1734 4527 2000 4585 usumque
2038 4513 2194 4570 blan-

598 4601 788 4659 diendi
818 4603 1035 4660 vibrare
1059 4603 1339 4661 dicuntur.

663 4692 892 4751 Feruens
919 4711 968 4750 et
989 4697 1212 4769 fremens
1235 4697 1405 4754 sorbet
1433 4706 1644 4754 terram.
1676 4698 1920 4755 Fervens
1951 4707 2032 4755 est
2048 4699 2191 4756 vitiis

585 4786 857 4855 diabolus,
897 4789 1148 4846 inimicus
1177 4799 1511 4854 sanctorum,
1547 4802 1600 4848 et
1631 4793 1870 4847 omnium
1901 4793 2188 4848 criminum

583 4879 709 4952 igne
735 4881 1110 4954 conflagrans,
1143 4891 1308 4956 atque
1351 4884 1405 4940 in
1439 4885 1714 4943 hominum
1757 4887 1942 4944 furore
1972 4887 2190 4944 invidia:

581 4973 850 5044 fremens,
884 4979 1079 5048 utjam
1120 4978 1344 5035 sorbeat
1389 4978 1662 5036 illecebris
1709 4988 2085 5051 peceatorem,
2133 4991 2188 5037 et

578 5065 896 5125 devoratum
954 5069 1009 5125 in
1059 5085 1258 5140 corpus
1307 5071 1532 5142 perditae
1577 5074 2017 5144 congregationis
2069 5089 2182 5130 sua:

580 5161 892 5227 transferat,
916 5176 1025 5233 quo
1045 5177 1274 5233 corpore
1303 5163 1567 5234 propheta
1588 5165 1726 5222 dixit
1745 5181 1804 5222 se
1836 5166 1975 5223 forte
1995 5166 2184 5223 absor-

578 5251 839 5321 bendum,
887 5251 994 5309 nisi
1041 5254 1302 5310 Dominus
1351 5265 1500 5312 esset
1537 5255 1590 5311 itt
1634 5272 1739 5312 eo:
1769 5258 1842 5312 ita
1880 5259 2129 5329 inquiens
2163 5276 2177 5314 :

581 5341 703 5401 Nisi
728 5345 990 5402 Dominus
1018 5357 1148 5404 esset
1178 5349 1233 5403 in
1263 5347 1435 5416 nobis,
1471 5350 1603 5421 forte
1627 5352 1766 5408 vivos
1793 5352 2183 5408 absorbuissent

577 5453 691 5494 nos.
718 5438 817 5495 Hie
838 5455 968 5510 ergo
989 5442 1298 5499 contrarius
1325 5451 1512 5498 noster
1534 5443 1649 5513 ipse
1673 5455 1778 5513 est,
1807 5446 1892 5501 cui
1927 5445 2072 5502 Deus
2100 5445 2180 5500 lo-

575 5541 734 5587 cutus
759 5539 866 5597 est,
886 5531 1073 5590 dicens
1089 5551 1105 5589 :
1121 5531 1341 5590 Terram
1363 5535 1704 5592 manducabis
1735 5539 1973 5594 omnibus
2005 5539 2184 5593 diebus

572 5625 687 5681 ritte
717 5636 840 5681 tute.
872 5625 939 5681 Et
961 5625 1166 5686 idcirco
1197 5630 1316 5701 ipse
1346 5637 1403 5686 et
1429 5629 1567 5687 socii
1597 5631 1736 5703 ejus,
1765 5643 1823 5688 ut
1846 5633 2049 5689 inimici
2075 5631 2180 5690 Do-

576 5715 703 5771 mini
725 5763 738 5784 ,
777 5727 976 5774 terrant
1000 5720 1233 5792 lingent.

648 5808 763 5864 Nec
791 5822 1001 5888 reputat
1053 5814 1188 5872 tuba:
1237 5831 1423 5873 sonare
1454 5817 1772 5890 clangorem.
1820 5819 1879 5878 Id
1921 5828 2036 5891 est,
2071 5837 2195 5894 pro-

2307 3291 2458 3346 initia
2479 3333 2495 3360 ,
2532 3292 2649 3348 sive
2680 3291 2833 3364 signa
2874 3295 3120 3364 quardam
3153 3295 3204 3350 in
3234 3295 3456 3352 homine
3478 3337 3492 3363 ,
3538 3291 3784 3366 quomodo
3805 3291 3854 3356 ei,

2306 3383 2536 3455 ejusque
2563 3383 2712 3440 vitiis
2742 3385 3108 3441 resistendum
3155 3387 3249 3452 sit,
3273 3386 3422 3443 velut
3465 3388 3646 3458 sagina
3667 3427 3681 3454 ,
3706 3383 3856 3439 adver-

2306 3485 2494 3533 santes
2536 3477 2638 3533 sibi
2675 3479 2982 3548 praevenire
3021 3479 3299 3536 contendit
3328 3495 3343 3536 :
3378 3495 3448 3535 ne
3479 3488 3686 3550 sumpta
3708 3484 3855 3532 contra

2305 3568 2583 3625 diabolum
2611 3572 2916 3640 sanctitatis
2945 3588 3097 3628 arma
3118 3572 3444 3630 defendant:
3473 3590 3542 3630 ne
3559 3571 3857 3630 veneratione

2304 3659 2453 3731 digni
2496 3661 2656 3729 llant,
2711 3678 2833 3718 cum
2878 3662 2995 3720 Rex
3037 3673 3279 3721 mtcrnus
3311 3665 3617 3722 advenerit.
3656 3663 3855 3722 Ululatus

2306 3769 2436 3810 vero
2458 3795 2473 3820 ,
2523 3757 2639 3812 sive
2682 3759 2878 3813 sonitus
2900 3801 2916 3827 ,
2951 3766 3011 3813 ut
3053 3759 3147 3814 alii
3179 3758 3432 3816 dixerunt
3454 3803 3469 3827 ,
3498 3760 3752 3818 exercitus
3770 3755 3854 3812 veri

2304 3847 2658 3919 imperatoris
2689 3850 2781 3906 ille
2799 3859 2905 3916 est,
2937 3851 3156 3920 quando
3184 3867 3245 3909 se
3276 3853 3512 3910 invicem
3547 3869 3649 3909 uno
3677 3851 3850 3924 spiritu,

2304 3943 2827 4016 unaquelcharitate,
2859 3954 2912 4001 ct
2943 3945 3050 4002 ﬁde
3078 3946 3454 4014 cohortantes,
3488 3947 3789 4019 conspiratis
3815 3944 3851 3996 in

2304 4052 2466 4091 unum
2497 4038 2710 4094 timoris
2745 4039 2963 4095 Domini
2991 4040 3217 4106 viribus,
3247 4041 3622 4113 alloquuntur,
3647 4039 3850 4096 utdonec

2302 4140 2544 4188 transeat
2586 4132 2882 4204 iniquitas,
2943 4133 3056 4190 sint
3093 4147 3516 4206 perseverantes
3567 4137 3620 4192 in
3659 4133 3851 4207 prtelio:

2300 4228 2425 4298 quia
2468 4229 2734 4285 charitate
2773 4228 2917 4301 regis
2946 4230 3033 4285 sui
3081 4229 3258 4287 infusi
3307 4231 3360 4286 in
3406 4246 3468 4286 se
3515 4247 3609 4302 per
3635 4228 3846 4300 Spiritum

2300 4333 2574 4388 sanctum,
2603 4323 2692 4394 qui
2726 4323 2886 4380 datus
2907 4331 2994 4382 est
3022 4325 3125 4392 eis,
3161 4339 3258 4396 pro
3287 4323 3554 4381 alterutro
3577 4332 3695 4380 sunt
3721 4331 3848 4376 mem-

2298 4413 2395 4470 bra
2424 4415 2676 4471 sollicita.

2369 4509 2642 4581 Numquid
2667 4511 2945 4568 suscitabis
2988 4527 3105 4566 cum
3132 4513 3283 4584 quasi
3316 4513 3546 4567 locustas
3570 4511 3596 4567 1
3622 4510 3771 4580 Quem
3802 4502 3848 4558 dc

2215 4578 2270 4640 D
2297 4602 2419 4659 loco
2441 4603 2508 4660 ad
2530 4578 2709 4661 locum
2740 4606 3011 4663 transilire
3041 4578 3167 4674 feci,
3190 4616 3244 4662 et
3267 4605 3337 4662 de
3367 4578 3660 4678 presenti,
3677 4601 3844 4660 scilicet

2297 4698 2486 4754 nntndi
2529 4698 2891 4757 delectatione
2920 4701 2985 4756 ad
3012 4699 3344 4758 desiderium
3376 4701 3549 4757 futuri
3585 4697 3752 4756 saeculi
3788 4695 3847 4748 in-

2295 4791 2605 4860 flammari,
2640 4792 2721 4849 sic
2753 4793 2940 4865 utique
2964 4794 3260 4851 suscitatus
3303 4803 3388 4850 est
3414 4794 3485 4850 de
3515 4805 3736 4864 corpore
3759 4784 3848 4842 inlt-

2295 4885 2576 4954 dclitatis,
2608 4887 2760 4944 velut
2787 4888 2900 4955 sol,
2942 4903 3064 4944 cum
3098 4888 3248 4944 calor
3277 4887 3520 4944 advenit.
3565 4887 3670 4942 llas
3706 4891 3845 4938 autem

2295 4981 2622 5038 mutationes
2661 4997 2768 5038 non
2813 4983 3060 5038 locorum
3095 4997 3219 5038 esse
3266 4981 3634 5054 corporalium
3673 4971 3846 5035 noveri-

2292 5091 2441 5142 mus,
2477 5091 2602 5131 nam
2632 5075 2858 5133 affectus
2897 5084 3023 5131 sunt
3045 5076 3385 5132 animorum.

2363 5168 2547 5224 Gloria
2577 5171 2790 5225 narium
2817 5172 2930 5242 ejus
2962 5179 3150 5226 terror.
3189 5170 3262 5228 Ut
3302 5177 3510 5226 terreat
3540 5175 3842 5241 peccatores.

2289 5261 2415 5318 odio
2438 5263 2644 5321 habens
2675 5264 2824 5336 quod
2863 5274 3019 5329 sunt,
3049 5274 3104 5320 et
3139 5264 3330 5320 dicens
3357 5264 3441 5320 eis
3477 5263 3548 5320 de
3577 5264 3720 5320 Deo:
3750 5253 3848 5313 Nisi

2287 5356 2516 5411 conuersi
2543 5357 2748 5429 [ueritis
2767 5400 2781 5426 ,
2813 5357 3050 5430 gladium
3074 5373 3226 5412 suum
3256 5355 3506 5424 uibrabit,
3541 5364 3595 5413 et
3636 5360 3839 5410 cratera:

2286 5446 2353 5503 de
2385 5447 2551 5518 gloria
2582 5449 2796 5506 narium
2835 5449 2958 5520 ejus
2983 5457 3086 5518 est,
3134 5449 3360 5521 spiritus
3384 5449 3534 5506 enim
3576 5448 3669 5504 Dei
3698 5452 3772 5501 est
3804 5441 3841 5492 in

2294 5541 2521 5596 naribus
2553 5541 2709 5613 ejus,
2753 5543 2899 5614 quod
2945 5551 3001 5599 et
3028 5553 3250 5598 sanctus
3297 5541 3401 5598 Joh
3438 5541 3580 5597 dixit
3607 5557 3622 5597 :
3652 5534 3845 5610 Spiritus

2295 5634 2401 5692 Dei
2431 5644 2518 5691 est
2548 5637 2600 5691 in
2630 5636 2854 5694 naribus
2880 5638 3042 5694 meis.
3071 5638 3185 5693 Hoc
3214 5646 3517 5709 unguento,
3551 5633 3736 5706 Spiritu
3762 5624 3844 5683 uti-

2295 5745 2400 5801 que
2427 5729 2558 5799 Dci,
2593 5731 2810 5797 perfusa
2847 5741 2934 5789 est
2963 5731 3237 5801 Ecclesia,
3270 5732 3410 5787 sicut
3435 5730 3627 5786 scribit
3648 5727 3844 5786 Joannes

2299 5824 2578 5897 apostolus
2635 5841 2649 5879 :
2719 5823 2806 5899 Ειψ
2848 5842 2935 5882 ros
2997 5827 3289 5883 unctionem
3351 5824 3544 5882 habetis
3596 5841 3627 5880 a
3684 5811 3842 5879 sancti).
