3980 6304
216 249 326 306 777

1072 245 1549 307 COMMENTARII
1589 247 1656 309 IN
1694 245 1958 308 LIBRUM
1994 249 2134 309 JOB.
2178 253 2330 313 CAP.
2373 252 2618 314 XXXIX.

3400 269 3505 326 778

214 361 453 420 Proinde
482 361 567 417 hic
596 361 664 417 de
693 374 801 431 quo
827 360 1130 432 loquimur,
1176 364 1281 421 hoc
1303 365 1426 421 loco
1456 365 1525 422 de
1545 364 1690 421 bono
1712 364 1810 420 ﬁa-
1837 366 1889 426 Α
1916 377 2178 436 quentes,
2223 370 2381 441 cujus
2412 371 2465 426 in
2510 369 2789 428 anteriora
2833 371 3078 445 quotidie
3109 376 3383 446 profectus
3426 394 3511 438 cst

212 455 406 526 grabat
430 454 482 509 itt
518 454 783 510 interiore
811 468 973 512 sensu
1005 454 1241 512 hominis
1267 457 1349 512 sui
1377 474 1391 514 :
1423 458 1475 511 in
1504 472 1614 527 quo
1643 471 1807 515 sensu

209 547 514 604 Secundum
540 546 838 604 voluntatis
869 546 1183 611 arbitrium,
1212 548 1331 603 aliis
1370 548 1510 604 odor
1530 550 1723 605 mortis
1753 555 1805 605 in

210 649 481 705 mortem,
514 639 632 695 aliis
664 639 803 695 odor
825 640 955 697 vita:
995 639 1051 697 in
1082 640 1248 697 vitam
1269 681 1286 709 ,
1330 641 1581 712 quoniam
1622 642 1806 699 refuso

206 748 376 805 super
398 732 707 803 Christum,
734 733 786 789 id
813 743 921 801 est,
950 743 977 772 ει
1006 748 1162 806 myro
1192 734 1324 792 lidei
1347 752 1375 789 a
1399 745 1587 792 sancta
1615 736 1806 793 Eccle-

205 829 290 885 sia
321 828 567 900 repletus
614 836 698 884 est
743 828 979 887 mundus
1011 845 1027 883 :
1059 844 1250 886 omnes
1294 829 1531 887 ﬁdelium
1579 831 1801 903 populi,

201 921 403 977 eodem
435 933 597 977 sacro
625 918 923 976 chrismate
951 920 1098 976 uncti
1128 928 1276 977 sunt.
1315 921 1548 992 Propter
1570 924 1716 995 quod
1747 937 1805 982 et

199 1011 383 1085 ipsum
427 1021 801 1085 unguentum,
850 1012 995 1084 quod
1039 1023 1168 1070 ante
1214 1012 1516 1070 Salvatoris
1550 1016 1799 1072 notitiam

197 1105 346 1163 intra
381 1104 641 1161 alabastri
660 1105 776 1160 vasi
819 1106 1094 1177 angustias
1137 1107 1450 1174 tenebatur,
1486 1109 1666 1179 piStici
1697 1125 1798 1167 no-

195 1211 327 1254 men
357 1196 591 1251 inditum
610 1203 824 1263 erat,ut
840 1195 1154 1251 noverimus
1174 1195 1520 1253 credentium
1544 1198 1795 1269 populos,

194 1290 344 1347 sicut
374 1289 534 1356 dixit,
563 1288 867 1344 chrismate
892 1297 1265 1344 consecratos.
1298 1289 1411 1345 Hac
1433 1289 1597 1361 igitur
1623 1290 1795 1362 gloria

195 1380 388 1438 odoris
409 1379 590 1450 hujus,
630 1378 787 1451 quasi
810 1386 1024 1435 terrore
1049 1377 1423 1451 generationis
1449 1379 1796 1451 perfunditur

192 1488 399 1532 sensus
440 1471 688 1529 interior.

268 1565 489 1621 Terram
526 1564 726 1637 ungula
753 1564 907 1636 fodit.
934 1562 1181 1621 Exsultat
1210 1567 1477 1638 audacter,
1522 1578 1571 1623 et
1606 1568 1663 1622 in
1706 1584 1792 1623 oc-

186 1675 408 1716 cursum
441 1659 608 1731 pergit
643 1660 885 1714 annalis.
935 1658 1210 1731 Quidquid
1250 1660 1303 1715 in
1355 1676 1415 1717 se
1445 1661 1787 1733 potissimum

1912 461 2232 529 sanctitatis,
2265 464 2345 520 sic
2386 464 2530 520 enim
2575 466 2857 536 apostolus
2903 484 3147 539 magnus,
3200 480 3256 527 et
3304 482 3503 543 potens

1911 568 2081 623 equus
2106 556 2319 613 Domini
2362 558 2440 614 ait
2471 576 2485 612 :
2522 558 2698 614 Unum
2734 568 2904 615 autem
2952 563 3157 632 quidem
3196 582 3314 636 qua:
3360 577 3501 623 retro

1908 655 2029 701 sunt
2071 648 2373 705 obliviscens
2395 692 2410 717 ,
2450 652 2518 705 ad
2552 667 2613 705 ea
2650 667 2767 717 vero
2796 668 2909 723 qua:
2946 654 3002 706 in
3031 664 3152 710 ante
3176 666 3297 711 sunt
3317 667 3501 713 exten-

1907 741 2053 799 dens.
2077 744 2203 802 Sive
2223 755 2284 801 ut
2313 746 2537 804 brevius
2562 756 2620 803 et
2655 727 2999 807 manifestius
3040 750 3218 806 dicam
3252 770 3266 809 :
3298 752 3503 810 Phare-

1906 842 1995 889 tra
2027 836 2163 904 lucc,
2195 836 2350 895 locus
2378 847 2466 895 est
2493 839 2696 908 cordis,
2730 840 2785 896 in
2817 856 2927 911 quo
2947 856 3263 899 sermonum
3291 844 3388 900 Dei
3411 859 3500 900 sa-

1903 927 2053 999 gitta:
2091 931 2325 987 conditas
2377 940 2531 997 sunt,
2574 940 2630 988 et
2667 934 2945 1004 repositae.
2997 934 3067 990 Et
3102 936 3390 1007 signanter
3427 938 3507 995 ait

1904 1018 2169 1077 Dominus
2208 1037 2376 1094 super
2403 1024 2603 1093 ipsum,
2631 1023 2684 1080 id
2722 1034 2828 1093 est,
2873 1041 3069 1097 equum
3122 1042 3318 1083 sonare
3364 1029 3505 1086 hanc

1903 1109 2244 1181 pharetram,
2291 1113 2437 1183 quod
2495 1123 2578 1169 est
2623 1129 2789 1184 super
2836 1117 3164 1172 exteriorem
3221 1117 3496 1175 hominem

1900 1202 2045 1273 ejus,
2080 1205 2337 1274 pharetra
2368 1206 2556 1262 cordis
2588 1206 2741 1262 illius
2763 1206 2964 1263 referta
3003 1208 3198 1264 divinis
3244 1210 3493 1281 eloquiis,

1900 1305 2113 1365 regnat,
2147 1296 2274 1354 dum
2320 1307 2381 1354 ut
2410 1298 2644 1354 bellator
2671 1298 2905 1364 Domini,
2933 1309 2988 1355 et
3016 1299 3172 1355 fortis
3202 1302 3253 1355 in
3286 1303 3495 1372 praelio,

1898 1391 2238 1462 cvangelizat
2258 1393 2482 1450 verbum
2498 1392 2699 1449 virtute
2726 1393 2920 1448 multa.
2938 1392 3116 1464 Super
3142 1393 3285 1450 hunc
3296 1411 3493 1466 equum

1897 1484 2257 1542 nihilominus
2283 1485 2532 1542 vibratur
2557 1485 2734 1553 hasta,
2767 1494 2822 1541 et
2850 1485 3278 1558 clypeus.Hasta
3307 1495 3391 1542 est
3419 1488 3501 1543 vi-

1895 1577 2073 1648 gilans
2114 1578 2282 1634 animi
2309 1577 2515 1646 virtus,
2561 1580 2679 1636 sive
2708 1580 3042 1647 constantia,
3091 1597 3211 1652 quae
3250 1581 3502 1653 increpat

1896 1678 2247 1740 peccatores,
2296 1670 2413 1727 sive
2440 1671 2571 1727 vitia
2600 1670 2657 1727 in
2694 1686 2756 1728 sc
2780 1671 3140 1728 confodienda
3180 1673 3497 1730 mortificat.

188 1752 365 1812 habet
389 1753 457 1810 ad
484 1752 810 1809 substantiae
838 1755 1327 1824 perseverantiam,
1352 1770 1422 1811 eo
1442 1754 1625 1827 utique
1644 1755 1790 1812 bono
1819 1760 1869 1822 B
1893 1759 2129 1836 Ciypeus
2159 1778 2292 1819 vero
2322 1772 2534 1820 scutum
2566 1764 2692 1822 ﬁdei
2711 1773 2817 1835 est,
2838 1766 2890 1821 in
2923 1782 3030 1838 quo
3060 1766 3240 1823 omnia
3267 1766 3373 1823 tela
3402 1782 3498 1826 ne-

178 1845 414 1901 virtutis
445 1852 650 1901 terram
681 1844 884 1902 scindit
909 1855 966 1901 et
995 1856 1321 1903 commovet.
1355 1846 1472 1902 Non
1503 1850 1646 1903 enim
1694 1864 1791 1919 ρει·
1894 1859 2138 1930 quissimi
2167 1859 2323 1930 ignea
2349 1859 2527 1930 possit
2545 1861 3006 1931 exstinguere.Et
3027 1860 3146 1917 hmo
3165 1870 3389 1933 propter
3410 1862 3495 1917 in—

180 1938 325 1995 titur
352 1946 412 1994 ut
452 1937 630 1994 solum
680 1939 963 2010 gradiatur
996 1938 1287 2007 incultum,
1318 1939 1416 1995 scd
1461 1939 1682 2007 studet,
1730 1949 1791 1996 ut

1893 1953 2230 2010 desinentem
2274 1970 2431 2012 usum
2474 1955 2751 2023 bellandi,
2783 1955 3007 2013 vibrare
3055 1957 3344 2023 dicuntur,
3372 1976 3494 2032 quin

175 2044 321 2101 ager
349 2028 445 2085 ﬁat
468 2028 697 2102 frugifer
724 2038 780 2084 et
809 2029 1048 2101 opimus.
1080 2028 1236 2087 Unde
1265 2038 1321 2086 et
1346 2039 1478 2086 ante
1497 2031 1668 2087 Deum
1692 2047 1791 2088 au-

173 2122 375 2179 dacter
400 2121 679 2189 exsultat,
729 2129 789 2177 ut
819 2120 1003 2177 audiat
1029 2121 1096 2176 de
1116 2136 1201 2188 se,
1258 2121 1400 2177 sicut
1449 2120 1519 2178 de
1572 2123 1788 2179 caeteris

173 2214 295 2271 dici
325 2234 340 2271 :
375 2214 647 2270 Venientes
674 2223 848 2269 autem
870 2215 1071 2270 venient
1096 2216 1152 2268 in
1187 2213 1557 2282 exsultatione,
1601 2214 1787 2270 tollen-

174 2317 259 2362 tes
288 2306 592 2379 manipulos
618 2322 765 2362 suos.
798 2306 1043 2378 Itemque
1063 2304 1269 2374 audiat,
1299 2306 1456 2362 Serve
1478 2306 1630 2375 boue,
1661 2306 1785 2378 quia

170 2416 344 2472 super
368 2417 537 2473 pauca
566 2400 713 2472 fuisti
737 2399 910 2468 ﬁdelis
929 2442 943 2467 ,
980 2417 1140 2472 supra
1166 2401 1332 2456 multa
1368 2409 1416 2456 te
1444 2401 1779 2458 constituam.

170 2494 241 2551 In
285 2509 576 2551 occursum
621 2494 799 2566 pergit
824 2496 1091 2563 armatis,
1132 2503 1426 2567 antequam
1472 2494 1598 2552 telis
1627 2494 1785 2553 vitio-

170 2604 329 2653 rum,
364 2589 480 2646 sive
502 2589 942 2661 persecutionum
964 2604 993 2643 a
1011 2588 1384 2659 spiritualibus
1407 2587 1657 2645 hostibus
1685 2588 1784 2644 ob-

170 2690 395 2749 ruatur,
428 2683 484 2739 in
514 2683 633 2740 acie
657 2681 920 2738 virtutum
951 2681 1283 2749 consistens,
1316 2680 1587 2737 irruentes
1630 2680 1685 2735 in
1720 2695 1783 2737 se

169 2775 450 2848 praevenit
482 2775 736 2833 inimicos
759 2816 775 2843 ,
818 2788 888 2831 ne
915 2773 1102 2844 aliquo
1143 2774 1254 2829 ictu
1297 2771 1777 2844 concupiscentiae,

168 2868 268 2925 vel
293 2869 459 2924 etiam
488 2867 813 2925 difﬁdentiae
848 2868 1186 2925 vulneretur.
1220 2867 1312 2924 Sic
1338 2881 1573 2945 namqpe
1602 2866 1658 2922 in
1688 2880 1782 2923 oc-

173 2975 409 3018 cursum
442 2961 625 3032 pergit
661 2970 854 3018 contra
885 2961 1073 3018 hostes
1111 2960 1278 3017 armis
1309 2960 1600 3027 vitiorum,
1630 2959 1780 3017 inse-

170 3054 591 3127 ctationemque
612 3054 872 3111 munitos.
900 3054 1213 3112 Secundum
1244 3053 1391 3110 hunc
1416 3069 1635 3111 sensum
1658 3069 1779 3111 san-

1890 2047 2001 2102 sint
2027 2047 2220 2118 utique
2262 2048 2319 2102 in
2349 2048 2751 2106 exercitatione
2781 2057 3108 2120 prmparata.
3137 2050 3272 2106 Nam
3303 2049 3373 2108 de
3405 2061 3485 2108 ta—

1889 2140 2034 2196 libus
2058 2140 2228 2198 armis
2252 2141 2583 2214 fulgentibus
2611 2143 2685 2198 ita
2722 2142 2923 2200 dicitur
2954 2160 2969 2200 :
3003 2142 3070 2199 In
3106 2146 3271 2202 lucem
3302 2149 3493 2220 jacula

1890 2241 1982 2286 tua
2035 2232 2224 2304 ibunt,
2290 2234 2345 2288 in
2407 2232 2736 2306 splendorem
2790 2237 3163 2293 coruscationis
3230 2255 3491 2296 annorum

1889 2331 2114 2379 tuorum.

1960 2415 2187 2472 Fervens
2213 2424 2261 2471 et
2284 2418 2509 2490 fremens
2534 2419 2705 2475 sorbet
2735 2428 2945 2475 terram.
2998 2420 3244 2479 Fervens
3287 2422 3394 2480 ﬁde
3435 2424 3491 2481 iu

1886 2506 2107 2579 spiritu,
2137 2517 2194 2565 et
2218 2507 2461 2567 fremens
2493 2519 2552 2567 ut
2575 2511 2851 2579 Salvator,
2891 2514 2983 2583 qui
3016 2514 3237 2586 quando
3259 2515 3315 2572 in
3343 2517 3490 2573 vitiis

1892 2612 2171 2658 mortuum
2195 2602 2555 2674 spiritualiter
2580 2605 2832 2673 suscitat,
2862 2606 3049 2665 fremit
3073 2609 3125 2664 in
3157 2608 3374 2680 spiritu.
3408 2610 3488 2668 lta

1884 2693 1997 2763 hic,
2020 2695 2266 2765 inquam,
2300 2697 2500 2756 fremet
2546 2708 2737 2757 contra
2767 2701 3026 2759 inimicos
3066 2717 3219 2771 suos,
3251 2702 3368 2760 sive
3401 2705 3487 2760 vi-

1883 2787 1979 2855 tia,
2013 2788 2131 2845 sive
2157 2789 2323 2846 etiam
2365 2800 2587 2862 apertos
2627 2802 3013 2864 persecutores
3043 2814 3057 2851 :
3090 2805 3148 2852 et
3194 2798 3268 2852 ita
3301 2797 3492 2853 sorbet

1882 2888 2084 2937 terram
2109 2896 2287 2949 suam,
2315 2884 2446 2941 dum
2497 2899 2619 2941 eam
2674 2885 2744 2941 de
2796 2887 3007 2942 carnali
3064 2890 3489 2947 conversatione

1882 2974 1938 3031 in
1959 2975 2303 3047 spirituaiem
2333 2979 2627 3033 convertit.
2659 2978 2751 3035 Sic
2772 2977 2958 3050 itaque
2980 2978 3247 3053 fremens,
3273 2980 3489 3054 sibique

1882 3067 2178 3138 plurimum
2220 3084 2345 3124 cum
2387 3068 2766 3141 indignatione
2799 3071 3071 3141 irascens,
3116 3073 3310 3151 sorbet
3336 3089 3486 3143 eam,

171 3157 304 3205 ctus
338 3148 510 3204 David
538 3149 614 3204 ait
647 3167 658 3203 :
693 3146 987 3221 Persequar
1016 3148 1253 3205 inimicos
1276 3162 1442 3218 meos,
1470 3158 1519 3203 et
1547 3162 1781 3221 compre-

1893 3162 2028 3219 sicut
2066 3160 2202 3228 dixi,
2259 3171 2318 3218 ut
2365 3162 2514 3218 illam
2566 3163 2623 3218 in
2670 3163 2897 3234 spiritus
2943 3164 3029 3219 sui
3077 3146 3482 3221 afl‘ectationcm

171 3241 408 3297 [tendant
448 3258 533 3297 eos
552 3281 568 3308 ,
599 3250 654 3297 et
681 3250 903 3299 caetera.

254 3332 543 3389 Contemnit
574 3349 838 3406 pavorem,
871 3351 963 3390 nec
990 3335 1124 3391 cedit
1166 3336 1364 3409 gladio.
1394 3334 1776 3405 Quantasiibet

172 3426 259 3482 ait
292 3426 470 3483 minas
497 3442 619 3483 cum
662 3427 854 3499 grandi
897 3437 1130 3497 terrore,
1162 3429 1235 3485 ita
1265 3438 1326 3485 ut
1351 3444 1474 3485 cum
1518 3444 1771 3499 pavorem

172 3520 432 3577 incutere
472 3520 695 3592 cupiunt
723 3521 972 3591 inimici,
1005 3523 1262 3594 loquatur
1300 3538 1319 3576 :
1368 3521 1624 3578 Dominus
1652 3522 1775 3576 illu-

172 3614 398 3669 minatio
420 3630 555 3681 mea,
579 3623 628 3668 et
650 3615 795 3669 salus
816 3631 950 3682 mea,
972 3632 1123 3688 quem
1149 3615 1379 3670 timebo?
1404 3615 1660 3671 Dominus
1683 3614 1775 3670 de-

177 3709 357 3779 fensor
380 3709 499 3763 vita:
532 3723 699 3763 mea:
732 3724 766 3762 a
794 3709 994 3764 nemine
1028 3708 1324 3779 [ormidabo
1348 3708 1773 3774 adversantium,

175 3801 306 3855 dum
335 3802 646 3874 appropiant
689 3817 846 3870 super
874 3818 955 3857 me
993 3812 1272 3869 nocentes,
1303 3810 1359 3857 ut
1399 3803 1554 3858 edant
1596 3819 1776 3858 carnes

174 3908 345 3948 meas.
378 3893 616 3950 Proinde
655 3895 914 3965 quoniam
959 3894 1013 3950 in
1044 3894 1148 3951 hac
1185 3894 1364 3952 salute
1408 3895 1628 3951 luminis
1679 3896 1775 3952 Dei

174 4002 344 4058 spero
373 4002 388 4042 :
420 3987 485 4043 Si
513 3987 797 4043 consistant
838 3988 1083 4045 adversus
1106 4000 1193 4045 me
1219 4000 1419 4055 castra,
1448 4006 1552 4045 non
1581 3988 1776 4044 timebit

178 4099 274 4139 cor
302 4099 487 4138 meum.
522 4080 593 4139 Et
613 4084 658 4139 si
683 4092 967 4157 consurgat
992 4084 1047 4140 in
1068 4100 1148 4139 me
1177 4083 1440 4157 prndium,
1472 4100 1578 4140 non
1599 4084 1775 4140 cedam

178 4174 394 4247 gladio,
447 4190 556 4249 quo
603 4184 837 4234 mortem
882 4162 1119 4234 libenter
1166 4190 1266 4247 pro
1317 4174 1536 4234 Christo
1593 4177 1779 4235 subire

178 4277 405 4340 empto.

258 4362 431 4433 Super
458 4364 629 4437 ipsum
656 4364 855 4420 sonabit
883 4364 1144 4437 pharetra,
1173 4363 1393 4420 uibrabit
1418 4364 1572 4420 hasta
1591 4373 1639 4420 et
1667 4365 1778 4437 cly-

178 4473 328 4531 peus.
362 4458 536 4529 Super
566 4459 895 4515 exteriorem
923 4467 981 4515 et
1021 4472 1345 4530 corporeum
1376 4457 1676 4522 hominem,
1709 4458 1777 4513 de

1881 3255 2242 3325 transmittat,
2272 3255 2366 3312 ubi
2392 3265 2477 3314 est
2506 3255 2599 3312 ille
2636 3255 2988 3313 absconditus
3013 3258 3198 3314 cordis
3240 3259 3403 3318 homo
3427 3262 3484 3318 in

1878 3348 2419 3420 incorruptibilitate,
2455 3349 2627 3421 quieti
2653 3361 2708 3406 et
2735 3350 2969 3407 modesti
2998 3352 3249 3424 spiritus,
3278 3355 3369 3428 qui
3399 3367 3483 3414 est

1877 3443 1934 3498 in
1960 3453 2261 3515 conspectu
2284 3442 2379 3499 Dei
2414 3442 2675 3514 locuples.

1952 3533 2065 3589 Nec
2098 3541 2303 3606 reputat
2345 3532 2481 3589 tuba:
2523 3549 2713 3588 sonare
2748 3533 3065 3608 clangorem.
3100 3537 3273 3595 Tanta
3313 3540 3485 3600 animi

1877 3628 2081 3684 virtute
2112 3626 2374 3692 induitur,
2401 3636 2460 3682 ut
2488 3626 2700 3683 nullum
2731 3635 2998 3684 terrorem
3037 3628 3479 3690 adversariorum

1878 3721 2158 3790 formidet,
2190 3719 2411 3792 quando
2457 3720 2525 3775 ad
2576 3734 2797 3777 onmem
2843 3721 3083 3778 sonitum
3124 3722 3478 3784 inimicorum

1878 3814 2303 3884 provocantium
2335 3813 2405 3868 sit
2436 3820 2680 3883 paratus.

1954 3905 2055 3962 Ubi
2074 3905 2302 3960 audierit
2326 3904 2612 3974 buccinam,
2638 3905 2787 3973 dicit,
2811 3903 2978 3977 Euge.
3003 3905 3201 3964 Procul
3229 3911 3480 3969 adoretur

1881 3998 2091 4065 bellum,
2120 3997 2531 4053 exhortationem
2551 3996 2762 4067 ducum,
2820 4006 2869 4052 et
2916 3997 3173 4055 ululatum
3199 4005 3479 4063 exercitus.

1868 4092 1980 4162 Qui
2010 4106 2132 4149 cum
2164 4091 2402 4149 audierit
2438 4091 2549 4147 alta
2591 4106 2728 4148 voce
2764 4091 3127 4164 Evangelium
3166 4097 3479 4169 praedicari,

1878 4188 2075 4259 gaudet
2123 4197 2179 4244 et
2216 4186 2478 4253 exsultat,
2520 4186 2665 4258 quod
2692 4185 2842 4260 Euge
2888 4188 3178 4259 signiﬁcat.
3224 4190 3477 4250 Omnium

1880 4280 2301 4353 praepositorum
2354 4280 2424 4337 de
2468 4278 2767 4351 Scripturis
2806 4278 3117 4354 Dominicis)
3143 4281 3479 4344 fortissimo-

1879 4390 1999 4430 rum
2030 4374 2276 4430 virorum
2319 4371 2575 4442 exempla
2614 4371 3013 4442 proﬁtentium,
3048 4374 3217 4431 totius
3260 4392 3479 4449 quoque

1882 4466 2140 4523 Ecclesiae
2160 4465 2668 4536 congregationem,
2692 4479 2813 4535 qua:
2833 4464 3108 4521 exercitus
3128 4466 3225 4524 Dei
3254 4469 3474 4541 dicitur,

179 4564 293 4621 quo
322 4552 399 4604 ait
427 4551 694 4620 propheta
727 4567 743 4606 :
773 4549 843 4606 Et
872 4551 1051 4605 subtus
1082 4568 1160 4605 me
1189 4551 1498 4605 conturbata
1523 4558 1599 4605 est
1628 4551 1778 4605 Itebe-
1803 4538 1857 4599 Π
1884 4559 2194 4616 unanimem
2224 4568 2391 4628 atque
2437 4556 2596 4611 unius
2646 4555 2773 4611 ﬁdei
2819 4571 3015 4612 sonum
3064 4573 3187 4613 cum
3220 4538 3476 4633 audierit,

182 4642 311 4698 tudo
341 4658 484 4697 mea:
507 4644 659 4713 quasi
690 4658 870 4700 arcem
903 4643 1139 4699 animam
1171 4642 1467 4713 credimus,
1495 4643 1587 4698 ubi
1615 4659 1779 4698 unus-

180 4736 415 4809 quisque
444 4747 777 4805 sanctnrum,
821 4745 1011 4809 utpote
1043 4739 1098 4792 in
1133 4738 1397 4794 interiere
1428 4738 1652 4793 homine
1678 4752 1779 4792 suo

181 4838 458 4901 tamquam
486 4830 625 4886 intra
654 4833 967 4901 pharetram
999 4830 1165 4909 habet
1185 4830 1414 4901 sagittas
1437 4829 1775 4900 eloquiorum

179 4921 304 4990 Dei,
337 4937 472 4993 quas
514 4923 640 4977 dum
669 4923 736 4979 ad
766 4922 1075 4982 cavendum
1110 4924 1342 4993 profert,
1376 4923 1491 4978 sive
1527 4922 1654 4978 dum
1684 4937 1778 4978 eas

180 5017 456 5088 frequenti
490 5018 859 5086 correptione,
889 5016 1059 5072 veluti
1105 5016 1212 5072 tela
1257 5016 1554 5087 pungentia
1598 5014 1782 5071 educit

183 5111 246 5167 in
273 5109 533 5176 medium,
565 5125 923 5181 percussurus
952 5109 1137 5180 utique
1178 5124 1365 5165 earum
1418 5108 1616 5164 ictibus
1662 5122 1778 5175 eos,

180 5202 279 5276 qui
328 5202 524 5258 merito
571 5202 636 5257 ad
690 5202 919 5259 salutem
966 5201 1204 5258 debeant
1246 5199 1548 5256 vulnerari.
1608 5198 1782 5271 Super

180 5296 401 5366 ipsum,
432 5294 675 5367 inquam,
708 5295 1051 5365 eloquiorum
1092 5295 1191 5352 Dei
1222 5304 1444 5351 resonat
1489 5293 1746 5366 pharetra
1767 5336 1786 5366 ,

182 5385 333 5457 quod
362 5396 543 5442 tamen
572 5386 626 5442 in
658 5387 1031 5444 commotione
1067 5386 1137 5443 sit
1179 5386 1533 5443 ambulantis.
1564 5384 1669 5443 Ubi
1699 5385 1785 5442 in-

187 5478 477 5551 telligitur,
520 5480 664 5553 quod
710 5481 756 5536 is
800 5488 951 5537 recte
983 5480 1183 5552 psallat
1217 5487 1273 5536 et
1307 5480 1571 5552 corripiat
1605 5478 1783 5536 delin-

259 5613 537 5689 &__Vitio_se
565 5614 834 5689 hactenus
877 5611 1160 5689 obtinebat
1200 5616 1347 5673 mira:
1376 5615 1517 5687 ﬁdei,
1550 5632 1648 5687 pro
1674 5633 1783 5689 quo

185 5685 323 5759 nihil
352 5687 720 5759 dubitavimus
746 5704 913 5759 τηεμ-ο,
943 5688 997 5744 id
1024 5696 1126 5753 est,
1152 5685 1432 5759 unguento
1456 5685 1781 5745 rescribere.

187 5755 313 5815 Vid.
360 5757 581 5830 Proiog.
617 5755 845 5813 llieron.
873 5758 928 5814 in
963 5759 1136 5816 libros
1181 5755 1425 5826 samuel,
1468 5770 1524 5818 et
1552 5760 1782 5819 Malacb.

563 5854 836 5916 ΡΑτιιοι..
882 5852 1119 5916 XXVI.

1876 4652 2030 4719 dicit,
2075 4666 2236 4721 euge,
2290 4658 2345 4705 et
2399 4648 2584 4703 lectum
2636 4661 2761 4702 cum
2818 4647 3203 4705 exhortatione
3250 4651 3473 4723 ducum,

1875 4745 2038 4801 etiam
2069 4742 2334 4798 ululatum
2375 4739 2527 4794 audit
2554 4738 2846 4794 exercitus.
2884 4737 3135 4794 Ululatus
3161 4750 3342 4796 autem
3376 4744 3483 4799 hoc

1880 4837 2005 4891 loco
2034 4833 2126 4889 ille
2157 4831 2496 4903 signiﬁcatus
2521 4837 2624 4897 est,
2652 4827 2872 4899 quando
2916 4828 3215 4884 bellatores
3262 4831 3317 4885 in
3363 4834 3483 4891 acie

1886 4938 2095 4986 stantes
2119 4923 2433 4996 pugnaturi,
2477 4937 2537 4977 se
2562 4921 2798 4976 invicem
2844 4919 3222 4975 cohortantur.
3251 4922 3360 4978 Sed
3401 4924 3485 4980 di-

1888 5019 1963 5076 cit
1991 5017 2219 5088 aliquis:
2245 5012 2717 5084 Quemadmodum
2744 5012 2863 5067 ficri
2911 5019 3118 5082 potest,
3149 5021 3210 5069 ut
3250 5029 3355 5070 una
3386 5031 3482 5072 ea-

1889 5112 2123 5181 demque
2157 5123 2247 5164 res
2278 5102 2392 5178 per
2440 5104 2667 5177 figuram
2701 5118 2848 5160 nunc
2898 5103 2952 5158 in
3001 5104 3198 5159 bonam
3244 5117 3481 5178 partem,

1893 5219 2039 5261 nunc
2077 5202 2133 5258 in
2175 5200 2371 5256 malam
2414 5196 2775 5268 intelligatur,
2810 5197 2953 5253 sicut
2979 5194 3069 5251 hic
3098 5211 3197 5251 nos
3226 5196 3483 5267 fecimus,

1889 5306 1953 5354 ut
1978 5297 2125 5353 hunc
2147 5308 2347 5366 equum
2369 5306 2465 5362 per
2492 5290 2812 5362 allegoriam
2838 5288 3100 5353 diximus,
3135 5288 3265 5344 etin
3286 5291 3488 5347 malum

1890 5397 1948 5446 et
1975 5388 2179 5444 bonum
2201 5398 2362 5457 posse
2388 5382 2620 5440 sentire.
2649 5380 2736 5437 Ad
2764 5381 2871 5438 hoc
2892 5380 3223 5451 respondeo,
3247 5383 3339 5438 ubi
3367 5384 3490 5441 sine

1891 5479 2087 5554 epitasi
2107 5477 2329 5551 aliquod
2360 5489 2564 5533 nomen
2594 5474 2819 5546 ponitur
2839 5474 2892 5529 in
2907 5472 3228 5545 Scripturis,
3254 5485 3311 5533 ut
3337 5485 3488 5548 puta,

1894 5619 1949 5675 in
1981 5615 2117 5682 fine,
2153 5612 2241 5669 ubi
2279 5610 2707 5685 pretiosissimum
2734 5610 2859 5683 ﬁdei
2882 5626 3085 5685 nigrum
3116 5613 3364 5671 nominat
3394 5633 3405 5669 :
3438 5624 3501 5673 et

1892 5704 2015 5763 qua:
2045 5686 2121 5744 ibi
2149 5685 2529 5743 observamus.

2852 5851 2933 5919 25
