4026 6314
563 276 669 333 ’Πῖὶ
1351 265 1699 328 APPENDIX
1740 266 1831 324 AD
1868 264 2111 323 TOMUM
2149 260 2499 323 SEPTIMUM
2538 267 2598 326 S.
2640 264 3046 323 HIERONYMI.
3731 263 3820 322 780

561 410 721 450 mons
742 400 974 460 tantum,
1000 399 1055 447 et
1084 404 1188 446 non
1209 385 1425 442 additur
1445 387 1567 445 eiut
1592 384 1805 441 dicatur
1832 400 1978 438 nions
2002 381 2153 447 Sion,
2186 377 2238 439 Α
2266 381 2501 436 mullum
2555 382 2749 452 possit,
2804 381 2945 437 sicut
2993 378 3257 451 propheta
3290 378 3400 435 ait:
3435 378 3501 434 Et
3555 380 3650 434 erit
3695 387 3819 452 quasi

562 494 659 541 aut
703 501 851 540 mons
900 490 1167 553 corruptus
1198 521 1213 546 ,
1267 492 1372 532 non
1431 477 1498 531 ab
1564 493 1623 532 re
1675 474 1931 532 existimo
1957 515 1971 539 ,
2024 472 2152 543 quin
2260 466 2455 547 aquila
2482 491 2638 546 super
2668 477 2878 528 domum
2922 472 3043 527 Dci.
3079 471 3366 543 Propheta:
3406 486 3622 543 quoque
3663 475 3821 527 multis

564 576 834 647 expositio
887 575 955 631 de
1025 571 1209 628 eadem
1267 584 1329 625 re
1378 569 1431 624 in
1484 577 1772 636 utramque
1826 572 2031 636 partem
2086 564 2155 617 sit
2258 567 2311 622 in
2345 568 2481 622 locis
2519 566 2927 638 Scripturarum
2976 581 3199 622 suarum
3230 581 3353 622 eum
3398 566 3817 636 superbissimum

554 668 749 723 libera.
776 665 877 723 Ubi
898 679 1028 720 vero
1051 677 1172 719 cum
1198 661 1416 731 epitasi,
1441 668 1499 715 ut
1525 658 1606 715 leo
1630 660 1695 714 de
1718 659 1853 714 tribu
1874 655 2039 725 Iuda,
2061 664 2153 710 aut
2258 669 2469 728 notant,
2510 660 2563 716 id
2594 670 2701 728 est,
2746 661 3019 716 diabolum
3051 668 3145 716 εει
3190 660 3319 716 inde
3362 666 3447 715 est
3483 658 3628 729 quod
3668 660 3741 715 eis
3778 670 3820 716 et

556 766 726 825 certe,
771 758 912 812 sedet
965 757 1019 810 in
1072 755 1276 809 insidiis
1305 753 1439 807 sicut
1466 753 1547 807 leo
1573 767 1591 805 :
1622 751 1695 806 ibi
1739 759 1834 805 aut
1878 748 2148 817 Christus,
2254 767 2484 822 magnus
2515 752 2740 819 dicitur,
2767 767 2835 808 eo
2859 752 3005 824 quod
3027 752 3239 809 levetur
3262 760 3475 807 tumens
3501 766 3669 821 super
3694 768 3822 808 mon-

553 853 675 908 sine
700 850 811 906 ulla
842 848 1197 904 cunctatione
1248 845 1600 916 intelligitur,
1634 855 1726 898 aut
1770 840 2026 897 diabolus
2057 838 2153 894 ad-
2240 855 2335 903 tes
2355 846 2649 919 aquilonis,
2669 855 2723 902 et
2743 862 2910 918 super
2930 858 3078 903 aSIra
3109 846 3235 904 caeli
3263 855 3428 918 ponat
3449 844 3635 902 sedem
3666 860 3817 915 suam,

554 944 835 1002 vet-sarius
857 952 1064 999 noster.
1092 940 1160 996 Et
1190 941 1235 995 si
1268 939 1468 1010 placet,
1492 938 1687 993 demus
1715 934 1935 1005 aliquod
1964 947 2144 988 exem-

2251 942 2479 1011 cupiens
2507 957 2567 997 se
2589 957 2880 1013 exmquare
2907 941 3207 997 Altissimo.

550 1039 725 1111 plum,
759 1038 850 1095 ubi
905 1037 973 1093 de
1019 1036 1217 1091 arbore
1244 1036 1296 1089 in
1326 1031 1631 1104 Evangelio
1658 1029 1922 1086 Dominus
1964 1026 2040 1080 ait
2080 1024 2146 1079 ad

547 1132 848 1202 discipulos
890 1146 1066 1187 suos:
1108 1129 1170 1183 Si
1218 1126 1505 1181 habueritis
1555 1123 1766 1195 quidem
1813 1122 1968 1191 ﬁdem
2014 1119 2148 1172 sicut

543 1244 763 1301 granum
784 1226 1006 1293 sinapis,
1035 1222 1215 1277 dicetis
1242 1221 1362 1274 huic
1384 1218 1591 1282 arbori,
1610 1216 1895 1271 Eradicare
1916 1223 2149 1266 ettrans—

540 1320 785 1393 plantare
832 1319 887 1373 in
914 1318 1048 1371 mari
1072 1356 1083 1378 ,
1115 1323 1163 1368 et
1191 1312 1395 1367 obediet
1422 1311 1583 1365 vobis.
1609 1309 1711 1364 Ubi
1735 1306 1956 1379 quidam
1989 1302 2146 1359 intel—

538 1413 820 1478 lexerunt,
851 1412 978 1483 quia
1010 1409 1146 1464 fides
1175 1405 1519 1463 credentium
1551 1401 1792 1458 eradicet
1836 1398 2140 1463 inimicum,

537 1514 704 1579 atque
747 1505 949 1562 evellat
997 1504 1068 1559 de
1109 1511 1258 1557 terra
1301 1498 1583 1563 Ecclesiae,
1617 1505 1766 1553 terra
1800 1492 2013 1551 scilicet
2042 1493 2140 1548 Ju-

539 1603 675 1659 daeae
701 1610 864 1670 atque
894 1595 1282 1660 confessionis,
1316 1604 1373 1649 et
1403 1593 1456 1649 in
1490 1607 1639 1648 mare
1669 1590 2016 1662 populorum,
2043 1586 2142 1642 ho—
2246 1591 2457 1647 malitia
2488 1592 2723 1648 fortibus
2752 1602 2937 1648 manet
2958 1600 3014 1647 et
3045 1592 3281 1649 habitat.

535 1696 748 1753 minum
777 1690 1035 1749 videlicet
1084 1690 1377 1757 impiorum
1423 1684 1729 1740 transferat
1761 1705 1773 1737 ε
1804 1692 1859 1737 ct
1888 1681 1965 1735 illi
2012 1679 2137 1734 mali
2314 1681 2385 1737 Et
2408 1685 2461 1738 in
2491 1684 2768 1756 prwruptis
2791 1682 3024 1738 silicibus
3056 1692 3422 1738 commoratur.
3447 1681 3738 1751 Prternpta:
3760 1684 3816 1736 si-

536 1787 769 1858 Spiritus
793 1785 845 1839 in
871 1782 1172 1854 Evangelio
1200 1782 1300 1834 hoc
1340 1780 1516 1849 ipsum
1549 1775 1858 1847 signiﬁcare
1884 1780 2135 1844 possunt,
2176 1768 2218 1827 Β
2248 1773 2381 1830 lices
2407 1775 2793 1846 intelliguntur
2837 1776 3168 1845 blaSphemi,
3195 1775 3287 1848 qui
3316 1784 3443 1831 sunt
3482 1775 3705 1831 nimium
3733 1776 3814 1829 du-

536 1879 631 1950 qui
663 1893 785 1934 cum
823 1874 1138 1930 hominibus
1167 1868 1485 1936 immundis,
1510 1877 1567 1923 et
1588 1863 1978 1938 peccatoribus
2008 1876 2138 1932 por-
2241 1867 2317 1921 ris
2351 1877 2407 1922 et
2432 1867 2711 1923 indomitis
2739 1868 3022 1936 cordibus,
3064 1866 3306 1938 atquein
3337 1867 3557 1923 ruinam
3588 1882 3728 1923 suam
3752 1870 3817 1922 in-

535 1984 729 2027 εοτυηι
770 1968 994 2023 nomine
1042 1964 1319 2029 indicatis,
1368 1962 1421 2015 in
1455 1974 1605 2015 mare
1627 1954 1948 2029 praecipitati
1986 1962 2131 2009 sunt.
2248 1960 2455 2014 clinnln
2489 1970 2840 2031 peccatorum
2868 1960 3107 2032 pondere
3130 1960 3522 2032 dependentes.

532 2061 637 2119 Ubi
666 2076 795 2115 vero
827 2058 1077 2114 eamdem
1106 2057 1362 2111 arborem
1394 2053 1687 2109 Dominum
1714 2046 2012 2120 signiﬁcari
2041 2060 2135 2101 vo-
2314 2054 2481 2126 Arque
2528 2056 2803 2111 inaccessis
2853 2056 3093 2129 rupibus,
3146 2055 3448 2112 Insecessm
3496 2070 3637 2111 vero
3686 2069 3819 2126 rupes

528 2153 786 2219 luerunt,
842 2152 913 2206 ita
964 2150 1309 2220 interpretati
1355 2154 1512 2206 sunt.
1555 2143 1702 2214 quod
1750 2140 2136 2210 praedicatione
2238 2154 2368 2202 sunt
2396 2147 2650 2204 homines
2678 2151 2917 2220 porrecti
2948 2149 3003 2204 in
3034 2149 3222 2217 altum,
3251 2149 3416 2203 nimia
3449 2148 3692 2204 elatione
3717 2162 3816 2203 cor.

529 2248 929 2318 apoStolorum,
953 2244 1046 2314 qui
1074 2242 1305 2312 gratiam
1351 2238 1578 2301 Christi,
1624 2245 1681 2291 et
1720 2236 1978 2288 virtutem
2009 2231 2134 2286 ﬁdei
2234 2239 2323 2295 dis
2367 2242 2472 2306 sui,
2498 2242 2565 2295 ad
2594 2257 2826 2313 quorum
2856 2242 3194 2313 superbiam.
3227 2258 3347 2313 qua;
3374 2240 3458 2297 eis
3487 2256 3653 2313 supra
3685 2249 3818 2295 cane.

528 2346 915 2409 susceperunt,
937 2336 1100 2391 arbor
1118 2334 1368 2389 Christus
1392 2329 1652 2384 Dominus
1673 2326 1982 2382 eradicetur
2000 2339 2134 2395 quo-
2236 2346 2329 2387 ros
2360 2335 2511 2403 quasi
2542 2334 2819 2405 singulare
2850 2334 2916 2390 ad
2948 2334 3230 2406 prOprium
3263 2328 3463 2389 malum
3511 2334 3621 2402 sit,
3663 2333 3817 2389 nullus

531 2428 829 2487 dummodo
881 2428 951 2481 de
1006 2426 1097 2479 illa
1143 2432 1306 2495 gente
1334 2421 1683 2484 Judaeornm,
1728 2418 1781 2471 in
1828 2431 1934 2484 qua
1983 2415 2133 2470 velut
2247 2426 2493 2481 accedat,

531 2521 706 2592 βῑίτρο
733 2518 952 2591 galeris
984 2516 1299 2577 ίεηθδίιιυνν
1344 2523 1394 2568 ⁸1
1429 2511 1865 2579 ινθηεῐδῖθυωίιιι·
1896 2508 1949 2562 in
1985 2523 2133 2561 mare
2307 2515 3483 2591 Indecontemploturescam.Perillosutiquc
3498 2537 3639 2592 quos
3659 2536 3813 2592 super.

531 2617 798 2688 gentium,
832 2614 979 2669 sicut
1004 2611 1123 2679 ipse
1152 2607 1421 2663 Dominus
1448 2604 1653 2661 eisdem
1685 2600 1890 2658 Judmis
1918 2603 2133 2655 loculus
2237 2610 2326 2665 hia
2346 2611 2570 2665 nimium
2591 2611 2764 2667 elatos
2783 2612 3044 2677 diximus,
3063 2627 3200 2683 quos
3218 2611 3817 2675 haresiarchas,autln-

531 2720 642 2777 est,
674 2710 862 2765 dicens
886 2722 899 2759 :
933 2706 1216 2776 Auferetur
1245 2717 1277 2755 a
1298 2699 1438 2754 vobis
1462 2713 1679 2769 regnum
1712 2695 1827 2762 Dei,
1854 2704 1901 2750 et
1927 2694 2135 2749 dabitur

2246 2700 2405 2769 dicos,
2442 2703 2557 2757 sive
2583 2703 2857 2772 sapientes
2886 2702 3096 2772 steculi,
3132 2704 3183 2758 id
3216 2711 3322 2772 est,
3353 2702 3727 2774 philosophos,
3752 2702 3815 2757 in-

529 2803 668 2875 genti
697 2800 906 2873 facienti
937 2797 1166 2866 fructum
1197 2798 1333 2865 ejus.

2246 2794 2565 2865 telligimus;
2592 2797 2831 2866 perditos
2860 2812 3109 2868 quosque
3137 2797 3264 2852 dum
3303 2811 3399 2853 eos
3429 2798 3705 2852 erroribus
3727 2795 3817 2849 suis

610 2890 881 2959 Numquid
919 2903 1008 2958 per
1049 2886 1357 2955 sapientiam
1398 2892 1539 2936 tuam
1569 2880 1835 2947 plumescit
1863 2880 2127 2951 accipiter,

2246 2890 2288 2944 in
2309 2889 2529 2959 laqueos
2545 2891 2598 2945 in
2625 2905 2803 2946 escam
2828 2906 2979 2946 suam
3001 2892 3164 2963 capit,
3189 2890 3485 2946 secundum
3500 2893 3815 2962 prophetam,

529 2983 831 3056 expandens
852 2980 965 3034 alas
994 2996 1116 3033 suas
1154 2976 1223 3045 ad
1252 2976 1528 3030 austrum?
1567 2974 1922 3044 Consequens
1961 2980 2047 3028 est
2075 2981 2131 3025 ut
2234 2980 2324 3051 qui
2356 2980 2547 3036 eodem
2570 2981 2639 3037 de
2662 2982 2882 3038 diabolo
2907 2984 2981 3039 ita
3012 2984 3085 3039 ait
3120 3001 3135 3040 ε
3167 2982 3319 3040 Em,
3342 2987 3455 3057 ejus
3482 2986 3674 3040 ειεεηε,

531 3077 680 3134 hunc
734 3074 1053 3145 accipitrem
1103 3073 1155 3126 in
1212 3071 1410 3124 bonam
1462 3077 1674 3139 partem
1724 3065 2128 3136 intelligamus,
2309 3069 2380 3126 Et
2411 3072 2474 3125 de
2503 3072 2658 3144 longe
2688 3075 2827 3128 oculi
2870 3078 2987 3148 ejus
3026 3077 3366 3148 prospiciunt.
3414 3077 3639 3147 Sagacis
3683 3072 3817 3129 valde

526 3181 777 3229 sanctum
813 3168 1050 3233 scilicet,
1079 3164 1168 3236 qui
1199 3162 1525 3234 sapientiam
1566 3176 1663 3230 per
1707 3158 2125 3215 conversionem
2156 3152 2203 3215 C
2233 3171 2402 3233 atque
2448 3163 2729 3233 pervigilis
2776 3165 3080 3221 adversarii
3124 3167 3298 3221 nostri
3344 3168 3615 3233 animum,
3650 3165 3712 3221 ad
3750 3165 3819 3219 in-

531 3264 830 3334 acceperit,
857 3267 914 3314 ut
939 3256 1169 3329 przedari
1206 3263 1262 3309 et
1293 3266 1486 3323 rapere
1512 3250 1626 3321 jam
1648 3258 1849 3315 cesset,
1875 3248 2133 3303 carnibus
2231 3253 2530 3326 quirendas
2582 3255 2725 3309 vires
2783 3265 3099 3311 sanctorum
3151 3256 3580 3327 dimicantium,
3626 3258 3819 3313 nomine

532 3357 696 3413 etiam
737 3351 1085 3409 saecularium
1130 3360 1393 3403 sensuum
1439 3345 1627 3398 vivere
1670 3341 1924 3407 desistat,
1958 3349 2015 3394 et
2042 3339 2131 3409 qui
2233 3349 2514 3403 oculorum
2535 3347 2833 3418 appellavit
2861 3348 3025 3404 Deus.
3050 3348 3205 3417 Quod
3236 3352 3545 3421 autem;ait,
3580 3352 3643 3404 tle
3669 3351 3815 3420 longe,

527 3446 737 3504 veteris
798 3443 1033 3497 hominis
1084 3438 1305 3494 exuvias
1359 3436 1414 3489 in
1460 3435 1734 3501 baptismo
1777 3430 2131 3502 deposuerit,
2236 3441 2435 3498 meum
2469 3440 2594 3510 eius
2625 3440 2862 3495 imuims
2888 3441 3072 3498 suum
3101 3443 3411 3498 inlemione
3448 3443 3728 3515 prospici“
3764 3454 3818 3495 eo

531 3540 905 3611 plumescens,
934 3528 1340 3602 quodammodo
1366 3534 1631 3582 renovata
1665 3528 1736 3579 sit
1774 3524 1919 3580 sicut
1938 3523 2136 3594 aquilae
2235 3532 2381 3603 quod
2410 3529 2572 3586 etiam
2612 3530 2665 3583 in
2710 3539 2990 3600 posterum
3031 3532 3343 3588 exercitata:
3395 3533 3627 3589 malitia:
3663 3530 3819 3601 sagaci

529 3633 791 3703 ἱιινθηιιιε
816 3629 938 3698 eius
968 3643 983 3681 ε
1012 3622 1250 3679 maxime
1297 3635 1423 3676 cum
1471 3618 1896 3689 βτοηιίδείυιιθω
1929 3618 2136 3673 Ιιίιῦυῐιε
2237 3626 2551 3696 suspicione
2599 3625 2898 3695 praevideat
2933 3643 2946 3681 :
2978 3642 3087 3683 non
3142 3627 3385 3683 lucorum
3433 3628 3612 3697 spatia
3645 3624 3816 3682 intelli.

534 3722 831 3794 praesentis
860 3719 988 3773 vitae
1036 3726 1092 3770 et
1142 3712 1363 3775 futurae,
1412 3727 1533 3782 qua:
1583 3711 1633 3765 in
1683 3710 1784 3765 alis
1832 3709 2136 3779 significata
2237 3717 2413 3788 genda
2438 3724 2590 3783 sunt,
2621 3714 2717 3769 sed
2749 3715 2901 3770 initia
2926 3716 3307 3786 dispositionis
3334 3718 3586 3773 humanm
3608 3716 3672 3772 ad
3695 3725 3817 3771 recte

537 3825 645 3879 e5t,
676 3812 743 3867 ad
769 3818 1039 3871 austrum.
1092 3804 1237 3859 unde
1276 3803 1426 3857 calor
1468 3800 1593 3856 ﬁdei
1632 3809 1737 3867 est.
1781 3814 1840 3855 se
1885 3802 2133 3867 verterit,
2239 3808 2714 3871 vivendum.ltnc,
2738 3809 3077 3879 inquam,de
3100 3810 3258 3881 longe
3283 3810 3572 3882 prospicit,
3599 3810 3732 3882 quod
3751 3816 3819 3863 est

539 3905 688 3960 unde
712 3903 986 3957 Chrismm
1010 3898 1227 3952 venisse
1254 3892 1509 3963 cognovit
1541 3909 1554 3945 :
1586 3890 1734 3962 quod
1779 3896 1837 3946 et
1877 3890 2138 3961 propheta

2246 3902 2309 3957 ab
2330 3903 2463 3973 ipsis
2488 3903 2679 3974 utique
2703 3903 2946 3960 exordiis
2974 3904 3196 3959 subtilis
3228 3905 3478 3975 spiritus,
3508 3914 3564 3959 ct
3594 3904 3663 3961 ad
3682 3919 3819 3958 omne

2323 1032 2393 1087 Et
2420 1036 2475 1089 in
2502 1034 2680 1089 arduis
2733 1045 2889 1105 ponet
2943 1036 3123 1089 nidum
3171 1051 3345 1090 suum.
3382 1033 3440 1088 lo
3474 1033 3682 1106 magnis
3722 1035 3821 1105 qui-

2250 1125 2480 1196 busque,
2516 1139 2571 1183 et
2598 1127 2971 1184 eminentibus
3000 1116 3192 1184 sa'culi
3232 1126 3417 1198 hujus,
3465 1141 3529 1182 ac
3557 1124 3710 1181 malis
3734 1124 3820 1180 ho-

2249 1220 2490 1277 minibus
2512 1221 2697 1278 sedem
2730 1221 2831 1277 sibi
2866 1222 3175 1289 constituit,
3208 1230 3268 1276 ut
3311 1221 3363 1276 in
3392 1221 3473 1276 eis
3496 1221 3643 1276 velut
3675 1219 3818 1275 durus

2247 1314 2547 1384 dominus,
2594 1325 2649 1372 et
2702 1332 2795 1372 rex
2852 1325 2976 1371 trux
3029 1331 3095 1373 ac
3145 1317 3557 1387 potentissimus
3604 1329 3817 1371 commo-

2246 1416 2415 1463 retur.

2238 1492 2241 1495 ’
2320 1500 2385 1555 In
2407 1502 2565 1574 petris
2592 1511 2782 1557 manet.
2810 1502 2867 1555 In
2901 1501 3140 1557 excelsis
3178 1498 3428 1557 videlicet
3470 1500 3645 1568 duris,
3687 1510 3736 1556 et
3774 1501 3815 1555 in

545 3997 621 4052 ita
654 3992 959 4049 faciendum
1012 3987 1348 4061 praedixerat
1400 3985 1589 4040 dicens
1619 4002 1632 4039 :
1662 3983 1803 4041 Deus
1851 3984 1912 4038 ab
1963 3995 2140 4040 austro

545 4092 739 4155 ueniet,
770 4096 816 4141 et
838 4092 1047 4141 sanctus
1076 4083 1137 4136 de
1158 4091 1332 4135 monte
1353 4081 1591 4133 umbroso
1620 4088 1667 4131 et
1697 4076 1950 4149 caligoso.
1975 4077 2140 4134 Beth-

546 4183 692 4239 leem
725 4191 959 4248 namque
1000 4174 1271 4231 civitatem
1303 4170 1515 4226 Domini
1568 4169 2008 4240 reSpicientibus,
2056 4169 2146 4226 Je-

547 4272 790 4332 rusalem
834 4271 887 4325 in
938 4263 1370 4335 meridie,,quod
1403 4271 1489 4319 est
1535 4263 1587 4317 in
1626 4264 1855 4327 Austro,
1910 4263 2143 4334 positam

551 4372 780 4428 scimus.
807 4366 875 4421 Et
902 4362 1203 4421 secundum
1260 4359 1499 4429 ιτοιιὶεος
1538 4357 1851 4413 intellectus
1884 4357 2029 4413 hunc
2057 4373 2148 4413 ca-

550 4462 723 4520 lidum
773 4468 1036 4522 ventum,
1092 4464 1151 4508 ut
1204 4462 1446 4507 aromata
1490 4449 1794 4522 gratiarum
1857 4449 2144 4518 ferveant,

2245 3996 2446 4051 malum
2490 3997 2716 4052 nimium
2761 3998 2980 4053 mobilis
3013 3996 3264 4064 intuitus,
3293 4006 3350 4052 ut
3392 3996 3510 4053 illic
3553 4008 3818 4067 antequam

2247 4098 2482 4144 conatus
2513 4088 2750 4145 hominis
2774 4090 2972 4145 saltem
3025 4089 3078 4144 in
3128 4090 3313 4159 aliquo
3347 4089 3695 4155 roborentur,
3723 4086 3820 4158 pul-

2247 4179 2471 4237 lulantia
2507 4180 2647 4237 bona
2681 4183 2948 4252 reprimat
2975 4192 3030 4239 et
3080 4184 3426 4252 exstinguat,
3463 4191 3521 4237 et
3547 4183 3816 4248 interemp-

2250 4284 2362 4330 tum
2394 4274 2667 4329 hominem
2702 4276 2865 4332 laciat
2894 4273 3067 4331 fetere
3092 4284 3336 4346 peccato.

2320 4366 2467 4422 Pulli
2492 4369 2604 4439 ejus
2637 4368 2868 4423 lambunt
2906 4368 3241 4441 sanguinem,
3281 4376 3329 4422 et
3366 4367 3669 4438 ubicumque
3691 4364 3819 4420 cada-

2249 4474 2335 4514 ver
2363 4459 2541 4530 fuerit,
2575 4461 2750 4514 statim
2779 4459 2945 4516 adest.
2976 4458 3117 4515 Pulli
3149 4460 3267 4529 ejus
3296 4468 3424 4514 sunt
3445 4459 3540 4514 filii
3567 4460 3685 4528 ejus
3711 4500 3724 4524 ,
3750 4454 3821 4509 vel

550 4568 794 4627 Sponsus
823 4551 1036 4615 invitat,
1070 4546 1292 4603 dicens:
1321 4542 1577 4622 Exsurge.
1603 4543 1802 4614 aquilo,
1825 4552 1869 4595 ει
1891 4544 2021 4611 veni,
2053 4561 2121 4600 αα
2173 4527 2228 4589 Ῑ)
2253 4527 2385 4607 socii
2414 4527 2554 4621 ejus,
2585 4552 2675 4621 qui
2724 4554 2776 4606 in
2825 4527 3231 4622 conspiratione
3285 4551 3732 4623 tyrannidiscum
3769 4562 3821 4603 co

556 4661 685 4715 ster,
719 4645 884 4717 perﬂa
904 4642 1111 4697 hortum
1133 4654 1325 4703 meum,
1350 4646 1395 4692 et
1427 4638 1590 4708 per/1a
1620 4647 1856 4691 aromata
1880 4654 2010 4691 utea.
2042 4638 2144 4696 Ubi

2255 4644 2544 4701 adversum
2582 4646 2747 4702 Deum
2798 4645 2967 4701 moliti
3011 4655 3135 4701 sunt
3171 4645 3539 4715 iniquitatem.
3586 4645 3649 4701 Hi
3685 4643 3819 4713 igitur

555 4760 689 4816 ergo
718 4742 924 4798 dictum
954 4747 1066 4802 est,
1094 4733 1415 4805 expandens
1443 4730 1554 4785 alas
1586 4746 1714 4786 suas
1755 4730 1822 4787 ad
1856 4732 2143 4799 Austrum,
2255 4735 2428 4791 livore
2482 4736 2720 4800 invidiae.
2762 4737 3014 4794 sitientes
3040 4735 3359 4808 sanguinem
3404 4736 3679 4793 hominum
3705 4736 3817 4790 latn-

552 4838 645 4892 alii
676 4835 950 4899 dixerunt,
979 4827 1223 4902 expansis
1247 4825 1430 4897 pennis
1452 4823 1753 4903 namabilis,
1783 4834 1834 4879 et
1864 4825 2147 4895 respiciens
2253 4828 2410 4884 bunt.
2441 4828 2506 4884 Et
2533 4827 2681 4899 quod
2711 4830 2808 4895 ait,
2836 4829 2926 4885 ubi
2959 4828 3118 4885 fuerit
3161 4828 3415 4898 cadaver,
3456 4832 3641 4886 statim
3670 4830 3816 4890 adest,

553 4929 822 4983 Austrum.
851 4922 1209 4977 Intentionem
1230 4932 1366 4987 ergo
1390 4917 1811 4986 perseverantiae
1841 4914 1969 4970 dicit
2002 4914 2145 4984 ejus,
2254 4920 2346 4975 alii
2365 4919 2635 4984 dixerunt,
2661 4929 2707 4974 et
2736 4921 2820 4973 ubi
2841 4920 2995 4991 fuerit
3020 4919 3260 4989 cadaver,
3289 4922 3464 4975 statim
3488 4923 3819 4993 reperiuntur:

553 5021 645 5091 qui
676 5034 773 5089 per
814 5016 1050 5073 calorem
1096 5012 1220 5067 fidei
1265 5010 1497 5065 duorum
1539 5006 2011 5064 TeStamentorum
2042 5023 2140 5077 gu-

2251 5012 2396 5083 quod
2424 5012 2539 5068 sive
2565 5012 2630 5067 de
2659 5022 2878 5068 auctore
2908 5013 3056 5075 mali,
3094 5013 3209 5068 sive
3251 5013 3319 5067 de
3368 5014 3687 5070 satellitibus
3722 5011 3821 5080 eius

553 5110 868 5168 hernaculis
899 5106 1110 5173 vivens,
1153 5101 1504 5174 splendorem
1545 5110 1764 5156 tuleram
1794 5099 2145 5159 beatitudinis
2254 5104 2486 5169 dicatur,
2525 5102 2617 5158 ubi
2647 5102 2893 5170 affuerit,
2938 5103 3051 5158 illic
3087 5114 3367 5174 peccatum
3402 5104 3553 5161 illico
3586 5106 3816 5178 gignitur.

549 5186 970 5272 contemplatur.

2252 5195 2396 5265 quod
2438 5195 2492 5250 in
2525 5194 2705 5253 anima
2740 5196 2812 5248 ita
2844 5194 3039 5262 feteat,
3080 5197 3222 5255 sicut
3260 5197 3455 5253 vulnus
3497 5199 3550 5253 in
3592 5208 3815 5268 corpore.

629 5295 903 5367 Numquid
951 5293 1020 5347 ad
1066 5298 1380 5362 prazceptum
1422 5297 1568 5340 tuum
1612 5286 1889 5341 elevabitur
1927 5288 2146 5357 aquila?
2324 5287 2394 5341 Et
2433 5287 2623 5358 adjecit
2671 5287 2946 5351 Dominus,
2975 5297 3023 5340 et
3053 5288 3257 5344 locutus
3298 5299 3371 5344 est
3401 5290 3471 5345 ad
3497 5290 3638 5345 Job:
3670 5287 3815 5343 Nutu-

553 5386 862 5459 Aliquando
899 5384 956 5437 in
987 5382 1185 5438 bonam
1227 5392 1438 5449 partem
1470 5375 1651 5447 aquila
1680 5375 1898 5443 dicitur,
1943 5387 2000 5433 et
2047 5393 2145 5447 pro
2250 5378 2381 5449 quid
2407 5382 2493 5449 qui
2519 5378 2780 5433 contendit
2828 5396 2945 5433 cum
2995 5378 3123 5445 Deo,
3157 5392 3259 5436 tam
3301 5382 3460 5452 facile
3500 5380 3817 5455 conquiescit?

546 5480 669 5549 ipso
693 5481 830 5546 Deo,
854 5478 1076 5533 dicente
1105 5473 1320 5543 Moyse:
1346 5470 1494 5527 Sicut
1520 5471 1696 5539 aquila
1722 5471 1945 5543 protegit
1965 5472 2144 5527 nidum

2254 5469 2448 5542 Utique
2495 5472 2585 5541 qui
2628 5471 2800 5544 arguit
2835 5470 3017 5533 Deum.
3053 5472 3199 5528 debet
3241 5476 3553 5546 respondere
3596 5479 3663 5530 ei.
3707 5474 3817 5527 Tota

544 5587 727 5639 suum,
755 5581 803 5625 et
838 5584 997 5635 super
1020 5563 1193 5637 pullos
1222 5580 1343 5618 suos
1372 5563 1611 5629 conﬁdit,
1646 5574 1701 5617 ut
1732 5563 1985 5634 superius
2004 5563 2140 5619 dixi-
2245 5563 2534 5619 altercatio
2561 5578 2680 5636 quae
2741 5564 2793 5617 in
2848 5564 3233 5635 superioribus
3260 5566 3380 5621 libri
3411 5566 3574 5638 hujus
3603 5563 3815 5620 contexi-

546 5674 689 5713 mus.
739 5660 839 5714 llic
881 5670 1012 5710 vero
1065 5670 1096 5709 a
1150 5654 1267 5707 Deo
1309 5661 1551 5722 potestas
1600 5652 1906 5709 adversaria
1954 5655 2135 5725 aquila
2246 5667 2353 5726 tur,
2386 5657 2438 5712 in
2464 5658 2567 5713 hoc
2601 5658 2727 5712 loco
2756 5672 2786 5712 a
2820 5656 3055 5713 Domino
3087 5659 3421 5725 declaratur,
3453 5674 3576 5716 cum
3606 5660 3718 5731 ipse
3747 5656 3814 5709 di-

547 5744 761 5815 dicitur,
789 5759 916 5816 qua:
945 5758 1015 5798 ex
1049 5743 1320 5812 permissu
1368 5741 1465 5797 Dei
1510 5742 1652 5798 elata
1700 5745 1752 5798 in
1798 5745 2130 5816 superbiam,
2238 5751 2314 5809 cit
2337 5767 2348 5806 :
2371 5750 2638 5823 Numquid
2669 5751 2760 5823 qui
2789 5752 3077 5811 contendit
3133 5766 3257 5809 cum
3289 5753 3418 5811 Deo.
3457 5752 3613 5811 Unde
3637 5763 3814 5823 appate
