4026 6294
270 318 373 377 781

269 527 470 584 liducia
500 531 657 589 bona:
680 540 1027 599 conscientia:
1056 546 1373 618 sitlocutus,
1406 570 1510 611 non
1530 563 1859 617 tamenhlas-

264 619 544 690 phemavit
562 628 749 696 Deum,
768 633 906 689 sicut
925 638 1244 705 quibusdam
1259 645 1493 703 videtur.
1516 650 1612 706 Ubi
1636 664 1689 709 et
1706 658 1750 710 si
1768 671 1855 711 as-

264 714 454 782 perius
476 717 656 789 aliqua
681 722 841 791 dixit,
857 726 923 782 ad
951 729 1092 785 idem
1107 734 1423 803 respiciens,
1439 740 1504 796 ad
1526 744 1669 813 quod
1694 746 1853 816 Deus,

254 802 446 874 justus
466 818 551 865 est
585 828 600 864 :
633 820 879 870 tenorem
903 818 1123 889 iustitia!
1155 802 1247 881 Dei
1281 832 1581 896 respiciens
1608 879 1624 903 ,
1650 836 1860 895 locutus

258 909 370 967 εει,
389 918 501 958 non
515 905 581 959 ad
600 907 1081 978 blasphemandum
1104 919 1297 989 Deum,
1322 925 1465 982 unde
1490 927 1644 985 illum
1667 946 1860 989 secun-

254 990 389 1046 dum
408 992 888 1068 justumjudicium
902 1008 1016 1077 ejus
1043 1013 1390 1082 requirendo,
1414 1022 1567 1089 quasi
1591 1029 1857 1081 constrin-

252 1082 563 1155 gitetdicit,
578 1101 634 1145 ut
658 1104 865 1165 parcat,
880 1098 967 1152 vel
987 1115 1109 1156 cum
1131 1103 1388 1174 ittjustum
1405 1110 1663 1170 declaret.
1680 1117 1858 1184 Quare

259 1186 388 1230 eum
420 1179 561 1236 circa
592 1196 652 1238 se
675 1185 824 1254 juxta
866 1187 1186 1260 injustitiam
1210 1197 1461 1266 judicare
1489 1208 1709 1275 sentiat,
1734 1223 1855 1264 cum

261 1282 391 1325 euut
410 1278 616 1343 optlme
643 1280 1095 1350 uoveritjustmu.
1111 1287 1348 1360 Accepta
1363 1294 1523 1365 igitur
1533 1297 1663 1371 Job}
1677 1304 1858 1359 atii-nc

260 1375 291 1415 a
308 1363 444 1433 Deo,
465 1367 519 1423 in
543 1368 624 1423 his
650 1376 999 1432 sermonibus
1021 1394 1157 1450 quos
1176 1383 1389 1442 locutus
1408 1401 1509 1455 est,
1529 1395 1654 1464 quia
1678 1396 1858 1452 omnia

257 1454 452 1527 utique
482 1468 610 1530 ‘quzc
649 1477 911 1534 creasset,
952 1469 1073 1539 ipse
1112 1475 1442 1545 gubernaret
1470 1492 1527 1539 et
1546 1454 1793 1555 regeret,
1825 1507 1855 1545 a

256 1562 372 1618 quo
399 1551 561 1607 etiam
603 1558 831 1615 omnino
866 1561 1005 1618 nihil
1038 1565 1297 1635 injustum
1346 1573 1527 1640 fieret,
1570 1579 1857 1638 convictus

253 1640 399 1696 sicut
443 1643 529 1700 hic
572 1657 764 1717 aperte
790 1651 1222 1726 demonstratur,
1264 1664 1461 1721 silebat
1494 1684 1508 1720 :
1546 1670 1639 1724 sed
1668 1673 1857 1727 admo-

256 1743 424 1789 netur
444 1751 471 1788 a
504 1736 736 1795 Domino
760 1755 924 1815 atque
953 1752 1327 1819 compellitur,
1358 1765 1413 1810 ut
1437 1760 1561 1828 quia
1592 1762 1855 1821 adversus

250 1838 384 1880 eum
437 1832 741 1900 contendit,
773 1850 1012 1908 eumque
1042 1855 1273 1913 arguere
1319 1859 1571 1915 conatur,
1614 1853 1731 1923 ipse
1784 1857 1851 1911 ad
1882 1862 1931 1924 B

249 1923 586 1997 interrogata
615 1934 965 2001 respondeat.
1018 1938 1082 1994 Et
1120 1941 1194 1995 ait
1224 1945 1463 2016 scriptor
1490 1948 1611 2004 libri
1644 1950 1807 2022 hujus
1834 1973 1848 2009 :

332 2018 663 2091 Respondens
704 2037 875 2080 autem
903 2026 1003 2082 Job
1049 2029 1272 2088 Domino
1318 2036 1491 2091 dixit:
1534 2039 1637 2105 Qui
1678 2018 1853 2097 leviter

182 2125 193 2134 ο
252 2108 460 2168 loeutus
484 2129 620 2181 sum,
651 2120 964 2187 respondere
992 2123 1118 2193 quid
1154 2131 1400 2197 possum?
1428 2130 1626 2188 Beatus
1669 2144 1850 2192 autem

246 2202 672 2277 Jobagnosceus
693 2225 751 2267 se
770 2212 983 2280 leviter,
997 2224 1170 2274 etnon
1195 2235 1571 2280 consummate
1586 2229 1849 2296 locutum,

248 2295 387 2351 dicit
417 2299 643 2355 omnino
670 2316 729 2357 se
754 2303 869 2360 Deo
898 2310 1239 2378 respondere
1270 2329 1378 2369 non
1406 2332 1585 2386 posse.
1623 2318 1854 2390 Prooter

246 2390 398 2460 quod
421 2395 606 2460 cupiat
628 2410 689 2451 se
720 2398 947 2455 silentio
978 2402 1257 2471 cohibere,
1291 2408 1430 2463 sient
1452 2411 1530 2465 ait
1560 2429 1572 2465 :

327 2481 542 2539 Manum
570 2503 733 2543 meam
786 2507 978 2560 ponam
1012 2510 1169 2566 super
1196 2514 1251 2551 os
1281 2516 1466 2555 meum.
1502 2501 1673 2558 Unum
1704 2505 1852 2560 Iocu-

249 2583 334 2628 ωε
355 2590 492 2644 sum,
540 2580 679 2647 quod
705 2582 907 2637 utinam
934 2601 1037 2640 non
1082 2587 1353 2655 dixissem,
1384 2602 1433 2646 et
1460 2594 1702 2664 alterum,
1732 2598 1850 2667 qui-

250 2667 348 2722 bus
374 2670 635 2727 ultranon
660 2675 874 2730 addam.
905 2677 985 2732 Eo
1010 2681 1152 2748 quod
1181 2700 1347 2737 unum
1372 2699 1419 2739 et
1454 2687 1599 2743 aliud
1626 2690 1850 2746 vvrbum

247 2759 474 2830 dixerit,
509 2780 608 2835 pro
641 2769 841 2836 quibus
872 2775 1112 2841 potuerit
1142 2776 1359 2833 la’dere.
1407 2778 1499 2835 Illa
1523 2796 1642 2837 esse
1671 2786 1854 2841 existi-

246 2868 373 2920 mo,
428 2856 568 2915 sicut
619 2864 875 2931 superius
923 2869 1347 2939 comprehendi,
1397 2889 1518 2942 quae
1557 2875 1628 2930 ita
1667 2878 1849 2936 dixit:

245 2943 427 3016 Elegit
480 2952 837 3020 suspendium
891 2960 1070 3013 anima
1130 2976 1245 3017 mea
1285 3004 1301 3029 ,
1352 2973 1407 3019 et
1455 2976 1683 3023 mortem
1728 2985 1852 3027 ossa

244 3052 371 3093 mea
396 3055 410 3093 :
440 3042 568 3095 etsi
600 3041 857 3114 ﬂagellat,
890 3050 1105 3106 occidat
1132 3054 1328 3123 semel,
1361 3064 1416 3113 et
1441 3073 1547 3113 non
1581 3060 1648 3116 de
1672 3063 1852 3132 pmuis

240 3130 601 3191 innocentum
629 3138 825 3194 rideat.

860 3210 1090 3270 CAPUT
1132 3216 1245 3272 XL.

320 3316 657 3391 Respondeas
693 3333 867 3379 autem
910 3325 1166 3385 Dominus
1203 3330 1328 3405 Job,
1370 3335 1434 3391 de
1460 3336 1661 3393 turbine
1689 3340 1839 3396 dixit.

238 3410 303 3466 ld
331 3422 435 3478 est,
460 3413 543 3468 vel
570 3414 639 3472 de
662 3415 1061 3489 iucrepationis
1090 3424 1317 3495 impetu,
1341 3429 1425 3484 vel
1447 3429 1515 3485 de
1544 3432 1843 3500 perturbati

241 3506 391 3562 acris
417 3523 481 3563 ac
509 3510 732 3565 nubium
762 3512 1018 3569 obscuro.

314 3599 539 3673 Accinge
573 3603 704 3656 sicut
733 3605 810 3658 vir
832 3605 1032 3662 lumbos
1061 3617 1201 3678 tuos,
1232 3612 1565 3685 interrogabo
1588 3628 1654 3685 to,
1687 3630 1733 3673 et
1761 3620 1844 3674 in-

238 3691 363 3747 dica
396 3695 543 3749 mild.
570 3682 699 3751 Sive
727 3705 787 3751 ut
811 3699 904 3754 alii
935 3701 1193 3759 dixerunt
1221 3722 1235 3758 :
1259 3682 1606 3779 nequaquam,
1638 3682 1729 3766 sed
1749 3730 1841 3767 ac-

235 3784 391 3856 cinge
414 3785 547 3839 sicut
574 3788 650 3840 vir
678 3788 878 3846 lumbos
898 3800 1037 3859 tuos,
1061 3804 1116 3851 et
1130 3805 1324 3855 caetera
1353 3815 1369 3865 ;
1399 3803 1541 3871 quod
1566 3813 1675 3857 est:
1707 3805 1843 3861 Nolo

238 3883 304 3930 ut
332 3885 535 3943 taceas,
567 3879 643 3935 ait
670 3881 833 3948 Deus,
873 3885 1011 3940 sicut
1060 3885 1179 3956 ipse
1208 3889 1471 3959 disponis,
1522 3894 1616 3949 sed
1665 3898 1842 3965 potius

234 3967 485 4039 loquere,
508 3980 564 4025 et
582 3972 726 4041 quod
753 3973 1032 4047 interrogo
1054 3987 1133 4043 te,
1155 3983 1430 4051 responde
1453 3985 1607 4038 mihi.
1633 3987 1838 4053 Quem-

236 4060 535 4117 admodum
581 4072 765 4120 autem
818 4066 965 4124 Deus
1017 4071 1329 4129 hominibus
1394 4076 1670 4147 loquatur,
1717 4097 1838 4137 cum

236 4152 314 4208 sit
348 4154 461 4223 ipse
487 4155 732 4223 spiritus,
767 4162 955 4216 multis
983 4162 1473 4233 significationibus
1503 4172 1709 4227 divime
1739 4189 1839 4227 no-

236 4243 325 4300 bis
358 4246 597 4304 indicant
636 4251 855 4319 littera),
900 4267 955 4309 ut
984 4257 1145 4313 Pater
1171 4261 1240 4316 de
1269 4263 1411 4317 nube
1442 4263 1506 4318 ad
1533 4264 1732 4320 Filium
1762 4269 1839 4324 lo-

234 4338 448 4408 quitur,
490 4350 546 4396 et
574 4343 745 4415 Moysi
804 4346 855 4400 in
902 4348 1122 4406 ﬂamma
1173 4355 1336 4423 ignis,
1368 4367 1417 4411 ct
1452 4357 1705 4416 Ezechiel
1755 4376 1842 4417 se-

232 4430 389 4486 denti
418 4448 543 4490 cum
571 4438 879 4495 senioribus
926 4441 1090 4499 lsrael
1116 4486 1129 4508 ,
1188 4447 1249 4501 lit
1295 4463 1480 4504 sermo
1513 4450 1749 4521 Domini,
1787 4463 1841 4510 et

230 4522 391 4578 solus
418 4524 668 4581 audiebat
693 4544 817 4598 quae
838 4532 1154 4590 dicebantur
1182 4552 1212 4591 a
1246 4539 1493 4596 Domino.

307 4614 582 4688 Numquid
636 4621 837 4677 irritum
863 4627 1023 4696 facies
1063 4630 1325 4700 judicium
1367 4652 1573 4707 meum,
1620 4650 1667 4693 et
1712 4658 1834 4697 con-
1863 4617 1916 4677 Β

227 4704 505 4762 damnabis
530 4726 631 4780 me,
677 4721 731 4765 ut
772 4717 1082 4786 Justiﬁceris
1100 4723 1124 4773 ?
1145 4723 1265 4790 Quo
1288 4739 1450 4782 sensu
1480 4739 1701 4787 sanctus
1731 4732 1832 4788 Joh

222 4794 440 4852 dixerit
484 4814 549 4855 ea
593 4818 714 4873 quae
738 4819 901 4876 supra
929 4813 1251 4883 ‘conscripta
1283 4826 1432 4886 sunt,
1474 4820 1526 4874 in
1571 4823 1671 4878 hoc
1714 4825 1832 4881 loco

218 4884 497 4944 Dominus
524 4893 856 4951 manifestat.
886 4898 1017 4954 Nam
1046 4916 1168 4957 cum
1194 4884 1585 4979 increpatione,
1612 4925 1833 4986 propter

221 4979 339 5035 hoc
379 4981 554 5052 ipsum
600 4987 669 5042 ab
714 5004 782 5045 eo
834 4994 1097 5065 arguitur,
1125 4997 1249 5068 quia
1287 5001 1340 5056 in
1363 5002 1480 5072 ejus
1507 4979 1754 5076 injuriam
1777 5019 1833 5067 et

218 5074 665 5145 suggillationem
699 5099 759 5138 se
782 5084 1089 5153 justificare
1115 5092 1368 5161 voluerit,
1419 5074 1572 5153 dumi
1596 5116 1719 5157 eum
1766 5119 1833 5178 es

216 5164 365 5237 ipsis
384 5168 714 5230 cruciatibus
731 5176 860 5242 suis,
888 5194 1023 5248 quos
1044 5181 1146 5237 sibi
1170 5185 1349 5256 inique
1369 5187 1604 5246 inﬂictos
1618 5196 1833 5261 asserit,

212 5258 495 5329 justitiam
524 5263 844 5334 iniustitiam
869 5280 1053 5326 vocat.

301 5354 375 5409 Et
394 5359 441 5411 si
466 5357 624 5415 habes
644 5361 911 5419 brachium
931 5369 1059 5423 sicut
1080 5370 1245 5442 Deus,
1275 5384 1323 5429 et
1350 5392 1469 5432 voce
1483 5380 1642 5435 simili
1662 5391 1830 5450 tonas,

218 5448 498 5505 circumda
540 5453 635 5509 tibi
657 5456 910 5526 decorem,
940 5470 989 5514 et
1034 5464 1088 5518 in
1121 5466 1338 5521 sublime
1377 5470 1589 5542 erigere,
1633 5485 1683 5529 et
1726 5486 1834 5531 esto

219 5541 511 5613 gloriosus,
534 5556 587 5600 et
612 5548 864 5619 speciosis
890 5551 1110 5610 induere
1152 5559 1393 5616 uestibus.
1437 5560 1691 5637 Disperge
1748 5584 1835 5622 stt-

220 5635 413 5705 ρει-ὕοι
440 5638 497 5691 in
524 5643 705 5709 furore
725 5650 837 5709 tuo,
886 5655 936 5697 et
993 5652 1255 5719 confunde
1302 5670 1411 5723 eos,
1461 5667 1511 5711 et
1559 5635 1835 5727 respiciens

217 5740 439 5782 omnem
462 5743 799 5802 arrogantem
817 5733 1055 5791 hmnilia.
1080 5739 1298 5812 Respice
1318 5755 1528 5801 cunctos
1567 5751 1830 5819 superbos,

220 5825 277 5872 et
304 5820 571 5889 coniuncte
593 5838 701 5891 eos,
724 5831 775 5880 et-
799 5830 1203 5902 comtereintpi'os
1220 5834 1273 5890 in
1296 5836 1410 5893 loco
1423 5854 1540 5894 suo.
1564 5840 1832 5899 Absconde

1206 342 1682 429 CO‘MMENTARII
1724 354 1789 410 IN
1829 358 2087 419 LIBRUM
2125 367 2264 426 JOB.
2308 371 2459 433 CAP.
2508 379 2617 436 XL.

269 434 394 498 quia
410 446 597 494 contra
614 440 1049 517 Deum,quadam
1084 462 1519 530 prazsumptionis
1547 468 1766 525 audacia
1793 488 1856 528 ex
1888 482 1934 538 Α
1964 494 2048 535 eos
2072 482 2126 536 in
2150 488 2362 553 pulvere
2379 494 2557 563 simul,
2578 508 2625 553 et

272 527 469 563 lislnnin
502 531 656 563 In“...
683 540 1022 563 -A---:-_.:,_
1060 546 1120 563 -c-
1142 546 1156 563 1
1271 559 1282 563 -

1874 3239 1921 3303 C
1952 3253 2168 3319 quando
2193 3261 2572 3335 comedntttur,
2607 3288 2712 3328 nou
2746 3239 2803 3331 fit

3369 393 3387 403 ’
3456 413 3573 469 789.

2641 501 2799 568 [acies
2814 523 2990 566 eorum
3011 515 3252 589 demerge
3265 522 3315 576 in
3330 527 3382 594 [ο
3389 542 3527 583 ream
3542 547 3559 585 :

1964 581 2013 626 et
2038 590 2131 646 ego
2160 580 2440 648 conﬁtebor
2483 591 2624 659 quod
2652 594 2858 653 salvere
2886 610 2936 656 te
2984 610 3148 676 possit
3189 580 3418 672 “dextera
3439 610 3573 676 tuo;

1962 661 2098 720 Ecce
2127 666 2428 745 Bchemmh,
2461 695 2613 750 quem
2661 688 2764 755 feci
2803 661 2998 763 tecum;
3047 661 3557 776 fenum

1963 759 2209 815 comedet.
2240 763 2351 821 Hoc
2397 780 2479 826 est
2507 772 2691 831 dicere
2724 797 2736 832 :
2765 781 3032 856 Numquid
3065 802 3220 861 potes
3244 759 3349 854 hos
3407 802 3555 871 ipsos

1964 845 2234 871 ’,Νη-μ
2647 868 2677 871 ,.

2921 845 2936 856 .
3065 845 3081 861 ι
3114 845 3123 847 ~
3168 845 3216 849 -~
3244 845 3348 854 --ν-
3407 845 3555 871 ’νυ-ὐ

1962 845 2259 919 dazmones,
2306 873 2539 926 quorum
2594 868 3034 933 tribulationibus
3088 890 3452 958 expugnaris,
3506 906 3560 952 et

1960 945 2288 1011 contereris,
2321 963 2633 1023 expugnare
2660 968 2715 1015 et
2739 962 3085 1040 dispergere?
3137 975 3248 1034 Nec
3274 981 3319 1036 si
3366 997 3557 1043 contra

1963 1027 2130 1086 Deum
2162 1041 2496 1099 contendere
2517 1046 2770 1123 deberes,
2803 1058 2847 1113 si
2901 1061 2997 1117 tibi
3025 1077 3173 1124 esset
3193 1070 3456 1133 fortitudo
3499 1092 3558 1137 ut

1964 1117 2033 1137 ,μ
2189 1134 2200 1137 _

2756 1117 2767 1123 ,
3035 1117 3456 1133 -------......ω,
3501 1117 3557 1137 ..ι

1964 1117 2075 1175 Deo
2122 1134 2226 1192 est,
2278 1140 2331 1184 ει
2352 1147 2453 1187 vos
2497 1137 2707 1208 imperii
2758 1147 2834 1201 ttti
2892 1151 2994 1209 hoc
3041 1162 3243 1218 mundo
3301 1170 3557 1227 terribilis

1960 1208 2239 1273 ittsonztret
2270 1223 2675 1287 :circumdares
2711 1238 2872 1293 etiam
2900 1243 2994 1300 tibi
3047 1248 3300 1311 decorem
3332 1262 3552 1316 aeterni-

1964 1305 2087 1359 tatis
2116 1347 2131 1369 ,
2190 1311 2410 1369 honoris
2455 1335 2670 1393 quoque
2718 1338 2771 1382 et
2823 1331 3176 1397 sublimitatis
3204 1359 3355 1404 esses
3384 1353 3553 1421 gloria

1964 1396 2226 1421 “Am.”
2286 1412 2327 1421 A.
2491 1410 2522 1421 ..

1960 1396 2249 1469 exaltatus,
2277 1412 2332 1458 et
2354 1410 2605 1468 omnibus
2628 1421 2933 1478 sanctitatis
2959 1428 3251 1491 virtutibus
3275 1396 3549 1512 tamquam

1958 1493 2224 1560 speciosis
2243 1501 2485 1559 vestibus
2512 1516 2564 1560 te
2589 1513 2851 1583 munires,
2875 1533 3063 1578 omnes
3089 1525 3444 1591 nihilominus
3463 1552 3551 1591 su-

1959 1583 2154 1651 perbos
2169 1586 2322 1655 justo
2337 1592 2543 1661 judicio
2568 1606 2679 1664 tuo.
2700 1606 2851 1662 velut
2868 1610 3252 1684 indignationis
3275 1622 3551 1683 iracundia

1956 1670 2277 1750 dissipares,
2307 1693 2355 1738 et
2380 1699 2476 1740 eos
2502 1687 2557 1744 in
2588 1692 2761 1750 locum
2785 1712 2962 1770 suum,
2990 1707 3042 1761 id
3068 1719 3168 1775 εει,
3195 1711 3248 1767 in
3276 1731 3552 1776 carcerem

1958 1760 2253 1826 inferorum
2320 1774 2637 1852 delrudeus,
2692 1802 3040 1869 contt'reres,
3107 1806 3235 1873 quin
3301 1811 3463 1868 etiam
3518 1830 3549 1870 a

1957 1867 2266 1919 sanctorum
2328 1867 2531 1929 lumine
2576 1891 2896 1955 separatos,
2953 1867 3337 1964 in'pulverem
3388 1904 3549 1962 simul

1955 1947 2342 2024 absconderes,
2368 1964 2503 2032 sive,
2526 1981 2580 2023 ιιι
2594 1972 2686 2027 alii
2709 1975 2984 2048 dixerunt,
3005 1990 3315 2049 retruderes
3334 2011 3428 2052 eos
3448 2002 3549 2057 sub

1956 2048 2103 2098 terra
2132 2064 2144 2100 :
2178 2051 2337 2107 simul
2371 2067 2425 2111 et
2455 2060 2622 2119 facies
2672 2082 2883 2139 eorum,
2934 2075 2985 2129 id
3015 2091 3119 2145 est,
3153 2086 3390 2143 animam
3422 2107 3545 2149 cum

1956 2134 2324 2199 intellectibits
2354 2151 2471 2206 suis
2529 2165 2797 2231 tamquam
2857 2171 3137 2231 oculorum
3167 2178 3464 2242 luminibus
3493 2189 3548 2244 in

1954 2225 2164 2286 foveam
2188 2232 2386 2293 inferni
2416 2241 2786 2323 demergeres,
2818 2256 2869 2311 id
2893 2271 2997 2326 εει,
3027 2280 3188 2332 quam
3210 2270 3549 2343 impossibile

1953 2328 2056 2384 est,
2090 2332 2149 2376 ιιι
2178 2326 2291 2382 lucc
2322 2328 2485 2389 homo
2514 2337 2738 2410 habeas,
2770 2360 2875 2403 tam
2899 2356 3126 2414 stultum
3174 2373 3284 2431 est,
3306 2376 3363 2421 ut
3396 2372 3550 2438 quasi

1953 2425 2018 2465 ex
2049 2422 2241 2486 tequali
2299 2436 2489 2482 contra
2536 2430 2706 2490 Deum
2757 2439 3016 2512 loquaris,
3059 2464 3089 2503 a
3120 2468 3227 2523 quo
3277 2458 3552 2521 humiliter

1953 2520 2178 2574 sperare
2205 2514 2636 2582 misericordiam
2661 2530 2850 2601 debes,
2874 2547 2929 2592 ιιι
2980 2557 3042 2597 es
3072 2545 3189 2615 ejus
3207 2549 3456 2623 dextera,
3494 2560 3545 2614 id

3099 2602 3119 2615 .
3216 2602 3456 2623 sm"--.
3494 2602 3545 2614 ...

1954 2608 2038 2652 est
2069 2602 2287 2676 virtute,
2313 2623 2501 2670 contra
2532 2633 2647 2690 eos,
2677 2639 2818 2695 quos
2841 2631 2947 2688 dixi
2970 2640 3262 2711 superbos,
3290 2661 3550 2723 arrogan-

1958 2701 2035 2723 lno
2071 2693 2365 2723 ἕηκε-ηελμη--
2432 2721 2443 2723 Α
2492 2710 2504 2723 .
2611 2715 2621 2723 .
2730 2718 2769 2723 ,-

1958 2701 2037 2745 ιεε
2070 2693 2374 2772 impiosque
2425 2710 2673 2771 solveris.
2728 2718 2867 2780 Ecce
2920 2726 3025 2786 hoc
3075 2734 3250 2804 ipsum
3308 2693 3547 2816 noveris,

1958 2781 2148 2816 funt...“
2183 2789 2393 2816 A:-t.-n__
2438 2815 2446 2816 ,
2798 2815 2803 2816 ,

2970 2781 2974 2783 γ
3002 2781 3022 2786 ν
3075 2781 3250 2804 Ἰ..ι-..υ
3308 2781 3543 2816 ιινιυιιδ,

1952 2781 2149 2841 fortem
2180 2789 2475 2861 diabolum.
2519 2817 2574 2859 et
2602 2815 3041 2877 potentissimum
3062 2826 3344 2890 inimicum
3370 2847 3543 2911 tuum,

1952 2888 2111 2911 nnnm
2145 2881 2213 2911 nl.
2236 2883 2529 2911 :m._-»!L'
2839 2908 2847 2911 ‘

1951 2888 2112 2943 quem
2144 2881 2214 2935 ob
2233 2883 2682 2954 immanissimum
2715 2908 2879 2962 trucis
2919 2917 3088 2973 animi
3148 2922 3410 2994 furorem.
3446 2886 3549 2990 Bc:

1956 2966 2170 2994 "n—h~-\"‘
2259 2993 2265 2994 ί
2342 2982 2353 2992 ⁶
2467 2986 2486 2994 ⁸
2580 2991 2609 2994 “”

2944 2966 3087 2973 νημ--.
3148 2966 3410 2994 "av-usu.
3446 2966 3542 2990 uc-

1954 2966 2174 3027 hcmoth
2207 2982 2428 3039 nomine
2461 2986 2645 3047 feralis
2693 2995 2884 3057 bestiae
2927 3020 3256 3088 nuncupavi,
3301 3030 3443 3095 apud
3492 3044 3542 3085 te

1955 3062 2095 3095 volnt
2143 3066 2333 3095 λίμνη-
2410 3079 2492 3095 *ν’
2590 3083 2602 3095 “
2699 3088 2709 3095 ’
2736 3090 2746 3095 ’
2788 3092 2817 3095 ’ν

3046 3062 3256 3088 --μιν-η,
3301 3062 3329 3077 u
3376 3062 3443 3083 uu
3492 3062 3540 3085 IU

1955 3062 2097 3118 velut
2142 3066 2362 3140 bovem,
2404 3079 2603 3137 animal
2662 3088 2913 3152 videlicet
2955 3116 3296 3166 mansuetum
3315 3062 3540 3179 ,Pfenmn

1954 3161 2244 3219 comedere
2271 3164 2485 3236 faciam,
2510 3190 2615 3231 nou
2644 3194 2838 3240 carnes
2865 3200 2921 3244 ut
2938 3191 3171 3256 lennem.
3196 3203 3329 3272 Quia
3353 3225 3547 3272 carnes

2851 3282 2968 3338 sine
3009 3289 3249 3351 viventis
3302 3299 3547 3363 interitu.

3302 3341 3545 3363 ........u.

1948 3341 2103 3401 Circa
2136 3358 2187 3405 te
2215 3368 2347 3410 vero
2378 3374 2483 3414 non
2509 3363 2580 3418 ita
2604 3376 2684 3420 est
2710 3371 2848 3427 sicut
2871 3375 2983 3443 jam
3011 3380 3145 3451 dixi,
3192 3391 3278 3444 cui
3296 3391 3545 3462 jussione

2872 3435 2889 3443 -
3024 3435 3027 3436 ν
3072 3435 3145 3451 ~~-r
3195 3435 3277 3444 ﬂ"
3325 3435 3545 3458 “⁹⁰¹υ¹¹¹⁵

1948 3435 2159 3507 imperii
2185 3445 2309 3513 mei,
2338 3447 2440 3505 hoc
2462 3455 2622 3511 modo
2653 3468 2908 3536 praecepi.
2944 3471 3136 3532 dicens
3158 3496 3170 3532 ε
3190 3435 3331 3539 Ecc'e
3353 3484 3405 3539 in
3432 3503 3546 3544 ma-

1949 3545 2019 3584 nu
2071 3540 2156 3587 tua
2197 3546 2283 3593 est
2324 3541 2547 3612 vivere,
2597 3554 2834 3611 animam
2885 3562 3003 3632 ejus
3037 3580 3215 3626 serva.
3244 3574 3544 3637 Behemoth

1946 3636 2177 3694 namque
2196 3628 2449 3690 doctores
2480 3640 2754 3715 Ecclesiae,
2782 3651 2870 3718 qui
2900 3653 3157 3716 Hebraeas
3184 3664 3392 3725 litteras
3411 3686 3543 3729 con-

1945 3712 2203 3785 tigerunt,
2240 3721 2290 3775 in
2334 3721 2585 3784 Latinum
2626 3712 2775 3802 quasi
2813 3742 2987 3805 plures
3005 3746 3348 3824 interpretati
3391 3772 3538 3819 sunt.

1945 3800 2069 3824 ην,
2133 3808 2145 3824 .
2215 3813 2286 3824 ..
2353 3817 2364 3824 .
2515 3820 2545 3824 -κ

1944 3800 2181 3863 Proinde
2213 3813 2467 3875 inimicus
2495 3820 2746 3884 diabolus
2774 3847 2897 3888 cum
2932 3846 3049 3895 toto
3079 3800 3315 3915 corpore
3338 3855 3541 3919 satelli-

1948 3904 2057 3951 lutn
2086 3915 2310 3960 suorum
2341 3907 2446 3967 hoc
2478 3913 2598 3971 loco
2627 3933 2656 3972 a
2687 3920 2802 3980 Deo
2832 3926 3180 3992 describitur.
3212 3939 3385 4009 Quem
3413 3962 3542 4016 pro.

1948 3998 2067 4016 ...-_
2089 3994 2359 4016 _._-_-...,_
2601 4012 2611 4016 _
2661 4014 2669 4016 _

1947 3998 2067 4058 pter
2088 3994 2450 4063 pluralitatem
2467 4012 2703 4067 nominis
2729 4016 2916 4088 ipsius,
2943 4027 3148 4099 antiqui
3168 3994 3539 4109 itainter‘pre-

1944 4084 2040 4137 tati
2072 4098 2200 4144 sunt
2230 4110 2242 4144 :
2273 4093 2385 4149 Sed
2424 4115 2539 4155 ecce
2584 4084 2762 4163 [restire
2781 4084 2912 4183 quas
2961 4084 3232 4194 fecilapud
3258 4136 3328 4195 te,
3362 4084 3538 4200 [mum

1944 4174 2277 4200 _,‘_,,,__.
2364 4198 2370 4200 Α
2428 4191 2477 4200 ..
2731 4198 2739 4200 ς

1941 4174 2077 4231 sicut
2103 4177 2192 4235 bos
2214 4183 2392 4252 edunt,
2427 4191 2477 4245 id
2509 4202 2615 4261 est,
2640 4205 2697 4252 et
2728 4174 2833 4258 hoc
2865 4174 3103 4274 petentia
3122 4174 3380 4276 Γιιειιείτιιέ
3401 4237 3539 4280 mete

1941 4265 2144 4327 factum
2168 4284 2275 4343 est,
2311 4289 2363 4333 ιιι
2388 4283 2746 4345 substantiam
2801 4265 2946 4354 tuam
2992 4313 3045 4357 et
3074 4302 3384 4378 facultates,
3415 4331 3537 4386 qua:

1943 4360 2010 4386 ΑΙ.
2040 4366 2281 4386 .......ε,..Δ
2468 4376 2499 4386 Α.
2716 4383 2744 4386 ..

1941 4360 2011 4414 ob
2039 4366 2289 4431 pretiosae
2333 4376 2529 4430 mentis
2562 4388 2665 4434 tuae
2694 4383 2911 4444 divitias
2942 4389 3067 4449 feno
3115 4360 3501 4471 comparaniitr
3522 4451 3536 4477 ,

3128 4451 3488 4471 πψτη-...ω
3522 4451 3534 4477 ,

1942 4451 1996 4504 in
2038 4467 2360 4524 potestatem
2399 4470 2715 4538 acciperent
2752 4476 3113 4543 devorandas.
3154 4491 3221 4546 Et
3261 4495 3383 4553 ideo
3406 4502 3534 4557 vilia

1941 4558 2170 4617 quaeque
2198 4562 2254 4607 et
2277 4563 2595 4628 temporalia
2626 4567 2718 4624 tibi
2740 4572 2984 4645 abstulit,
3019 4595 3140 4652 qua:
3166 4583 3279 4643 feni
3312 4594 3532 4652 nomine

1940 4636 2237 4706 siguilieata
2264 4658 2391 4703 sunt
2424 4669 2567 4709 :non
2600 4673 2719 4726 quae
2748 4680 2935 4736 inagna
2958 4636 3013 4724 et
3035 4636 3284 4743 grandia,
3330 4682 3382 4737 id
3424 4696 3526 4753 est,

2840 4731 2860 4736 -
3039 4731 3068 4743 ν
3330 4731 3382 4737 --
3427 4731 3526 4753 ν--ν

1939 4731 2133 4789 anima:
2155 4751 2499 4811 ornamenta,
2532 4750 2724 4818 quibus
2778 4765 2828 4811 te
2859 4762 3148 4828 spoliatum
3175 4770 3530 4843 blasphemiae

1940 4823 2092 4877 ruina
2118 4832 2524 4904 comprimeret,
2548 4842 2691 4910 quali
2724 4858 2947 4914 peccato
2997 4863 3143 4913 totus
3171 4823 3331 4918 homtr)
3361 4880 3391 4919 a
3413 4866 3527 4924 dia-

1938 4914 2062 4969 bolo
2088 4919 2396 4979 devoratur.
2432 4930 2503 4984 lla
2528 4946 2659 5001 ergo
2683 4935 2750 4991 de
2780 4955 2845 4991 eo
2874 4940 3004 4999 dicit
3035 4946 3196 5005 Deus.

2012 5007 2287 5068 Fortitudo
2315 5021 2427 5091 ejus
2446 5022 2498 5075 in
2531 5023 2713 5082 lumbis
2728 5033 2862 5103 ejus,
2886 5044 2934 5087 et
2982 5038 3143 5095 virtus
3167 5042 3312 5101 illius
3333 5049 3386 5103 in
3408 5068 3523 5107 ums

1942 5098 2095 5157 bilico
2150 5110 2337 5163 ventris
2385 5114 2519 5184 ejus.
2572 5115 2628 5171 ln
2680 5098 2879 5180 lumbis
2907 5138 2964 5183 et
2993 5132 3286 5201 umbilicis,
3320 5147 3525 5202 ventris

1941 5195 2211 5269 voluptas,
2246 5206 2329 5257 vel
2359 5209 2542 5262 carnis
2570 5209 2777 5269 luxuria
2822 5216 3167 5293 intelligitur,
3192 5243 3315 5299 quae
3358 5249 3527 5293 mem-

1939 5288 2051 5343 bris
2073 5293 2397 5362 genitalibus
2424 5314 2546 5370 pOst
2578 5306 2733 5373 pritni
2791 5312 3027 5371 hominis
3072 5318 3278 5390 lapsum
3327 5328 3530 5390 inserta

1940 5390 2043 5448 est,
2076 5392 2135 5439 ut
2156 5400 2317 5457 supra
2350 5395 2568 5449 modum
2598 5397 2731 5470 legis
2790 5408 3054 5465 naturalis
3110 5413 3196 5469 illa
3251 5423 3527 5497 membra,

1940 5482 1995 5530 et
2014 5479 2229 5547 quando
2262 5499 2367 5539 non
2400 5489 2516 5541 vult
2546 5490 2728 5557 homo,
2780 5496 3065 5559 incentivis
3107 5507 3349 5569 libidinis
3400 5479 3531 5581 lilii:

1936 5564 2115 5625 lentur
2149 5589 2162 5626 :
2195 5582 2249 5626 et
2309 5575 2377 5629 ita
2428 5580 2765 5652 voluptatum
2791 5601 3113 5665 sectatores,
3166 5600 3383 5661 diabolo
3424 5611 3530 5664 lor-

1938 5660 2220 5719 titudinem
2248 5672 2487 5738 prOpriis
2518 5677 2662 5733 vitiis
2686 5680 3075 5753 ministrantes,
3099 5660 3188 5748 vde
3215 5705 3367 5765 parte
3390 5700 3535 5757 illius

1934 5762 1988 5807 ει
2011 5767 2295 5814 consortes
2317 5760 2646 5836 efficiuntur,
2676 5781 2731 5825 ut
2751 5775 2858 5829 sint
2876 5780 3117 5838 membra
3138 5784 3273 5857 ejus,
3300 5806 3527 5861 quorum

1936 5851 2207 5919 tamquam
2233 5860 2480 5926 corporis
2501 5860 2585 5917 sui
2619 5865 2732 5937 ipse
2760 5876 2843 5925 est
2869 5884 3049 5942 caput.
3166 5851 3181 5856 ν
3371 5896 3407 5950 ⁸,
