3980 6284
466 301 573 359 783

1265 290 1613 351 APPENDIX
1654 290 1747 348 AD
1785 287 2025 347 TUMUM
2065 285 2417 346 SEPTIMUM
2457 286 2515 344 S.
2557 282 2960 343 lllEBONYMl.

3654 280 3756 335 τει

538 412 859 486 Constringit
878 412 1094 466 caudam
1132 425 1279 463 suam
1308 408 1455 479 quasi
1504 406 1715 462 cedrus.
1769 404 1883 459 Hoc
1930 400 2062 458 mihi
2091 402 2139 462 A
2169 402 2309 457 viam
2336 399 2712 456 mandatorum
2737 398 2902 469 patris
2923 394 3074 467 quasi
3095 384 3256 465 opera
3279 391 3400 463 ejus
3419 389 3757 462 graderctur,

464 506 652 561 dicere
683 503 921 569 videtur,
955 501 1096 572 qttod
1122 516 1223 556 nec
1254 500 1305 553 in
1340 497 1650 553 novissimis
1677 494 1812 561 suis,
1845 509 1964 565 qua:
2010 493 2063 549 in

467 597 638 653 cauda
666 594 1065 667 signiﬁcantur,
1096 594 1167 648 sit
1197 590 1265 646 ad
1304 591 1475 647 Deum
1527 603 1871 655 reversurus,
1920 585 2060 657 quod

472 699 577 753 est,
612 701 903 757 numquam
934 701 1029 756 pro
1060 683 1346 756 tyrannide
1375 697 1471 738 sua
1502 682 1769 753 superbus
1791 687 1846 735 et
1869 680 2063 749 impius

468 780 787 853 paenitebit;
813 778 907 834 sed
929 777 1197 834 exaltatus
1219 785 1281 831 ut
1305 775 1519 841 cedrus,
1541 788 1677 830 voce
1690 770 2062 839 Dominijuste

464 871 760 941 judicnntis
815 878 902 925 est
942 867 1411 940 confringendus,
1466 874 1523 921 et
1578 861 2057 921 comminuendas.

463 962 867 1032 Constringitur
887 961 1031 1017 enim
1056 961 1200 1032 ligno
1227 958 1521 1015 durissimo
1550 966 1934 1027 comparatus:
1962 953 2063 1008 du-

456 1054 586 1110 ritia
628 1052 835 1109 scilicet
881 1053 1181 1109 cordiszne
1231 1050 1516 1120 intelligat,
1549 1047 1746 1104 stultus
1792 1045 2056 1110 efficitur;

460 1158 515 1205 et
549 1155 875 1214 excaecatus,
905 1163 974 1204 ne
1000 1147 1183 1203 videat
1229 1159 1398 1216 usque
1438 1143 1495 1197 in
1547 1142 1730 1198 linem.
1765 1140 1890 1196 Sive
1936 1156 2059 1194 con-

455 1244 664 1316 stringit
699 1242 923 1297 caudam
968 1257 1121 1296 suant
1166 1239 1241 1294 ita
1273 1238 1544 1295 sentitur:
1576 1234 1853 1306 Propheta
1903 1230 2061 1287 falla-

456 1338 595 1394 citer
642 1336 929 1407 loquitur:
963 1331 1310 1390 mendacium
1377 1328 1549 1386 cauda
1606 1336 1689 1383 est
1754 1323 2057 1382 secundum

452 1439 773 1485 sanctorum
810 1426 1202 1499 pr0phetarum
1267 1422 1672 1479 auctoritatem.
1731 1419 1843 1474 llos
1896 1418 2060 1488 igitur

456 1521 727 1579 Behemot
793 1528 1066 1591 tamquam
1118 1517 1407 1584 inimicos,
1468 1525 1739 1584 tamquam
1786 1509 1964 1565 socios
2004 1515 2060 1564 et

454 1614 740 1670 ministros
767 1624 897 1667 suos
923 1610 977 1665 in
1006 1609 1254 1681 copulam
1286 1606 1494 1663 unitate
1543 1605 1651 1661 sibi
1695 1600 2058 1673 conSpiratio-

455 1707 543 1763 nis
566 1704 838 1776 astringit,
862 1702 932 1759 de
971 1702 1166 1773 quibus
1202 1698 1409 1770 antiqui
1432 1697 1687 1753 dixerunt
1708 1698 2052 1764 interpretes,

2160 494 2309 566 quod
2354 494 2406 549 in
2447 492 2713 564 principio
2765 487 3169 561 praedicationis
3208 483 3497 555 Evangelii
3539 482 3761 538 demou-

2164 591 2379 644 stravit.
2431 586 2591 656 Quod
2620 597 2800 641 autem
2859 583 3118 638 Dominus
3147 580 3255 635 ait:
3290 578 3392 644 Qui
3449 578 3571 649 fecit
3623 593 3757 644 eum,

2164 680 2447 755 applicabit
2475 680 2709 752 gladium
2739 680 2872 752 ejus,
2906 676 2957 732 id
2986 685 3092 741 cst,
3122 674 3213 746 qui
3272 671 3401 729 fecit
3430 670 3758 736 Bebemoth,

2163 772 2457 845 applicabit
2478 774 2527 828 ei
2561 771 2797 843 gladium
2828 769 3022 840 ipsius,
3042 767 3095 823 id
3146 773 3250 833 est,
3293 764 3437 819 malo
3467 779 3576 835 quo
3627 763 3764 817 alios

2162 865 2438 922 interemit
2468 865 2585 935 ipse
2609 864 2883 935 punietur,
2917 862 3057 917 sicut
3097 869 3153 916 et
3199 858 3269 914 de
3312 857 3433 928 ejus
3491 855 3764 911 similibus

2163 960 2400 1031 Spiritus
2428 967 2647 1014 sanctus
2666 957 2717 1013 in
2746 956 2959 1027 psalmo
2988 956 3204 1010 locutus
3233 962 3316 1009 est
3335 950 3619 1007 :Gladium
3647 967 3766 1005 eva-

2158 1052 2459 1125 ginaverunt
2503 1059 2819 1121 peccatores,
2869 1054 2924 1105 et
2963 1065 2978 1106 :
3018 1046 3240 1103 Gladius
3297 1061 3483 1101 eorum
3508 1046 3660 1099 intret
3710 1046 3768 1099 in

2160 1161 2247 1199 cor
2267 1159 2462 1199 eorum.
2494 1140 2745 1198 Notanda
2783 1151 2961 1196 tamen
2989 1149 3076 1196 est
3128 1140 3184 1194 in
3217 1138 3321 1194 hoc
3346 1138 3473 1194 loco
3521 1152 3769 1193 commu-

2160 1239 2293 1294 tatio
2347 1252 2728 1309 personarum.
2784 1235 2921 1291 Nam
2954 1243 3009 1290 et
3050 1234 3301 1306 superius
3348 1233 3613 1289 Dominus
3646 1234 3760 1301 ait,

2160 1329 2302 1401 quod
2361 1328 2654 1386 Behemodt
2686 1326 2915 1385 bestiam
2944 1328 3058 1398 ipse
3081 1325 3305 1394 fecerit,
3355 1334 3413 1383 et
3441 1340 3586 1382 nunc
3635 1325 3767 1382 dicit

2159 1421 2302 1493 quod
2333 1420 2470 1476 alius
2495 1436 2619 1477 enm
2649 1421 2942 1486 creaverit,
2974 1421 3046 1475 ita
3075 1419 3336 1476 dicendo:
3361 1419 3484 1491 Ipse
3512 1428 3597 1475 est
3617 1421 3768 1490 prin-

2158 1514 2363 1584 cipium
2391 1513 2598 1569 viarum
2628 1513 2750 1581 Dei,
2780 1514 2870 1584 qui
2904 1512 3032 1569 fecit
3053 1512 3264 1568 omnia:
3285 1512 3430 1584 quod
3463 1512 3541 1567 ita
3563 1504 3766 1582 exponi

2157 1615 2359 1678 potest,
2388 1607 2516 1678 quia
2534 1607 2696 1662 Pater
2719 1607 2775 1661 in
2798 1604 2939 1660 Filio
2959 1604 3141 1661 omnia
3164 1604 3312 1671 fecit,
3336 1602 3480 1660 sicut
3495 1603 3767 1672 Pmpheta

2158 1701 2236 1755 ait
2260 1701 2328 1755 ad
2379 1699 2791 1757 Deum:0umia
2836 1699 2891 1753 in
2936 1699 3195 1771 sapientia
3234 1699 3426 1770 fecisti.
3470 1697 3576 1754 Alii
3613 1697 3770 1754 dixe-

458 1799 623 1853 erexit
648 1795 865 1852 caudam
888 1811 1038 1849 suam
1057 1803 1442 1864 utcypressum,
1464 1788 1557 1843 ubi
1574 1788 1869 1844 elationem
1895 1800 2049 1840 men-

2165 1804 2284 1851 runt
2319 1812 2333 1850 :
2358 1792 2482 1866 Ipse
2506 1807 2579 1849 est
2608 1795 2814 1849 initium
2841 1792 3073 1867 ﬁgmenti
3102 1792 3316 1848 Domini
3344 1808 3366 1847 :
3390 1791 3536 1862 quod
3569 1790 3765 1846 illuda-

459 1891 529 1946 tis
558 1903 746 1947 eorum
764 1888 815 1943 in
838 1886 1121 1944 excelsum
1148 1881 1613 1955 signiticaverunt,
1638 1879 1781 1934 hanc
1800 1877 2053 1933 arborem

457 1981 813 2049 nominando,
869 1994 991 2051 qua:
1036 1976 1139 2034 sub
1194 1990 1307 2033 uno
1335 1975 1545 2047 stipite,
1576 1986 1811 2045 procero
1840 1970 2057 2042 fastigio

455 2078 511 2134 in
541 2076 709 2132 altum
741 2071 1058 2145 porrigitur.

530 2169 691 2226 Nervi
714 2165 1064 2223 testiculorum
1119 2166 1230 2234 ejus
1270 2162 1503 2236 perplexi
1547 2167 1688 2216 sunt.
1717 2159 1775 2215 In
1829 2157 2052 2224 nervis,

460 2264 676 2321 vincula
706 2261 952 2334 qua-dam
1008 2259 1307 2315 fortissima
1338 2273 1402 2314 ac
1444 2256 1764 2312 illecebrosa
1814 2252 2059 2321 volupta-

456 2368 571 2413 tum
599 2355 795 2428 quibus
816 2352 1069 2409 homines
1097 2351 1351 2408 carnales
1380 2349 1645 2418 implicat,
1676 2346 1864 2403 dicere
1908 2342 2057 2399 vide-

460 2460 551 2504 tur
578 2446 733 2514 mihi,
765 2445 835 2502 de
856 2444 1048 2515 quibus
1080 2444 1224 2499 vitiis
1249 2452 1306 2499 et
1331 2440 1598 2512 propheta
1627 2439 1854 2509 culpans
1880 2434 2055 2491 homi-

457 2556 557 2598 nes
611 2540 753 2595 inter
778 2546 974 2594 caatera
1003 2538 1103 2603 ait,
1133 2535 1207 2591 ita
1254 2534 1479 2591 dicens:
1505 2531 1837 2587 Declinantes
1886 2537 2057 2583 autent

458 2637 530 2691 ad
553 2632 1029 2707 obligationesutbi
1060 2630 1378 2702 simpliciter
1404 2643 1541 2700 pene
1563 2623 2055 2696 inexstinguibilem

456 2731 790 2799 voluptatem
821 2727 878 2783 in
906 2725 1166 2783 membris
1207 2722 1459 2779 humanis
1483 2737 1512 2775 a
1543 2719 1812 2792 propheta
1854 2715 2057 2787 signilio

459 2824 574 2881 cari
602 2834 754 2893 puto,
785 2822 872 2878 cui
900 2818 1164 2892 voluptati
1192 2833 1321 2874 caro
1351 2824 1535 2872 nostra
1563 2814 1774 2885 captiva
1802 2827 2056 2867 succum-

459 2918 638 2985 beret,
670 2917 772 2972 nisi
793 2915 948 2986 juxta
975 2913 1299 2985 Apostolum
1328 2911 1423 2967 Dei
1457 2908 1632 2981 gratia
1656 2905 2001 2962 subveniret.

538 3011 671 3066 Ossa
698 3012 810 3081 ejus
837 3006 969 3063 velut
992 3004 1180 3077 ﬁstula:
1199 3004 1341 3070 teris,
1368 3000 1622 3073 cartilago
1643 2999 1785 3054 illius
1806 2997 1957 3069 quasi
1982 2997 2059 3051 la-

462 3106 619 3160 mitur:
639 3104 834 3175 {ei-rete.
872 3100 963 3156 llis
993 3100 1363 3157 membrorum
1422 3093 1733 3152 nominibus
1765 3090 2055 3156 indicatur,

2160 1894 2249 1942 tur
2304 1886 2372 1941 ab
2413 1886 2619 1957 angelis
2668 1885 2821 1956 ejus,
2870 1884 2923 1940 id
2952 1892 3060 1951 est,
3100 1883 3329 1939 sanctis.
3370 1878 3460 1938 'Ab
3517 1882 3603 1938 his
3633 1897 3766 1953 ergo

2158 1980 2425 2047 illuditur,
2475 1980 2695 2051 quando
2749 1994 2850 2050 per
2887 1978 3117 2050 gratiam
3175 1980 3351 2033 sancti
3398 1974 3661 2046 Spiritus,
3712 1986 3770 2034 et

2159 2073 2413 2131 meritum
2443 2072 2749 2128 sanctitatis
2776 2073 2857 2127 eis
2878 2069 3155 2136 subditur,
3187 2078 3244 2126 et
3295 2069 3646 2125 invocatione
3672 2082 3771 2123 no-

2160 2167 2322 2223 minis
2347 2164 2550 2223 Citriin
2570 2166 2639 2221 ab
2689 2164 2933 2221 obsessis
2978 2162 3301 2234 corporibus
3349 2160 3642 2232 et'fugatur.
3686 2161 3769 2218 Ab

2159 2261 2241 2318 eis
2263 2260 2450 2330 utique
2476 2259 2565 2330 qui
2590 2257 2927 2328 deponentes
2948 2269 3169 2312 omnem
3188 2255 3451 2311 malitiam
3473 2264 3527 2310 et
3547 2268 3767 2309 omnem

2161 2352 2370 2417 dolum,
2395 2359 2447 2406 et
2497 2349 2929 2414 simulationem,
2981 2346 3281 2405 secundum
3333 2346 3549 2413 Isaiam,
3601 2346 3771 2419 geniti

2160 2444 2396 2501 infantes
2425 2443 2480 2499 in
2509 2441 2728 2498 Christo
2761 2450 2912 2510 sunt,
2947 2441 3017 2498 de
3036 2442 3235 2513 quibus
3264 2440 3612 2512 prophetavit
3646 2454 3771 2496 cum

2160 2540 2361 2594 virtute
2412 2537 2602 2609 gratiae
2647 2534 2851 2590 Christi
2906 2544 3097 2590 contra
3145 2532 3524 2590 adversarium
3577 2547 3772 2589 eorum

2161 2631 2432 2687 diabolum
2456 2629 2513 2684 in
2544 2628 2737 2699 spiritu
2760 2627 3141 2699 providentius,
3184 2625 3372 2682 dicens
3399 2644 3412 2679 :
3437 2625 3505 2680 Et
3532 2624 3776 2681 delecta-

2160 2726 2305 2783 bitur
2324 2725 2499 2780 infans
2529 2723 2597 2779 ab
2626 2724 2823 2791 ubere,
2851 2737 3017 2792 super
3055 2721 3318 2777 foramina
3350 2718 3587 2791 aSpidis,
3621 2728 3678 2774 et
3719 2722 3770 2775 in

2161 2835 2445 2876 cavernam
2478 2817 2673 2890 reguli,
2697 2818 2790 2887 qui
2821 2817 3125 2873 ablactatus
3146 2815 3331 2884 fuerit,
3361 2831 3585 2870 manum
3614 2829 3774 2871 suam

2162 2914 2357 2970 mittet.
2391 2912 2757 2977 EtDontinns,
2780 2925 2901 2967 cum
2930 2910 2999 2966 dc
3027 2909 3147 2981 ejus
3165 2918 3281 2965 toto
3307 2924 3542 2980 corpore
3572 2909 3769 2980 loque-

2161 3017 2332 3076 retur,
2358 3007 2433 3062 ait
2455 3007 2522 3062 ad
2547 3021 2665 3074 eos,
2690 3020 2822 3077 quos
2844 3005 3165 3060 innocentes
3183 3012 3238 3059 et
3266 3002 3524 3075 parvulos
3543 2996 3771 3068 fecerat,

2165 3102 2356 3156 dicens
2388 3118 2400 3152 :
2434 3096 2570 3153 Ecce
2597 3088 2739 3153 dedit
2792 3098 2934 3152 robis
2974 3104 3278 3167 potestatem
3332 3095 3574 3149 calcandi
3615 3110 3775 3166 super

462 3198 610 3270 quod
637 3196 886 3253 diabolus
909 3211 1033 3252 cum
1056 3196 1170 3252 suis
1198 3194 1369 3250 durus
1395 3192 1487 3259 sit,
1537 3189 1765 3261 rigidus,
1813 3187 2059 3258 pertinax
2087 3189 2134 3254 (ι
2164 3200 2425 3261 serpentes
2453 3199 2500 3245 et
2529 3190 2845 3260 scorpiones,
2877 3199 2923 3243 ct
2951 3186 3085 3242 nihil
3115 3187 3255 3242 vobis
3285 3186 3564 3241 nocebunt.

464 3303 521 3347 et
567 3289 901 3346 inﬂexibilis.
958 3290 1017 3344 In
1070 3287 1286 3344 ossibus
1337 3297 1572 3354 namque
1622 3289 1677 3336 et
1718 3278 2059 3349 cartilagine,

462 3385 609 3439 intus
642 3392 696 3439 et
725 3381 880 3446 foris,
914 3382 968 3436 in
996 3378 1327 3451 cogitatione
1354 3375 1616 3431 videlicet
1641 3382 1696 3428 et
1721 3387 1910 3441 opere,
1939 3386 2063 3441 per-

459 3476 607 3532 fecta
633 3475 752 3545 ejus
774 3472 1182 3529 demonstratur
1207 3468 1437 3524 malitia.
1466 3463 1619 3534 Quod
1649 3473 1828 3519 autem
1857 3462 2062 3518 dictum

463 3576 567 3633 est,
593 3567 858 3637 cartilago
887 3564 1005 3635 ejus
1028 3563 1185 3634 quasi
1203 3562 1418 3617 laminae
1443 3561 1654 3627 ferrem,
1675 3560 1768 3616 alii
1784 3560 2059 3625 dixerunt,

466 3661 648 3732 Spinte
690 3662 805 3731 ejus
844 3656 1044 3727 ferrum
1094 3662 1166 3709 est
1200 3653 1354 3725 fusile
1385 3661 1489 3709 :ttt
1534 3651 1886 3721 intelligatur,
1936 3648 2063 3720 quia

462 3764 760 3821 numquam
787 3762 848 3804 se
899 3745 1151 3802 diabolus
1198 3759 1295 3816 per
1347 3743 1718 3817 ptenitcntiatn
1747 3741 1861 3798 Deo
1889 3740 2065 3796 Immi-

465 3840 700 3898 liaverit.

539 3931 665 4003 Ipse
691 3938 766 3986 est
806 3928 1125 4001 principium
1178 3928 1379 3984 ciarum
1427 3925 1547 3983 Dei.
1601 3926 1701 3994 Qui
1757 3926 1877 3997 fecit
1904 3942 2062 3994 eum,

465 4024 749 4099 applicabit
777 4022 1015 4097 gladium
1044 4025 1177 4095 ejus.
1224 4024 1339 4080 Hoc
1369 4023 1421 4078 in
1452 4022 1576 4078 loco
1628 4023 1716 4077 hic
1763 4036 1887 4078 esse
1932 4019 2065 4076 mihi

468 4119 684 4175 videtur
736 4130 950 4182 sensus,
1001 4116 1144 4187 quod
1201 4115 1270 4171 ad
1302 4116 1417 4171 vias
1459 4116 1551 4172 Dei
1600 4114 1974 4183 ambulandas,
2009 4122 2065 4170 et

468 4227 572 4284 per
626 4209 992 4267 obedientiam
1046 4218 1321 4281 prtecepta
1369 4207 1651 4265 Dominica
1701 4208 2063 4276 observanda,

472 4306 561 4361 hic
588 4305 732 4361 inter
758 4311 985 4359 caeteras
1015 4311 1297 4359 creaturas
1326 4303 1536 4374 primus
1566 4319 1595 4358 a
1646 4302 1759 4359 Deo
1813 4304 1886 4358 sit
1934 4317 2064 4359 con-

471 4398 644 4465 ditus,
665 4406 721 4454 et
746 4396 874 4453 inde
899 4396 1103 4452 dictum
1137 4397 1229 4462 sit,
1258 4397 1376 4468 ipse
1398 4396 1723 4469 principium
1753 4403 1837 4452 est
1854 4394 2062 4451 viarum

467 4490 707 4547 Domini.
732 4488 864 4545 Nam
888 4488 942 4544 in
976 4488 1266 4545 Ezechiele
1312 4488 1580 4562 prepheta
1608 4489 1660 4544 in
1708 4488 1885 4559 capite
1930 4488 2064 4559 lapi-

2236 3283 2380 3339 Huic
2406 3292 2602 3337 montes
2653 3280 2838 3336 herbas
2869 3284 3062 3352 ferunt.
3111 3278 3301 3333 Omnes
3343 3279 3518 3333 bestia:
3546 3278 3663 3350 agri
3688 3280 3770 3334 lue

2164 3376 2283 3430 dent
2312 3377 2402 3432 ibi.
2452 3374 2519 3429 lli
2550 3383 2763 3430 montes
2802 3375 2857 3428 in
2902 3372 3122 3428 climate
3150 3371 3423 3444 aquilonis
3482 3372 3773 3428 constituti

2162 3482 2312 3537 sunt,
2335 3470 2425 3526 ubi
2448 3469 2717 3541 superbus
2740 3467 2990 3524 diabolus
3003 3466 3195 3522 sedere
3217 3464 3442 3532 sedicit,
3468 3466 3764 3537 inquiens:

2165 3562 2467 3620 Ascendam
2492 3577 2658 3632 super
2679 3559 3025 3616 altitudinem
3055 3559 3297 3626 nubium,
3328 3573 3428 3614 ero
3453 3558 3653 3614 similis
3677 3558 3771 3612 Al-

2167 3657 2400 3713 tissimo.
2443 3657 2594 3727 Quos
2616 3653 3149 3725 montes,'superbos
3181 3667 3430 3725 quosque
3459 3662 3513 3708 et
3535 3652 3766 3708 nimium

2167 3736 2338 3807 elatos
2362 3749 2641 3816 homines,
2682 3763 2747 3804 ac
2776 3757 3046 3804 tumorem
3072 3745 3257 3803 cordis
3286 3746 3432 3801 illius
3462 3744 3768 3817 imitantes,

2168 3860 2280 3901 non
2301 3844 2542 3900 absurde
2567 3844 2858 3899 sentimus.
2909 3842 2967 3897 In
3001 3842 3088 3898 his
3114 3841 3278 3913 igitur
3307 3838 3586 3906 habitans,
3634 3850 3775 3896 tem-

2164 3939 2440 4010 porariam
2465 3938 2890 4010 jucunditatem,
2921 3952 3042 4009 qua:
3064 3936 3358 3993 herbarum
3385 3934 3660 3991 vocabulo
3673 3951 3774 4006 ap-

2164 4031 2363 4101 pellata
2387 4038 2502 4095 est,
2551 4031 2607 4086 in
2637 4030 2718 4087 eis
2743 4030 3079 4101 depascitur,
3110 4037 3166 4085 et
3196 4028 3251 4083 in
3276 4027 3421 4083 malo
3451 4026 3682 4083 virentis
3712 4040 3774 4082 ac

2164 4122 2401 4194 vigentis
2440 4124 2495 4178 in
2527 4123 2608 4179 eis
2651 4123 2955 4195 voluptatis
2987 4124 3168 4180 noxia:
3197 4121 3523 4188 delectatur,
3568 4122 3625 4176 in
3653 4121 3774 4194 qui-

2164 4212 2267 4270 bus
2294 4211 2457 4269 etiam
2494 4213 2776 4270 utentibus
2821 4214 3023 4270 omnes’
3038 4214 3228 4270 bestia:
3263 4212 3380 4285 agri
3405 4212 3623 4269 indunt.
3672 4211 3772 4268 Be-

2164 4309 2288 4364 stia:
2327 4307 2448 4364 ista:
2477 4310 2611 4365 socii
2662 4318 2793 4366 sunt
2830 4318 2887 4366 et
2916 4307 3155 4365 ministri
3178 4306 3427 4363 diaboli:
3468 4307 3540 4363 de
3577 4305 3773 4377 quibus

2166 4401 2243 4456 ait
2280 4401 2565 4473 propheta,
2601 4416 2764 4459 orans
2804 4402 2873 4458 ad
2906 4401 3104 4458 Deum:
3144 4399 3226 4456 Ne
3253 4399 3432 4455 tradas
3460 4401 3638 4455 bestiis
3659 4399 3773 4453 ani-

2175 4509 2310 4548 mam
2333 4495 2662 4565 conﬁtentem
2687 4493 2801 4548 tibi.
2834 4492 2982 4564 Ager
3010 4507 3142 4549 vero
3164 4493 3257 4548 hic
3287 4491 3521 4549 mundus
3552 4502 3664 4561 est,
3686 4506 3773 4548 se-

467 4587 595 4643 dutn
622 4585 913 4656 ignitorum
944 4583 1203 4650 refertur,
1227 4583 1373 4655 quod
1402 4584 1608 4655 primus
1633 4582 1795 4639 fuerit
1820 4582 2060 4642 omnium
2091 4575 2141 4636 D
2167 4584 2403 4640 cundum
2438 4586 2823 4642 auctoritatem
2854 4585 3092 4652 Domini,
3127 4600 3233 4656 qua
3283 4584 3416 4640 dicit
3448 4585 3500 4639 in
3524 4582 3773 4655 Evange-

466 4678 809 4752 angelorum,
827 4685 882 4733 et
904 4692 1108 4733 corona
1141 4677 1195 4732 in
1227 4692 1389 4732 manu
1418 4676 1654 4732 Domini.
1687 4676 1813 4733 Sive
1857 4677 1929 4732 ita
1957 4674 2063 4732 dici

461 4778 663 4840 potest,
682 4778 739 4825 ut
766 4768 820 4825 in
844 4767 935 4824 illa
962 4768 1268 4824 aeternitate
1288 4784 1385 4825 sua
1407 4768 1550 4824 Deus
1582 4784 1800 4839 semper
1812 4782 2059 4836 manens,

464 4862 618 4933 quasi
645 4876 900 4933 egressus
930 4861 985 4917 in
1015 4862 1274 4917 facturam
1329 4868 1702 4917 creaturarum
1730 4861 1944 4916 videtur
1963 4902 1978 4928 ,
2006 4870 2061 4917 et

462 4954 549 5010 lue
578 4954 687 5010 sint
719 4954 820 5009 via:
855 4954 1012 5025 ejus,
1044 4962 1105 5009 ut
1136 4953 1426 5010 invisibilia
1455 4969 1522 5009 ex
1550 4952 1856 5010 visibilibus
1890 4968 2061 5025 appa-

462 5052 669 5103 rerent.
696 5045 821 5102 Sive
851 5060 1193 5117 unaquaeque
1221 5054 1468 5100 creatura
1500 5043 1586 5098 via
1646 5044 1743 5100 Dei
1803 5053 1908 5113 est,
1961 5059 2059 5116 per

464 5154 625 5209 quam
653 5138 721 5193 ad
750 5137 845 5193 Dei
877 5138 989 5192 itur
1013 5136 1401 5208 cognitionem,
1429 5135 1558 5191 dum
1616 5135 1830 5207 cognita
1874 5136 1943 5193 ab
1990 5152 2057 5194 eo
2096 5188 2099 5195 .

460 5234 828 5307 cognoscitur.
863 5233 992 5290 Sive
1015 5235 1118 5290 vite
1147 5233 1245 5289 Dei
1276 5233 1384 5290 illae
1410 5241 1560 5298 sunt,
1593 5234 1814 5304 quando
1840 5233 2063 5288 cuilibet

451 5337 721 5384 creaturas
748 5324 1084 5390 rationabili,
1112 5324 1258 5382 Deus
1285 5326 1439 5397 quasi
1482 5323 1550 5381 ad
1573 5341 1691 5382 eam
1715 5327 1940 5384 veniens
1968 5327 2052 5383 in-

452 5419 715 5476 notescit.
745 5418 985 5474 Proinde
1014 5417 1102 5473 hic
1128 5417 1431 5474 Behemoth
1486 5418 1812 5491 principium
1842 5421 2049 5478 viarum

448 5511 551 5569 Dei
590 5511 812 5581 dicitur,
840 5525 906 5567 eo
926 5510 1073 5582 quod
1105 5510 1314 5582 primus
1361 5511 1559 5578 factus,
1589 5512 1684 5567 Del
1730 5514 1814 5569 sui
1867 5514 2056 5583 cogni-
2086 5544 2093 5551 -

451 5605 710 5661 tionema
739 5617 848 5672 quo
875 5603 1127 5658 conditus
1158 5609 1245 5658 est
1269 5603 1502 5674 accepit.
1560 5602 1823 5661 Dominus
1870 5615 2051 5661 autem

455 5694 713 5752 Christus
745 5696 797 5751 in
827 5696 1094 5766 principio
1124 5696 1332 5751 viarum
1375 5696 1474 5754 Dei
1521 5707 1739 5754 creatus
1784 5698 2016 5756 refertur
2039 5740 2055 5767 ,

460 5793 521 5845 ut
551 5802 580 5843 a
627 5787 1031 5843 reconciliando
1074 5787 1332 5845 mundum
1382 5804 1480 5860 per
1520 5791 1839 5862 sanguinem
1870 5807 2062 5865 suum,

2170 4678 2280 4734 lio:
2313 4679 2449 4751 Ager
2494 4688 2668 4735 autem
2720 4686 2795 4734 est
2833 4678 3211 4749 hichundus.
3244 4676 3303 4733 In
3349 4676 3547 4733 talibus
3601 4677 3765 4748 igitur

2169 4774 2470 4838 montibus,
2506 4774 2597 4843 qui
2621 4772 2821 4830 herbas
2862 4774 3114 4841 luxuriae,
3146 4790 3258 4829 non
3296 4773 3524 4828 arbores
3575 4770 3767 4827 fructi-

2167 4862 2313 4919 feras
2344 4864 2549 4931 ferunt,
2577 4865 2661 4920 ba:
2701 4865 2892 4921 bestiae
2917 4906 2932 4932 ,
2983 4865 3318 4921 adversaria:
3361 4862 3621 4919 videlicet
3675 4876 3769 4933 po-

2171 4962 2421 5022 testates,
2439 4970 2544 5010 non
2567 4954 2829 5012 habentes
2850 4956 3088 5027 rigorem
3115 4955 3399 5023 virtutum,
3417 4953 3767 5010 luduntﬂuxa

2170 5047 2496 5119 lasciviaque
2516 5048 2770 5104 vitiorum
2787 5093 2801 5117 ,
2827 5050 2956 5105 etin
2977 5049 3229 5105 omnibus
3252 5063 3439 5105 eorum
3466 5046 3761 5115 montibus,

2171 5139 2225 5194 in
2261 5139 2561 5196 sceleribus
2588 5155 2653 5196 ac
2689 5139 2944 5197 nefandis
2987 5140 3308 5197 criminibus
3357 5138 3617 5196 videlicet
3663 5138 3767 5210 glo~

2171 5232 2402 5289 riantur.
2448 5233 2555 5289 Alii
2596 5234 2664 5290 de
2706 5235 2808 5290 hoc
2839 5234 2961 5291 loco
2982 5234 3240 5292 dixerunt
3266 5253 3277 5287 :
3307 5233 3664 5289 Ascenderunt
3714 5233 3765 5286 in

2173 5335 2395 5381 montem
2420 5336 2785 5402 prteruptum:
2831 5329 2950 5401 fecit
2980 5330 3235 5400 gaudium
3257 5327 3679 5400 quadrupedibus
3711 5325 3765 5379 in

2176 5426 2392 5473 tartara.
2445 5420 2685 5476 Montem
2717 5431 3055 5491 praeruptum
3078 5420 3251 5492 ipsius
3277 5414 3554 5491 Superbiae
3583 5418 3765 5474 diabo-

2169 5512 2292 5570 licae
2321 5515 2584 5571 verticem
2611 5515 2980 5586 significatum
3012 5523 3161 5586 puto,
3184 5516 3240 5570 in
3261 5530 3423 5586 quem
3448 5513 3678 5569 nimium
3705 5524 3764 5568 se

2176 5608 2457 5679 extulerit,
2492 5609 2567 5664 ita
2596 5617 2655 5664 ut
2683 5609 2752 5665 de
2772 5623 2840 5666 eo
2869 5626 3044 5682 usque
3066 5609 3121 5666 in
3150 5610 3256 5666 ima
3277 5610 3539 5667 caderent
3562 5608 3764 5665 infero-

2173 5718 2317 5760 rum.
2364 5702 2520 5760 Fecit
2542 5718 2672 5775 ergo
2693 5703 2972 5774 gaudium,
3007 5703 3062 5760 id
3091 5713 3196 5771 est,
3245 5703 3396 5761 dedit
3434 5700 3762 5760 consolatio-

2173 5810 2320 5869 nem,
2342 5796 2426 5854 vel
2451 5795 2916 5869 hisquisuperbiae
2929 5795 3047 5869 ejus
3067 5798 3499 5867 consentientes,
3523 5796 3593 5853 de
3606 5792 3757 5853 caelis
