3980 6332
239 377 352 433 783

1180 378 1667 436 COMMENTARII
1706 378 1772 436 1N
1809 376 2068 435 Ltenuu
2105 378 2247 437 JOB.
2286 350 2445 438 cap.
2484 381 2598 437 XL.

3433 386 3538 445 786

238 493 407 563 ejecti
436 500 566 549 sunt
586 492 803 548 tartaris
832 493 1127 564 deputandi
1154 535 1170 561 ,
1213 494 1301 550 vel
1321 494 1407 549 bis
1437 495 1838 564 peccatoribus,
1867 496 1918 556 Α
1944 495 2136 568 ipsum.
2167 470 2302 552 ll‘uic
2341 511 2473 568 ergo
2503 497 2703 568 ﬂuvio,
2733 496 2970 555 humano
2994 499 3246 558 videlicet
3267 503 3452 575 generi
3484 504 3542 561 in

243 586 344 656 qui
378 601 476 656 per
502 581 625 641 eum
659 585 713 639 in
737 584 1002 655 profunda
1030 586 1186 642 inferi
1218 597 1563 654 corruerunt,
1596 587 1843 658 subque-

240 694 367 735 rum
405 692 636 749 persona
663 677 730 733 ad
762 678 939 748 ipsum
964 678 1266 734 dmmouum
1293 678 1592 750 principem
1621 680 1693 734 ita
1727 694 1844 735 ser-

240 785 339 827 mo
370 769 725 842 propheticus
751 771 1025 839 loquitur:
1058 770 1127 827 Et
1150 781 1205 827 tu
1233 773 1534 828 vulneratus
1562 789 1613 828 es
1640 774 1772 827 sicut
1797 783 1845 827 et

242 882 366 931 nos,
391 866 682 935 nostrisque
712 864 896 922 similis
924 870 1094 939 factus
1115 884 1188 923 es.
1223 868 1471 924 Detracta
1502 880 1586 924 est
1610 868 1676 924 ad
1704 869 1839 925 infe-

242 977 345 1019 res
374 962 629 1034 superbia
657 971 768 1031 tua,
800 963 1041 1019 concidit
1067 964 1298 1020 cadaver
1322 975 1472 1020 tuum
1503 984 1516 1020 :
1549 963 1681 1020 fecit
1708 978 1845 1035 gau-

242 1055 401 1112 dium
433 1054 895 1126 quadrupedibus,
928 1067 984 1110 ut
1010 1055 1213 1111 dictum
1235 1066 1343 1122 est,
1371 1056 1423 1111 id
1453 1064 1556 1123 est,
1592 1063 1846 1127 peccato-

240 1149 424 1217 ribus,
458 1149 551 1220 qui
581 1149 634 1203 in
663 1158 861 1205 terram
895 1151 1050 1219 proni
1082 1164 1178 1206 seu
1206 1159 1491 1222 vergentes
1523 1151 1578 1206 iu
1615 1158 1843 1220 tartara,

244 1243 453 1299 coelum
484 1242 767 1313 suspicere
797 1257 903 1298 nou
933 1251 1187 1314 possunt.

320 1336 430 1392 Sub
456 1336 636 1391 umbra
662 1336 853 1391 dormit
865 1338 918 1391 in
938 1348 1130 1393 secreto
1143 1338 1355 1407 calami,
1385 1340 1441 1394 in
1471 1340 1598 1394 locis
1623 1340 1844 1393 humen-

240 1429 409 1484 tibus.
465 1428 620 1498 Quod
654 1429 863 1485 umbrae
889 1444 1184 1501 corporum
1214 1430 1346 1498 sint,
1398 1446 1557 1486 uento
1586 1430 1799 1486 dubitat
1826 1445 1842 1490 :

240 1521 345 1578 sed
374 1522 567 1577 umbra
611 1521 665 1576 in
693 1521 995 1593 Scripturis
1029 1524 1224 1579 divinis
1254 1524 1547 1594 aliquando
1598 1526 1841 1594 requies,

241 1623 303 1671 et
328 1612 674 1685 refrigerium
702 1613 1029 1687 intelligitur
1052 1657 1069 1685 ,
1125 1616 1423 1688 aliquando
1455 1632 1653 1688 ptente.
1687 1616 1847 1673 Unde

242 1708 448 1765 dicitur
469 1749 486 1776 ,
520 1706 704 1762 umbra
724 1710 925 1764 mortis.
982 1709 1289 1780 Aliquando
1322 1710 1529 1766 umbrte
1552 1751 1566 1775 ,
1618 1717 1846 1780 peccata

244 1816 372 1857 esse
396 1799 728 1865 referuntur,
758 1816 879 1871 qum
922 1808 1192 1870 tamquam
1220 1803 1410 1858 umbra
1465 1801 1721 1871 corpori,
1774 1802 1847 1854 ita

1945 586 2051 642 ima
2083 596 2248 659 atque
2279 587 2562 653 inferiora,
2593 604 2749 646 more
2772 589 3010 647 ﬂuminis
3044 590 3356 662 detinentis,
3398 595 3543 651 desi~

1945 679 2097 735 deria
2127 680 2927 752 cupiditatum,delectationis,
2963 688 3360 759 praesentisque
3387 704 3546 743 amo-

1944 787 2060 827 rem
2091 773 2387 841 mundi,ita
2412 774 2674 841 insinuat,
2693 786 2751 831 ut
2779 792 2903 832 eum
2934 778 3233 837 absorbere
3262 783 3455 852 possit,
3486 791 3543 839 et

1944 866 2095 922 velut
2120 868 2323 923 inieras
2363 868 2630 940 deglutire
2661 887 2674 936 ;
2708 871 2789 927 sic
2834 887 3069 943 namque
3114 873 3416 930 humanum
3449 891 3543 947 ge-

1947 975 2050 1014 nus
2081 976 2320 1031 praeceps
2346 962 2398 1017 in
2428 962 2739 1032 supradicta
2776 965 2905 1021 vitia
2933 965 3158 1038 deﬂuet,
3185 977 3244 1023 ut
3269 969 3441 1039 possit
3470 971 3540 1025 ab

1946 1050 2166 1106 inimico
2196 1051 2355 1109 facile
2402 1054 2677 1109 devorari.
2706 1054 2861 1123 Quod
2914 1068 3096 1114 autem
3127 1058 3202 1115 ait
3233 1078 3246 1114 :
3277 1060 3448 1115 Habet
3469 1062 3540 1131 Ιί-
3568 1086 3573 1091 ο

1948 1145 2161 1199 duciam
2191 1147 2332 1217 quod
2379 1148 2567 1217 inﬂuat
2618 1148 2871 1204 Jordanis
2919 1151 2973 1205 in
3001 1168 3058 1205 os
3106 1152 3543 1222 ejus:Jordanis

1948 1236 2144 1292 ﬂuvius
2174 1280 2190 1306 ,
2239 1236 2496 1307 baptismi
2553 1240 2800 1295 continet
2842 1253 3242 1299 sacramentum
3284 1244 3455 1311 ;dum
3485 1245 3539 1300 in

1946 1330 2069 1400 ipso
2112 1331 2364 1386 Christus
2418 1331 2682 1387 Dominus
2732 1333 3035 1402 baptizatur
3084 1376 3100 1399 ,
3146 1347 3392 1392 nostrum
3448 1338 3542 1393 ba-

1947 1424 2147 1494 ptisma
2176 1431 2555 1479 consecratum
2586 1433 2691 1480 est.
2739 1425 2911 1495 Cujus
2951 1426 3251 1484 secundum
3282 1430 3542 1500 mysticos

1948 1517 2279 1587 intellectus,
2308 1527 2523 1574 montes
2568 1526 2625 1574 et
2651 1518 2849 1588 colles,
2877 1521 3101 1589 arietes,
3129 1531 3184 1577 et
3206 1523 3330 1593 agni
3361 1523 3541 1578 ovium

1948 1612 2227 1666 exsultant
2256 1628 2285 1666 a
2311 1610 2449 1668 facie
2510 1613 2603 1668 Dei
2642 1612 2840 1680 Jacob,
2880 1614 2971 1685 qui
2995 1614 3183 1685 junior
3212 1615 3381 1673 frater
3426 1631 3546 1673 crc-

1948 1706 2148 1773 dendo,
2177 1705 2452 1762 seniorem
2478 1706 2701 1762 fratrem
2751 1708 3092 1765 incredulum
3146 1709 3545 1781 supplantavit.

1951 1800 2029 1855 De
2048 1799 2201 1869 cujus
2221 1798 2477 1854 Jordauis
2499 1807 2665 1867 terra,
2693 1798 2746 1854 id
2777 1809 2862 1855 est
2886 1799 3161 1870 Ecclesia,
3182 1802 3450 1872 propheta
3476 1817 3544 1857 ex

243 1894 416 1950 morti
441 1892 617 1947 vicina
644 1892 771 1947 sint.
821 1892 878 1947 In
912 1893 1150 1963 peccatis
1178 1907 1310 1965 ergo
1333 1891 1582 1948 diabolus
1611 1891 1843 1960 habitat,
1875 1878 1925 1939 Β
1953 1907 2182 1963 persona
2234 1890 2508 1947 credentis
2553 1906 2613 1947 se
2653 1890 2787 1947 dicit
2831 1892 3121 1948 Dominum
3165 1894 3467 1950 recordari.
3498 1892 3543 1949 A

243 1998 304 2042 et
359 1984 659 2054 requiescit
708 1985 761 2040 in
794 1992 1011 2041 secreto
1047 1985 1441 2056 cogitationum
1471 2026 1485 2048 ,
1528 1985 1644 2040 sive
1680 1983 1845 2040 etiam

243 2079 563 2136 lumborum
591 2099 604 2135 :
637 2076 781 2133 unde
807 2078 1294 2133 etlocahumentia
1325 2076 1690 2149 appellantur.
1720 2075 1849 2133 Sive

250 2174 309 2228 in
340 2170 590 2236 secretis,
614 2169 669 2225 id
692 2178 797 2239 est,
830 2170 883 2224 in
911 2167 1249 2225 absconditis
1281 2168 1399 2235 Dei,
1434 2182 1555 2237 quae
1576 2167 1719 2222 Deus
1744 2166 1850 2220 uti-

245 2280 356 2337 que
384 2279 490 2319 non
507 2262 759 2334 requirit,
788 2274 843 2319 et
866 2264 1015 2319 velut
1038 2278 1098 2319 se
1126 2262 1347 2333 indigna
1380 2276 1489 2318 non
1522 2261 1744 2316 visitat:
1775 2259 1844 2316 de

248 2358 454 2430 quibus
480 2356 814 2413 absconditis
842 2357 1108 2428 prepheta
1125 2358 1198 2412 ait
1221 2357 1287 2412 ad
1313 2357 1512 2413 Deum:
1531 2355 1612 2411 De
1635 2355 1851 2411 abscon-

249 2453 379 2507 ditis
407 2454 507 2507 tuis
530 2450 844 2525 adimpletus
874 2462 946 2507 est
990 2459 1164 2506 venter
1216 2468 1414 2505 eorum.
1458 2451 1688 2506 Peccata
1718 2463 1851 2521 ergo

248 2554 530 2617 tamquam
562 2545 799 2600 tenebrae
842 2544 1251 2600 abscondantur
1288 2560 1315 2598 a
1347 2544 1551 2600 lumine
1582 2543 1850 2599 veritatis.

250 2638 406 2706 Sive,
462 2648 517 2693 ut
542 2638 652 2708 jam
683 2638 950 2710 diximus,
983 2639 1105 2695 loco
1139 2647 1350 2694 remoto
1383 2638 1561 2694 cordis
1600 2637 1853 2693 diabolus

251 2730 482 2797 habitat,
514 2731 658 2803 quod
689 2746 784 2787 cor
802 2746 1026 2787 vacuum
1068 2732 1262 2787 timore
1303 2731 1396 2787 Dei
1437 2738 1585 2801 patet
1626 2728 1853 2784 vanitati

250 2834 308 2881 et
327 2824 498 2890 luxui,
521 2832 685 2895 atque
706 2825 943 2880 omnium
966 2824 1237 2881 illecebris
1260 2823 1532 2879 vitiorum.
1553 2821 1679 2877 llaec
1706 2821 1852 2876 enim

250 2918 448 2974 umbra
485 2918 657 2974 solem
702 2919 987 2990 nesciens,
1058 2927 1113 2974 et
1155 2919 1342 2974 calami
1389 2925 1595 2995 secreta
1651 2916 1855 2987 signiti-

252 3022 405 3069 cant.
434 3013 540 3069 Alii
569 3012 859 3069 dixerunt:
896 3013 1005 3070 Sub
1034 3012 1339 3068 omnimodis
1368 3010 1637 3066 arboribus
1663 3008 1854 3064 dormit

253 3120 405 3160 secus
420 3108 673 3177 juncum,
724 3113 771 3161 et
792 3105 1085 3169 calamum,
1128 3112 1177 3157 et
1205 3104 1444 3158 caricem.
1500 3099 1853 3158 Omuimodas

250 3198 482 3255 arbores
509 3200 664 3267 dicit,
697 3214 816 3270 quae
839 3206 1021 3254 tamen
1067 3212 1261 3253 omnes
1294 3196 1642 3251 infructuosae
1690 3204 1849 3260 sunt,

1949 1988 2169 2046 Christo
2222 1986 2411 2057 utique
2458 1994 2643 2042 monte
2688 1985 2904 2042 modico
2949 1987 3246 2058 incipiens,
3294 1988 3388 2058 qui
3420 2001 3544 2057 pro-

1928 2090 2069 2152 pter
2091 2080 2397 2150 passionem
2432 2077 2678 2134 modicus
2701 2076 2877 2133 factus
2898 2086 3003 2144 est,
3028 2080 3333 2134 minoratus
3360 2088 3445 2135 est
3470 2078 3540 2134 ab

1951 2174 2182 2246 angelis,
2209 2172 2516 2230 obediendo
2540 2172 2680 2243 patri
2709 2186 2883 2242 usque
2910 2171 2977 2225 ad
3009 2180 3261 2227 mortem.
3291 2171 3391 2228 Hic
3412 2186 3541 2243 ergo

1951 2266 2255 2326 Behemoth
2307 2267 2473 2322 nimia
2505 2267 2680 2321 elatus
2709 2264 3041 2333 temeritate,
3093 2264 3345 2322 fiduciam
3376 2265 3541 2336 gerit,

1953 2370 2012 2418 ut
2061 2360 2381 2433 prtedictum
2421 2357 2745 2429 Jordanem,
2776 2354 3115 2415 sacramenta
3145 2356 3405 2413 videlicet
3438 2358 3543 2413 Ec-

1953 2460 2139 2515 clesiae
2168 2458 2513 2531 ﬁgurantem,
2541 2470 2638 2512 ore
2664 2468 2764 2510 suo
2793 2452 3027 2518 hauriat,
3059 2460 3115 2508 et
3142 2449 3375 2507 vorandi
3395 2451 3548 2522 cupi-

1954 2553 2079 2616 dus,
2128 2565 2228 2607 suo
2271 2565 2396 2607 eum
2422 2557 2613 2606 ventre
2661 2545 2975 2603 concludat.
3000 2543 3060 2601 Id
3086 2553 3193 2611 est,
3242 2544 3406 2598 etiam
3452 2557 3548 2598 eos
3648 2560 3654 2566 κ

1953 2662 2092 2721 quos
2141 2647 2362 2719 sanguis
2403 2646 2605 2704 Christi
2667 2660 2765 2714 per
2833 2657 3029 2714 aquam
3086 2638 3545 2712 regenerationis,

1954 2756 2116 2812 quam
2158 2740 2414 2796 Jordanis
2436 2740 2616 2813 typice
2645 2736 2943 2808 portendit,
2983 2744 3041 2791 et
3069 2733 3348 2795 ablutione
3374 2729 3549 2802 Spiri-

1957 2841 2046 2888 tus
2075 2833 2248 2888 sancti
2280 2832 2535 2897 redemit,
2560 2832 2630 2888 de
2655 2830 2808 2901 illius
2854 2837 3128 2898 potestate
3156 2841 3221 2884 ac
3250 2824 3548 2881 durissimo

1955 2924 2234 2981 dominatu
2262 2926 2481 2996 qumrit,
2514 2934 2573 2981 ut
2599 2938 2791 2981 rursus
2821 2937 2952 2979 suos
2982 2908 3168 2991 faciat,
3202 2934 3301 2977 seu
3333 2917 3547 2976 occulta

1955 3018 2233 3087 suasione,
2260 3034 2356 3074 seu
2401 3019 2809 3090 oppugnatione
2836 3016 3148 3072 manifesta.

2028 3111 2095 3166 In
2126 3112 2291 3167 oculis
2322 3113 2435 3183 ejus
2477 3111 2628 3183 quasi
2672 3110 2826 3164 Immo
2856 3110 3025 3181 capiet
3053 3124 3190 3163 eum.
3228 3105 3404 3161 Verba
3431 3105 3551 3159 iure

1959 3203 2132 3260 Patris
2156 3203 2225 3260 de
2267 3203 2407 3260 Filio
2459 3211 2588 3258 sunt
2616 3201 2914 3258 secundum
2955 3200 3104 3255 illam
3132 3197 3545 3259 allocutionem,

254 3306 369 3348 non
394 3292 654 3349 habentes
687 3292 974 3349 medullam
1001 3290 1280 3347 charitatis
1309 3290 1429 3359 Dei,
1463 3304 1565 3348 nec
1590 3289 1855 3346 bonorum
1884 3271 1930 3335 Ο
1958 3298 2030 3357 de
2060 3315 2163 3371 qua
2211 3299 2465 3368 superius
2496 3298 2751 3363 diximus,
2776 3294 2870 3355 ubi
2899 3297 2977 3351 ait
3008 3294 3169 3351 Pater
3196 3292 3267 3348 de
3306 3304 3399 3357 eo,
3424 3304 3549 3344 cum

256 3398 487 3455 operum
515 3385 740 3443 fructus.

336 3480 839 3553 Protegzmtumbra:
866 3478 1099 3533 umbram
1126 3478 1261 3550 ejus.
1288 3476 1519 3533 Peccata
1549 3475 1669 3547 ejus
1692 3489 1859 3545 super

263 3574 516 3630 omnium
545 3574 838 3644 impiorum
884 3579 1128 3643 peccata,
1158 3578 1214 3626 et
1240 3570 1544 3639 impietates
1592 3568 1855 3631 eminent,

264 3681 407 3739 quas
442 3664 786 3737 protectione
827 3663 1057 3735 quadam
1100 3661 1322 3718 malitite
1353 3675 1468 3717 suae
1514 3658 1777 3726 defendit,
1807 3668 1863 3715 et

260 3759 532 3829 contegit.
554 3756 663 3813 Alii
694 3757 768 3812 ita
800 3757 1055 3812 dixerunt
1084 3773 1097 3810 :
1130 3753 1491 3809 inumbrantur
1529 3754 1581 3807 in
1614 3768 1672 3807 eo
1709 3753 1862 3806 arbo-

264 3872 353 3911 res
399 3868 646 3925 magum:
692 3852 789 3907 ubi
831 3850 936 3907 hoc
987 3849 1118 3905 mihi
1166 3848 1379 3905 videtur
1431 3847 1671 3912 dixisse,
1716 3845 1860 3917 quod

264 3948 519 4019 quamvis
545 3946 767 4018 maligni
795 3946 1047 4016 Spiritus,
1072 3943 1158 3999 vel
1190 3943 1442 3998 homines
1488 3940 1721 3996 ministri
1745 3940 1861 3995 dia-

263 4041 409 4109 boli,
438 4040 694 4111 superbia
736 4038 850 4095 sint
876 4038 1102 4103 excelsi,
1128 4046 1309 4092 tamen
1365 4043 1586 4107 superet
1628 4049 1722 4090 eos
1750 4049 1865 4088 ma-

270 4132 557 4205 gnitudine
585 4131 909 4188 delictorum
937 4130 1210 4195 diabolus,
1242 4130 1367 4200 quia
1398 4126 1729 4184 scelestioris
1758 4126 1863 4180 cri-

274 4227 445 4284 minis
474 4226 725 4283 invcntor
754 4235 857 4294 est,
878 4242 1041 4298 quam
1067 4225 1303 4280 imitator
1327 4224 1555 4294 peccati.

352 4318 763 4374 Circumdabunt
790 4335 903 4373 eum
931 4319 1115 4373 salices
1145 4316 1410 4371 torrentis.
1452 4316 1580 4372 Sive
1600 4315 1785 4386 stirpes
1815 4321 1866 4368 et

276 4413 589 4483 virgultum,
637 4420 696 4465 ut
741 4410 835 4465 alii
876 4409 1151 4466 dixerunt.
1186 4407 1424 4463 Mundus
1463 4406 1567 4461 iste
1623 4403 1867 4460 mortalis

275 4513 502 4577 propter
550 4503 790 4559 velocem
817 4501 1217 4558 volubilitatem
1273 4514 1450 4567 suam,
1482 4495 1743 4552 torrentis
1765 4509 1867 4549 no-

276 4599 430 4653 mine
455 4596 759 4665 appellatnr
793 4612 806 4649 :
841 4593 980 4649 sicut
1007 4601 1064 4648 et
1093 4591 1356 4663 prepheta
1381 4589 1618 4654 ait,cum
1648 4586 1715 4641 de
1742 4599 1867 4656 pas-

276 4690 436 4744 sione
478 4688 690 4743 Domini
722 4686 1068 4757 pr0pltetaret
1094 4702 1109 4738 :
1138 4682 1216 4737 De
1244 4689 1473 4738 torrente
1500 4680 1555 4734 in
1586 4680 1669 4733 via
1712 4676 1868 4732 bibet.

280 4778 703 4850 Dispensatioue
732 4790 960 4847 namque
988 4773 1080 4829 illa
1110 4789 1214 4845 qua
1238 4772 1307 4828 ad
1336 4786 1437 4827 nos
1468 4769 1655 4825 venire
1676 4767 1871 4839 digna-

280 4882 373 4929 tus
399 4870 502 4935 est,
532 4870 588 4925 in
635 4885 795 4925 cruce
825 4867 1020 4924 mortis
1060 4866 1285 4922 calicem
1318 4864 1477 4930 bibit,
1509 4862 1578 4919 de
1607 4875 1717 4930 quo
1738 4860 1876 4915 dixit

281 4963 353 5019 ad
376 4964 629 5018 Patrem:
661 4962 725 5018 Si
768 4963 884 5033 ﬁeri
910 4969 1097 5034 potest,
1125 4968 1353 5014 transeat
1379 4976 1411 5012 a
1440 4974 1522 5013 me
1568 4954 1708 5012 catis:
1756 4956 1872 5009 iste.

281 5054 460 5125 Hujus
507 5070 638 5125 ergo
688 5052 874 5109 mundi
926 5052 1260 5119 hominibus,
1293 5050 1385 5121 qui
1439 5057 1569 5104 sunt
1623 5046 1877 5102 sensibus

284 5156 634 5221 peccatorum
664 5155 719 5201 et
754 5146 978 5217 perfidia
1009 5143 1342 5200 infidelitatis
1379 5140 1705 5197 amarissimi
1737 5150 1873 5195 tam-

285 5257 447 5315 quam
504 5241 669 5309 folia,
718 5241 931 5296 fructus
992 5239 1258 5295 bonorum
1315 5250 1538 5307 operum
1611 5232 1883 5288 mentien-

288 5332 657 5398 tes,diabolus
682 5330 1074 5399 circumdatur,
1099 5328 1191 5399 qui
1218 5327 1383 5383 etiam
1409 5326 1463 5382 in
1492 5324 1731 5397 collegas
1751 5338 1884 5379 con-

290 5424 633 5494 sortiumque
659 5424 981 5493 junguntur.

366 5516 501 5570 Ecce
530 5515 823 5571 absorbebit
855 5514 1093 5587 ﬂuvium,
1123 5521 1174 5567 et
1199 5527 1305 5566 non
1328 5510 1628 5578 mirabitur,
1651 5515 1699 5565 et
1730 5507 1884 5564 habet

289 5609 544 5682 ﬁduciam
590 5611 727 5679 quod
758 5609 941 5681 inﬂuat
966 5605 1219 5662 Iordanis
1246 5606 1301 5660 in
1332 5621 1390 5659 os
1450 5608 1585 5677 ejus.
1617 5602 1800 5657 Multis
1829 5601 1885 5658 in

290 5705 430 5760 locis
474 5702 911 5773 Scripturarum,
943 5700 1188 5757 fluminis
1216 5697 1438 5753 nomine
1477 5711 1652 5769 genus
1693 5695 1886 5752 huma-

294 5810 424 5851 num
472 5794 770 5865 significari
802 5794 1136 5858 noverimus,
1163 5791 1234 5847 de
1264 5805 1370 5863 quo
1397 5798 1452 5847 et
1472 5790 1590 5861 ipsa
1638 5795 1885 5861 potestas

292 5888 608 5948 adversaria
640 5887 717 5944 ait
752 5903 765 5943 :
807 5882 951 5944 Meus
980 5881 1057 5942 est
1103 5885 1315 5956 ﬂuvius,
1338 5893 1389 5939 et
1416 5900 1512 5955 ego
1552 5884 1652 5955 feci
1676 5890 1890 5939 memet-

1959 3397 2007 3453 ei
2053 3396 2121 3453 de
2146 3395 2362 3451 diabolo
2388 3408 2570 3451 sermo
2597 3400 2778 3449 esset:
2806 3390 2931 3463 Ipse
2956 3400 3030 3445 est
3058 3388 3379 3462 principium
3428 3387 3547 3440 via-

1958 3510 2075 3549 rum
2104 3491 2224 3547 Dei.
2258 3490 2414 3546 Hunc
2454 3489 2617 3559 igitur
2663 3484 2996 3553 Behemoth,
3024 3483 3188 3538 homo
3245 3479 3423 3536 divini
3454 3494 3557 3534 nu-

1960 3584 2126 3642 minis
2160 3597 2325 3640 carne
2372 3579 2614 3636 hominis
2660 3576 2927 3646 assumpti
2975 3574 3232 3641 vestitus,
3270 3572 3325 3627 in
3380 3571 3555 3627 oculis

1963 3678 2084 3748 ejus
2113 3677 2297 3748 capiet
2316 3689 2466 3740 eum,
2499 3672 2678 3743 inquit
2704 3670 2872 3726 Pater
2898 3668 2970 3724 de
2993 3667 3159 3733 Filio,
3192 3664 3337 3737 quod
3364 3664 3557 3722 diabo-

1964 3770 2077 3825 lum
2111 3775 2261 3826 esset
2289 3775 2570 3837 capturus.
2594 3763 2652 3820 lu
2681 3762 2875 3830 oculis,
2908 3761 3005 3829 ait,
3033 3759 3087 3815 id
3114 3767 3198 3816 est
3243 3759 3295 3814 in
3326 3760 3445 3829 ipso
3474 3757 3559 3813 in-

1967 3860 2284 3931 telligentiaz
2314 3858 2545 3921 lumine,
2579 3855 2669 3912 ubi
2692 3861 2776 3911 est
2816 3854 2969 3909 visus
3009 3851 3317 3921 sapientiae,
3347 3859 3558 3905 natura:

1966 3956 2331 4014 rationabilis.
2363 3955 2476 4022 lbi,
2509 3954 2751 4023 inquam,
2807 3948 2991 4004 divina
3021 3945 3293 4016 sapientia
3340 3953 3559 4014 captus,

1966 4050 2094 4107 dum
2120 4065 2218 4121 per
2249 4046 2606 4104 calliditatem
2638 4058 2794 4100 suam
2839 4050 3002 4113 atque
3027 4039 3322 4097 versutiam
3347 4052 3458 4093 non
3480 4036 3562 4092 vi-

1967 4142 2063 4199 det
2114 4140 2272 4210 cujus
2325 4152 2544 4193 carnem
2610 4148 2760 4191 mors
2827 4128 3197 4189 devorandam
3247 4126 3561 4199 apprehen-

1968 4233 2068 4290 dit.
2098 4228 2410 4290 Sebundum
2459 4226 2628 4299 igitur
2670 4224 2815 4281 hunc
2844 4220 3065 4280 modum
3109 4226 3302 4292 captus
3329 4224 3415 4275 est
3440 4215 3563 4274 dia-

1968 4324 2153 4382 belus.

2045 4415 2113 4469 Et
2135 4415 2192 4470 in
2222 4413 2437 4470 sudibus
2465 4410 2757 4485 perforabit
2801 4423 2953 4463 nares
2983 4410 3115 4480 ejus.
3157 4403 3214 4460 ld
3245 4410 3350 4469 est,
3379 4401 3567 4458 furen-

1974 4515 2084 4562 tem
2114 4505 2380 4561 stevitiam
2412 4512 2578 4569 atque
2619 4502 2674 4556 in
2716 4507 3035 4556 sanctorum
3087 4496 3368 4553 interitum
3394 4494 3569 4550 anhe-

1974 4596 2177 4651 lantem
2207 4594 2454 4650 Christus
2480 4591 2745 4647 Dominus
2772 4598 2958 4644 noster
2988 4594 3238 4644 conteret
3260 4593 3317 4643 et
3346 4594 3571 4656 protur-

1979 4687 2167 4745 babit:
2201 4695 2420 4741 sanctos
2453 4698 2588 4739 vero
2629 4688 2851 4752 propter
2882 4679 3086 4750 lignum
3115 4679 3294 4734 crucis
3336 4691 3446 4732 non
3474 4676 3576 4732 ab-

1981 4777 2146 4835 surde
2186 4777 2275 4832 hic
2305 4772 2692 4844 intelligendos
2733 4779 2902 4842 puto;
2928 4770 3006 4825 sic
3035 4770 3217 4839 itaque
3244 4767 3494 4822 humiliat
3518 4775 3577 4823 et

1982 4868 2273 4940 confringit
2300 4865 2569 4923 Dominus
2619 4862 2922 4926 inimicum,
2948 4871 3278 4928 omnemque
3314 4857 3577 4926 impetum

1985 4960 2204 5019 invidite
2248 4957 2546 5023 saevientis,
2579 4955 2709 5010 dum
2732 4968 2856 5010 eum
2885 4966 2982 5022 per
3002 4948 3226 5007 eosdem
3266 4955 3490 5005 sanctos
3514 4947 3580 5003 liv

1986 5066 2093 5125 gno
2119 5064 2233 5106 suae
2257 5047 2436 5106 crucis
2456 5045 2717 5102 retundit.

2059 5145 2139 5199 An
2161 5140 2430 5199 extrahere
2450 5140 2644 5213 poteris
2678 5136 2969 5194 Leviatltan
3006 5134 3199 5189 hamo?
3217 5130 3585 5189 Commutavit

1990 5238 2213 5309 ﬁguram
2256 5234 2598 5306 :enigmatis,
2655 5240 2714 5288 ut
2760 5229 3040 5286 diabolum
3096 5241 3262 5298 quem
3330 5225 3585 5297 superius

1991 5329 2290 5387 Behemoth
2319 5328 2585 5384 translato
2630 5326 2852 5382 nomine
2894 5324 3131 5391 dixerat,
3160 5319 3413 5377 eumdem
3440 5335 3586 5378 nunc

1990 5421 2284 5479 Leviathan
2313 5419 2549 5492 appellet
2576 5436 2591 5483 ;
2625 5418 2723 5474 sed
2750 5418 2864 5474 illic
2890 5431 3015 5472 eum
3052 5415 3207 5486 quasi
3232 5412 3465 5473 bestiam
3496 5411 3586 5469 di-

1995 5516 2089 5580 cit,
2112 5529 2235 5586 qute
2272 5523 2448 5569 terras
2490 5511 2787 5578 inhabitet;
2835 5509 2924 5566 hic
2951 5523 3084 5565 vero
3112 5508 3184 5564 ita
3216 5508 3367 5564 illum
3413 5506 3593 5562 nomi-

1998 5615 2111 5677 nat,
2140 5606 2231 5678 qui
2258 5606 2409 5661 velut
2437 5604 2491 5659 in
2520 5603 2678 5675 aquis
2707 5602 2879 5658 maris
2913 5601 3198 5658 consistat.
3230 5597 3385 5657 Unde
3415 5604 3473 5655 et
3498 5597 3594 5653 alii

1998 5714 2097 5772 pro
2126 5697 2428 5755 Leviathan
2453 5696 2730 5751 draconem
2775 5693 3052 5751 dixerunt.
3084 5690 3241 5750 Unde
3292 5688 3469 5746 videri
3496 5702 3597 5760 po-

2002 5801 2130 5860 test,
2174 5790 2318 5863 quod
2347 5787 2678 5846 horrendum
2706 5786 2896 5844 nescio
2921 5784 3049 5856 quid
3080 5798 3254 5857 genus
3291 5781 3597 5839 draconum

2003 5885 2077 5942 sit
2095 5883 2242 5956 quod
2270 5880 2574 5942 Leviathan
2596 5879 2829 5950 dicatur,
2855 5877 3011 5951 cujus
3038 5866 3262 5936 malitia:
3309 5872 3474 5948 atque
3496 5878 3595 5945 po-
