3980 6284
450 286 551 343 ’7δῖ

1253 281 1598 338 APPENDIX
1640 280 1733 338 AD
1770 280 2013 337 TOMUM
2050 278 2403 341 SEPTIMUM
2442 286 2502 340 S.
2548 283 2948 354 lllERON_\'.\li.

3634 285 3737 342 788

452 406 631 458 tentia:
654 416 894 472 congrue
929 398 1174 453 diabolus
1202 404 1507 463 coaptetur.
1539 395 1835 450 Bebemotb
1869 403 2045 448 autem
2073 393 2130 455 Δ
2157 396 2388 452 Proinde
2406 398 2702 453 secundum
2721 398 2859 452 hanc
2877 398 3275 466 expositionem
3301 397 3447 452 idem
3476 412 3660 452 sensus
3682 399 3745 455 in

453 513 520 553 eo
548 494 691 566 quod
734 492 885 549 mttlti
938 507 1059 546 cum
1112 506 1177 541 eo
1204 489 1312 543 sint
1332 488 1652 559 appellatur.
1691 487 1819 541 Nam
1868 484 2039 541 Bche-

458 590 605 645 tnoth
639 588 849 651 Latine,
880 583 1027 657 quasi
1054 583 1226 657 plures
1255 597 1452 637 sonare
1483 581 1702 637 dicitur.
1742 581 1896 637 Unde
1926 580 2042 649 ipse

458 681 680 751 intelligi
710 687 883 748 potest
906 692 1028 732 cum
1058 674 1224 729 sociis
1256 688 1309 730 et
1336 674 1690 738 ministris,et
1711 671 2045 741 recte,quasi

458 774 686 835 dicatur,
713 769 802 840 qui
829 785 856 821 a
892 770 1000 821 Deo
1029 784 1134 821 non
1166 775 1313 821 sunt.
1350 765 1650 820 Leviathan
1684 781 1812 817 vero
1834 764 2049 818 addita-

458 870 683 917 mentum
705 860 921 929 quidam
944 862 1098 914 aiunt
1122 858 1492 929 interpretari.
1514 858 1649 925 Quia
1672 872 1803 927 ergo
1832 858 1883 911 in
1910 856 2052 911 veri-

460 967 568 1010 tate
590 969 698 1007 non
724 955 896 1018 stetit,
940 961 997 1007 et
1027 950 1300 1006 excedens
1358 948 1796 1019 prmsnntptimiis
1830 948 2049 1003 modum

462 1048 608 1102 addit
634 1046 737 1100 sibi
777 1044 1111 1114 superbiam,
1139 1042 1291 1112 quasi
1332 1058 1495 1111 supra
1530 1052 1737 1095 naturae
1764 1041 1965 1095 bonum
1999 1042 2053 1096 in

463 1155 729 1197 tumorem
760 1151 816 1196 et
844 1141 1091 1195 morbum
1133 1140 1385 1193 elationis
1431 1137 1664 1192 excedit.
1698 1137 1929 1193 Pro'ndc
1961 1138 2056 1191 ad-

461 1236 820 1289 ditamentum
848 1232 1025 1288 dietus
1055 1239 1139 1286 est
1165 1249 1176 1282 :
1203 1230 1530 1284 vocabulum
1560 1231 1704 1284 enim
1763 1229 1959 1283 factum
1988 1229 2059 1285 de

463 1330 713 1389 crimine.
760 1328 977 1396 operuit
1020 1323 1390 1379 conditionem
1439 1334 1647 1377 natura:
1691 1321 1865 1385 bonae,
1897 1335 2057 1391 quam

468 1426 611 1478 Deus
641 1423 812 1475 bonus
849 1428 1155 1474 creaverat.
1190 1415 1254 1470 Et
1300 1415 1465 1471 Isaias
1490 1415 1751 1488 propheta
1778 1416 1845 1470 de
1874 1429 1940 1469 eo
1970 1429 2062 1469 va-

467 1514 725 1568 ticinatur
771 1511 998 1566 dicens:
1033 1508 1096 1563 ln
1126 1509 1209 1561 die
1238 1507 1355 1573 illo,
1403 1508 1517 1562 sive
1544 1506 1816 1577 passionis
1855 1504 2063 1561 Christi

471 1618 736 1675 tempore,
770 1604 885 1659 sive
940 1603 991 1657 in
1023 1602 1255 1657 adventu
1282 1600 1473 1671 judicii
1524 1601 1641 1670 ejus
1675 1597 1778 1655 :In
1810 1598 1896 1653 die
1935 1614 2065 1669 ergo

466 1699 562 1753 illo
597 1698 819 1752 visitnbit
843 1694 1100 1750 Dominus
1122 1698 1175 1749 in
1203 1695 1379 1764 gladio
1410 1711 1504 1749 suo
1530 1695 1660 1748 duro
1692 1705 1737 1747 et
1775 1694 1984 1764 grandi,
2017 1701 2065 1746 et

2148 490 2305 543 hamo
2322 498 2374 544 et
2389 504 2583 560 sagena
2600 489 3088 560 dignoscitur.Cmn
3102 504 3231 559 ergo
3243 489 3477 545 dixisset
3490 489 3749 548 Dominus

2148 581 2211 635 ad
2240 581 2361 647 Job,
2384 582 2669 636 extrahere
2691 583 2891 651 poteris
2923 581 3216 638 chiatban
3236 582 3423 638 hamo?
3453 583 3589 639 aitei
3621 600 3633 636 :

2226 673 2288 728 Et
2336 675 2461 743 [une
2487 674 2673 745 ligabis
2706 676 2939 748 linguam
2984 678 3144 749 ejus?
3172 676 3647 744 Quemadmodum
3673 691 3752 733 ex

2156 765 2404 834 pluribus
2448 767 2734 835 partictilis
2780 769 3146 839 sobtegminis
3191 770 3336 824 funis
3382 771 3758 836 intexitur,ut

2155 858 2249 912 ﬁat
2305 859 2582 914 vinculum
2636 874 2749 930 quo
2795 860 3005 930 possint
3045 862 3225 934 aliqua
3267 863 3563 935 colligari;
3596 865 3667 919 ita
3694 874 3756 923 et

2154 950 2405 1006 diabolus
2442 950 2507 1005 de
2541 952 2880 1008 multitudine
2911 963 3257 1022 peccatorum
3299 969 3561 1023 suorum,
3596 954 3756 1026 quasi

2156 1042 2224 1096 de
2255 1043 2635 1098 resticulormn
2670 1045 2977 1114 particulis,
3030 1045 3246 1100 vincula
3293 1046 3401 1102 sibi
3451 1046 3759 1118 sacrilego-

2158 1151 2275 1190 rum
2310 1135 2456 1190 velut
2510 1134 2635 1191 fune
2684 1135 3064 1205 blasphemiis,
3098 1147 3153 1193 et
3203 1137 3388 1209 lingua
3441 1137 3588 1193 illius
3635 1141 3762 1195 col-

2162 1228 2344 1297 ligat,
2387 1237 2445 1282 ut
2498 1227 2568 1282 sit
2613 1242 2674 1282 os
2727 1232 3058 1283 obstructum
3108 1238 3271 1300 atque
3329 1229 3629 1300 oppilatum
3682 1231 3763 1286 lo-

2161 1319 2379 1390 quentis
2428 1320 2781 1392 iniquitatem.
2816 1321 2884 1375 Et
2906 1321 2956 1375 in
2984 1321 3298 1377 Proverbiis
3325 1320 3660 1389 Salomonis,
3689 1323 3764 1380 de

2162 1414 2428 1468 similibus
2483 1414 2600 1483 ejus
2644 1414 2903 1484 scriptum
2954 1425 3081 1471 est:
3123 1415 3360 1472 Vinculis
3431 1429 3764 1487 peccatorum

2164 1523 2375 1561 suorum
2415 1507 2766 1580 unusquisque
2812 1510 3206 1582 constringitur.
3241 1511 3311 1566 Et
3341 1511 3466 1567 inde
3500 1521 3587 1568 est
3614 1512 3765 1583 quod

2166 1608 2220 1654 et
2246 1599 2502 1655 Dominus
2525 1599 2577 1655 in
2606 1600 2900 1672 Evangelia
2926 1601 3137 1672 pigrum
3160 1612 3214 1657 et
3240 1603 3488 1660 inutilem
3511 1619 3730 1660 servum
3747 1648 3767 1673 ,

2170 1691 2350 1761 ligatis
2381 1693 2632 1747 manibus
2663 1702 2720 1747 et
2765 1693 3022 1763 pedibus,
3065 1695 3385 1750 mittendum
3434 1695 3573 1751 dicit
3603 1696 3655 1751 in
3689 1704 3770 1753 tc-

471 1791 615 1860 forti,
643 1808 699 1843 su
708 1807 796 1858 per
824 1786 1105 1843 Leviathan
1131 1799 1419 1855 serpentem
1458 1796 1674 1852 vectem,
1708 1796 1754 1841 et
1781 1803 1936 1854 super
1964 1785 2062 1840 ιε.
2098 1772 2146 1831 Β
2176 1784 2374 1838 nebras
2401 1788 2724 1853 exteriores,
2760 1785 2813 1839 id
2845 1795 2948 1851 est,
2976 1788 3205 1842 vinculis
3248 1796 3600 1857 peccatorum
3628 1803 3766 1843 δεδο-

470 1884 680 1936 ciatlian
731 1893 1017 1951 serpentem
1071 1889 1386 1945 tortuosum,
1416 1888 1466 1932 et
1510 1878 1703 1932 occidet
1748 1890 1916 1932 cetum
1944 1879 2071 1949 ,qui

471 1980 525 2029 in
564 1978 696 2029 mari
726 1985 844 2029 est:
872 1974 1166 2032 secundum
1200 1973 1301 2028 hoc
1351 1974 1527 2042 ipsum
1571 1981 1675 2039 est,
1733 1973 1875 2044 quod
1934 1973 2072 2029 alius

473 2069 733 2135 propheta
782 2066 1030 2120 similiter
1070 2065 1141 2119 ait
1172 2066 1236 2119 ad
1282 2065 1448 2119 Deum
1480 2081 1494 2117 :
1528 2062 1607 2117 Tu
1664 2064 1962 2135 confregisti
2018 2065 2073 2118 in

472 2161 654 2213 virtute
708 2168 796 2212 tua
850 2175 1012 2212 mare.
1063 2157 1143 2211 Tu
1220 2156 1521 2228 confregisti
1576 2165 1731 2223 caput
1784 2155 2071 2209 draconum

472 2266 623 2321 super
693 2267 872 2320 aquas.
938 2251 1032 2304 llic
1083 2250 1196 2318 ipse
1265 2248 1509 2301 diabolus
1564 2255 1837 2316 tamquam
1914 2256 2075 2316 caput

475 2357 598 2395 cum
630 2344 743 2395 suis
795 2341 1054 2396 membris
1084 2340 1410 2394 describitur
1442 2379 1457 2405 ,
1504 2350 1557 2393 ct
1606 2355 1802 2409 corpus
1851 2340 1988 2409 ejus,
2020 2347 2076 2395 et

480 2448 720 2500 squama:
767 2430 1128 2484 indissolubili
1178 2430 1368 2498 copula
1420 2429 1725 2499 conjuncta:
1766 2441 2071 2485 narrantur.

478 2528 630 2581 Hunc
657 2541 788 2595 ergo
820 2524 1121 2579 Leviatban
1154 2524 1445 2579 draconem
1479 2525 1738 2596 typicum,
1790 2526 1865 2579 ait
1898 2525 2077 2581 Domi-

480 2635 581 2674 nus
605 2620 670 2673 ad
698 2620 822 2686 Joh,
859 2635 927 2674 ne
965 2618 1019 2672 in
1048 2620 1200 2688 aquis
1230 2618 1471 2688 gentium
1501 2617 1833 2683 dominetur,
1871 2626 1924 2672 tu
1970 2619 2070 2673 for-

479 2714 618 2766 sitan
648 2714 736 2782 de;
769 2714 903 2768 mari
961 2715 1277 2783 p0pulorum
1326 2710 1615 2768 extrahere
1669 2720 1862 2782 potes,
1916 2727 2076 2783 quem

481 2811 640 2864 hamo
663 2811 877 2864 virtutis
934 2825 1091 2876 mete,
1122 2819 1180 2864 ut
1228 2825 1387 2878 supra
1429 2808 1631 2864 dictum
1660 2818 1767 2870 est,
1790 2824 1883 2877 per
1917 2806 2077 2861 [idem

478 2902 818 2957 credentium
846 2903 1156 2967 extrahere,
1178 2912 1233 2957 et
1258 2902 1537 2958 exsiccare
1558 2901 1829 2968 disposui.
1872 2900 2078 2955 Secun-

481 3000 607 3051 dum
661 2998 803 3051 hunc
833 3012 1057 3050 sensqu
1099 3004 1181 3051 est
1209 2994 1339 3049 illud
1365 2994 1507 3065 quod
1537 3006 1591 3049 et
1627 2995 1890 3049 Dominus
1921 2993 1993 3047 ait
2024 2994 2077 3047 in

482 3091 778 3162 Evangelio
809 3089 973 3143 :Cum
1003 3090 1152 3159 fortis
1178 3098 1408 3142 armatus
1431 3089 1652 3141 custodit
1680 3091 1871 3141 atrium
1897 3102 2068 3153 suunt,

478 3188 532 3239 in
570 3200 693 3256 pace
723 3191 841 3236 sunt
867 3198 929 3237 ea
952 3196 1069 3251 qua:
1093 3181 1341 3252 possidet,
1362 3190 1415 3232 et
1441 3186 1658 3233 c:etera.
1684 3177 1741 3232 ln
1775 3180 1951 3248 primo
1971 3194 2070 3232 au-

480 3291 586 3335 tem
610 3278 844 3333 adventu
874 3274 1077 3331 Christi
1111 3275 1309 3328 laetum
1358 3282 1445 3328 est
1476 3289 1571 3342 per
1597 3275 1828 3340 gratiam
1854 3272 2070 3327 redem-

482 3372 680 3442 ptionis
701 3370 840 3440 ejus,
872 3380 927 3423 ut
964 3369 1032 3423 de
1061 3372 1327 3421 societate
1362 3366 1563 3421 diaboli
1614 3376 1669 3420 et
1697 3365 2072 3420 dominatione

481 3465 665 3535 populi
715 3473 1058 3517 cruereutur.
1108 3460 1161 3511 In
1211 3458 1450 3512 secundo
1482 3472 1611 3510 vero
1649 3458 1882 3511 adventu
1927 3458 2071 3526 ejus,

480 3558 655 3611 omnis
682 3553 881 3608 diaboli
912 3558 1154 3621 potestas
1186 3561 1271 3603 est
1297 3546 1611 3612 auferenda,
1637 3548 2071 3618 quandoquidem

484 3663 654 3714 utare,
682 3647 784 3700 hoc
811 3654 898 3698 est
926 3643 1208 3705 sarculum,
1257 3653 1361 3693 non
1419 3639 1543 3707 erit,
1592 3654 1867 3708 genusque
1895 3640 2075 3694 socio-

484 3757 603 3793 rum
648 3739 793 3792 illius
825 3735 894 3789 de
933 3747 1085 3787 terra
1129 3732 1400 3801 peribunt.
1430 3730 1657 3796 Quando
1681 3730 1842 3785 etiam
1864 3744 2077 3800 quer-

488 3846 574 3888 tur
599 3832 855 3887 delictum
889 3829 1057 3894 illius,
1108 3837 1161 3880 et
1196 3843 1302 3879 uou
1352 3825 1678 3889 invenietur,
1731 3823 1955 3877 Domino
1988 3839 2074 3879 re-

487 3936 691 3997 gnante
722 3926 775 3976 in
807 3932 1092 3986 acternum,
1124 3927 1179 3972 et
1203 3918 1255 3971 in
1302 3916 1560 3970 sarculum
1585 3916 1788 3981 saeculi,
1820 3915 2075 3984 absorpta

484 4028 663 4072 morte
704 4014 1009 4082 mortisque
1046 4010 1419 4065 inventoribus
1453 4010 1502 4061 iu
1555 4011 1974 4063 resurrectimtis
1998 4008 2074 4062 vi-

484 4109 677 4165 ctoria.
708 4105 865 4173 Quod
895 4113 1077 4157 autem
1107 4103 1161 4157 in
1190 4103 1292 4156 hoc
1312 4102 1452 4154 libro
1473 4103 1547 4153 ait
1571 4100 1733 4167 Deus,
1765 4102 1887 4170 quia
1914 4098 2077 4153 hamo

487 4197 745 4256 extrahet
785 4194 1106 4258 Leviathan,
1153 4206 1251 4262 per
1307 4190 1471 4244 alium
1503 4189 1819 4259 prophetam
1853 4187 1977 4242 illud
2006 4190 2078 4244 lo-

485 4292 670 4362 quitur
702 4331 717 4357 ,
769 4289 957 4343 dicens
1002 4302 1015 4338 :
1047 4283 1363 4354 Expandam
1405 4298 1562 4350 super
1593 4290 1640 4334 te
1682 4291 1787 4336 rete
1825 4297 1997 4336 meum
2024 4283 2079 4337 in

486 4381 819 4437 multitudine
841 4377 1171 4450 populorum,
1200 4384 1248 4429 et
1273 4375 1542 4429 extraham
1564 4383 1612 4426 te
1639 4372 1694 4426 in
1718 4388 1911 4442 sagena
1940 4388 2073 4427 mea.

2175 1891 2320 1942 rum,
2349 1890 2470 1946 quae
2498 1886 2753 1944 oneratus
2783 1879 3208 1946 est,sccundutn
3232 1878 3477 1933 divinum
3496 1880 3768 1949 judicium

2178 1968 2371 2040 ligatus
2403 1969 2634 2025 mittitur
2656 1969 2710 2023 in
2740 1985 2927 2039 pinnas
2955 1987 2969 2037 ;
3009 1972 3151 2042 quod
3183 1980 3239 2025 et
3269 1973 3383 2042 ipse
3407 1972 3681 2027 Dominus
3714 1974 3770 2029 in

2175 2062 2408 2131 quodam
2448 2063 2566 2118 loco
2598 2061 3043 2119 manifestissime
3089 2064 3508 2129 demonstravit,
3538 2067 3764 2137 quando

2178 2155 2452 2223 ﬂagellum
2508 2154 2576 2210 de
2637 2154 2948 2211 Judmurum
3005 2158 3279 2213 resticulis
3335 2159 3455 2213 fecit
3492 2202 3507 2224 ,
3563 2174 3768 2230 eosque

2177 2249 2301 2303 inde
2330 2248 2610 2320 ﬂagellans
2646 2249 2712 2303 de
2741 2250 2945 2321 templo
2968 2253 3151 2320 ejecit.

2250 2337 2525 2409 Numquid
2558 2356 2717 2410 pones
2740 2338 2989 2395 circulum
3016 2344 3069 2395 in
3098 2342 3309 2397 naribus
3358 2344 3494 2414 ejus,
3524 2355 3616 2398 aut
3672 2362 3763 2398 aro

2180 2431 2324 2484 milla
2354 2432 2643 2502 perforabis
2682 2433 2953 2488 maxillam
2976 2438 3090 2508 ejus
3117 2435 3283 2491 ?Sivc
3315 2439 3687 2509 captapulum,
3720 2446 3778 2494 ut

2178 2526 2266 2578 alii
2316 2527 2600 2581 dixerunt.
2639 2526 2704 2581 Et
2760 2526 2975 2581 armilla
3033 2528 3384 2596 perforabis:
3417 2531 3559 2596 sive,
3594 2543 3647 2582 ut
3683 2530 3777 2586 alii

2179 2616 2460 2680 dixerunt,
2495 2618 2692 2689 forcipe
2719 2618 3000 2691 pertundes
3040 2618 3245 2673 labrum
3271 2623 3409 2694 ejus.
3444 2620 3650 2675 Circuli
3681 2636 3777 2676 ca-

2182 2712 2408 2780 ptapuli,
2432 2712 2655 2784 forcipis
2676 2723 2731 2767 et
2771 2712 3001 2767 armilla:
3037 2714 3370 2780 nominibus,
3394 2713 3777 2787 intelliguntur

2182 2817 2465 2858 sermOues
2518 2802 2717 2858 dit-inte
2771 2806 3055 2874 potentiae,
3114 2806 3310 2876 quibus
3365 2807 3636 2875 Superbus
3693 2817 3777 2862 at-

2181 2911 2286 2967 que
2317 2896 2667 2965 blasphemus
2697 2898 3012 2953 humiliatus
3040 2909 3124 2953 est
3151 2915 3178 2953 a
3213 2900 3320 2954 Deu
3349 2913 3402 2953 ct
3424 2902 3665 2954 attritus.

2256 2988 2525 3061 Numquid
2574 2990 2937 3063 multiplicabit
2977 2992 3044 3046 ad
3070 3003 3118 3047 te
3164 3012 3363 3066 preces,
3414 3006 3506 3050 aut
3537 2996 3779 3066 loquetur

2182 3082 2270 3136 tibi
2300 3080 2663 3139 mollia?Stvc
2696 3095 2749 3138 ut
2780 3085 2868 3139 alii
2914 3084 3170 3140 dixerunt
3204 3102 3219 3140 :
3268 3089 3366 3140 Aut
3419 3088 3665 3159 loquetur
3692 3087 3783 3143 tibi

2180 3174 2402 3230 blande?
2418 3175 2532 3232 Soli
2559 3179 2688 3245 Deo,
2712 3179 2867 3248 cujus
2903 3190 3210 3235 creaturam
3234 3196 3293 3236 se
3320 3195 3440 3235 esse
3466 3182 3779 3246 cognoscit,

2176 3279 2259 3325 est
2284 3269 2552 3337 subditus,
2582 3278 2742 3339 atque
2767 3271 2821 3326 'ei
2858 3279 3059 3326 tantum
3091 3287 3252 3341 quem
3298 3273 3411 3344 ipsa
3442 3275 3781 3332 conscientia

2176 3376 2359 3436 pavet,
2382 3367 2593 3419 animus
2617 3365 2736 3434 ejus
2755 3365 3021 3437 superbus
3048 3366 3337 3422 addicitur.

2252 3458 2521 3529 Numquid
2547 3460 2695 3530 feriet
2724 3470 2886 3513 tecum
2912 3471 3149 3529 pactum,
3182 3471 3230 3515 et
3260 3461 3485 3532 accipies
3513 3479 3630 3516 eum
3672 3480 3782 3517 scr-

2175 3567 2292 3605 uum
2314 3552 2681 3622 sempiternum
2711 3552 2735 3605 ε)
2760 3550 2913 3606 Litet
2942 3553 3012 3607 sit
3056 3553 3277 3609 rebellis
3318 3564 3375 3608 et
3427 3554 3658 3608 nimium
3694 3564 3775 3609 tu-

2177 3643 2375 3711 midus,
2401 3645 2612 3715 cogitur
2646 3653 2825 3698 tamen
2853 3655 3016 3713 atque
3055 3646 3397 3716 compellitur
3459 3646 3632 3716 ipsius
3680 3663 3778 3702 na-

2177 3746 2314 3792 tura:
2347 3739 2509 3804 bono,
2539 3737 2681 3808 quod
2711 3739 2758 3791 ei
2801 3737 2853 3792 in
2887 3739 3249 3793 testimonium
3275 3740 3436 3809 justtc
3461 3740 3781 3796 damnatio-

2178 3829 2261 3885 nis
2282 3830 2400 3900 ejus
2428 3845 2492 3885 ex
2521 3842 2673 3900 parte
2720 3847 2825 3885 non
2860 3832 3015 3901 perit,
3051 3843 3109 3887 ut
3147 3833 3435 3889 Dominum
3465 3844 3775 3892 creatorem

2179 3937 2361 3988 suum,
2394 3924 2590 3977 saltem
2612 3934 2668 3976 ut
2694 3938 2886 3978 servus
2914 3923 3086 3979 malus
3109 3939 3231 3979 esse
3258 3923 3508 3981 fateatur.
3546 3925 3663 3981 Hoc
3692 3934 3778 3981 est

2181 4024 2395 4083 pactum
2452 4014 2567 4069 sive
2605 4022 3009 4079 testamentum,
3058 4016 3200 4086 quod
3256 4016 3302 4070 ei
3329 4031 3451 4071 cum
3483 4017 3596 4072 Deo
3639 4018 3771 4073 inire

2182 4118 2510 4181 prmceptum
2525 4118 2628 4165 est.
2646 4109 2800 4167 Unde
2824 4121 2878 4166 et
2906 4111 3020 4182 ipse
3035 4111 3291 4166 Dominus
3308 4113 3379 4167 ait
3411 4112 3509 4168 :Et
3536 4115 3777 4184 accipies

2181 4218 2306 4258 eum
2326 4217 2449 4259 serv
2463 4218 2549 4257 um
2577 4203 2986 4271 sempiternum.
3010 4202 3122 4257 Hoc
3139 4203 3281 4257 enim
3314 4201 3458 4257 nulla
3489 4203 3772 4258 voluntate

2183 4295 2346 4349 animi
2376 4292 2525 4362 facit,
2559 4295 2654 4350 sed
2677 4294 2873 4349 divinae
2916 4294 3195 4364 potestatis
3237 4294 3483 4364 imperio,
3511 4306 3568 4349 et
3594 4295 3720 4350 ideo
3743 4311 3773 4349 a

2185 4385 2296 4440 Deo
2350 4399 2540 4440 servus
2590 4384 2787 4439 dicitur
2827 4386 3211 4455 sempiternus,
3246 4386 3368 4454 quia
3419 4384 3768 4455 adeptionem

488 4475 645 4532 “allii
672 4486 803 4529 vero
824 4480 879 4526 ει
897 4484 1111 4542 εαεθηω
1132 4467 1651 4525 diﬁcrentiamhane
1678 4479 1803 4567 8.558
1826 4466 2077 4519 existimo
2104 4518 2160 4580 Ι)
2188 4477 2420 4532 ﬁliorum
2457 4474 2573 4543 Dei,
2604 4477 2716 4532 sive
2743 4478 3032 4549 primatum
3068 4478 3218 4533 illum
3258 4478 3515 4548 angelica:
3544 4480 3776 4552 dignm-

484 4577 546 4623 ut
573 4569 791 4621 hamum
821 4564 996 4635 ipsum
1024 4563 1362 4619 Salvatorem
1396 4559 1590 4615 Filium
1633 4559 1747 4626 Dei,
1794 4574 1959 4614 carne
1986 4575 2076 4614 ve-

488 4662 673 4716 stitum
704 4656 1073 4727 intelligamus
1104 4675 1116 4709 :
1149 4669 1346 4726 sagena
1368 4665 1550 4709 autem
1568 4653 1674 4708 dici
1708 4661 1888 4722 potest
1914 4653 2077 4706 missa

487 4753 801 4823 praedicatio
832 4749 1132 4821 Evangelii,
1167 4762 1287 4820 qua:
1316 4764 1346 4802 a
1377 4747 1514 4802 solis
1545 4757 1668 4802 ortu
1696 4760 1869 4815 usque
1894 4745 1962 4799 ad
1989 4760 2081 4799 oc-

490 4862 675 4903 casum
729 4845 999 4901 latissimo
1028 4842 1206 4913 spatio
1254 4842 1326 4895 sit
1376 4854 1636 4912 expansa,
1680 4839 1822 4893 sicut
1864 4846 1923 4893 et
1954 4852 2080 4907 pro-

480 4940 645 5010 pheta
673 4939 749 4993 ait
775 4954 788 4992 :
822 4935 1051 5009 Magnus
1082 4934 1361 5001 Dominus,
1391 4942 1447 4987 et
1474 4943 1691 4987 cietera.
1721 4932 1784 4986 Et
1817 4931 2079 5001 deinceps

486 5035 581 5099 ait,
613 5034 842 5088 dilatans
880 5032 1283 5085 exsultationem
1327 5027 1580 5081 universa:
1610 5034 1781 5080 terra.
1828 5024 1963 5093 Quae
1992 5040 2078 5080 sa-

485 5138 624 5193 gena
650 5123 1055 5193 praedicationis
1096 5118 1336 5186 ChriSti,
1382 5119 1589 5173 veteris
1632 5116 1968 5172 Testamenti
2017 5117 2080 5171 li-

483 5215 661 5285 guris,
683 5224 739 5269 et
771 5212 1230 5284 significationum
1262 5208 1584 5279 imaginibus
1613 5206 1903 5277 multisque
1927 5206 2076 5277 ejus-

481 5306 633 5361 modi
655 5304 952 5375 Scriptnraa
979 5301 1329 5366 testimoniis,
1360 5299 1528 5357 veluti
1557 5300 1715 5354 nodis
1742 5298 1966 5369 illigatis
1993 5307 2078 5352 est

480 5400 654 5454 solide
683 5398 962 5464 roborata,
992 5411 1157 5467 quam
1180 5397 1283 5451 ceti
1303 5395 1484 5460 multi,
1518 5403 1570 5450 et
1598 5393 1866 5448 dracones
1886 5394 2070 5446 saevis-

478 5491 602 5543 simi
636 5489 820 5543 mundi
854 5488 1011 5543 istius
1039 5488 1190 5557 impii
1215 5496 1269 5542 et
1300 5496 1552 5555 potentes
1576 5484 1826 5541 scindere
1843 5494 1900 5539 et
1925 5500 2071 5538 rum-

476 5598 611 5653 pere
639 5590 1006 5645 tentaveruut,
1039 5579 1198 5650 idque
1231 5592 1336 5635 non
1364 5588 1662 5648 potuerunt
1681 5577 1923 5641 efﬁcere,
1946 5576 2071 5647 quia

479 5676 698 5725 hrmum
732 5671 1140 5726 fundamentum
1192 5670 1290 5725 Dei
1317 5670 1466 5735 fecit,
1490 5679 1547 5724 et
1581 5668 1819 5724 convelli“
1867 5682 2072 5737 nequa-

474 5776 637 5831 quam
660 5770 858 5829 potest.
880 5761 1010 5827 Quia
1026 5765 1070 5815 si
1091 5764 1228 5816 Deus
1262 5776 1360 5832 pro
1388 5762 1566 5829 nobis,
1583 5762 1703 5832 quis
1730 5769 1921 5815 contra
1944 5761 2079 5815 nos?

2187 4569 2275 4634 tis,
2307 4583 2602 4639 numquam
2631 4570 3057 4640 sitrccepturus.

2258 4658 2530 4731 Numquid
2556 4660 2741 4715 illudes
2763 4662 2808 4714 ei
2855 4662 3003 4731 quasi
3042 4661 3147 4727 avi,
3180 4670 3270 4715 aut
3318 4661 3503 4734 ligabis
3534 4679 3652 4717 eum
3684 4678 3771 4717 an-

2184 4752 2320 4805 cillis
2372 4752 2510 4805 tuis?
2550 4752 2605 4805 lu
2660 4761 2891 4819 tantum,
2922 4755 2998 4807 ait
3038 4752 3300 4808 Dominus
3327 4795 3340 4819 ,
3399 4753 3773 4810 humiliabitur

2185 4844 2442 4900 draconis
2472 4846 2627 4899 istius
2654 4844 2935 4914 fortitudo,
2968 4855 3023 4900 et
3062 4846 3286 4902 omnino
3314 4862 3409 4917 pro
3438 4848 3612 4901 nihilo
3634 4849 3730 4903 erit
3754 4864 3768 4912 ;

2185 4944 2247 4991 ut
2276 4934 2588 4990 illudendus
2607 4934 2894 5000 habeatur,
2927 4946 2982 4993 et
3011 4937 3324 4993 illudendus
3346 4939 3548 4993 sanctis
3570 4938 3774 5011 angelis

2185 5028 2499 5098 deputetur,
2531 5028 2673 5082 sicut
2705 5039 2759 5083 et
2798 5043 2961 5098 supra
2989 5029 3099 5100 jam
3131 5029 3335 5085 dictum
3367 5038 3471 5085 est.
3495 5028 3652 5099 Quod
3683 5046 3771 5083 au-

2186 5130 2292 5176 tem
2325 5120 2477 5190 quasi
2505 5120 2620 5174 avis
2654 5119 2805 5175 illudi
2853 5120 3189 5189 perhibetur,
3229 5122 3381 5192 quasi
3408 5137 3499 5176 res
3529 5137 3694 5192 parva
3720 5129 3772 5175 et

2185 5214 2405 5266 minima
2429 5213 2495 5266 ad
2524 5210 2827 5282 potentiam
2854 5213 2950 5269 Dei
2978 5213 3266 5282 habeatur,
3291 5216 3406 5269 avis
3435 5218 3657 5271 nomine
3681 5230 3769 5268 vo-

2183 5304 2286 5359 luit
2316 5304 2726 5369 demonstrarc;
2760 5306 3011 5375 quodque
3041 5307 3348 5375 alligandos
3391 5307 3602 5361 ancillis
3645 5306 3772 5361 dici-

2181 5403 2289 5457 tur,
2332 5393 2464 5449 illud
2524 5402 2609 5449 est
2638 5394 2784 5465 quod
2831 5398 2947 5466 ipse
2975 5396 3240 5451 Dominus
3272 5399 3323 5452 in
3356 5397 3651 5467 Evangelio
3699 5397 3769 5450 ait

2154 5474 2246 5538 'ad
2279 5484 2573 5556 discipulos
2623 5501 2757 5541 suos
2786 5503 2800 5540 :
2839 5484 2968 5542 Ecce
2996 5486 3119 5541 dedi
3154 5488 3298 5543 vobis
3327 5496 3637 5559 potestatem
3667 5487 3769 5541 cal-

2179 5577 2337 5631 candi
2380 5594 2537 5647 super
2578 5587 2844 5646 serpentes
2874 5590 2921 5633 et
2956 5580 3275 5648 scorpiones,
3305 5590 3352 5633 et
3380 5595 3536 5650 super
3569 5593 3767 5633 omnem

2179 5653 2419 5723 virtutem
2445 5671 2664 5736 inimici,
2693 5680 2742 5725 et
2768 5672 2901 5725 nihil
2921 5672 3062 5727 vobis
3112 5671 3330 5727 nocebit.
3363 5670 3454 5728 Sic
3483 5672 3666 5741 itaque
3694 5671 3767 5724 al-

2181 5762 2377 5832 ligatur
2402 5772 2564 5833 atque
2590 5762 2834 5818 illuditur
2869 5777 2900 5818 a
2926 5763 3131 5821 sanctis
3181 5763 3465 5820 animabus
3497 5761 3620 5831 Dei,
3647 5775 3763 5834 qua:
