4026 6320
204 297 318 352 739

1149 289 1625 348 CUMMENTARII
1665 289 1731 345 IN
1771 286 2028 345 LIBRUM
2064 287 2202 344 JOB.
2235 286 2389 345 CAP.
2438 289 2570 345 χιι.

3400 288 3505 344 τθο

198 423 339 468 sunt
371 412 591 469 ancilla:
609 411 852 477 Christi;
884 410 1012 466 dum
1059 409 1130 465 ab
1152 408 1233 464 eis
1275 405 1381 477 ipsi
1422 414 1478 460 et
1502 404 1621 473 ejus
1643 403 1806 457 sociis
1833 406 1886 462 A
1910 401 1982 454 cti
2019 409 2171 465 sunt,
2206 411 2260 456 et
2288 403 2528 471 separari
2560 403 2630 457 ah
2657 418 2724 459 eo
2750 418 3082 473 numquam,
3116 414 3208 456 aut
3236 408 3384 454 certe
3414 399 3503 454 vix

200 510 538 576 imperatur,
561 514 619 561 et
661 506 730 560 de
776 502 1099 573 corporibus
1151 502 1221 556 ab
1260 516 1326 556 eo
1376 498 1616 553 obsessis
1660 496 1810 551 abire

196 597 603 670 compellitur:
632 596 829 668 cuique
860 612 956 668 per
983 597 1295 650 universum
1329 591 1588 647 mundum
1622 588 1807 660 quod-

197 692 297 748 die
336 674 554 762 captiva
580 690 827 746 aufertur
870 690 1176 760 captivitas,
1204 685 1477 757 quomodo
1509 693 1561 739 et
1607 697 1805 739 secun-

198 787 340 843 dum
372 786 759 857 Apocalypsim
787 799 887 855 per
911 784 1061 839 mille
1100 796 1275 837 annos
1301 779 1561 850 alligatus
1580 777 1801 845 dicitur,

194 879 355 949 quod
404 892 434 933 a
479 890 634 947 parte
661 877 729 931 ad
773 885 942 931 totum
970 874 1318 945 intelligitur,
1348 869 1648 926 secundum
1675 883 1807 937 apo-

194 971 413 1027 stolum
447 971 538 1040 qui
564 971 639 1023 ait
674 987 686 1023 :
714 966 1223 1030 Filioli,norissimn
1246 964 1378 1018 hora
1418 974 1490 1017 est
1516 979 1534 1029 ;
1560 977 1626 1017 ex
1659 970 1801 1015 tem-

192 1078 340 1134 pore
366 1062 637 1119 adventus
658 1060 873 1116 Domini
902 1060 955 1115 in
1004 1074 1171 1115 carne
1222 1069 1429 1112 nostra.
1461 1056 1647 1125 Itaque
1684 1053 1802 1108 alli-

192 1164 363 1227 gatus
392 1165 476 1211 est
500 1173 514 1208 :
547 1173 617 1209 ne
644 1155 873 1210 seducat
902 1152 1107 1208 Christi
1137 1149 1309 1222 gratia
1338 1160 1394 1204 et
1424 1138 1800 1217 redemptione

191 1247 515 1302 salvandos.
543 1247 650 1302 Alii
675 1247 930 1301 dixerunt
961 1262 975 1299 :
1008 1242 1265 1314 Alligabis
1310 1257 1426 1295 eum
1454 1241 1588 1294 sicut
1618 1253 1798 1310 passe-

193 1357 309 1395 rem
334 1339 629 1410 infantulo,
656 1338 800 1406 quod
828 1347 935 1400 est,
981 1335 1050 1390 ab
1076 1333 1348 1389 infantulo
1376 1340 1624 1388 teneatur
1656 1345 1796 1401 prte-

191 1442 363 1503 cepto
418 1433 633 1503 imperii
677 1432 806 1498 mei,
861 1439 918 1485 et
944 1428 1091 1485 velut
1129 1428 1326 1498 ligatus
1374 1426 1430 1481 in
1470 1433 1794 1493 poteStatem

190 1525 465 1580 tradetur.
494 1524 594 1578 llic
615 1534 698 1579 est
728 1522 825 1578 ille
852 1520 1050 1586 infans,
1065 1521 1130 1574 de
1143 1534 1251 1590 quo
1278 1518 1444 1572 Isaias
1471 1519 1547 1572 ait
1570 1534 1583 1570 :
1605 1514 1797 1585 Infans

187 1616 259 1669 ab
292 1615 449 1671 ubere
475 1617 531 1669 in
563 1616 817 1687 foramine
839 1614 1084 1683 aspidum
1108 1626 1319 1665 omnum
1354 1610 1556 1664 mittet:
1584 1610 1673 1679 qui
1705 1608 1792 1663 in-

186 1709 317 1764 fans
369 1708 656 1779 prepheta,
685 1708 933 1777 quamvis
972 1705 1045 1760 sit
1069 1712 1287 1760 centum
1328 1716 1594 1758 annorum
1634 1716 1786 1771 puer,

1915 505 2163 565 possunt.
2227 494 2301 551 De
2350 494 2432 550 his
2471 510 2602 568 ergo
2643 498 2778 553 dicit
2820 497 3087 552 Dominus
3128 507 3357 565 sagenas
3408 492 3509 548 im-

1910 584 2136 654 plendas
2160 600 2305 641 esse.

1978 676 2152 731 Penes
2174 694 2324 750 super
2352 696 2468 733 eum
2497 697 2706 735 manum
2737 691 2901 735 tuam.
2936 680 3197 736 Memento
3220 677 3342 734 belli
3362 696 3382 747 ;
3405 694 3499 732 nec

1905 772 2043 825 ultra
2071 771 2236 825 addas
2262 771 2523 843 loqui.Sic
2550 775 2678 829 mihi
2702 775 2918 830 videtur
2947 775 3153 831 dixisse
3185 790 3199 828 :
3230 773 3386 827 Victo
3408 786 3505 847 per

1906 877 1994 919 me
2023 863 2338 920 adversario
2365 873 2480 932 tuo,
2530 881 2697 935 pones
2719 882 2886 938 super
2917 883 3041 923 eum
3072 880 3293 920 manmn
3327 874 3499 928 tuam,

1907 964 1964 1011 ut
1989 957 2167 1026 possis
2215 958 2266 1013 ei
2312 968 2365 1013 et
2412 968 2467 1013 tu
2520 959 2776 1016 illudere.
2832 959 2931 1016 Vel
2972 974 3143 1030 pones
3173 972 3339 1029 super
3372 971 3497 1011 eum

1904 1064 2125 1105 manum
2159 1059 2326 1117 tuam,
2357 1053 2510 1119 quasi
2542 1052 2762 1120 dixerit,
2796 1054 2842 1108 si
2870 1054 2990 1123 ejus
3021 1052 3280 1123 potentia:
3311 1060 3367 1107 et
3387 1050 3495 1106 vir-

1905 1141 2039 1196 tutis
2092 1155 2145 1197 te
2189 1156 2312 1197 esse
2358 1142 2679 1210 arbitraris,
2728 1160 2896 1215 pones
2934 1161 3097 1216 super
3123 1160 3246 1200 eum
3277 1159 3496 1199 manum

1903 1244 2074 1302 tuam,
2104 1235 2249 1306 quod
2273 1244 2379 1303 est,
2414 1236 2461 1291 si
2489 1247 2643 1307 potes
2668 1236 2825 1295 efﬁce
2854 1238 3055 1292 virtute
3084 1237 3339 1306 potentias
3363 1244 3493 1300 tute,

1903 1332 1962 1380 ut
2012 1335 2065 1381 te
2108 1328 2504 1382 contremiscat
2555 1339 2610 1383 et
2642 1338 2839 1398 paveat
2892 1328 3037 1384 sicut
3065 1337 3122 1384 et
3150 1343 3237 1383 me
3268 1327 3359 1383 cui
3390 1327 3496 1382 soli

1902 1416 2005 1472 hoc
2033 1417 2234 1473 debet:
2274 1417 2371 1474 sed
2403 1420 2525 1489 quia
2555 1418 2611 1474 id
2636 1433 2974 1491 nequaquam
3001 1418 3188 1474 facere
3215 1428 3401 1488 potes,
3434 1425 3494 1472 ut

1899 1507 1996 1562 tibi
2027 1508 2193 1563 draco
2226 1508 2311 1565 hic
2334 1526 2586 1583 magnus,
2617 1521 2674 1567 et
2697 1514 2748 1566 in
2772 1512 2977 1566 malitia
3001 1520 3192 1582 potens
3215 1510 3491 1580 subjeetus

1896 1600 2007 1666 sit;
2058 1613 2337 1658 memento
2364 1604 2418 1658 in
2452 1606 2553 1659 hac
2582 1604 2933 1661 tribulatione
2967 1618 3247 1683 poenarum
3279 1612 3489 1659 tuarum

1893 1703 2084 1749 contra
2113 1712 2273 1765 quam
2300 1696 2475 1751 ferum
2500 1706 2553 1752 et
2580 1706 2788 1753 trucem
2813 1698 3029 1754 hostem
3058 1698 3259 1753 bellum
3287 1696 3490 1752 habue-

183 1817 291 1872 per
312 1801 520 1857 Christi
544 1801 778 1872 gratiam
823 1784 1108 1864 morietur,
1146 1797 1197 1850 id
1243 1806 1348 1864 est,
1379 1801 1600 1849 sanctus
1626 1803 1681 1848 et
1708 1793 1791 1847 in-
1821 1780 1868 1841 Β
1894 1787 2010 1840 ris:
2052 1786 2288 1842 sufﬁciat
2339 1789 2434 1843 tibi
2476 1789 2769 1845 adversum
2808 1806 2894 1845 me
2924 1790 3089 1846 verba
3114 1804 3306 1858 aspera
3336 1789 3486 1845 locu-

182 1909 400 1951 nocens
448 1893 516 1950 ad
548 1893 721 1949 Deum
767 1892 836 1947 de
889 1889 994 1945 hoc
1047 1888 1253 1943 saeculo
1290 1884 1599 1955 emigrabit.
1630 1884 1787 1939 IIunc

178 2001 321 2057 ergo
348 1984 610 2040 infantem
636 1984 891 2053 accipere
911 1981 1176 2037 debemus
1199 1992 1640 2048 unumquemque
1660 1991 1786 2031 san-

181 2091 426 2145 ctorum,
449 2080 542 2150 qui
569 2078 638 2133 de
667 2080 840 2145 fonte,
873 2077 923 2131 id
968 2085 1055 2130 est
1080 2073 1148 2129 de
1196 2082 1352 2129 utero
1381 2072 1574 2127 matris
1596 2069 1783 2126 Eccle-

176 2171 327 2239 sise,
367 2180 641 2241 tamquam
690 2169 869 2223 infans
928 2168 1037 2222 Deo
1083 2178 1305 2222 renatus
1363 2174 1448 2221 est
1488 2206 1504 2231 ,
1549 2175 1603 2219 et
1648 2178 1786 2232 pra:-

182 2270 347 2331 cepta
375 2261 615 2329 Domini,
664 2260 815 2316 velut
863 2260 1068 2314 lacteos
1092 2257 1244 2314 cibos
1272 2257 1341 2311 de
1379 2255 1498 2325 ejus
1526 2253 1783 2310 uberibus

178 2356 354 2425 sugit.

252 2447 538 2503 Concident
578 2464 697 2502 eum
736 2448 888 2502 amici
916 2488 931 2513 ,
962 2447 1192 2502 divident
1222 2446 1375 2500 illum
1406 2444 1776 2516 negotiatores.

176 2540 361 2597 Amici
406 2551 461 2597 et
502 2542 874 2613 negotiatores
902 2540 1022 2604 isti,
1058 2538 1233 2593 sancti
1267 2535 1602 2607 intelligendi
1628 2544 1774 2600 sunt,

175 2647 377 2688 omnes
420 2633 584 2688 etiam
628 2633 878 2688 veritatis
913 2632 1333 2703 prtedicatores:
1384 2630 1584 2700 quibus
1623 2628 1777 2683 Chri-

172 2734 297 2779 stus
324 2723 495 2779 Filius
522 2723 617 2779 Dei
646 2725 719 2778 ait
746 2740 758 2776 :
819 2722 925 2778 Vos
953 2724 1110 2776 amici
1134 2722 1233 2775 mei
1258 2721 1397 2775 estis.
1442 2720 1685 2790 Itemque
1709 2719 1778 2776 de

172 2815 374 2871 iisdem
400 2830 497 2885 per
522 2815 833 2884 parabolam
863 2815 1028 2874 dicit:
1064 2811 1249 2869 Simile
1272 2822 1346 2867 est
1373 2827 1592 2882 regnum
1616 2808 1773 2864 ecclo-

172 2925 296 2963 rum
323 2907 523 2963 homini
549 2908 879 2979 negotiatori,
910 2905 1165 2978 quwrenti
1195 2904 1382 2958 bonam
1411 2903 1770 2975 margaritam,

170 3011 475 3055 eteaztera.
520 2997 623 3067 Qui
672 3013 901 3069 regnum
946 2997 1041 3052 Dei
1069 3040 1086 3065 ,
1137 3005 1192 3051 et
1222 3005 1445 3051 aiterua:
1475 2996 1601 3050 vita:
1628 3006 1770 3063 pra:-

174 3093 345 3146 mium
371 3091 520 3146 velut
548 3091 999 3161 pretiosissimam
1029 3090 1379 3159 margaritam
1407 3088 1461 3142 in
1489 3086 1771 3143 venalibus

173 3192 585 3254 proposuerunt
624 3184 865 3252 mundo,
915 3192 977 3238 ut
1023 3183 1390 3253 unusquisque
1434 3181 1766 3237 creditorum
1795 3166 1841 3227 Ο

173 3278 376 3334 vendat
402 3293 762 3350 quaecumque
788 3277 1039 3334 habuerit
1061 3319 1075 3341 ,
1106 3275 1528 3332 delectationem
1556 3274 1769 3330 Scilicet

170 3370 304 3425 vitae
342 3371 657 3440 prtesentis,
706 3370 791 3424 his
821 3370 1195 3426 mercimoniis
1223 3378 1519 3423 commutet
1538 3379 1593 3422 et
1621 3376 1768 3422 emat

170 3478 318 3518 eam.
366 3461 537 3533 Igitur
565 3478 597 3517 a
626 3463 955 3532 supradictis
988 3463 1206 3526 amicis,
1248 3471 1302 3516 et
1327 3459 1767 3531 negotiatoribus

166 3570 374 3627 corpus
394 3556 556 3628 hujus
573 3557 823 3611 draconis
839 3556 1144 3611 conciditur
1160 3567 1324 3626 atque
1338 3554 1619 3624 dividitur,
1635 3554 1762 3609 dum

168 3664 273 3720 per
300 3650 526 3706 eosdem
554 3651 622 3707 ad
658 3650 818 3706 (idem
845 3649 1077 3716 Christi,
1113 3651 1447 3718 perditorum
1474 3651 1593 3721 ejus
1620 3650 1761 3705 mul-

170 3741 350 3796 titudo
388 3757 552 3812 quam
582 3742 815 3813 plurima
847 3751 1155 3814 separatur.
1212 3741 1349 3796 Nam
1380 3743 1535 3797 multi
1567 3742 1635 3797 de
1662 3757 1763 3811 po-

167 3835 412 3890 tentibus
451 3835 593 3906 ejus,
633 3846 690 3891 et
716 3836 767 3891 in
802 3837 1002 3892 malitia
1032 3835 1262 3893 fortibus
1285 3837 1358 3891 ab
1386 3836 1503 3907 ejus
1530 3850 1760 3891 consor-

168 3928 266 3989 tio,
298 3928 462 3983 veluti
490 3928 739 3984 membra
766 3929 910 3984 illius
941 3937 1331 3996 secernuntur,
1359 3928 1500 3983 sicut
1525 3937 1581 3984 et
1607 3927 1756 3983 Aba-

165 4037 270 4076 cuc
301 4022 565 4092 propheta
597 4025 672 4077 ait
697 4023 767 4077 ad
795 4025 1085 4079 Dominum
1111 4040 1126 4089 ;
1158 4012 1454 4077 Prwcidisti
1474 4023 1527 4075 in
1548 4034 1758 4093 stupore

162 4114 350 4168 mentis
374 4115 544 4187 capita
564 4116 849 4187 potentium
873 4126 891 4165 :
931 4123 988 4171 et
1016 4115 1084 4172 de
1114 4116 1313 4185 quibus
1339 4129 1559 4169 rursum
1584 4117 1661 4168 ait
1688 4114 1758 4169 ad

162 4206 493 4261 Dominum:
541 4206 735 4262 Misisti
785 4208 840 4261 in
887 4208 1061 4279 capita
1113 4208 1444 4263 inimicorum
1495 4217 1755 4263 mortem:

162 4309 399 4355 mortem
449 4300 635 4369 utique
684 4299 939 4355 vitiorum
964 4345 979 4368 ,
1035 4308 1093 4355 ut
1126 4300 1240 4370 jam
1270 4316 1380 4355 non
1409 4299 1513 4355 sibi
1544 4302 1752 4367 vivant,

159 4391 263 4449 sed
288 4393 337 4448 ei
363 4393 456 4462 qui
484 4407 583 4461 pro
616 4393 748 4462 ipsis
773 4405 1017 4448 mortuus
1043 4403 1147 4458 est,
1176 4402 1231 4448 et
1257 4393 1586 4448 resurrexit.
1628 4392 1754 4446 Haac

158 4485 345 4554 capita
375 4484 720 4541 inimicorum
740 4485 864 4551 Dei,
894 4485 945 4540 id
967 4494 1069 4554 est,
1106 4486 1427 4555 populorum
1460 4484 1752 4553 impiorum

1893 1889 2031 1946 tum,
2058 1881 2150 1936 ubi
2176 1895 2341 1937 nosse
2368 1889 2422 1937 te
2450 1882 2595 1937 volui
2622 1926 2636 1950 ,
2670 1885 2926 1953 quoniam
2951 1881 3098 1938 hunc
3126 1881 3485 1937 fortissimum

1890 1973 2168 2028 inimicum
2223 1983 2373 2029 tuum
2428 1989 2691 2045 superare
2746 1991 2807 2030 ac
2858 1975 3077 2031 vincere
3122 1976 3481 2045 nequivisscs,

1886 2064 1994 2118 nisi
2016 2079 2083 2120 ex
2106 2075 2380 2134 praecepto
2402 2065 2616 2137 imperii
2637 2068 2741 2121 mei
2766 2079 2987 2135 accepta
3012 2066 3066 2121 in
3094 2076 3183 2119 tua
3206 2074 3479 2135 potestate

1880 2155 2064 2226 jussus
2094 2155 2324 2222 fuisset,
2367 2169 2423 2213 et
2466 2167 2610 2212 tuam
2644 2157 2998 2213 nihilominus
3026 2159 3263 2212 animam
3292 2167 3476 2211 cuSIo-

1882 2249 1987 2303 diri
2017 2265 2047 2304 a
2076 2265 2183 2304 me.
2234 2250 2403 2319 Igitur
2444 2251 2497 2305 in
2525 2250 2790 2307 ditionem
2826 2251 2971 2306 illius
2998 2253 3071 2305 ita
3104 2249 3263 2306 datus
3288 2265 3347 2306 es
3371 2292 3387 2318 ,
3420 2259 3478 2305 ιιι

1883 2358 1989 2396 ιιοιι
2013 2343 2246 2413 amplius
2268 2354 2319 2397 te
2340 2343 2625 2414 afﬂigeret,
2651 2360 2810 2415 quam
2836 2344 2981 2399 vires
3004 2354 3111 2400 tua:
3135 2355 3471 2415 paterentur.

1952 2435 2088 2491 Ecce
2115 2454 2230 2506 spes
2254 2441 2368 2510 ejus
2395 2438 2734 2508 frustrabitur
2759 2456 2876 2494 eum
2900 2483 2914 2502 ,
2958 2449 3005 2493 et
3028 2439 3316 2494 videntibus
3344 2458 3471 2495 cun-

1880 2531 1971 2583 ctis
2020 2530 2451 2602 prwcipitabitur.
2520 2528 2653 2586 Cum
2707 2533 2759 2587 in
2820 2545 3114 2603 conspectu
3156 2533 3473 2604 angelorum

1880 2630 2224 2686 sanctorum,
2258 2633 2316 2677 et
2346 2622 2763 2677 innumerabilis
2794 2620 3155 2680 multitudinis
3186 2624 3470 2680 beatorum

1880 2714 2160 2768 hominum
2181 2715 2552 2782 prmeipitatus
2571 2712 2733 2770 fuerit
2750 2716 2803 2769 in
2825 2715 3157 2785 gehennam,
3182 2718 3469 2787 ignemque

1876 2816 2173 2875 aeternum,
2203 2824 2357 2877 spem
2389 2808 2510 2876 ejus
2530 2848 2544 2872 ,
2581 2824 2683 2879 qua
2712 2823 2772 2863 se
2804 2810 3001 2865 fortem
3032 2818 3183 2881 putat
3211 2811 3465 2878 evadere,

1876 2900 2207 2955 horrendum
2230 2909 2285 2955 et
2309 2900 2519 2970 justum
2543 2900 2809 2969 judicium
2841 2918 2967 2956 eum
2999 2903 3383 2967 l'rustrabitur,
3414 2914 3467 2958 et

1874 3005 2026 3046 cassa
2060 3000 2224 3060 atque
2253 2990 2437 3046 inania
2468 2993 2716 3061 cogitans
2744 2992 2797 3046 in
2821 2991 3035 3047 irritum
3059 2994 3378 3050 deducetur.

2462 3143 2690 3201 CAPUT
2736 3146 2872 3202 XLI.

1949 3279 2069 3335 Non
2108 3281 2258 3350 quasi
2296 3280 2519 3336 crudelis
2546 3283 2805 3336 suscitabo
2830 3299 2968 3337 eum.
3016 3283 3144 3349 Quis
3171 3285 3309 3340 enim
3333 3288 3464 3341 resi-

1870 3383 2004 3426 stere
2031 3381 2195 3444 potest
2223 3373 2389 3427 vultui
2418 3390 2555 3439 meo,
2584 3384 2631 3427 et
2655 3376 2770 3445 quis
2798 3385 2916 3429 ante
2946 3377 3087 3430 dedit
3106 3375 3233 3430 mihi
3262 3388 3316 3432 ut
3340 3380 3460 3433 red-

1869 3463 1991 3516 dam
2015 3465 2065 3517 ei
2084 3464 2111 3517 7
2149 3461 2339 3517 Omnia
2363 3480 2478 3534 quae
2508 3464 2602 3518 sub
2628 3466 2754 3520 coelo
2780 3476 2901 3519 sunt
2928 3509 2941 3531 ,
2976 3483 3087 3521 mea
3113 3478 3252 3521 sunt.
3304 3469 3459 3525 Hunc

1869 3557 2037 3626 igitur
2055 3557 2329 3611 inimicum
2344 3574 2449 3612 non
2470 3572 2521 3612 ut
2544 3559 2779 3613 crudelis
2796 3561 3014 3614 suscitat
3036 3560 3200 3624 Deus,
3219 3563 3306 3632 qui
3331 3578 3457 3618 eum

1866 3651 2017 3720 quasi
2047 3651 2239 3719 punire
2262 3650 2573 3706 desiderat:
2618 3653 2700 3707 vel
2740 3667 3113 3723 quoscumque
3141 3662 3454 3710 sanctorum

1872 3741 2236 3797 collocatione
2281 3743 2401 3811 ejus
2444 3742 2689 3798 elidere:
2739 3743 2893 3813 cujus
2929 3754 3135 3799 natura;
3174 3744 3462 3802 luculenta:

1866 3836 2048 3904 potius
2076 3845 2277 3888 aeterna
2305 3833 2524 3889 bonitas
2545 3836 2839 3905 competit:
2883 3835 2979 3890 sed
3021 3838 3284 3893 suscitare
3316 3839 3458 3894 Deus

1864 3941 2008 3980 nunc
2053 3924 2355 3981 Letiatban
2408 3926 2508 3981 hoc
2540 3927 2701 3981 modo
2732 3927 2955 3993 dicitur,
3000 3938 3059 3983 ιιι
3084 3944 3208 3984 eum
3242 3933 3455 3986 caeteris

1861 4020 2040 4089 qualis
2062 4019 2131 4071 sit
2158 4017 2472 4073 matiil‘estet
2495 4058 2512 4083 ,
2557 4035 2718 4088 quem
2746 4020 2896 4075 velut
2925 4019 3263 4077 Pharaonem
3294 4023 3451 4093 longa

1861 4111 2222 4180 impunitate,
2274 4111 2484 4167 diutius
2517 4112 2779 4167 insultare
2813 4113 3101 4182 permittit.
3164 4114 3279 4171 Iloc
3306 4115 3451 4170 enim

1853 4207 2163 4276 iustissimo
2186 4206 2401 4277 judicio
2424 4222 2524 4262 suo
2546 4206 2690 4263 Deus
2720 4204 2840 4263 ﬁeri
2870 4208 3037 4265 sinit:
3068 4216 3162 4263 aut
3197 4210 3265 4264 ad
3294 4224 3451 4265 exer-

1859 4301 2172 4356 citationem
2215 4301 2701 4371 probationemque
2744 4313 3058 4358 sanctorum
3082 4345 3098 4371 ,
3129 4312 3227 4358 aut
3254 4302 3320 4357 ad
3354 4304 3454 4356 ini-

1859 4409 2088 4465 quorum
2128 4409 2365 4462 pinnam.
2426 4395 2557 4463 Quis
2586 4396 2730 4450 enim
2774 4395 3038 4452 resistere
3081 4405 3258 4467 potest
3279 4397 3449 4451 vultui

1862 4488 2016 4541 meo?
2046 4486 2146 4543 Ubi
2165 4487 2267 4543 hoc
2289 4487 2499 4542 videtur
2520 4486 2751 4555 dixisse,
2780 4488 2926 4557 quod
2950 4488 3066 4543 solo
3082 4489 3323 4558 aspectui
3344 4503 3453 4543 ma-

158 4553 464 4647 principes,
497 4578 598 4646 ipsi
627 4587 753 4633 sunt
782 4578 938 4647 hujus
979 4553 1279 4647 spiritualis
1309 4577 1565 4631 draconis
1597 4590 1754 4645 reges
1783 4553 1835 4612 υ
1856 4577 2074 4646 jestatis
2106 4577 2241 4645 Dei,
2283 4578 2463 4633 omnis
2495 4553 2744 4633 creatura
2774 4553 2934 4634 cedat
2963 4589 3018 4634 et
3045 4553 3265 4636 tremat.
3318 4581 3452 4650 Quis

156 4678 214 4725 et
247 4667 456 4723 nobiles
478 4708 495 4734 ,
542 4669 631 4739 qui
659 4669 959 4725 secundum
1005 4668 1411 4723 translationem
1445 4666 1749 4735 nominum,

156 4770 217 4817 et
242 4761 467 4831 ﬁguram
501 4763 644 4830 tropi
675 4761 924 4827 alterius,
967 4762 1223 4831 alligandi
1256 4776 1284 4814 a
1314 4759 1591 4832 praedictis
1617 4761 1751 4814 ami-

155 4856 241 4910 cis
282 4865 347 4915 eL
388 4854 820 4924 negotiatoribus
870 4869 991 4910 esse
1038 4854 1331 4907 dicuntur:
1381 4852 1527 4908 sicut
1575 4850 1751 4906 David

157 4947 427 5019 propheta
454 4948 563 5002 ait:
617 4946 687 5003 Ut
714 4947 929 5019 alligent
956 4962 1099 5017 reges
1126 4961 1304 5000 eorum
1336 4947 1391 4999 in
1423 4942 1638 4997 manicis
1656 4985 1672 5010 ,
1701 4952 1750 4997 et

155 5039 355 5094 nobiles
400 5054 586 5095 eorum
625 5039 681 5092 in
709 5039 929 5093 vinculis
958 5039 1163 5108 ferreis.
1216 5037 1282 5090 Ili
1321 5050 1453 5106 ergo
1500 5049 1654 5103 reges
1697 5045 1753 5088 et

155 5131 394 5199 nobiles,
429 5131 533 5200 ipsi
563 5140 688 5185 sunt
713 5139 770 5186 et
796 5130 1083 5196 dracones,
1114 5138 1168 5184 et
1193 5128 1442 5183 membra
1467 5126 1609 5180 illius
1627 5126 1753 5180 dra-

154 5222 332 5290 conis,
365 5222 434 5276 de
460 5221 661 5292 quibus
688 5221 1018 5275 draconibus
1042 5220 1116 5274 ait
1149 5219 1409 5289 propheta
1440 5218 1508 5272 ad
1534 5219 1705 5273 Deum
1732 5232 1748 5273 :

154 5314 238 5370 Tu
265 5314 568 5387 confregisti
595 5315 767 5383 capita
795 5313 1079 5367 draconum
1101 5327 1256 5383 super
1286 5327 1471 5381 aquas.

230 5406 514 5478 Numquid
535 5406 772 5479 implebis
794 5421 1013 5478 sagenas
1031 5406 1164 5478 pelle
1180 5405 1312 5476 ejus,
1340 5413 1385 5457 et
1415 5405 1745 5475 gurgustium

157 5501 375 5572 piscium
403 5499 579 5567 capite
602 5496 785 5551 illius?
824 5495 1025 5552 Omnes
1055 5497 1145 5567 qui
1192 5495 1557 5552 consensione
1588 5496 1745 5550 mali-

155 5595 244 5649 tiae
291 5602 348 5647 et
394 5589 700 5645 imitatione
748 5588 1030 5645 adhwreut
1081 5587 1334 5654 diabolo,
1380 5597 1530 5643 recte
1579 5588 1749 5658 pelles

152 5687 270 5758 ejus
289 5698 415 5741 esse
443 5682 721 5738 dicuntur.
764 5681 912 5749 Quos
934 5681 1061 5737 ideo
1087 5682 1245 5753 pellis
1273 5681 1491 5736 nomine
1513 5680 1752 5737 arbitror

152 5781 351 5852 dictos,
385 5793 456 5836 eo
486 5775 636 5850 quod
662 5776 1062 5835 indissociabili
1087 5777 1426 5835 conuentione
1454 5773 1504 5832 ei
1524 5777 1752 5848 coajun—

1856 4682 1984 4724 ante
2011 4667 2161 4722 dedit
2187 4668 2315 4721 milti
2348 4676 2405 4722 ut
2434 4668 2656 4723 reddam
2686 4670 2779 4722 ei?
2809 4670 2998 4723 omnia
3030 4686 3152 4739 qua:
3179 4671 3281 4725 sub
3307 4671 3448 4726 caelo

1854 4770 2002 4829 sunt,
2029 4776 2144 4816 mea
2168 4768 2313 4815 sunt.
2339 4760 2455 4815 Non
2475 4762 2645 4829 enim,
2664 4762 2760 4827 ait,
2782 4776 2811 4814 a
2833 4778 3101 4831 quoquam
3120 4771 3441 4831 potestatem

1854 4855 2073 4923 accepi,
2113 4867 2272 4924 quam
2304 4852 2606 4923 aliquando
2639 4854 2863 4907 forsitan
2895 4870 2999 4905 non
3034 4853 3353 4909 habuerim:
3386 4866 3447 4908 ut

1853 4944 1902 4999 ei
1934 4944 2086 5013 quasi
2120 4960 2218 5012 pro
2247 4943 2351 4999 hoc
2380 4943 2645 4999 beneficio
2674 4944 2876 5011 gratias
2906 4959 3085 5012 agam,
3118 4954 3212 4999 aut
3239 4944 3441 5015 aliquid

1854 5037 1904 5093 ei
1932 5035 2312 5090 retributionis
2335 5036 2667 5105 impendam.
2708 5034 3018 5091 Secundum
3054 5039 3196 5090 hunc
3219 5050 3438 5091 sensum

1853 5140 1905 5186 et
1938 5128 2233 5198 Apostolus
2262 5129 2530 5200 loquitur:
2559 5129 2660 5181 Aut
2690 5128 2828 5195 quis,
2857 5127 3056 5195 inqttit,
3084 5128 3226 5181 dedit
3253 5128 3355 5195 illi,
3395 5142 3442 5184 et

1850 5221 2163 5275 retribuetur
2188 5222 2280 5275 ei?
2323 5218 2443 5297 Ubi.
2468 5220 2520 5274 in
2544 5218 2631 5274 his
2662 5219 2845 5275 verbis
2869 5219 3012 5273 Deus
3042 5219 3262 5273 all'uisse
3291 5233 3436 5273 scm-

1851 5328 1946 5382 per
1976 5322 2332 5369 monstratur.
2752 5302 2759 5305 ’

1930 5404 2053 5459 Non
2087 5422 2297 5475 parcam
2338 5406 2383 5459 ei
2430 5405 2594 5460 verbis
2636 5405 2924 5477 potentibus
2953 5416 3001 5459 et
3039 5404 3109 5457 ad
3157 5403 3444 5475 deprecan-

1852 5498 1977 5552 dum
2015 5497 2332 5570 compositis.
2395 5495 2511 5552 Iloc
2539 5495 2791 5551 fortassis
2827 5494 2897 5550 de
2936 5494 3152 5551 diabolo
3180 5537 3195 5560 ,
3246 5494 3314 5550 de
3351 5510 3447 5551 cu-

1848 5590 1937 5661 jus
1987 5590 2167 5645 verbis
2236 5588 2322 5645 hic
2380 5589 2670 5661 loquitur,
2743 5589 3049 5660 intelligere
3111 5603 3443 5658 possumus:

1852 5685 1953 5739 etsi
1979 5685 2048 5738 sit
2076 5683 2293 5740 rebellis
2321 5684 2374 5738 in
2423 5685 2625 5751 Deum,
2676 5692 2730 5738 et
2774 5692 3109 5749 contumax,
3162 5696 3317 5736 suum
3361 5693 3442 5737 ta-

1854 5793 1979 5835 men
2024 5787 2268 5838 tremens
2307 5778 2509 5838 sentiat
2534 5787 2867 5851 creatorem,
2898 5786 2950 5835 et
2978 5774 3223 5849 quamvis
3252 5774 3444 5834 inimc—
