4026 6310
556 286 652 345 791

1356 276 1699 338 ΔΡΡΕΝΒΙΧ
1738 278 1831 336 AD
1871 277 2117 335 TOMUM
2156 275 2507 336 SEPTIMUM
2544 274 2603 333 S.
2650 273 3055 333 lllERONYMI.

3738 279 3833 334 79?.

559 423 682 467 mor
711 407 1039 467 conditionis
1085 419 1197 462 suae
1219 444 1235 474 ,
1286 414 1467 459 tamen
1509 413 1783 473 tamquam
1829 416 2020 459 servus
2050 416 2148 457 nc-
2176 400 2232 461 Α
2253 398 2321 455 de
2357 397 2627 453 malorum
2658 395 2903 451 omnium
2930 395 3146 468 capite,
3180 410 3392 453 venena
3424 408 3524 453 sua
3545 410 3835 455 commovet

559 516 747 572 quam,
778 501 972 558 saltem
1001 504 1221 556 coactus
1253 495 1545 553 Dominum
1573 509 1733 551 suum
1761 493 2053 551 obsecrare
2074 493 2149 549 si-

563 594 757 652 mulat.
1260 640 1265 645 .
1316 630 1319 633 ν
1992 600 1997 607 ί

635 688 766 756 Quis
808 685 1044 741 reuelabit
1090 685 1279 757 faciem
1332 683 1618 738 indumenti
1662 684 1793 753 ejus.
1857 680 1958 736 Hic
1989 678 2150 735 indu-

559 788 743 835 mento
768 778 1001 833 velatam
1021 775 1216 832 faciem
1235 774 1440 831 diaboli
1462 774 1566 830 Job
1587 773 1736 841 dicit,
1757 774 1881 845 quia
1897 787 1957 828 se
1975 781 2151 827 trans-

560 871 760 940 figurat
799 868 856 924 in
900 868 1154 939 angelum
1185 867 1342 922 lucis.
1399 866 1694 923 Revelatur
1714 872 1893 919 autem
1924 863 2092 919 facies
2118 876 2151 918 a

557 962 809 1031 Domino,
841 976 971 1017 cum
998 971 1146 1016 artes
1175 958 1545 1029 nequitiarum
1582 958 1721 1012 illius
1751 956 2097 1027 deteguntur.

627 1056 697 1109 Et
733 1056 787 1110 in
819 1054 1048 1109 medium
1076 1053 1182 1107 oris
1210 1056 1325 1125 ejus
1353 1051 1469 1122 quis
1492 1050 1752 1104 intrabit?
1793 1050 1892 1103 llic
1931 1063 1996 1102 os
2030 1047 2149 1101 dia-

552 1150 666 1207 boli
694 1192 709 1217 ,
758 1149 1079 1204 indesinens
1123 1144 1463 1216 blasphemia
1509 1143 1629 1212 ejus
1674 1151 1849 1211 potest
1895 1139 2146 1211 intelligi,

554 1242 699 1312 quod
721 1241 1112 1299 obstruendum
1132 1253 1161 1294 a
1186 1238 1302 1294 Deo
1329 1245 1415 1293 est
1439 1245 1600 1305 atque
1619 1232 1992 1305 oppilandum,
2025 1247 2151 1288 cum

555 1338 726 1394 verbo
773 1334 986 1391 Domini
1030 1333 1197 1389 fuerit
1236 1339 1600 1402 penetratum.
1654 1327 1782 1385 Sive
1826 1329 1880 1382 in
1914 1326 2151 1382 medium

556 1432 670 1487 oris
695 1430 815 1500 ejus
843 1428 969 1499 quis
1006 1426 1277 1482 intrabit?
1307 1431 1489 1497 potest
1527 1424 1602 1478 ita
1637 1421 1828 1477 sentiri
1858 1430 1919 1477 ut
1946 1436 2008 1477 os
2037 1421 2157 1476 dia-

553 1523 690 1591 boli,
714 1520 963 1577 infernus
983 1518 1349 1589 intelligatur:
1382 1515 1447 1571 ad
1470 1531 1629 1586 quem
1650 1513 1906 1571 Salvator
1926 1513 2155 1569 descen-

559 1613 661 1681 dit,
685 1621 742 1668 ut
761 1611 1052 1668 devoratos
1074 1626 1104 1666 a
1127 1609 1347 1665 diabolo
1366 1608 1615 1664 homines
1641 1607 1919 1662 liberaret.
1946 1606 2014 1660 Et
2030 1604 2153 1660 ideo

560 1702 706 1777 quod
737 1703 977 1760 futurum
1004 1709 1125 1759 erat
1164 1699 1445 1773 temporis,
1475 1699 1613 1755 dixit
1638 1717 1649 1753 :
1699 1697 1759 1753 In
1782 1696 2018 1754 medium
2040 1697 2153 1753 oris

559 1800 678 1871 ejus
706 1799 827 1871 quis
854 1795 1122 1854 intrabit?

631 1893 824 1949 Portus
849 1893 1022 1949 vultus
1051 1894 1161 1964 ejus
1189 1891 1304 1963 quis
1333 1891 1531 1960 aperiet
1556 1890 1581 1943 7
1610 1887 1867 1944 Abditam
1901 1896 1957 1943 et
1980 1886 2154 1942 multo

558 1998 773 2048 secreto
811 1987 1193 2044 absconditam
1235 1984 1604 2041 fortitudinem
1636 1983 1996 2056 bypocriseos
2032 1981 2152 2038 dia-

559 2082 688 2150 boli,
719 2081 850 2138 dicit
878 2080 1145 2138 Dominus
1180 2094 1244 2135 se
1268 2078 1698 2149 patefacturum:
1745 2063 1907 2146 quam
1946 2075 2003 2129 in
2032 2088 2155 2145 pas-

555 2175 712 2232 sione
733 2183 788 2230 et
822 2188 986 2231 cruce
1011 2188 1110 2229 sua
1134 2179 1321 2242 aperte
1345 2168 1746 2234 manifestavit,
1780 2166 1999 2237 quando
2028 2180 2151 2221 cum

556 2265 897 2336 principibus
940 2265 1054 2320 suis
1104 2272 1159 2319 et
1198 2260 1565 2332 potestatibus
1599 2258 1884 2316 traductus
1938 2273 1968 2312 a
2015 2255 2154 2313 Filio

559 2356 660 2413 Dei
683 2372 872 2428 parum
904 2356 1233 2413 ﬁducialiter
1262 2355 1581 2426 triumphat.

637 2447 743 2503 Per
794 2465 977 2521 gyrum
1030 2449 1265 2503 dentium
1313 2450 1425 2519 ejus
1455 2447 1702 2519 formido.
1746 2445 2067 2500 Voratorem
2099 2451 2157 2500 et

558 2540 924 2599 insatiabilem
956 2540 1101 2597 hunc
1132 2540 1410 2596 inimicum
1434 2538 1595 2605 dicit,
1630 2537 1722 2608 qui
1746 2535 1893 2593 velut
1912 2536 2158 2605 rapacis-

560 2634 698 2689 sima
731 2634 906 2690 bestia
938 2679 952 2703 ,
983 2633 1244 2690 dentibus
1285 2630 1465 2687 omnia
1497 2638 1822 2697 consumat,
1866 2638 1921 2685 et
1951 2627 2154 2684 idcirco

558 2724 797 2782 formido
826 2733 883 2783 et
912 2726 1073 2782 timor
1104 2726 1160 2781 in
1188 2739 1321 2798 gyro
1345 2724 1592 2783 dentium
1617 2722 1765 2795 ejus,
1798 2722 1925 2795 quia
1955 2722 2023 2777 ad
2059 2721 2156 2778 dc-

558 2819 862 2876 vorandum
890 2820 1059 2888 parati
1088 2827 1235 2875 sunt.

634 2911 834 2985 Corpus
854 2912 999 2968 illius
1020 2913 1170 2985 quasi
1191 2922 1338 2968 scuta
1358 2912 1562 2984 fmilia,
1586 2920 1632 2967 et
1653 2921 1981 2984 compactum
2004 2905 2156 2983 squa-

561 3005 661 3059 mis
686 3021 742 3060 se
760 3006 1124 3078 prementibus.
1160 3005 1279 3062 Una
1308 3008 1398 3062 uni
1427 3006 1781 3078 conjungitur,
1816 3016 1863 3061 et
1894 3022 1958 3061 ne
1978 3006 2143 3078 spira-

561 3097 736 3152 culum
763 3098 969 3169 quidem
994 3099 1185 3154 incedit
1223 3117 1313 3171 per
1336 3116 1443 3156 eos.
1493 3099 1644 3156 Unde
1670 3101 1823 3156 alteri
1847 3099 2151 3165 adhtercbit,

2255 505 2319 544 ac
2347 486 2618 560 producit.
2672 486 2830 543 Oculi
2861 498 3044 544 autem
3076 487 3281 544 diaboli
3310 488 3431 544 falsi
3461 488 3739 560 prophetat
3764 490 3837 545 in-

2255 581 2537 652 telligendi
2562 587 2722 647 sunt,
2749 578 2820 635 de
2850 579 3100 650 qualibus
3128 590 3351 637 sanctus
3375 579 3546 637 Isaias
3567 581 3675 647 ait,
3724 597 3834 638 cum

2254 675 2320 731 ad
2343 684 2687 747 peccatorem
2719 672 2977 744 populum
3008 673 3347 744 loqueretur,
3377 673 3572 731 dicens
3601 674 3673 730 de
3700 674 3833 731 Deo:

2255 766 2477 821 Claudet
2504 765 2683 820 oculos
2716 775 2948 821 vestros:
2988 766 3077 836 qui
3111 766 3462 837 instigatione
3492 766 3563 822 ab
3587 780 3655 822 eo
3686 768 3839 840 inspi-

2254 862 2357 918 rati
2387 863 2698 934 loquuntur,
2728 877 2850 933 qua:
2874 861 3055 917 vicina
3079 860 3333 917 videntur
3357 860 3551 917 lumini
3580 862 3834 919 veritatis.

2253 954 2405 1010 Sicut
2454 954 2737 1026 palpebrae
2774 964 2901 1008 sunt
2925 952 3189 1022 diluculi,
3233 964 3567 1010 cumtamen
3596 956 3734 1011 nihil
3765 957 3840 1012 Iu-

2255 1049 2422 1107 minis
2463 1049 2560 1105 Dei
2606 1048 2944 1121 possideant.
3000 1048 3136 1104 Nam
3174 1049 3390 1104 etiamsi
3431 1048 3723 1106 videantur
3748 1051 3843 1107 ini-

2254 1142 2389 1198 tium
2421 1142 2559 1198 Iucis
2580 1141 2636 1197 in
2664 1156 2726 1197 se
2750 1140 3071 1204 ostendere,
3119 1156 3241 1212 qua:
3266 1141 3348 1196 eis
3371 1141 3729 1211 hypocriseos
3749 1141 3845 1199 fer-

2256 1243 2442 1291 mento
2464 1237 2733 1300 exoritur,
2757 1232 3163 1290 mendaciorum
3191 1242 3373 1289 tamen
3399 1233 3654 1291 tenebras
3674 1236 3844 1306 specie

2255 1326 2507 1382 veritatis
2536 1324 2841 1382 obducunt.

2331 1422 2414 1478 De
2461 1441 2550 1479 ore
2595 1426 2708 1496 ejus
2750 1426 3013 1499 lampades
3050 1426 3339 1499 procedunt
3378 1425 3519 1480 sicut
3543 1425 3692 1480 unde
3718 1425 3840 1497 ignis

2257 1534 2508 1573 accensw.
2547 1519 3015 1586 Quemadmodum
3039 1536 3101 1576 os
3125 1520 3337 1576 Domini
3366 1521 3611 1576 locutum
3640 1530 3746 1583 est,
3776 1520 3841 1575 ita

2257 1618 2522 1667 ctomnes
2552 1611 2701 1682 impii
2730 1621 2788 1668 et
2812 1612 3082 1683 sacrilegi,
3128 1622 3184 1669 et
3206 1612 3535 1683 blasphemi,
3565 1628 3629 1667 os
3650 1611 3842 1669 diaboli

2259 1712 2408 1759 recte
2436 1703 2715 1771 dicuntur,
2747 1720 2812 1759 ex
2840 1719 2947 1776 quo
2984 1705 3138 1761 taeda:
3163 1705 3306 1778 ignis
3335 1719 3605 1772 accensae,
3628 1706 3766 1773 sive,
3793 1712 3844 1759 ut

2180 1794 2229 1855 B
2257 1793 2350 1848 alii
2370 1794 2650 1866 dixerunt,
2676 1795 2867 1852 facula:
2888 1795 3146 1854 ardentes
3167 1798 3491 1868 procedunt,
3514 1796 3569 1852 id
3592 1804 3698 1863 est,
3719 1798 3844 1868 ignis

2258 1893 2316 1941 et
2345 1900 2520 1955 poena:
2543 1901 2709 1942 causa
2730 1889 3081 1959 suggeritur:
3113 1891 3236 1945 etin
3261 1889 3612 1961 Apocalypsi,
3644 1889 3734 1944 ubi
3755 1888 3845 1945 sub

2259 1992 2528 2049 equorum
2566 1979 2930 2037 similitudine
2961 1980 3015 2037 hi
3041 1981 3277 2039 ministri
3307 1982 3512 2038 diaboli
3539 1982 3844 2038 describun-

2258 2080 2349 2127 tur
2376 2114 2391 2139 ,
2436 2073 2511 2128 ita
2544 2073 2613 2129 de
2651 2074 2735 2130 eis
2765 2074 2994 2132 dicitur:
3042 2075 3122 2132 De
3155 2093 3242 2132 ore
3276 2093 3456 2131 eorum
3490 2078 3620 2132 exiit
3646 2078 3781 2151 ignis
3805 2084 3844 2130 et

2256 2168 2454 2239 fumus,
2489 2178 2538 2223 et
2557 2168 2824 2242 sulphur:
2855 2187 2964 2227 non
2991 2171 3275 2243 pchpicue
3294 2171 3515 2244 quidem
3543 2172 3621 2228 ita
3649 2179 3841 2227 exeunt

2256 2259 2327 2317 de
2354 2275 2452 2317 ore
2474 2276 2687 2330 eorum,
2721 2263 2817 2320 sed
2847 2264 3009 2321 verba
3032 2264 3341 2336 blasphemi
3362 2274 3492 2320 sunt
3519 2264 3662 2336 ignis
3686 2273 3743 2320 et
3770 2264 3844 2319 fu-

2258 2367 2401 2424 mus,
2433 2363 2487 2410 et
2511 2354 2763 2427 sulphur,
2794 2357 2933 2413 sicut
2961 2358 3028 2414 ad
3055 2373 3177 2415 eum
3202 2358 3468 2415 Dominus
3502 2373 3597 2430 per
3624 2358 3844 2429 prophe-

2256 2452 2366 2501 tam
2390 2447 2493 2502 ait:
2520 2446 2818 2504 Producam
2845 2450 3013 2522 ignem
3043 2451 3107 2506 de
3127 2451 3295 2507 medio
3316 2452 3393 2507 tui
3413 2453 3503 2524 qui
3527 2453 3762 2507 comedat
3783 2462 3842 2508 te.

2329 2539 2411 2594 De
2438 2541 2648 2596 naribus
2687 2545 2803 2614 ejus
2832 2544 3062 2611 procedit
3091 2547 3285 2617 fumus.
3322 2544 3380 2600 Id
3412 2555 3531 2616 est,
3568 2547 3836 2617 superbia.

2330 2632 2483 2689 Sicut
2533 2635 2653 2690 olla:
2696 2652 2955 2692 succensa:
2999 2648 3154 2709 atque
3200 2640 3463 2710 ferventis.
3511 2641 3652 2708 Quia
3685 2656 3843 2711 vapor

2257 2736 2349 2782 aut
2386 2729 2505 2799 ipse
2534 2744 2596 2785 se
2625 2740 2719 2785 aut
2746 2731 3193 2802 obtemperantes
3230 2741 3461 2804 generet
3484 2748 3689 2790 causas
3716 2735 3841 2805 ignis

2258 2822 2469 2876 aeterni.
2520 2820 2801 2891 Superbia:
2844 2824 3066 2895 spiritus
3098 2824 3166 2893 in
3210 2824 3459 2881 anhelitu
3511 2826 3730 2882 narium
3759 2826 3843 2882 de-

2258 2920 2598 2969 monstratur
2621 2955 2637 2981 ,
2685 2914 2881 2984 quibus
2909 2915 3078 2971 animi
3109 2915 3193 2973 sui
3226 2927 3495 2974 tumorem
3523 2918 3841 2975 exanhelare

2258 3017 2318 3059 se
2338 3003 2556 3074 gaudet,
2584 3004 2680 3061 sed
2713 3005 2986 3061 humiliari
3019 3022 3082 3062 ac
3117 3008 3345 3078 reprimi
3370 3024 3399 3063 a
3426 3008 3664 3066 Domino
3694 3025 3844 3081 supe-

2257 3097 2370 3152 rius
2398 3098 2470 3153 ita
2496 3097 2695 3154 dicitur
2721 3117 2735 3153 :
2783 3098 3061 3172 Numquid
3085 3117 3243 3174 pones
3265 3103 3519 3158 circulum
3539 3104 3594 3157 in
3618 3102 3839 3170 naribus,

558 3197 607 3244 et
627 3199 854 3247 tenentes
884 3209 936 3248 se
958 3210 1281 3266 nequaquam
1308 3194 1709 3266 separabantur.
1732 3194 1869 3250 Tres
1887 3192 1943 3248 hi
1960 3207 2151 3249 versus
2177 3192 2223 3254 C
2255 3203 2305 3247 et
2330 3194 2541 3249 armilla
2566 3194 2858 3267 perforabis
2885 3195 3157 3252 maxillam
3177 3199 3290 3268 ejus
3309 3199 3335 3252 Ρ

555 3282 818 3353 continui,
832 3285 932 3341 sub
943 3285 1281 3343 diversorum
1295 3302 1608 3349 sermonum
1623 3287 1969 3354 repetitione,
1982 3300 2150 3341 unum

558 3377 814 3450 idemque
837 3380 1154 3451 loquuntur.
1178 3381 1388 3452 Corpus
1404 3396 1535 3452 ergo
1552 3381 1779 3450 diaboli,
1795 3395 1996 3436 omnes
2020 3394 2151 3435 con-

557 3480 733 3527 sortes
747 3470 889 3542 ejus,
903 3481 959 3526 et
976 3474 1199 3544 spiritus
1217 3472 1479 3529 immundi
1496 3472 1833 3544 intelligendi
1851 3482 1998 3538 sunt,
2014 3486 2151 3541 quos

558 3573 704 3621 tanta
732 3568 1097 3622 consensione
1124 3574 1288 3638 atque
1318 3566 1727 3636 conspiratione
1753 3565 1895 3621 Deus
1916 3565 2047 3621 dicit
2075 3565 2150 3621 illi

555 3659 863 3731 adiunctos,
881 3672 941 3715 ut
965 3659 1353 3715 indissociabili
1369 3659 1709 3716 connexione
1724 3660 1832 3715 sint
1852 3660 2029 3716 eidem
2051 3674 2149 3717 co-

556 3753 723 3822 pulati
742 3793 757 3819 ,
787 3766 926 3824 quos
957 3753 1120 3809 etiam
1151 3752 1252 3807 sub
1279 3752 1566 3824 allegorica
1588 3752 1853 3818 dictione,
1899 3768 2149 3823 squama-

554 3860 675 3899 rum
707 3845 930 3901 nomine
969 3844 1299 3915 appellavit,
1344 3859 1466 3915 quae
1510 3844 1584 3899 ita
1621 3845 1866 3900 densata:
1904 3844 2050 3909 sint,
2095 3851 2152 3900 et

556 3936 747 3989 stricte
774 3935 883 3990 sibi
914 3936 1145 3990 invicem
1176 3934 1516 3993 cohaerentes
1545 3976 1562 4003 ,
1609 3944 1669 3991 ut
1696 3935 1907 3991 nullum
1949 3935 2056 3990 illis
2077 3937 2149 3991 sit

556 4024 888 4096 spiraculum
916 4027 1219 4096 respirandi
1242 4026 1310 4083 ad
1340 4028 1513 4085 Deum
1537 4069 1552 4096 ,
1582 4044 1649 4084 eo
1670 4029 1827 4111 quod
1844 4028 1914 4084 ab
1941 4029 2030 4083 illa
2061 4030 2147 4085 sui

553 4117 897 4174 connexionc
921 4158 937 4185 ,
991 4133 1331 4190 nequaquam
1380 4120 1448 4175 ad
1482 4121 1772 4177 sanitatem
1808 4119 2147 4190 paenitentia:

552 4209 886 4266 relaxentur.
919 4210 1073 4279 Quod
1096 4220 1276 4267 autem
1300 4212 1576 4268 daemones
1602 4212 1754 4283 impii
1778 4211 2013 4268 ministri
2033 4212 2149 4267 dia-

552 4303 663 4360 boli
694 4345 710 4371 ,
758 4304 927 4360 scutis
974 4303 1230 4362 fusilibus
1275 4316 1700 4376 comparantur,
1765 4307 1871 4362 hoc
1920 4308 2144 4363 nomine

548 4411 740 4453 eorum
770 4396 1040 4467 significat
1074 4398 1353 4465 Dominus,
1382 4399 1527 4470 quod
1555 4400 1782 4455 nimium
1817 4399 2062 4470 pertinax
2090 4411 2145 4458 ct

466 4532 467 4535 η
547 4487 823 4545 obstinate
842 4488 1139 4558 rebellans,
1168 4500 1223 4546 et
1252 4489 1467 4546 fortiter
1494 4490 1665 4547 solida
1696 4506 1761 4547 ac
1789 4491 2045 4562 perennis
2072 4492 2144 4546 sit

2330 3284 2539 3358 Halitus
2575 3290 2689 3359 ejus
2718 3304 2914 3358 prunas
2953 3291 3138 3344 ardere
3183 3290 3334 3361 facit.
3393 3290 3491 3348 llic
3539 3301 3627 3348 est
3675 3293 3840 3349 fumus

2255 3378 2372 3450 ejus
2402 3394 2434 3434 θ
2481 3379 2702 3435 naribus
2751 3390 2805 3437 et
2856 3395 2921 3437 ex
2962 3382 3204 3439 anhelitu
3243 3383 3384 3455 ejus,
3429 3394 3489 3441 ut
3515 3387 3838 3443 carbonibus

2254 3469 2369 3525 suis
2389 3470 2568 3542 ignem
2589 3471 2693 3529 sibi
2714 3479 3005 3539 aeternum,
3031 3481 3088 3530 et
3112 3474 3422 3532 fumandum
3446 3476 3835 3534 subministret.

2252 3562 2336 3617 Ita
2363 3563 2506 3619 enim
2533 3572 2588 3619 et
2615 3563 2889 3620 similibus
2916 3565 3036 3635 ejus
3060 3566 3324 3622 Dominus
3350 3568 3460 3624 ait:
3489 3570 3766 3626 Ambulate
3792 3572 3839 3625 in

2253 3653 2447 3709 lumine
2461 3656 2592 3725 ignis
2614 3655 2786 3723 vestri,
2802 3665 2847 3710 et
2868 3656 2921 3711 in
2933 3659 3159 3729 ﬂammis
3180 3676 3307 3730 quas
3328 3662 3669 3718 succendistis
3688 3663 3834 3717 vobis.

2324 3745 2397 3801 Et
2425 3749 2637 3818 flamma
2664 3748 2731 3802 de
2759 3765 2851 3803 ore
2888 3753 3001 3823 ejus
3030 3752 3346 3824 egredietur.
3395 3752 3524 3809 Sive
3554 3767 3615 3810 ut
3645 3755 3734 3810 alii
3760 3754 3837 3809 di-

2252 3850 2487 3896 xerunt:
2533 3838 2774 3896 Flamma
2795 3857 2913 3897 vero
2940 3841 3004 3895 de
3030 3857 3120 3896 ore
3143 3846 3257 3916 ejus
3278 3843 3520 3914 globatur
3540 3861 3561 3899 :
3600 3844 3678 3900 ibi
3707 3846 3835 3901 idem

2250 3947 2468 4001 sensus,
2497 3932 2638 4003 quod
2666 3942 2771 4010 est,
2815 3949 2988 4004 pmna:
3017 3935 3480 4008 blasphemiarum
3511 3937 3581 3995 de
3608 3953 3710 3996 ore
3732 3938 3834 3994 dia-

2250 4026 2364 4082 boli
2393 4026 2623 4097 globatae
2652 4027 3026 4097 egrediuntur.

2321 4117 2391 4173 In
2436 4119 2572 4174 collo
2621 4122 2735 4191 ejus
2776 4121 3063 4176 morabitur
3110 4123 3400 4193 fortitudo,
3445 4133 3491 4179 et
3516 4125 3708 4195 faciem
3730 4126 3829 4197 ejus

2250 4211 2495 4283 praecedit
2521 4222 2734 4284 egestas.
2779 4211 2919 4269 Colli
2952 4214 3201 4278 nomine,
3242 4214 3295 4270 id
3329 4225 3413 4270 est
3439 4216 3676 4272 cervicis
3698 4261 3713 4285 ,
3747 4228 3825 4273 tu-

2250 4317 2458 4359 morem
2484 4306 2811 4376 arrogantia:
2836 4305 3040 4361 diaboli
3070 4305 3223 4362 dicit.
3273 4305 3488 4378 Cuique
3513 4304 3719 4364 dicitur
3746 4324 3830 4378 per

2249 4396 2571 4466 prophetam
2598 4415 2612 4452 :
2662 4397 2868 4453 Nervus
2897 4398 3096 4467 ferreus
3120 4399 3291 4454 cervix
3319 4408 3410 4454 tua
3432 4416 3450 4453 :
3480 4400 3534 4455 in
3564 4416 3671 4472 qua
3695 4402 3829 4472 prin-

2247 4486 2440 4557 cipalis
2468 4488 2674 4557 peccati
2705 4490 2906 4544 malum
2938 4487 3167 4545 habitat.
3229 4489 3341 4546 Hac
3380 4489 3542 4563 igitur
3567 4492 3828 4563 superbia:

548 4596 740 4638 eorum
760 4582 1083 4654 repugnatio
1101 4592 1292 4639 contra
1314 4583 1507 4639 Deum.
1538 4583 1821 4640 Diabolum
1844 4593 2005 4641 vetus
2028 4583 2143 4639 edi-
2168 4583 2224 4645 D
2249 4579 2565 4636 fortitudine
2583 4620 2601 4647 ,
2649 4588 2706 4636 et
2748 4579 3013 4651 propheta
3041 4580 3224 4637 verbis
3254 4581 3404 4639 illius
3444 4583 3721 4654 loquitur,
3755 4582 3828 4639 di-

543 4676 625 4731 tio
665 4676 929 4747 smaragdi
974 4676 1145 4747 lapidi
1189 4676 1546 4745 assimilavit,
1590 4678 1681 4748 qui
1736 4687 1930 4732 natura
1972 4691 2138 4747 asper

542 4777 665 4835 est,
702 4768 809 4825 alia
831 4768 1019 4824 attritu
1048 4766 1347 4825 lmvlllcans
1375 4810 1390 4835 ,
1418 4768 1515 4825 sed
1554 4768 1665 4840 ipse
1691 4784 1857 4840 asper
1881 4783 2001 4824 esse
2027 4784 2134 4823 non

541 4860 818 4931 desinens,
840 4870 1033 4917 cuncta
1050 4861 1392 4931 comminuit,
1416 4861 1831 4918 diminutionem
1850 4868 2029 4917 autem
2051 4861 2133 4917 sui

540 4953 647 5008 non
673 4953 936 5010 sentiens.

613 5046 1079 5124 Sternutaliorejus
1109 5062 1167 5109 ut
1199 5053 1643 5125 splendor'ignis,
1692 5064 1739 5110 et
1770 5056 1907 5110 oculi
1934 5057 2048 5127 ejus
2077 5066 2132 5124 ut

536 5144 797 5215 palpebra:
820 5147 1066 5202 diluculi.
1100 5146 1229 5204 Sive
1254 5158 1312 5202 ut
1332 5148 1422 5203 alii
1447 5147 1743 5205 dixerunt:
1775 5149 1845 5203 In
1869 5161 2131 5205 sternuta-

534 5248 707 5295 mento
734 5245 849 5315 ejus
876 5241 1134 5296 illucescit
1162 5242 1271 5309 sol,
1301 5250 1350 5297 et
1375 5243 1514 5297 oculi
1543 5246 1657 5316 ejus
1683 5252 1739 5298 ut
1759 5246 1951 5317 species
1972 5244 2130 5299 Luci-

452 5358 461 5375 ι
532 5333 652 5402 feri.
703 5332 1281 5399 Sternutatio,sordes
1327 5335 1537 5390 cerebri
1561 5334 1773 5406 egerit:
1809 5346 1866 5392 ct
1898 5337 2026 5392 vitia
2058 5353 2125 5393 ex

529 5423 1033 5495 internozconcepta
1061 5424 1348 5496 depurgat.
1396 5426 1650 5483 Diabolus
1677 5442 1829 5497 ergo,
1854 5429 1948 5500 qui
1977 5436 2124 5485 totus

530 5513 899 5587 sordiduslet
926 5515 1145 5584 '_fetidus
1188 5528 1306 5585 est,
1359 5519 1412 5575 in
1438 5518 1543 5576 hoc
1587 5521 1794 5577 lumine
1815 5536 1875 5597 se
1903 5522 2123 5578 videtur

530 5606 824 5663 ostendere
853 5653 867 5678 ,
919 5623 1043 5665 cum
1088 5612 1480 5684 transﬁgurans
1520 5630 1584 5671 se
1614 5614 1666 5669 iu
1697 5615 1954 5687 angelum
1986 5616 2123 5673 lucis

529 5696 756 5749 malitiae
784 5712 897 5753 sum
931 5700 1125 5756 sordes
1152 5704 1208 5758 in
1240 5703 1539 5773 perniciem
1567 5705 1851 5761 hominum
1879 5720 2000 5761 cum
2024 5705 2119 5761 de-

525 5780 819 5842 lectatione
846 5798 1102 5856 operatur
1126 5802 1179 5849 ct
1207 5792 1470 5862 elt'undit,
1504 5798 1650 5852 etde
1682 5795 1903 5865 invidia,
1929 5794 2110 5869 idem,

2247 4688 2401 4742 cens,
2431 4674 2791 4747 fortitudinem
2818 4675 3030 4745 faciam,
3055 4691 3216 4747 quem
3246 4677 3317 4732 ob
3340 4677 3445 4733 hoc
3472 4678 3735 4734 Dominus
3756 4679 3824 4733 in-

2244 4774 2431 4833 crepat
2457 4773 2514 4820 et
2537 4764 2669 4820 dicit
2705 4763 2794 4821 ei:
2843 4763 2911 4820 In
2936 4767 3197 4836 sapientia
3225 4777 3314 4822 tua
3358 4770 3529 4841 fecisti
3559 4769 3652 4824 tibi
3684 4768 3825 4841 forti-

2244 4856 2496 4911 tudinem.
2551 4855 2621 4911 Et
2662 4858 2857 4913 iterum
2899 4858 2975 4913 ait
3016 4859 3098 4914 ei:
3149 4857 3217 4913 In
3256 4860 3688 4931 negotiationibus
3725 4862 3819 4915 tuis

2243 4950 2602 5021 multiplicasti
2651 4950 2741 5004 tibi
2790 4951 3172 5023 fortitudinem.
3221 4950 3505 5023 Itemque:
3560 4952 3819 5010 Elet'attun

2241 5051 2315 5098 est
2359 5058 2448 5097 cor
2477 5052 2625 5099 tuum
2662 5044 2716 5098 in
2744 5044 3052 5116 fortitudine
3078 5054 3189 5100 tua.
3231 5045 3386 5114 Quod
3422 5061 3549 5103 vero
3578 5048 3690 5104 ait:
3722 5046 3818 5102 εἴη·

2237 5136 2376 5191 ciem
2402 5136 2544 5191 illius
2566 5137 2836 5208 praecedet
2855 5146 3089 5209 egestas,
3119 5137 3223 5194 hoc
3244 5150 3327 5193 est
3347 5139 3492 5210 quod
3516 5141 3607 5197 ubi
3628 5155 3817 5211 appro-

2236 5227 2577 5297 pinquaverit
2627 5227 2874 5284 diabolus
2902 5270 2918 5296 ,
2965 5227 3112 5284 i|lico
3155 5243 3349 5286 omnes
3374 5230 3482 5285 sibi
3513 5231 3642 5287 vita:
3660 5245 3814 5302 atque

2234 5322 2429 5375 animm
2454 5321 2599 5376 vires
2619 5321 3002 5388 exhauriatur,
3036 5337 3100 5378 ac
3128 5323 3426 5379 substantia
3451 5334 3813 5381 consumatur.

2303 5411 2540 5468 Membra
2556 5415 2793 5468 carnium
2816 5415 2929 5487 ejus
2950 5414 3265 5470 cohwrentia
3287 5414 3405 5472 sibi.
3436 5416 3679 5473 Membra
3704 5416 3812 5472 dia-

2228 5505 2335 5563 buli
2368 5514 2530 5575 sunt,
2582 5521 2720 5577 quos
2748 5494 2911 5575 supra
2945 5506 3000 5560 in
3032 5521 3257 5577 squama
3286 5516 3341 5563 et
3370 5507 3543 5562 scutis
3571 5507 3811 5563 fusilibus

2226 5595 2548 5653 nominavit.
2613 5597 2867 5653 Carnium
2915 5606 3097 5654 autem
3154 5597 3271 5669 ejus
3316 5598 3566 5654 membra
3614 5598 3805 5655 idcirco

2222 5697 2351 5745 sunt
2376 5690 2530 5756 dirti,
2563 5691 2815 5762 quoniam
2843 5690 3152 5748 carnalibus
3178 5707 3245 5749 ac
3272 5692 3567 5763 ﬂagitiosis
3595 5693 3801 5753 actibus

2219 5782 2419 5854 dedita,
2449 5787 2498 5841 ei
2530 5782 2678 5839 velut
2705 5785 2911 5841 auctori
2937 5785 3205 5843 malorum
3230 5784 3566 5844 coluercant.
