3980 6300
111 263 266 323 795
1111 266 1590 331 COMMENTABII
1632 268 1699 325 IN
1738 268 2000 328 LIBRUM
2045 269 2186 329 JOB.
2228 271 2381 331 CAP.
2426 274 2517 332 XI.
3366 284 3472 341 794

228 383 421 439 Mittet
468 393 647 440 contra
687 402 800 442 eum
829 388 1076 458 fulmina,
1121 401 1168 445 et
1192 394 1261 449 ad
1281 395 1449 451 locum
1474 394 1638 449 alium
1671 408 1777 449 non
1801 394 1853 454 A
1879 394 2188 450 securitatis
2219 410 2333 452 sua:
2362 396 2658 471 gloriaque
2690 405 2967 471 perpetua:
3013 398 3080 456 ad
3127 400 3343 460 laudem
3389 405 3472 460 sui

125 479 429 549 ferentur.
480 477 628 533 Ordo
655 478 890 536 dicentis
922 481 1017 539 Dei
1047 482 1151 540 hoc
1178 484 1302 544 loco
1320 482 1656 543 'obscuratus
1682 488 1767 543 vi-
1871 486 2077 544 referat
2111 489 2428 547 conditoris.
2554 486 2557 489 ’

125 570 334 627 detur
359 611 373 635 ,
405 570 495 627 ubi
536 586 659 665 cum
696 570 765 628 de
788 572 1181 665 diabolodicat
1204 619 1219 645 ,
1266 579 1447 636 subito
1471 595 1765 652 personam
1939 580 2070 637 Cum
2093 584 2489 659 apprehenderit
2505 603 2620 641 eum
2650 588 2882 660 gladius,
2908 588 3183 646 subsistere
3202 608 3303 646 non
3320 600 3469 665 pote-

126 672 471 719 commutet
499 664 719 720 dicens:
751 664 927 721 Mittet
949 677 1139 724 contra
1166 685 1290 725 eum
1321 670 1570 739 fulmina,
1615 684 1667 729 et
1698 674 1765 729 ad
1866 675 2134 748 rit,neque
2160 676 2333 745 hasta,
2376 695 2537 749 neque
2573 680 2783 737 thorax.
2813 681 2922 737 Alii
2949 698 3081 739 vero
3111 664 3468 743 manifeStius

124 756 353 812 locum
399 756 566 813 alium
601 775 709 815 non
747 758 1017 817 ferentur.
1073 761 1415 819 Credendum
1438 774 1567 836 est,
1620 765 1764 836 quod
1868 768 2269 825 transtulerunt
2297 756 2994 830 dicentes:Siioccurrerint
3021 776 3069 831 ei
3096 776 3313 845 lancem,
3332 776 3467 833 nihil

129 848 284 907 haec
334 850 564 907 fulmina
592 865 625 906 a
651 852 763 907 Deo
794 854 1082 909 mittantur
1116 864 1307 912 contra
1345 857 1615 914 diabolum
1634 902 1649 927 ,
1679 874 1768 914 se-
1867 860 2059 929 facient
2087 862 2135 915 ei
2161 878 2180 916 :
2202 861 2254 916 id
2282 873 2391 930 est,
2421 864 2581 919 nullis
2610 866 2847 921 metallis
2880 876 3148 923 terrorum
3177 885 3241 925 ac
3273 870 3453 926 incre-

133 943 412 999 cundum
458 942 610 999 illum
638 958 885 1011 sensum,
937 945 1031 1001 ubi
1056 945 1293 1002 dicitur:
1340 946 1483 1003 Pluit
1512 949 1767 1006 Dominus
1868 953 2181 1023 pationibus
2210 959 2413 1025 poterit
2441 959 2741 1015 emendari.
2779 960 2837 1015 In
2866 960 3021 1017 hasta
3056 973 3244 1019 autem
3269 974 3321 1019 et
3349 965 3468 1020 the-

132 1053 176 1090 a
226 1035 484 1090 Domino.
528 1035 685 1106 Quod
734 1038 805 1091 ita
837 1036 925 1093 hic
963 1037 1167 1094 dictum
1209 1040 1580 1097 arbitramur:
1636 1041 1765 1098 fecit
1866 1060 1993 1102 race
2040 1056 2269 1115 possunt
2321 1048 2575 1121 intelligi,
2626 1051 2720 1122 qui
2768 1051 3004 1121 justitite
3053 1054 3221 1110 lorica
3252 1054 3450 1125 induti,

134 1131 347 1197 Dens,
388 1130 536 1201 quod
583 1131 799 1186 locutus
826 1141 912 1188 est
938 1132 1104 1188 Deus.
1147 1133 1491 1191 Fulminatur
1520 1144 1701 1192 autem
1732 1152 1763 1192 a

139 1224 277 1281 Deo
310 1222 488 1279 draco
530 1222 814 1291 diabolus,
859 1224 1075 1295 quando
1105 1226 1280 1296 igneis
1309 1227 1408 1282 Dei
1433 1227 1669 1300 eloquiis
1695 1229 1763 1286 de

137 1315 371 1372 sanctis
416 1315 651 1372 nubibus
693 1316 1030 1386 increpatur,
1061 1302 1395 1389 quas’utiquc
1424 1320 1668 1388 fulmina,
1703 1322 1758 1378 in

138 1410 346 1467 locum
377 1409 544 1465 missa
591 1419 753 1482 atque
789 1409 1034 1479 directa,
1093 1427 1204 1467 non
1249 1410 1445 1469 frustra
1466 1415 1758 1485 jacientur,

135 1512 205 1560 et
236 1501 309 1557 ad
337 1502 515 1558 locum
539 1516 647 1558 non
677 1502 941 1571 ferentur,
974 1518 1076 1565 nec
1094 1518 1154 1561 se
1177 1504 1247 1563 ab
1269 1506 1349 1565 eis
1374 1506 1623 1564 diabolus
1643 1509 1760 1581 glo-

138 1595 398 1651 riabitur
430 1596 776 1667 impunitum.

226 1690 341 1747 Cor
376 1692 492 1762 ejus
530 1691 861 1747 indurabitur
886 1701 1147 1765 tamquam
1177 1695 1335 1767 lapis,
1382 1705 1432 1751 et
1479 1697 1760 1771 stringetur

1866 1138 2090 1195 dextera
2117 1141 2372 1210 Operibus
2393 1144 2599 1199 sanctis
2641 1145 2838 1201 armati
2866 1157 3133 1203 conantur
3177 1148 3456 1206 resistere.

1865 1231 2044 1303 ipsum
2069 1249 2199 1290 vero
2238 1236 2433 1305 punire
2487 1237 2610 1293 sive
2653 1253 2969 1310 expugnare
3018 1256 3126 1297 non
3180 1242 3459 1310 valebunt,

1864 1327 1990 1399 quia
2022 1336 2127 1383 tam
2152 1327 2311 1385 fortis
2337 1338 2393 1385 et
2419 1330 2592 1386 malus
2613 1340 2721 1397 est,
2754 1342 2813 1387 ut
2837 1332 3183 1390 adversantia
3214 1345 3462 1392 contem-

1864 1428 1979 1486 nat,
2005 1428 2060 1475 et
2088 1422 2337 1478 converti
2364 1422 2591 1479 minime
2628 1423 2781 1481 velit.
2812 1424 3055 1483 Proinde
3085 1427 3341 1498 quidquid
3376 1436 3461 1485 est

1859 1509 2199 1570 fortitudinis
2227 1514 2537 1570 animorum
2568 1516 2623 1573 in
2664 1517 2890 1580 sanctis.
2915 1515 3047 1573 ferri
3071 1519 3342 1575 vocabulo
3363 1535 3457 1586 ap-

1861 1602 2117 1674 pellatur.
2145 1605 2422 1678 Quidquid
2447 1607 2611 1663 etiam
2665 1609 2929 1665 virtutum
2963 1616 3069 1678 est,
3102 1610 3227 1668 atris
3274 1611 3462 1683 splen—

1861 1696 2021 1762 dore,
2038 1698 2125 1753 vel
2157 1700 2501 1768 perennitate
2528 1709 2806 1757 censetur.

138 1783 313 1854 quasi
340 1782 664 1839 malleatoris
686 1784 854 1843 incus.
872 1784 1020 1851 Sive,
1059 1795 1123 1842 ut
1144 1787 1240 1843 alii
1268 1787 1549 1858 dixerunt,
1578 1799 1626 1844 et
1650 1801 1753 1846 stat
1784 1788 1832 1849 B
1933 1789 2206 1862 Reptttabit
2224 1792 2359 1846 enim
2374 1793 2524 1863 quasi
2547 1793 2725 1863 paleas
2745 1798 2967 1867 ferrum,
2992 1806 3039 1852 et
3068 1798 3219 1867 quasi
3254 1796 3455 1869 lignum

138 1877 292 1931 sicut
324 1877 474 1932 incus
490 1878 860 1950 infatigabilis.
884 1878 992 1935 Cor
1011 1879 1214 1937 diaboli
1242 1880 1436 1937 durum
1464 1891 1520 1939 et
1549 1883 1760 1940 inﬂexi-

137 1970 266 2027 bile
293 1979 405 2036 est,
435 1970 764 2027 hebetudine
815 1986 1033 2043 quoque
1064 1972 1260 2045 lapidis
1291 1982 1345 2030 et
1371 1976 1574 2046 rigore.
1610 1977 1758 2033 Con-

140 2063 453 2135 stringitur
476 2072 684 2131 autem,
708 2064 829 2121 sive
851 2074 958 2120 Stat
981 2065 1124 2122 sicut
1154 2067 1329 2137 incus,
1353 2083 1474 2137 qua:
1497 2084 1606 2124 non
1634 2084 1759 2138 pro-

138 2159 403 2215 ducitur.
435 2159 593 2216 lucus
617 2174 853 2231 namque
878 2159 1123 2228 caeditur,
1155 2160 1251 2216 sed
1283 2176 1391 2216 non
1414 2163 1755 2233 producitur,

139 2253 473 2324 superiecta
496 2252 737 2323 edomat,
770 2254 1064 2311 immobilis
1092 2262 1272 2312 autem
1316 2255 1432 2326 ipsa
1462 2257 1713 2313 consisdt
1741 2276 1756 2314 :

144 2346 283 2402 talis
312 2346 570 2402 diabolus
614 2357 718 2403 est.
768 2346 1039 2403 Fidelium
1084 2349 1232 2405 enim
1282 2349 1757 2421 increpationibus

144 2439 431 2510 tunditur,
455 2443 845 2513 prophetarum
866 2441 1033 2499 dictis
1062 2443 1316 2511 creditur,
1359 2456 1659 2518 martyrum
1687 2447 1757 2502 vi-

144 2535 332 2588 ctoria
363 2532 605 2602 eliditur,
636 2534 733 2590 sed
765 2550 991 2613 manens
1019 2535 1248 2607 rigidus,
1283 2535 1473 2606 durus,
1521 2538 1757 2596 indomi-

147 2635 267 2692 tus,
298 2625 522 2682 aeternis
565 2625 815 2683 addictus
835 2637 921 2685 est
944 2627 1144 2700 ptenis.

229 2714 364 2771 Cum
390 2717 624 2774 sublatus
644 2719 828 2790 fuerit,
861 2720 1110 2776 timebunt
1137 2720 1329 2792 angeli,
1359 2731 1408 2776 et
1443 2723 1610 2778 territi
1631 2740 1759 2795 pur-

149 2811 443 2883 gabantur.
470 2811 589 2869 Hoc
618 2812 690 2870 de
733 2814 896 2885 primi
938 2814 1124 2872 steculi
1165 2816 1506 2887 temporibus
1549 2816 1754 2873 dictum

148 2904 336 2975 accipi
391 2912 591 2976 potest.
651 2904 924 2974 Quantum
952 2907 1022 2963 sit
1054 2908 1257 2963 malum
1310 2909 1600 2980 superbim,
1640 2909 1752 2981 jam

151 3005 289 3054 tunc
316 2999 494 3068 angeli
518 3000 694 3055 sancti
725 3000 867 3056 scire
893 3011 1217 3073 potuerunt,
1249 3003 1469 3075 quando
1490 3019 1755 3074 praesum-

152 3097 283 3159 ptor
307 3090 611 3163 tyrannidis
640 3092 766 3149 caeli
787 3109 914 3151 arce
935 3094 1182 3166 dejectns
1208 3106 1322 3153 est:
1344 3096 1561 3167 quando
1588 3098 1751 3153 etiam

1860 1883 2147 1957 putridum,
2173 1901 2266 1941 tes.
2293 1885 2467 1941 Tanta
2492 1886 2637 1943 enim
2661 1902 2721 1943 se
2745 1888 2950 1944 virtute
2973 1889 3458 1960 superbiaziuduit,

1864 1986 1920 2032 ut
1942 1977 2059 2032 bmc
2082 1977 2270 2031 omnia
2299 1992 2449 2033 arma
2471 1977 2760 2035 adversum
2785 1993 2847 2036 se
2867 1989 3125 2051 suscepta
3176 1995 3275 2052 pro
3322 1980 3458 2037 nihil

1860 2068 2082 2140 pendat,
2141 2079 2199 2125 et
2244 2070 2362 2139 ipse
2410 2070 2591 2141 potius
2642 2078 2904 2141 operetur
2951 2086 3137 2143 opera,
3170 2072 3451 2142 palearum

1860 2159 2070 2215 acervis
2096 2158 2293 2215 similia
2326 2168 2380 2215 et
2405 2160 2565 2230 lignis
2593 2159 2975 2231 infructuosis,
3005 2170 3063 2218 et
3088 2163 3325 2218 veluStis
3356 2176 3453 2217 ca-

1861 2254 2049 2325 rieque
2069 2253 2465 2322 fatiscentibos,
2508 2270 2628 2325 quae
2679 2258 2803 2327 igne
2854 2254 3289 2328 inexstinguibili
3328 2263 3456 2314 sunt

1861 2349 2090 2406 urenda.

1934 2445 2058 2500 Non
2081 2445 2281 2519 fugabit
2308 2462 2425 2501 eum
2445 2445 2523 2500 vir
2543 2444 2868 2519 sagittarius.
2888 2441 3127 2499 Cuilibet
3139 2450 3454 2501 sanctorum

1859 2538 2112 2610 quamvis
2137 2537 2449 2610 pharetram
2483 2537 2664 2595 cordis
2714 2536 2822 2603 sui,
2852 2536 3284 2608 increpationnm
3332 2550 3455 2591 scr-

1860 2630 2119 2686 monibus
2171 2639 2443 2703 tamquam
2499 2630 2623 2686 telis
2673 2628 3181 2702 compungentibus
3238 2628 3455 2700 plenam

1859 2722 2081 2789 habeat,
2112 2723 2181 2778 ab
2200 2725 2282 2780 eis
2311 2734 2490 2780 tamen
2515 2724 2607 2780 hic
2636 2722 2831 2791 durus,
2881 2732 2936 2780 et
2972 2723 3197 2780 nimium
3244 2721 3458 2780 ferreus

1857 2815 2134 2886 penetrari
2162 2830 2271 2871 non
2304 2816 2531 2887 poterit.
2567 2816 2635 2871 Et
2667 2815 2795 2871 ideo
2819 2831 2931 2871 non
2959 2816 3207 2873 sentiens
3230 2815 3455 2871 vulnera

1857 2909 2372 2978 compunctionum,
2405 2908 2476 2963 ab
2499 2908 2602 2963 hoc
2636 2907 2732 2963 tali
2762 2907 3049 2977 sagittario
3077 2922 3185 2964 non
3216 2907 3453 2979 fugatur.

1858 3000 1966 3055 Alii
1987 3014 2122 3056 vero
2150 3000 2222 3056 ita
2245 3000 2509 3057 dixerunt
2526 3019 2539 3055 :
2558 3000 2680 3057 Non
2693 3001 2934 3057 vulnerat
2949 3019 3070 3058 eum
3092 3004 3282 3075 sagitta
3296 3018 3453 3058 area.

1859 3092 2098 3147 Verbum
2132 3092 2229 3149 Dei
2259 3092 2704 3163 incorruptibilc,
2759 3102 2813 3148 et
2862 3108 3194 3163 permanens
3236 3093 3454 3165 sagittas

150 3195 261 3253 pro
287 3195 357 3237 eo
385 3182 582 3239 merito
602 3198 711 3254 quo
738 3183 793 3240 in
820 3184 1076 3254 veritate,
1110 3186 1163 3241 in
1197 3201 1302 3257 qua
1327 3186 1420 3241 ille
1451 3202 1558 3242 non
1582 3196 1751 3243 stete—
1777 3179 1823 3244 C
1856 3198 2024 3240 teneas
2043 3193 2417 3255 comparatur,
2440 3199 2549 3256 quo
2572 3199 2869 3255 numquam
2894 3186 3075 3255 potuit
3096 3184 3351 3240 diabolus
3383 3182 3451 3238 ad

150 3283 260 3347 rat,
311 3282 694 3331 steteruntzet
720 3275 778 3332 in
806 3276 909 3332 hoc
956 3276 1103 3333 beati
1149 3277 1275 3334 facti
1323 3292 1447 3334 esse
1490 3278 1752 3334 credendi

149 3376 305 3435 sunt,
338 3375 397 3421 ut
423 3370 718 3425 certissimi
748 3370 944 3427 tierent
997 3373 1196 3427 nullius
1245 3386 1496 3444 umquam
1542 3374 1749 3443 peccati

148 3458 365 3530 lapsum
395 3460 498 3516 sibi
529 3475 653 3516 esse
677 3462 1051 3519 metuendum.
1081 3462 1248 3535 igitur
1261 3463 1405 3536 quod
1424 3463 1635 3521 dictum
1661 3473 1747 3521 est

150 3552 280 3622 quia
314 3552 531 3607 sublato
556 3553 797 3622 diabolo,
829 3556 1095 3612 timebunt
1123 3556 1397 3628 angeli,et
1419 3557 1591 3612 territi
1622 3572 1748 3629 pur-

150 3643 445 3715 gabantur,
478 3658 587 3701 non
610 3646 691 3702 sic
713 3646 1128 3716 intelligendum
1151 3647 1419 3720 est,quod
1448 3650 1516 3704 ad
1545 3665 1747 3706 caven-

151 3737 278 3792 dum
312 3748 595 3808 peccatum
627 3740 929 3810 superbia),
964 3739 1369 3797 emendatiores
1418 3740 1585 3798 futuri
1616 3742 1743 3810 sint,

153 3831 327 3887 territi
359 3839 522 3886 tanta:
547 3832 920 3887 damnationis
958 3834 1233 3905 exemplo,
1264 3847 1386 3888 cum
1409 3834 1598 3906 utique
1627 3851 1747 3904 per-

150 3926 395 3996 spicuum
429 3926 501 3981 sit
534 3925 755 3981 minime
796 3941 897 3982 eos
943 3927 1133 3984 beatos
1162 3927 1299 3994 fore,
1333 3928 1379 3983 si
1406 3928 1740 3985 studendum

151 4016 233 4074 eis
259 4018 330 4073 sit
352 4032 485 4073 cura
515 4017 849 4089 impensiore
878 4033 945 4074 ne
968 4029 1210 4088 peccent.
1267 4018 1558 4075 Peccatum
1597 4020 1742 4076 enim

151 4122 362 4173 cavere,
386 4108 471 4165 vel
507 4116 731 4179 peccato
753 4109 1032 4175 resistere,
1052 4108 1120 4165 ad
1142 4109 1559 4181 posualesbujus
1585 4127 1743 4167 mun-

152 4197 204 4253 di
233 4198 482 4255 miserias
501 4199 768 4270 pertinet,
803 4215 910 4255 non
935 4199 1002 4255 ad
1024 4200 1192 4256 futuri
1249 4203 1435 4259 steculi
1484 4203 1736 4275 gloriam.

151 4291 258 4348 Hos
277 4303 462 4348 autem
510 4292 752 4349 arbitror
790 4293 1202 4366 intelligendum
1230 4295 1505 4366 homines,
1539 4298 1633 4369 qui
1665 4298 1735 4354 ad

149 4384 481 4441 consortium
546 4386 897 4456 pervenerint
947 4387 1293 4459 angelorum,
1337 4399 1532 4460 utpote
1578 4391 1734 4461 quasi

149 4479 500 4551 noviangeli,
530 4479 785 4536 damnato
809 4480 1052 4549 diabolo,
1094 4482 1268 4539 territi
1314 4483 1730 4555 purgabantur:

1856 3277 2232 3347 paenitentiam
2293 3276 2605 3333 vulnerari:
2635 3276 2936 3332 secundum
2977 3276 3236 3332 duritiam
3269 3276 3453 3333 cordis

1855 3370 1940 3425 sui
1970 3368 2427 3426 thesaurizatsibi
2457 3370 2592 3425 iram
2622 3368 2675 3425 in
2699 3367 2792 3425 die
2827 3369 2949 3437 irae,
3003 3378 3061 3425 et
3099 3368 3452 3426 revelationis

1847 3462 1979 3532 justi
2002 3463 2193 3534 judicii
2216 3464 2337 3519 Dei.
3091 3508 3100 3518 .

1927 3556 1994 3612 In
2024 3559 2275 3628 stipulam
2303 3559 2434 3615 versi
2455 3566 2576 3613 sunt
2607 3558 2650 3612 ei
2679 3557 2878 3627 lapides
2909 3557 3107 3628 fundae.
3139 3554 3322 3611 Funda
3346 3570 3451 3626 po-

1854 3649 2206 3720 testintelligi
2235 3650 2563 3721 quicumque
2590 3657 2931 3715 sanctorum,
2961 3648 3049 3718 qui
3074 3662 3236 3702 manu
3262 3646 3450 3702 Domi.

1851 3741 1905 3795 ni
1927 3742 2300 3798 continentur.
2325 3741 2429 3797 Per
2455 3740 2554 3796 hos
2610 3756 2743 3813 ergo
2788 3748 3009 3796 sanctos
3066 3754 3219 3808 suos,
3278 3736 3448 3795 duros

1848 3847 2154 3900 sermones,
2184 3833 2353 3889 fortes
2380 3842 2435 3888 et
2456 3847 2692 3904 asperos
2719 3831 2869 3889 velut
2893 3830 3123 3902 lapides,
3155 3833 3301 3885 hunc
3339 3832 3444 3884 im-

1848 3923 1994 3995 pium
2026 3925 2205 3980 valide
2240 3924 2535 3995 jaculatur,
2569 3933 2632 3981 ut
2660 3925 2867 3981 eisdem
2918 3937 3212 3995 percussus
3233 3923 3323 3979 det
3348 3921 3447 3977 ho—

1847 4030 2038 4073 norem
2069 4016 2213 4082 Deo;
2241 4016 2339 4072 sed
2370 4016 2461 4073 ille
2483 4032 2605 4073 cum
2636 4016 2926 4087 singularis
2953 4015 3178 4071 malitiae
3200 4015 3294 4085 sit,
3316 4030 3445 4071 eos-

1844 4109 1967 4166 dem
1998 4125 2283 4167 sermones
2303 4111 2404 4166 sibi
2428 4110 2701 4167 convertit
2730 4111 2784 4165 in
2814 4110 3096 4179 stipulam,
3115 4121 3175 4164 ut
3195 4109 3325 4165 dum
3348 4124 3444 4166 eos

1846 4216 1944 4271 pro
1966 4202 2103 4258 nihil
2130 4202 2299 4268 ducit,
2336 4203 2468 4257 fiant
2492 4204 2539 4258 ei
2575 4201 2723 4258 velut
2757 4201 2957 4272 stipula
2986 4216 3111 4273 quae
3142 4209 3198 4257 et
3226 4201 3440 4257 fuman-

1846 4294 1947 4349 dos
1966 4294 2166 4365 globos
2196 4296 2416 4351 tartarei
2439 4295 2580 4367 ignis
2602 4294 2883 4351 accendat.
2940 4293 3095 4359 Quod
3126 4293 3217 4348 alii
3246 4292 3440 4348 eodem

1842 4401 2009 4443 sensu
2039 4386 2294 4445 dixerunt
2325 4387 2595 4443 :xEstima
2615 4388 2821 4460 lapides
2839 4386 3251 4461 [undajactatos
3282 4395 3339 4441 ut
3362 4389 3441 4458 fe.

1840 4495 1986 4534 num.

147 4572 390 4628 videntes
432 4572 648 4643 qualem
700 4582 1070 4646 quantumque
1120 4574 1359 4643 hostem,
1391 4586 1446 4631 et
1476 4574 1735 4647 hujusce-
1764 4568 1817 4628 D
1914 4572 2080 4638 Quasi
2102 4572 2350 4644 stipulam
2375 4572 2646 4628 testimabit
2665 4572 2932 4629 malleum.
2955 4572 3198 4629 Verbum
3226 4572 3430 4629 nihilo-

149 4665 285 4720 tnodi
309 4679 501 4737 plenas
532 4664 820 4722 horrenda:
844 4667 1217 4723 damnationis
1246 4677 1565 4724 evaserunt.
1595 4668 1736 4726 Pur-

152 4755 421 4827 gabuntur
447 4764 653 4826 autem,
715 4757 768 4812 id
797 4766 901 4825 est,
957 4759 1205 4828 puriores
1259 4760 1369 4815 Dco
1410 4760 1730 4830 reddentur,

154 4857 292 4904 tanta
319 4847 755 4905 divinibeneflcii
808 4850 954 4906 circa
990 4864 1050 4906 se
1078 4850 1457 4908 consolatione
1511 4867 1737 4924 perspe-

153 4959 249 5007 cta.
274 4949 330 5005 ld
358 4950 525 5006 etiam
554 4950 697 5020 quod
723 4950 928 5007 dictum
950 4960 1053 5020 est,
1079 4952 1275 5021 territi,
1308 4955 1395 5011 vel
1426 4955 1569 5026 quod
1598 4956 1737 5011 scri-

153 5060 292 5122 ptnnt
322 5061 429 5117 est,
467 5049 757 5120 timebunt,
783 5068 890 5108 non
921 5052 1182 5110 abhorret
1203 5069 1230 5108 a
1255 5069 1446 5127 sensu,
1480 5064 1540 5113 ut
1569 5058 1735 5113 ratio-

156 5154 337 5210 nabilis
378 5152 638 5210 videlicet
688 5162 941 5210 creatura
985 5169 1149 5211 omne
1187 5156 1510 5213 beneficium
1569 5169 1734 5230 atque

157 5272 303 5313 omne
324 5255 592 5326 judicium
632 5255 913 5312 Creatoris
937 5259 1042 5327 sui,
1064 5273 1174 5315 non
1205 5274 1329 5315 cum
1355 5261 1581 5332 pteuali,
1635 5262 1732 5320 sed

157 5378 265 5419 eum
293 5358 597 5416 honorifico
627 5367 839 5416 terrore
889 5361 1137 5418 miretur.
1170 5363 1240 5418 Et
1269 5378 1457 5420 revera
1480 5380 1598 5436 qua:
1620 5382 1736 5421 ma-

159 5464 562 5539 jorpuriticatio,
588 5462 706 5519 sive
728 5465 1001 5536 purgatio,
1019 5469 1223 5537 poterit
1243 5481 1364 5523 esse
1385 5476 1514 5524 ante
1539 5469 1731 5538 Deum,

164 5571 287 5627 sicut
312 5566 548 5641 angelici
581 5567 840 5635 hominis,
873 5583 1033 5640 quam
1060 5579 1123 5627 ut
1148 5586 1366 5645 semper
1393 5587 1518 5629 cum
1548 5574 1732 5630 exsul-

167 5677 344 5734 tatione
366 5674 533 5751 (quia
555 5673 643 5731 cui
673 5672 922 5730 defertur
952 5675 1071 5747 pius
1100 5687 1184 5734 est
1212 5679 1310 5752 )et
1337 5693 1462 5736 cum
1481 5688 1729 5738 tremore

166 5781 293 5853 (quia
309 5779 398 5839 cui
418 5776 669 5837 defertur
688 5776 835 5835 Deus
855 5787 936 5834 est
952 5776 974 5850 )
988 5795 1158 5840 omne
1189 5782 1392 5841 bonum
1416 5784 1736 5844 certissimae

1841 4664 2019 4720 minus
2041 4663 2308 4733 divinum,
2336 4679 2500 4735 grave
2528 4665 2762 4730 scilicet,
2800 4675 2856 4721 et
2895 4664 3043 4722 forte
3086 4667 3435 4723 coiitundens

1839 4772 1987 4820 eum.
2015 4764 2072 4812 et
2098 4764 2342 4812 atterens
2364 4765 2581 4811 vastam
2608 4756 2866 4811 duritiam
2889 4755 3189 4825 impietatis
3214 4757 3352 4827 ejus,
3383 4766 3442 4812 ut

1841 4866 1873 4906 a
1901 4861 2213 4908 sanctorum
2270 4850 2638 4907 insectatione
2691 4859 2970 4918 tenuetur,
3003 4865 3103 4920 pro
3132 4850 3334 4931 stipula
3362 4865 3438 4905 aa-

1841 4944 2127 5000 slimabit:
2157 4943 2362 4999 malitia
2397 4958 2633 5014 namque
2682 4944 2908 4999 obrutus
2936 4958 3044 4997 non
3075 4942 3275 4998 sentiet
3303 4957 3438 5012 pon-

1843 5035 1944 5091 dus
1973 5035 2251 5092 tundentis
2280 5035 2542 5106 desuper,
2573 5036 2832 5106 quoniam
2859 5047 2957 5090 cor
2985 5034 3104 5104 ejus
3134 5032 3336 5089 factum
3351 5043 3435 5090 est

1838 5129 1979 5185 sicut
2014 5129 2177 5200 lapis,
2206 5136 2263 5185 et
2287 5129 2429 5185 sicut
2482 5128 2636 5184 incus
2690 5126 3079 5184 indomabilis:
3112 5140 3236 5197 qua:
3283 5142 3435 5182 num-

1839 5238 2023 5295 quam,
2055 5224 2180 5280 licet
2205 5237 2370 5295 supra
2408 5223 2627 5278 modum
2660 5231 2804 5290 tusa,
2834 5220 3178 5293 producitur.

1912 5316 1979 5372 Et
2001 5316 2255 5373 deridebit
2283 5319 2566 5372 vibrantem
2603 5317 2826 5372 hastam.
2864 5315 3014 5383 Sive,
3060 5325 3118 5373 ut
3156 5315 3249 5371 alii
3279 5315 3436 5373 dixe-

1837 5389 1988 5478 runt,
2020 5419 2315 5465 trementem
2335 5425 2640 5463 sermonem.
2667 5408 2919 5466 Validum
2939 5408 3230 5478 cujuslibet
3254 5407 3428 5463 sancti

1840 5502 1908 5559 ad
1939 5518 1999 5560 se
2025 5504 2212 5573 vigore
2245 5500 2415 5556 animi
2442 5515 2506 5556 ac
2530 5500 2730 5556 virtute
2777 5501 3058 5567 emissum,
3093 5515 3201 5555 non
3238 5498 3418 5554 solum

1841 5610 1948 5653 non
1972 5595 2269 5661 verebitur,
2298 5609 2487 5650 verum
2510 5593 2671 5649 etiam
2695 5590 2989 5659 deridebit,
3042 5592 3129 5648 vel
3175 5591 3430 5649 eumdem

1843 5706 2172 5757 sermonem,
2204 5689 2292 5747 vel
2315 5691 2480 5748 etiam
2499 5689 2855 5761 jaculantcm.
2874 5688 2993 5746 lloc
3021 5697 3197 5745 totum
3225 5687 3294 5745 de
3319 5686 3437 5744 dia-

1855 5786 1983 5844 bolo
2005 5788 2148 5850 Deus
2176 5785 2407 5844 diversis
2428 5784 2603 5844 modis
2632 5800 2695 5843 ac
2724 5784 3176 5844 similitudinibus
3206 5783 3329 5843 ideo
3356 5784 3441 5845 di~
