3980 6300
540 278 643 336 795

1314 266 1653 333 APPENDIX
1700 276 1788 331 AD
1827 270 2071 331 Touuu
2108 262 2459 332 SEPTIMUM
2500 275 2559 332 s.
2606 264 3009 333 "tenemur.

3738 278 3837 334 796

536 391 632 460 cit,
662 403 718 446 ut
752 390 1098 447 demonstret
1143 389 1478 459 hominibus,
1506 401 1767 459 quantum
1800 387 1928 442 mali
1951 387 2043 455 sit,
2072 395 2126 443 et
2154 387 2203 447 A
2228 400 2604 457 possessurus,
2647 386 2895 443 nesciens
2927 402 2957 440 a
2992 386 3222 442 Domino
3271 387 3382 441 Deo
3434 389 3550 459 regi
3586 388 3649 444 in
3684 394 3837 445 atter-

540 498 698 555 quam
734 489 948 555 potens,
981 491 1038 538 et
1066 496 1224 552 quam
1257 482 1331 536 sit
1368 482 1592 536 omnino
1620 480 2016 537 irrevocabilis.

2231 496 2383 549 num,
2402 490 2459 535 et
2480 480 2533 535 in
2557 481 2815 536 saeculum
2841 481 3026 535 εει-ουιί
3061 496 3074 532 :
3107 479 3334 551 perditis
3362 480 3543 550 impiis
3572 482 3838 553 gentibus

613 576 721 633 Sub
736 578 848 648 ipso
869 575 1170 631 eruntrodii
1191 574 1342 639 solis,
1372 584 1421 628 et
1449 581 1636 628 sternet
1663 572 2128 643 sibiaurumqnasi
2229 573 2299 629 de
2332 583 2472 629 terra
2502 574 2645 642 ejus,
2669 573 2942 643 judicatos
2970 572 3201 644 pupillos
3226 580 3283 629 et
3309 573 3542 630 humiles
3574 573 3841 634 defensos

539 669 650 725 lutu
670 685 721 720 η.
755 666 1090 737 Soljustitiae
1114 666 1363 720 Christus
1393 664 1536 720 Deus
1563 673 1667 729 est,
1695 664 1748 719 in
1796 667 1953 734 cujus
1998 679 2130 734 pett-

539 761 625 816 nis
652 768 737 815 est
761 758 987 815 sanitas.
1014 758 1075 812 lli
1103 759 1268 829 igitur
1299 756 1463 826 radii,
1485 758 1536 812 id
1564 768 1670 825 est,
1700 757 1979 829 s.mctiqui
2005 763 2130 813 sunt

542 852 644 909 lilii
673 853 812 908 luteis
838 852 978 923 ejus,
998 852 1065 907 ab
1092 851 1194 908 hoc
1224 852 1472 921 principe
1505 851 1878 916 tenebrarum,
1902 850 1955 906 in
1991 865 2131 920 prte-

540 946 871 1001 varicatione
902 944 1096 1012 Adam,
1133 952 1355 1015 peccato
1385 942 1528 997 illius
1548 943 1865 998 detinentur
1885 941 2126 1009 obnoxii,

540 1038 667 1094 dum
693 1039 803 1109 jam
833 1038 1143 1110 redemptos
1182 1054 1276 1106 per
1301 1037 1579 1091 Christum
1598 1036 1918 1105 capitalibus
1947 1036 2132 1091 crimio

541 1131 721 1200 uibus,
746 1147 876 1188 suos
916 1132 1042 1187 facit
1098 1130 1310 1201 sibique
1359 1130 1505 1185 velut
1550 1130 1799 1200 captivos
1848 1138 1902 1184 et
1940 1142 2131 1185 servos

543 1225 749 1294 subdit,
768 1234 825 1281 et
844 1225 1115 1296 subjugnt.
1132 1224 1364 1279 Possunt
1384 1231 1438 1279 et
1462 1223 1532 1276 illi
1562 1222 1763 1292 angeli,
1785 1236 1923 1291 quos
1944 1235 2128 1276 secum

548 1319 801 1375 diabolus
834 1318 1003 1373 traxit
1035 1333 1047 1370 :
1076 1316 1144 1371 de
1188 1314 1386 1387 quibus
1418 1316 1472 1370 in
1501 1314 1827 1385 Apocalypsi
1879 1314 2079 1369 dicitur
2110 1332 2125 1369 :

546 1412 613 1467 Et
643 1413 800 1468 traxit
822 1427 998 1466 secum
1021 1410 1225 1464 tertiam
1261 1417 1457 1480 partem
1506 1406 1774 1462 stel.’arum
1802 1407 1855 1461 in
1897 1418 2088 1461 terram
2114 1422 2135 1464 :

545 1507 598 1562 hi
622 1507 755 1562 radii
786 1506 917 1562 solis
946 1504 1193 1574 intelligi,
1226 1504 1315 1574 qui
1341 1502 1661 1559 recedentes
1684 1515 1715 1555 a
1741 1502 1873 1573 Deo,
1905 1501 2136 1556 verolu-

546 1601 714 1665 mine,
750 1598 903 1655 iactae
925 1607 1055 1653 sunt
1078 1595 1342 1661 tenebras,
1374 1603 1430 1650 et
1455 1593 1726 1665 principes
1755 1593 2130 1650 tenebrarum.

544 1691 609 1747 lli
640 1706 770 1762 ergo
798 1691 898 1746 sub
930 1690 1046 1759 ipso
1073 1697 1221 1756 sunt,
1240 1689 1436 1759 quibus
1462 1686 1714 1742 diabolus
1738 1695 1820 1741 est
1842 1700 1936 1741 rex
1968 1693 2023 1741 et
2041 1684 2135 1741 do-

2230 664 2292 720 ut
2317 680 2426 721 non
2451 673 2689 734 apponat
2714 664 2855 720 ultra
2886 664 3069 734 homo,
3104 665 3157 721 id
3189 676 3294 734 est,
3322 665 3442 737 ipse
3463 666 3759 735 diabolus,
3786 675 3840 724 ut

2232 776 2292 819 se
2315 761 2625 834 magnificet
2664 776 2830 833 super
2859 769 3082 817 terram.

2303 853 2432 910 Post
2483 871 2602 909 eum
2646 854 2833 909 lucebit
2878 854 3081 909 semita.
3133 852 3259 909 1am
3310 859 3443 911 tunc
3498 852 3844 924 resipiscens

2231 957 2439 1019 quaeret
2456 949 2661 1004 reverti
2693 948 2759 1003 ad
2789 948 2980 1010 Deum.
3014 947 3239 1018 quando
3260 948 3307 1003 ei
3329 954 3547 1019 tempus
3567 949 3849 1017 perniten-

2235 1042 2321 1098 tiat
2351 1057 2456 1097 non
2488 1042 2615 1096 erit.
2649 1040 2716 1095 Et
2748 1026 2890 1096 hanc
2926 1049 3057 1112 puto
3089 1041 3475 1097 conversionis
3503 1041 3635 1111 ejus
3681 1043 3849 1098 semi-

2235 1142 2340 1189 tam
2372 1132 2590 1198 dixerit,
2642 1148 2763 1203 qua:
2812 1132 3088 1188 obdurato
3115 1131 3283 1188 corde
3312 1140 3365 1187 et
3394 1128 3540 1188 cat-co
3568 1146 3705 1188 sera
3739 1147 3849 1204 pa:-

2235 1226 2456 1281 nitentia
2481 1224 2760 1302 illucescat
2788 1241 2801 1280 :
2827 1224 3043 1296 quando
3075 1235 3201 1296 post
3223 1232 3504 1295 acceptam
3533 1224 3584 1280 ei
3615 1224 3849 1280 minime

2236 1318 2501 1390 proderit.

2307 1409 2610 1465 /Estimabit
2629 1410 2875 1481 abyssum
2897 1409 3050 1481 quasi
3084 1419 3454 1465 senescentem.
3481 1408 3633 1475 Sive,
3672 1418 3736 1464 ut
3758 1410 3848 1469 alii

2235 1504 2515 1569 dixerunt,
2543 1504 2692 1572 quasi
2718 1503 3160 1558 deambulacrum.
3195 1503 3464 1576 Abyssum
3487 1505 3741 1559 diximus
3772 1519 3852 1558 su-

2239 1594 2421 1661 perius
2464 1593 2626 1649 istum
2677 1593 2959 1659 mundum,
2992 1608 3153 1664 quem
3187 1601 3566 1650 senescentem
3590 1603 3653 1649 et
3690 1595 3846 1647 iuve-

2239 1692 2491 1751 teratum,
2523 1684 2835 1755 iupeeeatis
2884 1686 3071 1756 utique
3099 1693 3512 1757 permanentem
3572 1685 3843 1741 diabolus

542 1784 740 1840 minus.
773 1786 977 1838 Aurum
1003 1796 1135 1837 vero
1183 1780 1484 1837 secundum
1524 1781 1668 1835 hunc
1709 1792 1927 1835 sensum
1975 1792 2137 1850 quem
2171 1777 2214 1837 Il
2242 1778 2559 1845 arbitratur,
2593 1778 2846 1835 nesciens
2892 1779 3129 1837 adventu
3173 1778 3387 1835 Domini
3419 1794 3449 1833 a
3479 1778 3737 1850 peccatis
3765 1795 3851 1835 ve-

535 1875 802 1945 diximus,
836 1874 938 1945 ipsi
967 1881 1099 1929 sunt
1126 1872 1264 1929 radii
1288 1870 1444 1940 solis,
1470 1869 1597 1942 quia
1621 1871 1723 1926 sub
1737 1869 1959 1927 nomine
1990 1869 2131 1938 auri,

541 1970 766 2041 pretiosi
789 1969 994 2041 quique
1023 1976 1079 2023 et
1128 1968 1255 2023 mali
1286 1966 1665 2037 intelliguntur
1696 1984 1709 2015 τ
1745 1967 1843 2020 hos
1871 1964 1975 2019 sibi
1998 1971 2141 2020 ster-

544 2065 626 2119 nit
656 2064 812 2136 qnasi
842 2064 1034 2131 lutum,
1064 2078 1185 2118 cum
1212 2075 1307 2118 eos
1329 2061 1430 2116 sibi
1450 2060 1702 2116 subditos
1720 2059 1980 2129 peccatis,
2015 2070 2137 2113 sor-

540 2160 696 2217 didos
719 2166 774 2216 et
797 2160 934 2217 viles
963 2159 1157 2216 eilicit.
1183 2159 1448 2214 Dicuntur
1476 2168 1658 2213 autem
1687 2156 1952 2212 dracones
1973 2155 2028 2209 in
2060 2154 2142 2210 eis

540 2252 675 2308 locis
706 2251 962 2319 secretis,
987 2261 1043 2306 et
1071 2259 1340 2306 terrarum
1371 2247 1569 2305 abditis
1599 2247 1830 2313 sinibus,
1855 2246 1937 2302 vel
1971 2244 2143 2300 maxi-

543 2360 631 2400 me
658 2344 1014 2411 commorari,
1044 2343 1134 2398 ubi
1166 2341 1447 2397 metallum
1474 2340 1591 2394 auri
1621 2341 1713 2396 sit.
1745 2338 1810 2393 Et
1840 2337 1910 2393 ob
1926 2338 2141 2393 bocsub

542 2434 814 2505 spirituali
846 2430 1230 2505 intelligentia,
1263 2443 1392 2503 puto
1440 2432 1579 2488 hanc
1606 2429 1975 2502 metaphoram
2001 2444 2137 2485 con-

540 2538 836 2593 servatam,
867 2538 935 2579 eo
959 2523 1102 2601 quod
1136 2523 1224 2578 hic
1277 2524 1444 2578 draco
1477 2521 1654 2588 rufus,
1688 2522 1759 2576 de
1785 2535 1922 2576 auro
1968 2520 2142 2576 bono-

541 2628 666 2674 rum
709 2631 846 2689 quos
898 2616 1195 2686 dejecerat,
1244 2615 1348 2671 sibi
1397 2614 1578 2670 cubile
1615 2624 1847 2681 sternat,
1881 2612 2026 2683 quod
2056 2620 2142 2668 est

541 2724 733 2766 omnes
786 2707 1100 2779 spirituales
1128 2706 1317 2763 mundi
1345 2706 1507 2777 hujus
1545 2705 1791 2773 divitias,
1821 2704 1875 2761 id
1904 2715 2011 2768 est.
2044 2704 2141 2761 bo-

543 2816 736 2858 norum
764 2801 1041 2857 hominum
1080 2802 1448 2868 sanctitatem,
1471 2790 1763 2871 .justitiam
1807 2809 2141 2870 exterasque

545 2897 794 2964 virtutes,
819 2897 972 2953 velut
988 2908 1181 2951 aurum
1203 2895 1307 2951 sub
1329 2910 1389 2951 se
1415 2894 1655 2962 habebit,
1672 2908 1796 2950 cum
1811 2907 1913 2949 eos
1940 2892 2143 2948 obdor-

548 2989 780 3043 mientes
810 2987 865 3042 in
890 2986 997 3043 tide
1025 2986 1081 3041 in
1114 2986 1287 3041 lutum
1331 2984 1656 3040 immensum
1709 2982 1983 3055 redegerit
2012 2996 2141 3053 pec-

542 3088 808 3135 catorum.

2246 1873 2452 1929 teribus
2499 1872 2866 1928 liberandum.

2315 1962 2437 2018 Non
2463 1971 2539 2018 est
2561 1980 2716 2034 super
2749 1972 2941 2019 terram
2970 1973 3195 2034 potestas
3247 1980 3363 2035 qua:
3412 1974 3762 2035 comparetur
3784 1965 3847 2019 ei.

2240 2055 2395 2112 Nulla
2441 2066 2692 2112 creatura
2739 2067 2825 2112 est
2883 2065 3043 2111 tantae
3074 2056 3357 2126 potentiae,
3391 2057 3507 2112 sive
3567 2057 3849 2127 peccatrix

2241 2158 2491 2205 creatura
2524 2156 2690 2203 tanta:
2720 2147 2963 2215 malitias,
2988 2156 3043 2203 et
3072 2147 3195 2202 ideo
3226 2146 3280 2202 in
3311 2154 3541 2218 utraque
3571 2163 3640 2203 re
3673 2146 3850 2202 nullus

2241 2243 2290 2298 ei
2314 2241 2512 2312 poterit
2538 2241 2869 2311 comparari.

2313 2337 2419 2404 Qui
2445 2337 2619 2408 factus
2646 2346 2743 2401 est,
2773 2346 2828 2390 ut
2857 2336 3060 2390 nullum
3089 2335 3312 2390 timeret.
3369 2333 3594 2404 Propria
3656 2333 3848 2388 volun-

2243 2437 2350 2485 tate
2375 2428 2529 2485 liberi
2559 2427 2892 2491 arbitriisui,
2917 2426 2970 2481 in
2995 2426 3307 2495 superbiam
3332 2426 3508 2482 elatus
3534 2424 3723 2481 factus
3742 2433 3848 2493 est,

2242 2521 2294 2577 id
2323 2530 2428 2589 est,
2458 2521 2529 2576 ita
2552 2520 2636 2577 sui
2664 2519 2865 2575 malitia
2888 2518 3339 2589 depravatusest,
3366 2529 3424 2573 ut
3447 2517 3663 2572 nullum
3687 2517 3849 2572 time-

2242 2621 2346 2679 ret,
2363 2625 2464 2666 nee
2485 2610 2662 2679 ipsum
2697 2609 2983 2663 Dominum
3009 2608 3180 2664 Deum
3202 2614 3507 2663 creatorem
3541 2623 3737 2662 suum.
3761 2604 3850 2662 'I‘i—

2242 2713 2354 2761 met
2407 2704 2622 2776 quidem
2651 2714 2709 2759 ut
2739 2703 2912 2759 malus
2948 2718 3160 2766 servus,
3206 2713 3262 2757 et
3295 2700 3726 2770 praevaricator;
3757 2698 3848 2756 sed

2242 2813 2352 2853 non
2376 2796 2536 2852 habet
2557 2796 2609 2851 in
2640 2811 2699 2850 se
2725 2794 3038 2851 dileCIionis
3070 2793 3160 2849 Dei
3207 2794 3480 2850 timorem.

2314 2888 2479 2944 Omne
2506 2887 2722 2943 sublime
2744 2885 2900 2942 videt.
2931 2885 2990 2941 In
3017 2885 3273 2954 sublime,
3322 2885 3520 2958 inquit,
3576 2895 3754 2957 atque
3799 2884 3852 2938 in

2240 2982 2515 3039 excelsum
2535 2980 2782 3051 erigitur,
2819 2979 2870 3036 id
2892 2988 3000 3045 est,
3032 2994 3204 3051 usque
3232 2977 3297 3033 ad
3330 2977 3503 3049 ipsius
3546 2978 3851 3035 inaestima-

2241 3072 2362 3128 bilis
2393 3069 2663 3141 superbia:
2691 3085 2803 3126 suae
2848 3071 3055 3141 apicem
3100 3070 3363 3136 elevatur,
3403 3078 3459 3125 ut
3485 3069 3847 3140 blasphemus

618 3170 930 3227 Fervescere
945 3171 1095 3243 faciet
1108 3172 1255 3242 quasi
1267 3170 1373 3227 olla
1385 3168 1896 3243 profundummaris,
1915 3174 2134 3240 etponet
2162 3153 2208 3217 C
2240 3173 2406 3236 ponat
2432 3164 2485 3219 in
2517 3163 2659 3221 cmlo
2687 3178 2749 3218 os
2771 3177 2954 3230 suum,
2978 3163 3205 3219 dicens:
3235 3162 3438 3218 Ponant
3460 3164 3515 3218 in
3538 3164 3675 3219 caelo
3705 3163 3849 3217 thro-

546 3264 695 3335 quasi
726 3281 842 3318 cum
868 3273 1131 3337 unguenta
1153 3263 1393 3319 bulliunt.
1423 3263 1568 3319 Mare
1595 3264 1699 3319 hoc
1726 3262 2008 3328 sarculum,
2040 3276 2133 3316 se-

546 3355 781 3412 cundum
807 3356 1128 3425 allegoricos
1154 3355 1481 3424 intellectus,
1506 3368 1628 3410 esse
1649 3346 1960 3421 didicimus,
1991 3353 2136 3422 quod

545 3459 633 3506 est
653 3449 987 3505 obscuritate
1013 3463 1133 3515 sua,
1160 3457 1214 3503 ct
1235 3448 1402 3504 nimia
1436 3446 1678 3503 stultitim
1705 3448 1956 3503 caecitate
1988 3455 2138 3501 tene-

547 3543 790 3609 brosum,
817 3542 959 3612 quod
988 3542 1060 3596 ita
1091 3542 1341 3595 diabolus
1369 3539 1574 3594 carnali
1605 3540 1856 3595 accendit
1880 3537 2138 3608 concupi-

544 3635 773 3701 scentia,
808 3641 865 3687 ut
891 3631 1098 3686 ferveat
1121 3630 1188 3685 ad
1213 3631 1439 3685 amanda
1489 3640 1727 3685 terrena.
1758 3631 1817 3687 Si
1866 3637 2050 3686 autem
2082 3630 2135 3683 in

547 3729 745 3785 bonam
774 3738 980 3800 partem
1025 3735 1298 3796 unguenta
1328 3708 1803 3792 intellexerimus,
1845 3734 1905 3780 ut
1933 3723 2136 3795 gratias

546 3829 859 3877 sanctorum
909 3820 1180 3874 ferventes
1211 3818 1313 3874 hoc
1345 3818 1465 3873 loco
1485 3817 1926 3888 interpretemur.
1952 3833 1983 3871 a
2005 3831 2136 3873 con-

549 3914 718 3969 trario
742 3911 989 3966 diabolus
1010 3910 1174 3966 maris
1197 3910 1354 3966 istius
1382 3909 1652 3965 habitator
1673 3909 1724 3964 id
1752 3909 1886 3980 agit,
1918 3917 1974 3964 ut
2002 3925 2137 3978 quo-

547 4005 715 4061 modo
756 4005 1119 4074 spiritualium
1153 4006 1450 4075 gratiarum
1477 4016 1666 4059 amore
1702 4003 1755 4057 in
1774 4001 1980 4074 Spiritu
2008 4017 2129 4057 san-

553 4109 643 4154 cto
669 4097 1004 4166 fervescunt,
1036 4098 1107 4152 ita
1126 4098 1194 4152 ad
1218 4113 1458 4153 amorem
1496 4096 1682 4153 mundi
1702 4098 1860 4153 istius
1889 4095 2137 4152 homines

549 4190 836 4262 praesentis
858 4188 984 4243 vitae
1009 4188 1305 4257 desiderio,
1338 4189 1491 4258 quasi
1538 4188 1866 4261 quibusdam
1913 4201 2138 4244 succen-

548 4281 790 4337 siouibus
816 4279 1083 4336 ﬂammeis
1108 4280 1415 4336 ardescnnt.
1454 4279 1555 4335 Alii
1585 4280 1860 4347 dixerunt,
1893 4284 2137 4351 {messe-

547 4390 603 4428 re
628 4373 757 4445 facit
781 4372 1043 4443 abyssum,
1066 4380 1119 4425 ut
1144 4387 1236 4427 uas
1255 4386 1452 4427 meum
1473 4372 1694 4427 restituat
1712 4374 1845 4427 sicut
1863 4372 2134 4438 delictum,

549 4474 597 4519 et
624 4472 873 4519 tartarum
896 4464 1071 4534 abyssi
1096 4465 1226 4519 sicut
1247 4464 1528 4532 captiuum.
1554 4464 1666 4519 lloc
1695 4465 1746 4518 in
1764 4463 1884 4520 loco
1898 4464 2136 4520 arbitror

2240 3274 2361 3312 nunt
2388 3273 2579 3321 meum,
2606 3265 2654 3310 et
2682 3273 2772 3311 ero
2794 3256 2982 3311 similis
3004 3254 3298 3312 Altissimo.

2311 3346 2433 3421 Ipse
2464 3359 2538 3403 est
2566 3364 2659 3403 rea:
2683 3364 2835 3419 super
2858 3350 3123 3402 universos
3151 3347 3292 3418 ﬁlios
3322 3347 3603 3417 superbiae.
3637 3347 3698 3403 id
3745 3357 3845 3413 est,

2239 3446 2407 3509 caput
2430 3449 2485 3495 et
2516 3439 2770 3510 princeps
2801 3438 3044 3494 omnium
3075 3438 3460 3509 superborum,
3508 3454 3674 3508 quem
3727 3437 3849 3491 imi-

2244 3538 2419 3583 tantes
2448 3528 2645 3599 angeli,
2676 3529 2926 3585 homines
2977 3529 3152 3601 impii,
3180 3539 3233 3585 et
3261 3531 3739 3600 prmvaricatores,
3769 3527 3846 3578 Ia-

2240 3623 2311 3677 cti
2342 3621 2575 3677 suntiilii
2598 3622 2874 3693 superbiae
2907 3622 3049 3692 eius.

2845 3778 3072 3835 CAPUT
3105 3778 3264 3835 XLII.

2311 3913 2651 3987 Respondeas
2688 3924 2858 3970 autem
2909 3911 3010 3967 Job
3051 3911 3299 3979 Domino,
3348 3913 3479 3966 dixit
3505 3930 3524 3967 :
3549 3914 3682 3971 Scio
3726 3915 3848 3984 quia

2240 4012 2412 4064 omnia
2430 4018 2592 4081 potes.
2623 4005 2676 4061 ld
2699 4019 2804 4073 est,
2836 4007 2927 4078 qui
2957 4006 3231 4064 diabolum
3254 4005 3532 4074 humilius,
3561 4007 3847 4077 quomodo

2239 4103 2342 4168 vis,
2374 4110 2426 4156 et
2453 4100 2671 4171 quando
2699 4100 2800 4155 vis.

2312 4192 2381 4248 Et
2402 4192 2549 4247 nulla
2563 4201 2610 4248 te
2629 4191 2752 4248 latet
2774 4191 3037 4266 cogitatio.
3071 4190 3447 4248 Scrutatorem
3470 4190 3660 4246 cordis
3689 4203 3846 4249 etre-

2244 4289 2390 4345 nium
2414 4288 2584 4342 latere
2614 4287 2736 4357 quis
2760 4285 2961 4356 poterit
2981 4286 3005 4338 ‘l
3027 4284 3183 4341 Unde
3211 4291 3437 4353 apparet
3465 4294 3716 4340 sanetum
3741 4284 3843 4341 Job

2241 4397 2307 4438 ex
2328 4382 2415 4437 bis
2445 4380 2812 4448 sermonibus,
2869 4393 3009 4450 quos
3038 4378 3153 4435 Deo
3184 4378 3459 4447 paenitens
3517 4378 3835 4437 eunlitetur.

2242 4484 2500 4530 accusare
2546 4470 2909 4543 cogitationes
2960 4483 3109 4535 suas,
3138 4468 3347 4541 quibus
3396 4483 3457 4524 se
3495 4470 3747 4525 meminit
3774 4468 3837 4522 de

548 4558 695 4630 (ιιιοά
720 4559 791 4614 ita
821 4558 891 4613 de
910 4557 1530 4613 diaboloDeusdixcrit:
1562 4561 1686 4629 quia
1709 4557 1778 4614 de
1805 4557 1908 4613 hoc
1933 4556 2137 4614 mundo
2164 4544 2217 4605 Ι)
2236 4564 2467 4638 justitia:
2496 4578 2608 4619 sua:
2639 4562 2848 4619 meritis
2883 4562 2984 4616 sibi
3021 4562 3306 4630 plurimum
3340 4561 3615 4622 tribuisse.
3646 4573 3704 4617 et
3732 4564 3836 4615 Deo

549 4652 705 4724 quasi
725 4652 907 4725 abyssi
943 4650 1165 4707 nomine
1191 4652 1370 4708 dictus
1392 4661 1474 4708 est
1504 4653 1575 4708 ita
1607 4652 1887 4708 diabolus:
1917 4652 2057 4724 apud
2078 4667 2139 4709 se

550 4745 821 4803 deﬁniens
850 4745 1143 4801 arbitratus
1167 4745 1259 4815 sjt,
1288 4745 1433 4817 quod
1466 4748 1519 4800 in
1551 4744 1984 4801 recordationem
2024 4759 2141 4801 om-

548 4840 682 4895 nino
699 4853 804 4893 non
828 4837 1030 4905 veniat,
1057 4837 1199 4909 quod
1219 4838 1290 4894 de
1317 4840 1582 4894 memoria
1612 4837 1796 4893 divina
1819 4837 2030 4893 delet—us
2044 4841 2136 4892 sit.

551 4933 717 5004 Cujus
746 4932 1133 5004 impiissimum
1154 4947 1372 4987 sensum
1406 4931 1458 4986 in
1482 4946 1626 4987 nono
1660 4930 1927 5001 propheta
1952 4930 2143 4985 recolit

550 5026 775 5083 dicens:
812 5026 953 5081 Dixit
979 5027 1186 5081 enimin
1220 5025 1376 5081 corde
1404 5040 1521 5090 suo,
1555 5023 1677 5078 Non
1700 5023 1942 5094 requiret.
1974 5022 2138 5079 Item-

546 5136 655 5193 que
682 5137 697 5175 :
730 5120 877 5177 Dixit
902 5122 1036 5176 enim
1062 5122 1117 5174 in
1146 5119 1302 5174 corde
1327 5134 1443 5185 sua,
1471 5117 1675 5173 Oblitus
1701 5125 1775 5172 est
1803 5116 1970 5185 Deus,
1997 5132 2143 5171 aver-

450 5280 461 5287 η
547 5217 608 5270 tit
636 5215 822 5286 faciem
848 5230 1016 5281 suam,
1038 5226 1103 5267 ne
1131 5214 1302 5269 videat
1330 5214 1387 5267 in
1409 5212 1587 5283 finem.
1620 5210 1907 5267 Tartarum
1930 5224 2143 5281 quoque

550 5308 757 5381 abyssi,
781 5306 832 5362 id
855 5318 962 5376 est,
990 5305 1286 5369 infernum,
1314 5305 1368 5360 in
1396 5318 1504 5376 quo
1543 5303 1724 5359 mundi
1767 5303 1922 5358 istius
1948 5314 2145 5373 pecca-

550 5410 700 5457 tores
723 5401 1050 5455 tenebuntur
1079 5398 1271 5455 inclusi
1297 5414 1311 5453 :
1344 5396 1434 5452 ille
1456 5396 1885 5466 velutcaptivum
1911 5393 2011 5449 sub
2037 5392 2141 5449 du-

551 5493 766 5550 rissima
806 5490 1062 5547 videlicet
1086 5488 1460 5546 dominatione
1492 5487 1777 5543 detrusum
1807 5484 2141 5541 viuculisiu-

547 5584 847 5641 fernalibus
869 5581 1683 5652 detinebat.Exsultansigitur,
1714 5589 1768 5636 et
1799 5578 2142 5634 laetabundus

552 5678 800 5733 diabolus
830 5679 1153 5745 mstitnabat,
1174 5676 1318 5748 quod
1349 5684 1651 5731 creaturam
1678 5673 1775 5728 Dei
1806 5673 1891 5728 sui
1923 5686 2143 5727 onmem

554 5769 743 5837 utique
762 5768 1042 5840 mundum,
1064 5771 1208 5828 velut
1234 5784 1329 5826 rex
1352 5778 1406 5825 et
1426 5768 1684 5825 Dominus
1707 5775 1852 5825 esset
1876 5773 2141 5839 perpetuo

2241 4658 2393 4729 quasi
2419 4658 2644 4724 rustico,
2677 4663 2856 4711 notam
2887 4652 3187 4724 iniquitatis
3218 4652 3459 4722 olijicere
3496 4662 3759 4708 tentasse.

2318 4750 2446 4817 Quis
2474 4757 2547 4804 est
2576 4750 2670 4803 iste
2697 4748 2787 4820 qui
2817 4746 2950 4802 celat
2974 4748 3249 4802 consilium
3276 4746 3463 4817 absque
3488 4748 3750 4801 scientia?
3775 4742 3826 4799 Id

2243 4851 2346 4905 est,
2377 4855 2536 4896 nemo
2567 4849 2747 4909 potest
2765 4839 3106 4895 abscondere
3129 4838 3414 4894 consilium
3446 4854 3475 4891 a
3502 4835 3827 4894 conscientia

2246 4945 2359 4991 tua.
2394 4933 2514 4989 iam
2550 4932 3092 5003 inconsequentibns
3123 4931 3566 4988 manifestiSsime
3594 4942 3826 4986 errorem

2240 5041 2398 5082 suum
2436 5026 2815 5089 demonstrat,
2857 5035 2913 5080 et
2965 5024 3335 5094 insipientiam
3385 5023 3697 5089 conﬁtetur,
3736 5034 3825 5093 per

2241 5135 2403 5192 quam
2428 5119 2688 5191 ignorans
2708 5118 2774 5173 ad
2797 5117 2965 5174 Deum
2988 5116 3240 5188 loquendi
3270 5115 3490 5171 modum
3513 5113 3821 5177 excesserit,

2242 5210 2318 5267 ita
2347 5212 2539 5266 dicens
2567 5228 2580 5265 :

2315 5303 2444 5359 Ideo
2473 5303 2774 5373 insipienter
2812 5303 3011 5358 locutus
3045 5320 3162 5357 sunt
3203 5312 3249 5357 et
3287 5319 3403 5371 qua:
3442 5302 3581 5356 ultra
3623 5302 3819 5356 modum

2250 5397 2499 5452 excedunt
2521 5396 2788 5451 scientiam
2812 5411 3003 5450 meam.
3033 5396 3194 5463 Audi,
3225 5406 3275 5448 et
3301 5412 3395 5465 ego
3422 5392 3644 5463 loquar:
3679 5394 3822 5446 inter-

2245 5489 2438 5561 rogabo
2466 5501 2533 5554 te,
2565 5499 2610 5542 et
2644 5487 2899 5561 responde
2927 5485 3075 5542 mihi.
3109 5485 3228 5542 Jam
3261 5499 3404 5541 nunc
3435 5484 3680 5554 deposita
3710 5480 3819 5538 insi-

2245 5583 2452 5654 pientia
2472 5625 2486 5648 ,
2525 5591 2687 5653 atque
2711 5582 2921 5652 abjeeta
2953 5581 3197 5636 stultitia:
3243 5580 3667 5650 prm'sumptione
3688 5618 3703 5642 ,
3733 5584 3819 5645 per

2248 5674 2495 5730 notitiam
2522 5673 2910 5744 iacrepationis
2936 5671 3134 5727 divinat
3158 5671 3224 5727 ad
3248 5669 3689 5727 emendationem
3710 5679 3814 5722 coro

2248 5777 2450 5838 rectus,
2476 5777 2532 5826 et
2552 5766 2837 5840 praesentis
2870 5764 3247 5838 castigationis
3270 5772 3529 5838 purgatus
3555 5760 3813 5823 examine.
