3980 6286
74 331 167 385 ἹεΠ

934 320 1419 381 COMMENTARII
1458 318 1523 374 IN
1565 317 1827 373 LIBRUM
1869 319 2012 376 JOB.
2052 319 2205 376 CAP.
2248 314 2411 372 XLII.

3225 299 3329 356 798

73 448 227 502 Deum
258 441 609 499 nihilominus
632 438 793 495 audet
816 439 1155 507 interrogare
1176 434 1407 493 dicendo
1432 453 1443 489 :
1474 431 1635 489 Audi.
1664 434 1717 494 Α
1745 433 1918 490 titudo
1935 433 2001 488 ad
2030 433 2178 489 illum
2200 427 2547 487 convenerit:
2573 425 2664 496 qui
2691 438 2817 479 cum
2842 436 2873 477 a
2890 418 3119 491 singulis
3145 431 3336 489 parum

71 534 412 593 Clementiam
456 532 650 587 divina:
700 529 1089 601 indignationis
1132 526 1410 584 ostendit:
1452 522 1639 579 ethoc

75 629 206 700 loqui
234 626 466 691 videtur,
497 623 637 695 quod
680 624 823 679 illam
873 623 1082 693 plagam
1129 621 1289 692 longe
1339 618 1447 674 alio
1476 616 1639 672 modo

72 722 201 778 circa
244 734 364 775 eum
413 717 555 772 Deus
597 724 854 785 operatus
887 714 1081 784 luerit,
1129 727 1289 783 quam
1319 710 1437 779 ipse
1476 717 1639 765 antea

69 813 345 885 iudicaret,
372 818 429 865 et
450 809 578 864 hinc
607 817 691 863 est
717 850 732 870 ,
766 806 910 878 quod
942 822 1002 862 sc
1030 823 1058 859 ει
1090 806 1199 860 Deo
1228 802 1410 858 doccri
1450 801 1638 869 cupit:

72 905 264 975 sibique
293 901 399 957 hoc
448 900 623 969 ipsum
672 898 919 968 deposcit
968 896 1199 953 ostendi.
1233 894 1472 965 Accepto
1510 906 1640 962 ergo

74 997 180 1062 Job,
203 996 335 1050 sicut
364 1009 433 1049 ex
466 991 815 1048 sermonibus
842 990 960 1061 ejus
987 987 1320 1045 credendum
1351 994 1434 1042 est
1455 1026 1471 1051 ,
1504 984 1641 1040 divi-

76 1103 149 1143 na:
174 1083 503 1142 visitationis
532 1082 772 1147 oraculo,
807 1084 881 1136 ait
909 1081 978 1136 ad
1006 1082 1168 1136 Deum
1196 1098 1209 1132 :

136 1179 314 1234 Audita
346 1178 490 1233 auris
518 1177 694 1231 audivi
723 1184 791 1243 te,
824 1192 960 1230 nunc
988 1184 1165 1229 autem
1191 1174 1371 1229 oculus
1396 1190 1540 1227 meus
1569 1171 1642 1226 vi-

79 1274 150 1326 det
170 1282 230 1326 te.
266 1271 390 1325 l’ost
421 1268 733 1324 tentationis
767 1267 1166 1337 probatimiem,
1197 1266 1498 1336 prosimior
1529 1263 1641 1319 lac-

79 1375 154 1419 tus
181 1364 364 1419 divina!
403 1359 723 1432 cognitioni.
769 1360 898 1415 dicit
936 1374 996 1415 se
1036 1360 1146 1430 jam
1200 1359 1367 1414 Deum
1418 1357 1637 1423 videre,

78 1471 218 1527 quem
239 1464 379 1519 ante,
403 1453 532 1510 dum
562 1452 989 1519 examinaretur,
1014 1451 1233 1506 audisse
1254 1466 1314 1506 se
1343 1449 1498 1504 dixit.
1530 1450 1642 1502 Au-

79 1548 183 1603 dire
204 1557 377 1603 autem
405 1546 574 1602 Deum
596 1590 609 1614 ,
645 1546 731 1600 vel
757 1544 979 1612 videre,
1008 1543 1098 1613 qui
1145 1553 1228 1596 est
1256 1539 1563 1606 invisibilis,
1588 1549 1643 1594 ct

80 1638 657 1711 incomprehensibilis,
692 1652 798 1693 non
840 1637 1068 1693 iStol-um
1096 1646 1178 1692 est
1208 1635 1489 1690 oculorum
1514 1675 1528 1699 ,
1557 1632 1643 1688 vel

80 1732 279 1787 istarum
300 1731 532 1795 aurium,
557 1729 651 1784 sed
674 1728 857 1800 potius
883 1727 1082 1783 mentis
1113 1736 1167 1782 et
1196 1725 1399 1781 cordis.
1419 1725 1643 1791 Pr0pter

1742 526 2038 597 acceperit,
2068 525 2249 581 subito
2279 531 2551 579 tantarum
2577 516 2889 573 divitiarum
2924 511 3100 568 lactus
3138 509 3211 565 sit
3240 507 3338 565 do-

1742 619 1940 677 minus.
1968 618 2148 673 Potuit
2178 616 2282 672 hoc
2308 612 2542 683 scriptor
2574 610 2697 665 libri
2723 606 2904 674 hujus,
2934 615 2987 660 et
3017 617 3114 674 per
3142 599 3337 657 antici-

1742 713 2016 784 pationem
2069 710 2313 775 dixisse,
2364 716 2414 763 ul
2470 714 2593 776 post
2638 700 2994 758 tentationem
3044 695 3192 750 illam
3235 706 3334 765 per

1741 813 1959 861 centum
2007 801 2361 875 quadraginta
2402 812 2573 854 annos
2603 796 2731 849 vita:
2778 806 2931 855 sua),
2963 786 3332 845 benedicente

1744 899 1999 965 Domino,
2049 895 2352 952 cumulatas
2384 893 2438 946 in
2471 888 2692 956 duplum
2724 884 2941 940 divitias
2987 879 3331 952 possideret:
3386 881 3393 885 ’

1741 995 1979 1049 ﬁliorum
2026 1005 2156 1047 vero
2199 989 2317 1059 ejus
2365 985 2697 1055 duplicatum
2730 993 3014 1035 numerum
3057 989 3165 1031 non
3195 972 3335 1044 legi-

1742 1082 2056 1143 mus.Undc
2082 1081 2316 1138 arbitror
2338 1077 2481 1149 quod
2506 1091 2630 1132 cum
2659 1089 2722 1130 ea
2750 1087 2871 1143 quae
2900 1068 3123 1126 omnino
3146 1066 3329 1138 perie-

1742 1188 1884 1243 rant,
1918 1177 2008 1233 illa
2037 1175 2086 1232 ei
2117 1175 2171 1230 in
2200 1173 2425 1244 duplum
2454 1167 2653 1224 luet-int
2677 1164 2951 1230 restituta,
2976 1160 3137 1217 etiam
3161 1158 3253 1214 ﬁlii
3282 1156 3335 1214 ei

1742 1272 1935 1344 viginti
1973 1285 2073 1342 pro
2110 1268 2298 1324 decem
2338 1264 2532 1321 redditi
2578 1262 2707 1317 sint.
2737 1259 2801 1313 Hi
2832 1255 2976 1313 enim
3006 1254 3108 1324 ipsi
3139 1252 3334 1309 decem

1743 1342 1907 1438 primi
1932 1377 2069 1435 quos
2097 1362 2255 1417 ruina
2281 1360 2476 1415 domus
2513 1353 2748 1411 labentis
2774 1354 3164 1421 oppresserat,
3194 1342 3336 1415 apud

1749 1437 1914 1514 llenm
1948 1471 2056 1511 non
2082 1461 2338 1524 putantur
2360 1448 2639 1507 exstincti.
2670 1445 2900 1514 Propter
2928 1437 3340 1494 mdiﬁcationem

1745 1554 1927 1623 itaque
1967 1551 2089 1606 ﬁdei
2119 1557 2325 1604 nostra)
2349 1591 2363 1616 ,
2395 1552 2576 1601 tantos
2606 1540 2657 1598 ei
2704 1539 2846 1594 ﬁlios
2878 1551 2906 1591 a
2939 1536 3051 1590 Deo
3075 1530 3341 1601 redditos,

1745 1651 1982 1714 quantos
2008 1642 2285 1706 amiserat,
2314 1634 2661 1695 sentiendum
2689 1641 2793 1697 est,
2812 1639 2871 1685 ut
2896 1627 3043 1683 omni
3075 1626 3345 1681 bonorum

1746 1750 1967 1792 suorum
1996 1731 2294 1789 substantia
2321 1730 2374 1784 in
2401 1726 2623 1798 duplum
2656 1722 2761 1777 sibi
2790 1738 2819 1777 a
2849 1718 3081 1774 Domino
3109 1715 3346 1787 reddita,

81 1824 202 1896 quod
250 1825 386 1880 beati
419 1832 546 1881 sunt
598 1822 802 1880 mundo
846 1821 1009 1877 corde
1063 1821 1329 1881 homines.
1361 1832 1468 1889 quo
1498 1816 1643 1872 Deus

1761 1828 1913 1884 etiam
1960 1824 2102 1880 ﬁlios
2139 1823 2191 1877 ill
2223 1821 2446 1891 duplum
2479 1817 2680 1873 habere
2710 1828 2769 1869 se
2796 1811 3083 1869 crederet:
3116 1809 3233 1880 qui,
3260 1817 3350 1864 ut-

81 1919 288 1975 videtur.

141 2011 333 2066 Idcirco
374 2012 486 2081 ipse
516 2025 599 2064 me
631 2007 952 2083 reprehendo
971 2050 985 2075 ,
1015 2018 1060 2063 et
1089 2023 1188 2079 ago
1218 2005 1570 2080 paenitentiam
1596 2005 1650 2059 in

88 2104 242 2175 favilla
267 2115 309 2160 et
338 2105 533 2161 cinere.
566 2102 857 2176 Postquam
886 2112 1055 2158 autem
1080 2105 1282 2157 locutus
1302 2109 1374 2155 est
1400 2099 1651 2154 Dominus

89 2197 214 2251 verba
232 2196 338 2252 luec
363 2195 431 2251 ad
452 2196 582 2261 Job,
613 2196 742 2251 dixit
769 2195 838 2250 ad
869 2194 1095 2266 Eliphaz
1113 2192 1505 2247 Themanitem:
1532 2189 1651 2245 Ira-

92 2298 156 2343 tus
186 2297 251 2343 est
275 2292 419 2361 furor
448 2305 597 2343 meus
618 2288 671 2342 in
702 2298 768 2353 te,
804 2297 851 2341 et
882 2287 932 2340 in
964 2289 1091 2340 duos
1121 2286 1311 2339 amicos
1342 2294 1496 2339 tuos:
1524 2300 1652 2354 quo-

93 2386 207 2437 niam
224 2402 315 2439 non
336 2386 456 2440 estis
483 2384 648 2438 locuti
666 2400 838 2438 coram
853 2399 931 2437 me
948 2390 1163 2445 rectum,
1178 2383 1307 2435 sicut
1322 2398 1392 2435 sel
1404 2397 1496 2434 vus
1508 2395 1651 2434 meus

92 2477 191 2534 Job.
207 2480 398 2535 Sumite
414 2478 700 2552 ergoLuobis
727 2490 917 2551 septem
935 2486 1111 2531 tauros
1137 2485 1183 2531 et
1212 2476 1418 2541 arietes,
1439 2483 1484 2528 et
1501 2474 1570 2529 ite
1586 2473 1652 2527 ad

94 2586 261 2624 scrtum
283 2587 446 2626 meum
472 2567 579 2625 Job
601 2611 615 2636 ,
647 2577 697 2625 et
743 2567 923 2638 offerte
963 2568 1321 2622 holocaustum
1348 2583 1439 2636 pro
1487 2564 1649 2619 vobis.

94 2659 171 2715 Job
204 2672 368 2719 autem
402 2680 585 2719 servus
615 2678 758 2717 meus
791 2661 957 2715 orabit
994 2676 1089 2733 pro
1115 2658 1275 2715 vobis.
1302 2655 1517 2712 Faciem
1539 2659 1656 2729 ejus

94 2757 374 2826 suscipiam:
395 2767 445 2810 ut
473 2773 583 2811 non
605 2756 741 2808 vobis
758 2754 1039 2825 imputetur
1061 2750 1304 2807 stultitia.
1325 2749 1506 2821 Neque
1522 2750 1657 2803 enim

97 2846 227 2901 locuti
258 2849 369 2903 estis
397 2865 581 2904 coram
610 2864 690 2901 me
724 2857 918 2902 rectum
947 2862 965 2900 :
991 2845 1121 2899 sicut
1153 2860 1327 2898 servus
1352 2859 1494 2896 meus
1532 2840 1656 2897 Job.

98 2938 306 2994 Abierant
350 2957 469 3012 ergo
504 2937 736 3013 Elipllaz
764 2937 1122 3004 Themanites,
1155 2947 1200 2991 et
1226 2935 1435 2989 Baldad
1460 2935 1659 3003 Suites,

97 3039 134 3082 tl
153 3030 341 3102 Sophar
363 3031 754 3100 Naamatltites,
778 3040 822 3086 et
846 3030 1073 3101 fecerunt
1103 3032 1235 3084 sicut
1258 3030 1458 3083 locutus
1491 3030 1659 3101 fuerat

98 3121 320 3182 Dominus
357 3127 422 3181 ad
467 3144 582 3183 eos.
615 3127 785 3194 Quem
833 3125 1010 3181 locum
1058 3124 1147 3179 alii
1178 3123 1485 3182 dixerunt:
1529 3122 1659 3177 Ideo

98 3217 272 3288 despexi
292 3222 671 3294 mentett'psum,
693 3229 741 3275 et
758 3218 1006 3284 distabui,
1030 3227 1075 3272 et
1097 3219 1344 3274 wstimavi
1366 3233 1445 3271 me
1469 3225 1658 3271 terram
1687 3201 1730 3260 (ἶ

97 3318 134 3361 et
175 3312 393 3367 cinerem.
445 3311 610 3381 Quod
661 3320 842 3366 autem
896 3310 950 3365 in
1005 3309 1256 3380 injuriam
1312 3308 1483 3363 sancti
1512 3306 1655 3371 Job,

97 3401 227 3457 amici
261 3404 372 3474 ejus
401 3422 506 3459 non
540 3414 690 3459 recte
724 3404 885 3458 locuti
918 3400 1148 3467 fuerint,
1194 3400 1277 3457 hic
1305 3409 1519 3472 aperte.
1552 3399 1659 3454 Do-

97 3492 220 3547 mino
247 3497 322 3551 eis
363 3497 670 3567 imputaute
693 3538 707 3561 ,
760 3504 1129 3550 monstratur:
1164 3493 1309 3554 unde
1343 3496 1460 3562 ipse
1487 3494 1564 3547 ait
1589 3491 1657 3546 ad

98 3596 192 3650 eos,
221 3586 354 3656 quod
392 3595 677 3655 peccatum
710 3584 839 3641 illlld
870 3584 1307 3656 exprobrationis
1336 3585 1413 3639 eis
1443 3582 1643 3639 remitti

100 3688 188 3729 non
217 3677 402 3746 possit,
429 3679 530 3733 nisi
564 3678 759 3734 beatus
789 3677 892 3734 Job
924 3693 1020 3748 pro
1053 3676 1159 3732 illis
1189 3675 1444 3744 oraverit,
1478 3683 1533 3732 et
1563 3677 1658 3730 hoc

98 3766 370 3826 locaustum
416 3770 826 3843 pr0piliationis
857 3770 1136 3827 obtulerit.
1180 3770 1283 3827 Ubi
1327 3769 1659 3826 advertimus

97 3858 218 3925 quod
270 3863 572 3920 sacerdotis
614 3861 798 3918 ofﬁcio
837 3863 1030 3919 beatus
1065 3861 1169 3918 Job
1212 3861 1429 3918 functus
1470 3862 1659 3918 luerit.

98 3945 403 4024 lntelligatur
429 3954 536 4012 hoc
565 3955 686 4010 loco
708 3952 854 4025 quod
886 3955 1018 4009 nulli
1048 3954 1301 4023 expediat
1324 3968 1445 4008 cum
1478 3953 1661 4008 exsul-

98 4040 274 4100 tatione
298 4087 313 4114 ,
344 4055 400 4102 ct
427 4048 681 4104 convicio
722 4060 1023 4118 coarguere
1068 4047 1119 4100 in
1154 4045 1246 4100 Dei
1279 4044 1656 4115 east'gatione,

97 4148 150 4189 ac
166 4138 564 4196 tribulationum
590 4140 872 4196 laboribus
894 4140 1269 4194 constitutum.
1292 4139 1378 4192 Ait
1403 4153 1655 4208 namque,

94 4227 220 4297 quod
242 4229 339 4287 Job
364 4242 490 4290 ante
514 4246 615 4303 pro
644 4232 725 4288 eis
746 4230 1070 4287 sacriﬁcium
1101 4230 1443 4295 ollerenteln,
1469 4229 1657 4285 faciem

94 4321 198 4390 ejus
232 4325 296 4380 ad
337 4326 737 4383 exaudiendum
773 4326 1012 4381 libenter
1034 4325 1355 4394 susceperit.
1390 4323 1460 4379 Et
1510 4323 1661 4380 addit

95 4409 332 4470 Dominus
363 4417 620 4489 duplicia.
662 4416 718 4472 ln
770 4417 1122 4489 sequentibus
1171 4416 1432 4486 queritur
1461 4429 1658 4472 sensus

93 4503 216 4573 eius,
247 4508 333 4577 qui
368 4509 823 4580 quemadmodum
850 4509 1012 4564 luerit
1044 4508 1368 4578 duplicatus,
1403 4507 1527 4562 libri
1559 4508 1653 4560 hu-

1752 1926 1877 1989 pote
1924 1915 2277 1972 ﬁdelissimus
2308 1911 2403 1967 Dei
2446 1924 2637 1966 servus
2659 1951 2674 1976 ,
2706 1905 2929 1960 minimc
2958 1900 3211 1959 dubitare
3251 1899 3349 1955 de-

1754 2012 1909 2067 beret
1932 2023 2030 2064 eos
2053 2050 2069 2075 ,
2110 2021 2245 2077 quos
2274 2003 2341 2060 ad
2374 2003 2541 2058 Deum
2574 1997 2933 2070 praemiserat,
2968 2008 3076 2048 non
3107 1992 3342 2060 perisse.

1755 2107 1849 2164 Sic
1871 2104 1961 2160 ubi
1987 2119 2085 2174 per
2116 2108 2283 2156 totum
2310 2099 2449 2155 hunc
2480 2096 2682 2152 librum
2705 2098 2953 2147 sanetum
2976 2087 3103 2153 Job,
3119 2085 3347 2156 ﬁguram

1760 2197 2016 2254 habuisse
2069 2190 2370 2250 Salvatoris
2419 2183 2835 2260 perspeximus,
2886 2181 3122 2237 donante
3173 2175 3347 2249 gratia

1756 2290 1896 2359 ejus,
1924 2296 1982 2345 ut
2006 2285 2163 2343 nobis
2189 2283 2370 2355 largiri
2395 2280 2648 2350 dignatus
2674 2284 2780 2343 est,
2809 2272 3184 2343 exposuimus,
3213 2279 3266 2325 et
3288 2266 3349 2324 in

1756 2382 2081 2457 quibusdam
2102 2386 2115 2387 ί
2133 2379 2267 2435 locis
2293 2419 2307 2445 ,
2354 2374 2559 2431 amicos
2587 2371 2707 2442 ejus
2734 2365 3029 2440 signiﬁcari
3060 2360 3348 2418 haarcticos

1758 2452 2154 2539 intelleximus,
2186 2470 2326 2527 sicut
2370 2467 2533 2524 etiam
2564 2474 2620 2520 et
2647 2462 2796 2518 illum
2825 2457 2986 2515 llcliu
3025 2452 3348 2526 gentilitatis

1758 2569 2016 2627 habuisse
2080 2563 2368 2634 imaginem
2405 2602 2421 2627 ,
2491 2554 2867 2614 disseruimus.
2919 2546 3029 2606 Sed
3077 2545 3204 2619 quia
3254 2558 3351 2615 per

1757 2664 2033 2721 Christum
2079 2657 2373 2728 impiorum
2431 2661 2595 2723 atque
2639 2645 2938 2705 errantium
2980 2637 3353 2698 reconciliatio

1760 2766 1878 2814 est:
1911 2753 2036 2809 Non
2058 2760 2133 2807 est
2150 2750 2283 2806 enim
2304 2746 2453 2802 aliud
2473 2760 2655 2800 nomen
2674 2741 2767 2797 sub
2789 2738 2935 2807 ctelo,
2952 2737 3004 2791 in
3029 2752 3128 2805 quo
3151 2738 3353 2806 oportet

1760 2850 1927 2907 salios
1968 2846 2128 2919 ﬁeri:
2174 2845 2295 2899 ideo
2344 2840 2608 2896 exstincta
2655 2848 2801 2890 nunc
2844 2830 3148 2902 gentilitate
3187 2838 3353 2898 atque

1761 2946 1983 3014 abolita,
2005 2938 2245 2996 haeretici
2273 2936 2339 2992 ad
2351 2934 2627 2991 Christum
2659 2945 2687 2984 a
2714 2929 2827 2984 Deo
2849 2925 3009 2981 Patre
3037 2924 3346 2988 mittuntur,

1764 3048 1823 3093 ut
1848 3052 1945 3107 per
1972 3048 2132 3105 quem
2162 3030 2312 3101 prius
2342 3025 2532 3081 salvati
2566 3021 2799 3085 fuerant,
2830 3031 3049 3072 rursum
3083 3013 3220 3086 lapsi
3249 3027 3351 3085 per

1764 3102 2012 3184 eumdem
2056 3122 2407 3179 mediatorem
2461 3117 2570 3172 Deo
2621 3110 3062 3169 reconcilientur.
3091 3103 3147 3159 Ill
3198 3102 3355 3157 holu-

1764 3233 1955 3278 c:lusw
1978 3232 2106 3274 vero
2131 3224 2336 3281 septem
2366 3220 2642 3266 taurorum
2672 3213 2728 3260 et
2756 3202 3012 3265 arietum,
3043 3197 3348 3253 orationum

1762 3321 1925 3383 atque
1965 3310 2431 3377 eleemosynarum
2461 3295 2800 3359 satisfactio,
2849 3288 3121 3363 superbiae
3165 3294 3222 3340 et
3257 3285 3353 3339 ira:

1762 3381 2082 3462 emundatio
2139 3397 2382 3470 plenaria
2410 3436 2424 3461 ,
2477 3402 2638 3464 atque
2687 3385 2931 3462 perlecta
2971 3399 3067 3454 per
3108 3381 3352 3437 laborem

1763 3508 1928 3566 atque
1961 3468 2330 3549 innocentiam
2383 3482 2701 3558 poenitentia
2744 3479 3169 3535 demonstratur.
3197 3468 3358 3539 Quod

1763 3597 1944 3644 autem
1976 3584 2085 3640 ait:

1834 3677 1905 3733 Et
1933 3674 2157 3745 suscepit
2186 3671 2441 3728 Dominus
2483 3669 2665 3742 faciem
2696 3662 2797 3719 Job
2818 3705 2833 3728 ,
2867 3654 3127 3716 Dominus
3155 3671 3353 3727 quoque

1763 3785 2037 3825 conversus
2080 3774 2155 3822 est
2183 3764 2252 3819 ad
2278 3760 2627 3837 paenitentiam
2662 3754 2786 3824 Job,
2819 3768 2936 3808 cum
2961 3759 3129 3807 oraret
3150 3749 3239 3803 ille
3260 3764 3354 3817 pro

1762 3861 1942 3915 amicis
1980 3860 2118 3924 suis;
2155 3855 2286 3912 illud
2322 3862 2406 3911 est
2447 3851 2593 3923 quod
2626 3850 2701 3907 ait
2747 3843 3075 3917 Apostolus:
3120 3840 3359 3897 Christus

1761 3950 1915 4008 Iesus
1955 3951 2042 4023 qui
2080 3947 2171 4005 est'
2201 3948 2255 4002 in
2285 3947 2496 4001 dextera
2527 3940 2665 3997 Dei:
2715 3941 2805 4012 qui
2836 3937 3001 3994 etiam
3046 3932 3361 4004 interpellat

1764 4058 1863 4116 pro
1891 4042 2071 4109 nobis,
2093 4038 2391 4101 secundum
2418 4038 2683 4093 Joannem
2714 4030 3041 4103 aposmlum‘,
3061 4025 3357 4081 advocatus

1762 4144 1948 4193 noster
1975 4143 2098 4204 est,
2131 4144 2180 4189 et
2215 4129 2532 4204 propitiaiio
2566 4127 2708 4198 apud
2754 4124 2992 4180 Patrem.
3037 4116 3130 4178 Sic
3174 4118 3363 4188 itaque

1761 4229 1931 4285 facies
1982 4226 2283 4284 Salvatoris
2323 4239 2354 4278 a
2392 4221 2555 4278 Patre
2599 4217 2928 4289 suscipitur,
2972 4212 3100 4269 dum
3145 4219 3201 4267 et
3242 4210 3358 4280 ipse

1762 4321 2005 4388 exaudit,
2030 4329 2085 4376 et
2110 4317 2419 4376 exauditur.

1836 4413 1905 4467 Et
1932 4411 2136 4465 addidit
2166 4408 2419 4466 Dominus
2445 4406 2617 4461 omnia
2645 4413 2977 4475 quaecumque
3003 4397 3207 4470 fuerant
3227 4392 3353 4459 Job,

1762 4492 2015 4571 duplicia.
2049 4502 2140 4568 illa
2183 4501 2343 4571 igitur
2393 4497 2573 4554 addita
2610 4503 2734 4551 sunt
2761 4492 2982 4549 Christo
3024 4486 3256 4544 Domino
3303 4492 3360 4540 et

90 4589 170 4660 ius
209 4575 451 4668 scriptor
479 4600 768 4672 diligenter
799 4610 1039 4656 enarrat.
1070 4575 1291 4655 Fratres
1322 4613 1452 4654 vero
1485 4609 1539 4654 et
1569 4612 1658 4653 so-
1684 4583 1734 4645 Ι)
1763 4597 1877 4652 Deo
1932 4600 2121 4650 nostro
2154 4632 2168 4656 .
2224 4606 2347 4647 cum
2404 4588 2604 4659 populo
2655 4585 2822 4641 Israel
2884 4597 2982 4651 per
3036 4580 3198 4636 ﬁdem
3252 4575 3354 4632 ad-

93 4699 254 4788 rores,
281 4693 368 4762 qni
397 4693 463 4748 ad
493 4694 710 4749 beatum
741 4692 843 4750 Job
894 4694 1254 4764 postplagam
1284 4691 1658 4763 castigationis

95 4783 199 4846 ejus
244 4795 646 4854 convenerant,
688 4800 881 4842 omnes
909 4785 1273 4856 cogitationes
1297 4827 1311 4852 ,
1344 4796 1398 4840 et
1444 4783 1663 4839 familiae

94 4874 291 4938 generis
317 4876 435 4945 ejus
464 4878 832 4950 intelligenda:
862 4890 1012 4935 Sunt.
1046 4878 1298 4935 Universi
1347 4878 1510 4933 ctiam
1545 4876 1659 4932 noti

95 4971 143 5014 et
167 4966 315 5021 amici
353 4968 473 5038 ejus
495 5013 510 5037 ,
542 4971 632 5041 qui
664 4970 903 5041 regalem
935 4970 1229 5040 potentiam
1262 4970 1381 5038 ejus
1410 4968 1659 5039 singula-

95 5066 301 5126 remque
336 5059 654 5141 sapientiam
703 5063 855 5133 prius
907 5069 1209 5129 noverant,
1256 5063 1535 5116 venientes
1590 5058 1656 5113 ad

97 5159 206 5249 eum
243 5154 593 5210 comederunt
620 5169 743 5210 cum
787 5170 852 5210 eo
884 5156 938 5209 ill
970 5154 1220 5209 convivio
1252 5154 1473 5208 honoris
1501 5152 1618 5221 ejus
1646 5170 1657 5204 :

96 5244 144 5291 in
165 5244 605 5315 quosignilicatus
627 5256 713 5303 est
736 5247 881 5302 abeo
902 5246 1145 5302 omnium
1175 5245 1419 5301 sordium
1443 5244 1663 5315 squalor

99 5329 377 5432 abstersus.
406 5336 466 5392 In
516 5350 663 5395 motu
708 5353 841 5395 vero
864 5339 1057 5409 capitis
1086 5380 1100 5407 ,
1146 5338 1434 5394 indicatam
1467 5351 1663 5392 conve-

102 5426 349 5481 nicntium
372 5427 440 5483 ad
484 5443 606 5486 eum
636 5430 883 5487 imlitiam
920 5430 1232 5485 noverimus
1263 5446 1276 5483 :
1310 5429 1508 5498 quique
1538 5444 1660 5481 nlu-

98 5514 233 5568 neris
279 5518 446 5587 gratia
474 5559 489 5583 ,
520 5521 671 5577 velut
705 5518 894 5590 inopi,
925 5529 981 5576 et
1029 5520 1242 5589 penitus
1272 5518 1409 5573 nihil
1442 5518 1658 5572 habenti

100 5599 348 5664 dederunt
381 5624 511 5666 oves
536 5611 809 5682 singulas,
840 5621 895 5666 et
925 5613 1143 5667 inaures
1170 5625 1367 5666 aureas
1397 5610 1659 5679 singulas.

101 5693 152 5750 lo
174 5697 268 5755 hac
287 5703 679 5772 consolatione,
711 5703 814 5759 etsi
842 5718 1011 5775 parva
1033 5714 1087 5760 et
1135 5705 1373 5775 priorum
1404 5702 1664 5757 bonorum

105 5788 474 5869 duplicatione,
507 5796 858 5853 animadverti
881 5804 1081 5869 potest,
1104 5795 1247 5869 quod
1274 5796 1494 5868 grandis
1522 5792 1663 5849 mul-

1764 4689 1869 4745 dita
1901 4694 1986 4744 est
2010 4685 2250 4756 gentium
2279 4678 2593 4745 multitudo,
2613 4687 2670 4735 et
2698 4676 2934 4732 addetur
2961 4674 3013 4729 in
3044 4687 3239 4744 regno.

1841 4778 2100 4836 Venerunt
2135 4788 2309 4833 autem
2329 4774 2399 4829 ad
2415 4789 2531 4828 eum
2551 4786 2724 4826 omnes
2746 4768 2930 4840 fratres
2952 4766 3057 4830 sui,
3087 4774 3132 4818 et
3154 4762 3365 4817 univer-

1763 4888 1836 4929 ste
1872 4884 2075 4926 sorores
2111 4885 2250 4935 suac,
2279 4874 2331 4921 et
2357 4864 2526 4920 cuncti
2554 4861 2646 4934 qui
2684 4865 2927 4914 noverant
2956 4870 3069 4910 eum
3101 4851 3246 4926 prius
3265 4894 3279 4919 ,
3312 4856 3361 4903 et

1764 4963 2092 5021 comederunt
2121 4976 2237 5015 cum
2266 4974 2325 5013 eo
2352 4972 2537 5031 panem
2562 4955 2616 5009 in
2646 4952 2797 5007 domo
2825 4950 2957 5021 ejus.
2989 4940 3055 4999 Et
3087 4948 3359 4998 moverunt

1770 5072 1927 5125 super
1973 5071 2085 5110 eum
2126 5059 2299 5123 caput.
2340 5046 2497 5117 Quod
2545 5047 2651 5110 ait,
2686 5050 2977 5106 venerunt,
3021 5037 3125 5093 hoc
3150 5042 3237 5091 est
3264 5048 3362 5104 per

1770 5149 1928 5206 tidem
1961 5150 2010 5204 ei
2041 5143 2371 5216 incorporati
2400 5150 2527 5197 sunt
2550 5182 2565 5207 ,
2601 5148 2661 5194 ut
2683 5138 2821 5193 intra
2846 5133 3139 5190 Ecelesiam
3168 5128 3223 5184 ili
3252 5140 3363 5182 uno

1767 5240 1963 5313 spiritu
1989 5237 2299 5308 congregati
2339 5242 2523 5291 essent
2570 5228 2815 5285 membra
2843 5226 2961 5296 ejus
3015 5236 3204 5279 omnes
3236 5232 3360 5275 crc-

1765 5333 1961 5390 dentes
2004 5349 2058 5386 ιιι
2085 5344 2233 5387 eum.
2284 5326 2503 5383 Fratres
2527 5334 2705 5378 autem
2749 5327 2805 5376 et
2841 5326 3060 5374 sorores
3088 5314 3364 5378 dicuntur,

1769 5427 1949 5482 omnis
1990 5423 2083 5480 illa
2134 5419 2384 5493 cognatio
2418 5416 2732 5475 Judazornm
2762 5409 2985 5481 populi:
3016 5406 3086 5463 de
3129 5416 3359 5477 quorum

1774 5518 1974 5572 lamilia
2025 5524 2184 5570 natus
2233 5522 2319 5570 est
2362 5508 2633 5567 Christus.
2664 5505 2791 5561 Sive
2838 5499 3035 5557 lra’trcs
3063 5506 3119 5556 et
3147 5504 3366 5553 scrores

1774 5678 1903 5773 gere
1939 5713 2230 5772 possumus
2265 5715 2279 5752 :
2312 5710 2379 5751 eo
2405 5690 2549 5763 quod
2590 5690 2658 5746 de
2700 5694 2876 5742 massa
2906 5680 3127 5738 huniani
3150 5678 3379 5752 generis

1777 5769 1994 5850 carnem
2018 5788 2334 5862 assumpsit,
2368 5794 2466 5860 per
2489 5796 2650 5857 quam
2678 5778 2782 5839 sibi
2801 5785 3032 5836 caeteros
3055 5771 3255 5837 iratrcs
3280 5769 3370 5828 di-
