3980 6318
603 333 707 393 799

1389 331 1735 390 APPENDIX
1774 329 1867 388 AD
1906 330 2149 391 TOMUM
2189 328 2545 389 SEPTIMUM
2582 330 2643 388 S.
2684 330 3089 389 HIERONYMI.
3821 330 3903 388 εθθ

601 462 801 526 gnatus
821 462 904 512 est
933 457 1143 511 facere:
1170 452 1241 509 de
1272 451 1466 524 quibus
1487 453 1564 507 ait
1586 451 1653 507 ad
1679 451 1922 507 Patrem:
1951 449 2194 505 Narrabo
2221 449 2274 510 Α
2297 466 2510 504 auream
2550 466 2727 505 unam.
2753 449 3131 522 Unusquisque
3166 464 3265 520 per
3292 448 3462 507 ﬁdem
3518 448 3600 506 ad
3644 447 3898 507 Christum

601 563 784 604 nomen
816 556 963 602 tuum
986 546 1239 618 fratribus
1266 545 1418 615 meis,
1446 554 1491 599 et
1518 545 1572 598 in
1597 544 1765 597 medio
1798 540 2048 597 Ecclesia:
2084 541 2197 596 lau-

604 640 739 695 dabo
770 649 836 695 te.
868 639 936 694 Et
962 639 1014 693 in
1047 638 1339 709 Evangelia
1369 636 1478 692 ait:
1519 635 1621 706 Qui
1650 637 1784 691 enim
1816 635 1991 707 fecerit
2016 635 2197 689 rotun-

604 739 761 787 tatem
786 729 909 797 Dei,
940 729 1026 784 hic
1064 730 1194 784 mihi
1233 739 1279 785 et
1313 729 1495 799 frater,
1545 737 1593 783 et
1632 744 1799 797 soror,
1829 738 1877 782 et
1903 733 2067 780 mater
2097 732 2193 779 est.

603 823 670 881 Et
697 822 881 879 cuncti
903 822 992 893 qui
1015 838 1139 879 eum
1169 824 1322 893 prius
1343 831 1634 890 noverunt,
1658 829 1921 878 venerant
1944 819 2012 876 ad
2036 835 2193 876 eum:

604 913 675 970 ita
721 922 776 970 et
820 913 890 971 de
932 914 1012 970 eis
1056 913 1402 970 sentiendum
1457 923 1579 980 est,
1611 915 1737 986 quia
1774 924 2043 969 noverunt
2071 928 2195 969 eum

602 1007 755 1078 prius
781 1021 972 1063 omnes
1001 1007 1175 1063 saneti
1202 1017 1257 1062 et
1288 1005 1598 1077 prophetae,
1632 1007 1722 1077 qui
1753 1021 1875 1062 eum
1908 1005 2093 1078 utique
2120 1006 2199 1060 vi-

604 1101 807 1157 debant
845 1102 900 1157 in
929 1102 1167 1173 spiritu:
1218 1117 1381 1171 quem
1423 1101 1586 1156 etiam
1618 1101 1670 1155 in
1719 1116 1883 1157 carne
1910 1109 2196 1155 venturum

604 1194 1032 1257 annuntiahant,
1071 1194 1214 1249 sicut
1242 1192 1362 1263 ipse
1405 1191 1664 1247 Dominus
1692 1191 1858 1247 dicit:
1890 1190 2049 1246 Multi
2077 1208 2199 1263 pro-

604 1287 772 1361 phetae
796 1297 844 1342 et
872 1287 999 1357 iusti
1022 1286 1296 1358 cupierunt
1320 1285 1495 1340 videre
1514 1301 1630 1356 qua:
1655 1300 1742 1339 vos
1770 1283 1994 1351 vidistis,
2024 1293 2069 1338 et
2096 1300 2198 1338 non

603 1378 873 1434 viderunt:
901 1387 947 1433 et
972 1376 1158 1433 audire
1186 1393 1301 1446 quae
1328 1392 1413 1432 vos
1437 1377 1679 1445 audistis,
1700 1385 1748 1431 et
1765 1394 1867 1432 non
1894 1377 2194 1434 audierunt.

606 1472 777 1542 Quem
804 1472 1257 1527 videbantautem
1286 1470 1339 1525 in
1367 1471 1555 1542 spiritu
1574 1515 1588 1540 ,
1624 1470 1964 1541 prtcseutiam
1995 1469 2199 1527 adven-

606 1575 697 1622 tus
727 1567 846 1638 ejus
878 1565 933 1621 in
958 1581 1121 1623 carne
1158 1565 1345 1623 videre
1378 1564 1789 1631 desiderabant,
1824 1571 1966 1620 sicut
1991 1575 2042 1621 et
2072 1580 2199 1621 san-

607 1671 729 1718 ctus
751 1660 1044 1728 Abraham,
1067 1661 1137 1717 de
1158 1677 1264 1732 quo
1288 1661 1365 1716 ait
1385 1661 1642 1717 Dominus
1670 1678 1682 1715 :
1713 1660 1978 1714 Abraham
2002 1675 2195 1714 concu-

605 1757 732 1830 pivit
752 1756 919 1811 videre
947 1756 1083 1811 diem
1105 1754 1309 1811 meum:
1332 1766 1378 1812 et
1403 1756 1553 1823 vidit,
1586 1765 1633 1809 et
1656 1757 1862 1830 gavisus
1890 1763 1983 1811 est.
2007 1754 2195 1827 Itaque

607 1849 850 1920 prmdicti
876 1849 1050 1905 sancti
1076 1859 1363 1917 venerunt,
1379 1849 1630 1920 quoniam
1655 1847 1924 1905 habentes
1946 1849 2195 1904 eumdem
2227 1832 2273 1893 Β

607 1942 853 2013 spiritum
884 1941 1039 2008 ﬁdei,
1073 1942 1541 2013 prophetaverunt
1568 1942 1718 1998 velut
1735 1942 1868 2012 justi
1895 1958 1961 1997 ex
1990 1940 2095 1998 ﬁde
2121 1942 2198 1998 vi-

607 2041 829 2101 ventes,
877 2042 933 2089 et
976 2044 1382 2092 sacramentum
1410 2035 1795 2092 incarnationis
1822 2034 2025 2091 Christi
2056 2034 2199 2090 futuo

606 2141 726 2183 rum
780 2127 1139 2196 praevidentes
1182 2127 1236 2183 in
1264 2129 1456 2199 spiritu
1477 2170 1492 2195 ,
1520 2128 1572 2183 in
1605 2129 1774 2199 ipsam
1807 2127 1965 2183 ﬁdem
1996 2124 2199 2183 Christi

608 2235 705 2291 per
726 2220 969 2276 eamdem
993 2221 1371 2292 paenitentiam
1393 2230 1683 2289 venerunt,
1706 2220 1757 2277 id
1785 2228 1888 2288 est,
1919 2235 1989 2277 ex
2013 2220 2115 2277 ﬁde
2144 2221 2198 2276 in

608 2312 795 2383 ﬁdem,
826 2323 881 2368 ut
909 2325 1096 2371 essent
1124 2315 1226 2371 sub
1251 2315 1475 2372 Christo
1504 2316 1683 2387 capite
1710 2331 1899 2380 unum,
1931 2324 1987 2370 et
2012 2314 2114 2386 ipsi
2146 2315 2197 2371 in

608 2419 838 2476 corpore
870 2406 1131 2464 Ecclesia:
1173 2406 1493 2464 constituti:
1523 2408 1633 2473 ubi,
1655 2407 1766 2479 jam
1796 2409 2199 2465 resurrectione

608 2499 910 2569 gloriﬁcato
927 2498 1164 2569 Christo,
1199 2510 1255 2557 et
1282 2515 1347 2557 ex
1371 2501 1638 2572 passionis
1659 2500 1989 2557 contumelia
2018 2500 2069 2555 in
2101 2500 2202 2556 ho—

610 2609 799 2651 norem
825 2595 1107 2666 pristinum
1126 2598 1400 2665 restituto,
1427 2614 1568 2656 nunc
1587 2595 1827 2667 infdomo
1847 2598 1986 2669 ejus,
2018 2597 2200 2655 Eccle-

608 2690 711 2758 sia,
737 2705 934 2759 panem
955 2701 1415 2749 sacramentorum
1438 2693 1555 2766 ejus
1577 2694 1869 2750 comedunt
1890 2709 2083 2750 omnes
2106 2708 2202 2764 per

610 2784 776 2842 ﬁdem
807 2786 1087 2843 venientes
1125 2787 1193 2843 ad
1235 2805 1380 2844 eum.
1411 2789 1545 2845 Cum
1602 2790 1721 2861 ipso
1772 2799 1955 2845 autem
2006 2804 2200 2860 panem

610 2876 734 2933 ideo
779 2879 1067 2937 comedere
1105 2881 1382 2949 dicuntur,
1427 2882 1554 2953 quia
1582 2882 1699 2952 ipse
1731 2883 1906 2939 dixit:
1943 2883 2076 2939 Ecce
2108 2900 2201 2955 ego

611 2968 873 3025 vobiscum
899 2988 1011 3027 sum
1040 2974 1275 3029 omnibus
1314 2974 1490 3030 diebus
1516 2992 1679 3048 usque
1711 2974 1781 3030 ad
1809 2977 2204 3032 consummatio-

611 3080 730 3119 nem
756 3068 953 3124 saeculi.
983 3067 1109 3127 Sive
1144 3073 1268 3143 quia
1311 3072 1427 3145 ipse
1456 3074 1771 3131 earumdem
1814 3078 2201 3148 mysteriorum

609 3168 693 3217 est
716 3173 1088 3231 consecratur,
1114 3165 1168 3221 in
1199 3167 1396 3237 quibus
1423 3178 1481 3225 et
1510 3170 1684 3239 ipsum
1711 3169 2122 3226 benedicentem
2147 3177 2201 3225 et

2299 541 2655 611 venientium,
2688 542 2848 598 oll‘ert
2877 543 2927 598 ci
2958 542 3324 600 innocentiam
3355 558 3532 599 suam
3563 583 3581 611 ,
3621 542 3901 614 mentisque

2299 634 2686 692 obedientiam.
2751 636 2886 705 Quia
2941 636 3336 707 ct,Apostolus
3388 652 3465 692 ex
3538 636 3905 706 peccatoribus

2299 742 2518 787 sanctos
2566 730 2813 802 cﬁ‘cctos,
2849 731 2923 786 ita
2967 732 3155 788 vivere
3198 730 3374 798 docet,
3404 730 3668 786 dicens:
3709 730 3905 787 Obsecro

2298 838 2417 891 vos,
2452 824 2636 893 fratres
2661 864 2676 889 ,
2707 830 2763 877 ut
2803 821 3082 878 exhibeatis
3115 840 3337 895 corpora
3366 831 3560 878 uestra
3592 823 3831 877 hostiam
3849 827 3909 878 ri-

2299 930 2446 982 vam,
2475 923 2739 983 sanctam,
2785 915 2895 970 Deo
2926 916 3232 987 placentem.
3275 916 3365 971 Sic
3396 916 3613 986 itaque
3646 916 3908 973 venientes

2300 1007 2364 1061 ad
2394 1006 2668 1064 Christum
2692 1048 2707 1073 ,
2744 1006 3053 1063 elﬁcinntur
3087 1022 3215 1063 oves
3254 1007 3608 1075 dominicae,
3643 1021 3782 1062 oves
3811 1023 3912 1062 san-

2299 1111 2425 1169 ctae,
2453 1115 2584 1157 oves
2613 1100 2720 1155 illa:
2747 1101 3133 1167 rationabiles,
3159 1100 3540 1157 ascendentes
3578 1100 3657 1154 de
3691 1100 3907 1166 lavacro,

2298 1195 2543 1265 geminos
2572 1194 2711 1252 fetus
2742 1195 3027 1258 habentes,
3061 1212 3182 1251 cum
3212 1210 3309 1267 per
3341 1194 3751 1251 obedientiam
3780 1210 3908 1248 man-

2296 1288 2550 1343 datorum
2577 1290 2695 1360 Dei,
2726 1300 2927 1345 renatm
2959 1290 3011 1346 in
3036 1288 3254 1346 Christo
3276 1331 3291 1355 ,
3333 1290 3696 1346 innocentes
3724 1298 3782 1344 et
3805 1289 3912 1343 sim-

2300 1380 2469 1451 plices
2497 1380 2732 1451 operarii
2762 1379 2965 1437 lueriut
2995 1392 3052 1437 et
3080 1381 3288 1438 ﬁdeles.

2370 1473 2621 1529 Dominus
2647 1485 2819 1532 autem
2835 1474 3097 1531 benedixit
3117 1476 3408 1531 novissimis
3425 1473 3542 1530 Job
3566 1474 3755 1546 magis
3776 1489 3913 1545 quam

2299 1568 2557 1641 principio
2588 1571 2720 1639 ejus.
2750 1566 2820 1622 Et
2856 1570 2996 1640 facta
3042 1578 3160 1624 sunt
3206 1569 3253 1623 ei
3296 1569 3724 1640 quatuordecim
3766 1567 3912 1621 millia

2300 1667 2503 1733 ovium,
2531 1672 2580 1718 et
2610 1679 2703 1719 sex
2730 1663 2897 1718 millia
2924 1664 3269 1730 camelorum,
3299 1672 3347 1717 et
3385 1664 3544 1718 mille
3567 1667 3723 1738 juga
3755 1663 3911 1729 boum,

2298 1765 2348 1810 et
2373 1754 2517 1810 mille
2536 1756 2719 1810 asinte.
2755 1754 3030 1823 Principia
3062 1754 3261 1811 Christi
3297 1755 3420 1819 Dei,
3465 1764 3533 1810 et
3564 1755 3797 1809 Domini
3826 1770 3911 1807 no-

2301 1850 2417 1916 stri,
2434 1848 2595 1920 Legis
2614 1848 2783 1921 Moysi
2806 1848 3028 1904 exordia
3049 1862 3171 1904 esse
3187 1848 3464 1917 signiﬁcat:
3477 1847 3912 1904 tur.Novissima

2300 1957 2434 1998 vero
2460 1942 2577 2012 ejus
2623 1940 2976 2012 Evangelium
3005 1955 3127 1997 esse
3150 1950 3507 1996 monstratur.
3534 1939 3710 1996 Unde
3741 1940 3912 1997 Eccle-

2299 2034 2493 2089 siastes
2535 2032 2648 2088 ait:
2677 2031 2901 2088 Meliora
2946 2044 3065 2088 sunt
3106 2034 3384 2089 nouissima
3414 2036 3736 2100 sermonis,
3775 2048 3911 2102 quam

2298 2124 2504 2180 initium
2537 2124 2669 2193 ejus.
2708 2124 2946 2193 Proinde
2986 2126 3212 2182 meliora
3243 2136 3371 2183 sunt.
3419 2126 3707 2200 mysteria
3750 2126 3909 2181 Evan-

2298 2219 2427 2289 gelii
2473 2218 2707 2275 revelata
2746 2218 2801 2275 in
2851 2218 3091 2290 Christo,
3127 2220 3282 2291 Legis
3323 2220 3842 2293 signiﬁcationibus
3866 2229 3911 2276 et

2303 2313 2534 2385 ﬁguris:
2584 2315 2816 2371 meliora
2868 2318 3134 2374 sacriﬁcia
3185 2318 3432 2375 cordium
3486 2318 3906 2379 contritorum,

2301 2422 2461 2477 quam
2493 2406 2961 2467 holocaustomata
2991 2412 3283 2485 pecudum.
3310 2413 3504 2470 Melior
3529 2411 3909 2471 manifestatio

2302 2501 2550 2557 veritatis
2605 2501 2657 2557 in
2704 2504 3043 2575 Evangelia,
3089 2521 3248 2575 quam
3323 2506 3735 2579 allegoriarum
3800 2519 3905 2559 nm-

2302 2592 2401 2649 bra
2452 2594 2506 2650 in
2563 2597 2739 2652 vcteri
2779 2597 3156 2655 Testamento.
3224 2600 3317 2658 Sic
3384 2602 3580 2674 itaque
3641 2597 3908 2657 benedixit

2306 2686 2569 2743 Dominus
2632 2690 2943 2747 novissimis
2988 2692 3092 2749 Job
3157 2694 3329 2767 magis
3382 2710 3553 2767 quam
3648 2692 3904 2766 principio

2304 2778 2462 2848 ejus,
2510 2789 2569 2836 ut
2606 2781 2660 2837 in
2713 2794 2947 2855 utroque
2990 2786 3235 2858 p0pul0,
3289 2788 3619 2846 Judaeorum
3673 2798 3733 2845 et
3784 2801 3904 2857 gen-

2307 2876 2474 2945 tium,
2533 2878 2706 2949 gratia
2756 2879 3263 2953 abundaret:quos
3315 2882 3553 2953 papulas
3613 2878 3901 2937 secundum

2306 2987 2517 3028 morum
2544 2975 2850 3044 qualitates,
2875 2976 3032 3047 quasi
3070 2977 3169 3033 sub
3206 2977 3554 3034 diversorum
3586 2975 3903 3033 animalium

2307 3066 2618 3122 nominibus
2668 3068 2784 3124 haec
2815 3069 3101 3139 Scriptura
3149 3070 3322 3126 voluit
3372 3072 3689 3142 appellare.
3749 3070 3901 3139 Quam

2310 3174 2439 3214 vero
2469 3160 2921 3231 signiﬁcationem
2953 3163 3142 3220 eadem
3192 3164 3504 3220 animalium
3560 3167 3622 3222 in
3673 3179 3737 3220 se
3766 3176 3903 3216 voca-

600 3264 1021 3314 -cousecrantem
1067 3224 1401 3328 accipimus:
1433 3224 1555 3332 quia
1589 3263 1706 3333 ipse
1731 3263 1869 3318 dixit
1892 3280 1911 3318 :
1942 3261 2056 3335 Ego
2086 3280 2203 3318 sum
2229 3224 2274 3287 C
2308 3251 2432 3307 bula
2481 3255 2818 3324 contineant,
2873 3256 2926 3310 in
2958 3257 3231 3327 principio
3279 3258 3461 3328 operis
3511 3258 3685 3314 istius
3714 3256 3902 3313 dixisse

611 3350 765 3419 panis
812 3352 953 3407 vivus
989 3353 1081 3421 qui
1115 3353 1181 3408 de
1219 3355 1346 3410 caelo
1374 3355 1654 3412 descendit.
1692 3357 1760 3412 Et
1789 3357 2012 3414 verbum
2051 3357 2200 3413 Scri-

612 3453 891 3512 pturarum
923 3448 1082 3516 panis
1104 3457 1192 3503 est
1218 3447 1455 3515 Christi,
1487 3465 1595 3519 quo
1621 3450 1673 3504 in
1712 3450 1877 3506 domo
1903 3450 2204 3523 Salvatoris

615 3536 883 3607 Ecclesia,
910 3550 1230 3611 pascuntur,
1255 3549 1309 3597 et
1329 3538 1707 3598 exhortatione
1728 3558 1918 3599 eorum
1949 3544 2205 3600 reﬁciun-

613 3638 701 3688 tur
741 3631 1014 3703 quondam
1058 3630 1167 3687 ﬁde
1216 3633 1403 3703 inopes
1430 3674 1445 3699 ,
1488 3634 1580 3704 qui
1618 3634 1673 3688 in
1704 3634 1807 3691 hoc
1834 3636 2036 3690 saeculo
2078 3651 2202 3689 cum

613 3733 799 3782 essent
822 3724 984 3780 alieni
1006 3738 1035 3777 a
1060 3724 1192 3794 Deo,
1223 3723 1421 3781 famem
1443 3728 1711 3783 sermonis
1738 3727 1908 3782 divini
1927 3728 2205 3797 patieban-

618 3826 725 3883 tur,
757 3825 813 3872 et
840 3816 1020 3873 cuncti
1044 3817 1134 3889 qui
1168 3832 1294 3874 eum
1335 3817 1491 3888 prius
1522 3829 1809 3885 noverant,
1836 3829 2104 3876 venerunt
2135 3821 2203 3876 ad

616 3924 774 3976 eum,
801 3910 853 3964 id
880 3919 997 3975 est,
1028 3913 1119 3981 qui
1165 3927 1289 3968 eum
1317 3922 1583 3969 noverant
1629 3913 1682 3968 in
1715 3922 1882 3978 terra,
1919 3915 2108 3971 venire
2138 3915 2206 3971 ad

616 4014 739 4056 eum
766 4013 1083 4058 meruerunt
1108 4005 1160 4058 in
1182 4004 1402 4060 coelum.
1435 4004 1504 4060 Et
1526 4015 1829 4072 moverunt,
1855 4006 2033 4077 inquit
2061 4007 2208 4065 Scri-

615 4098 773 4161 ptura
796 4132 810 4157 ,
841 4105 1005 4161 super
1028 4108 1095 4149 eo
1123 4105 1288 4163 caput
1313 4116 1324 4149 :
1372 4097 1710 4151 exsultantes
1741 4097 2026 4163 videlicet,
2059 4098 2205 4169 quod

616 4182 986 4257 spiritualihus
1014 4195 1067 4243 et
1096 4188 1270 4245 sacris
1298 4187 1502 4245 ChriSti
1520 4191 1783 4246 conviviis
1811 4191 1990 4247 eﬁ'ccti
2018 4201 2207 4247 essent

592 4274 951 4347 participes:
991 4279 1131 4335 sicut
1170 4280 1432 4337 Dominus
1459 4283 1535 4337 ait
1571 4282 1625 4338 in
1655 4282 1899 4353 psalmo:
1933 4284 2068 4340 Vota
2096 4301 2209 4340 mea

618 4366 838 4423 reddam
862 4384 1037 4425 coram
1071 4370 1217 4427 uultu
1250 4373 1542 4428 timentium
1568 4390 1719 4430 eum:
1746 4375 1898 4432 edent
1936 4394 2212 4448 pauperes,

620 4469 669 4516 et
693 4462 1083 4533 saturabuntur,
1117 4475 1163 4522 et
1191 4465 1477 4523 laudabunt
1504 4467 1806 4536 Dominum,
1829 4472 1919 4540 qui
1948 4470 2214 4543 requirunt

620 4569 760 4609 eum.

696 4646 763 4703 Et
789 4650 1038 4707 consolati
1066 4661 1185 4709 sunt
1213 4670 1328 4709 eum
1353 4672 1509 4725 super
1539 4658 1678 4711 omni
1706 4657 1843 4713 malo
1862 4658 2002 4729 quod
2029 4659 2217 4714 intule-

623 4750 704 4797 rat
733 4740 988 4800 Dominus
1026 4764 1182 4820 super
1220 4766 1357 4804 eum.
1412 4751 1757 4809 Salvatorem
1812 4764 2057 4810 nostrum
2105 4770 2214 4811 non

629 4834 976 4895 mediocriter
1018 4832 1352 4910 consolatur,
1384 4845 1475 4915 qui
1506 4847 1814 4916 passionem
1846 4848 1972 4919 ejus
1993 4892 2008 4917 ,
2053 4848 2216 4919 quam

630 4944 730 4999 pro
750 4932 1118 5004 redemptione
1145 4937 1330 4993 mundi
1354 4940 1612 5011 suscepit,
1642 4956 1765 4997 cum
1792 4942 1991 5011 gaudio
2016 4941 2215 5007 credit,

628 5033 682 5081 et
701 5025 936 5084 ﬁdeliter
956 5030 1128 5087 oculis
1149 5029 1272 5089 ﬁdei
1295 5040 1614 5098 contuetur;
1646 5033 1763 5102 ipse
1792 5035 1936 5089 enim
1966 5034 2059 5089 tali
2085 5048 2220 5089 con-

627 5118 902 5177 solatione
932 5124 1172 5193 repletus
1199 5134 1303 5189 est,
1334 5124 1423 5196 qui
1449 5140 1571 5180 cum
1600 5124 1826 5180 vidisset
1856 5126 2069 5181 turbam
2099 5140 2219 5182 cre-

629 5210 895 5281 dentium,
928 5214 1221 5270 exsultavit
1252 5217 1306 5271 in
1348 5216 1561 5287 spiritu.
1592 5215 1736 5273 sicut
1762 5225 1950 5273 sancto
1985 5231 2219 5288 evange-

629 5305 753 5362 lista
791 5307 1065 5365 scribente
1104 5308 1415 5366 didicimus.
1446 5309 1701 5368 lntnlisse
1740 5321 1924 5367 autem
1956 5311 2095 5366 Filio
2120 5325 2220 5366 suo

632 5397 800 5455 Deum
824 5399 1038 5456 Patrem
1063 5402 1264 5457 malum
1289 5402 1555 5472 passionis
1576 5411 1634 5459 et
1659 5407 1869 5472 mortis,
1894 5405 1966 5458 ita
1990 5404 2221 5459 dicimus

633 5492 935 5550 secundum
988 5496 1356 5564 Apostolum:
1389 5497 1493 5565 Qui
1548 5499 1762 5571 praprio
1799 5497 1945 5553 Filio
1982 5514 2079 5553 suo
2113 5511 2218 5550 non

626 5587 852 5659 pepercit
871 5626 886 5650 .
933 5588 1026 5642 sed
1067 5605 1162 5658 pro
1194 5590 1341 5645 nobis
1367 5590 1606 5646 omnibus
1632 5590 1847 5646 tradidit
1875 5607 2014 5645 eum.
2042 5588 2219 5659 Super

625 5679 770 5750 quod
801 5694 1052 5751 magnam
1101 5683 1366 5739 sumimus
1411 5683 1869 5752 consolationem,
1899 5681 2042 5754 quod
2068 5680 2220 5738 dabit

627 5768 786 5840 nobis
815 5769 954 5825 bona
983 5785 1101 5840 sua,
1127 5776 1219 5843 qui
1248 5775 1394 5829 mala
1427 5784 1613 5831 nostra
1640 5776 1898 5845 suscepit.

688 5854 754 5906 Et
783 5854 1032 5912 dederunt
1061 5861 1110 5913 ei
1136 5865 1486 5933 urtttsqttiujue
1510 5880 1651 5919 ovem
1682 5878 1861 5933 unum,
1894 5875 1943 5920 et
1977 5867 2215 5921 inaurem

2308 3360 2395 3401 me
2417 3347 2668 3403 memini.
2712 3348 3055 3419 Duplicatum
3088 3364 3218 3406 vero
3242 3349 3437 3406 horum
3468 3350 3801 3407 animalium
3823 3362 3903 3401 nu-

2306 3454 2537 3505 merum,
2566 3452 2787 3511 propter
2807 3451 3097 3514 utrumque
3129 3445 3385 3515 populum
3437 3453 3599 3514 puto,
3629 3445 3754 3499 sive
3787 3454 3897 3511 pro-

2307 3543 2427 3603 pter
2464 3535 2915 3592 abundantiorem
2944 3538 3174 3607 gratiam
3204 3539 3514 3609 Evangelii,
3553 3539 3756 3609 utjam
3780 3533 3901 3591 dixi-

2307 3639 2449 3689 mus,
2479 3623 2548 3679 dc
2571 3641 2674 3695 qua
2694 3629 2985 3698 Aantolus
3005 3630 3082 3684 ait
3108 3648 3122 3685 :
3149 3629 3476 3701 Sufﬁcientia
3496 3639 3688 3685 nostra
3717 3644 3786 3683 ea:
3811 3625 3899 3678 Deo

2308 3724 2381 3770 est
2410 3732 2428 3769 :
2459 3718 2547 3787 qui
2576 3727 2623 3771 et
2643 3718 2859 3774 idoneos
2887 3738 2980 3775 nos
3003 3723 3145 3793 fecit,
3180 3735 3226 3778 et
3271 3724 3540 3779 ministros
3570 3723 3703 3778 novi
3734 3720 3899 3775 Testa-

2308 3809 2485 3873 menti,
2516 3825 2620 3863 non
2667 3810 2863 3877 littera,
2896 3813 2987 3867 sed
3013 3814 3207 3885 spiritu
3231 3830 3251 3870 :
3272 3816 3445 3870 littera
3491 3817 3642 3871 enim
3694 3812 3902 3869 occidit:

2309 3901 2528 3971 spiritus
2556 3911 2729 3955 autem
2755 3903 2998 3970 rivi/ient.

2383 3993 2451 4047 Et
2481 3994 2691 4064 fuerunt
2711 3996 2759 4050 ci
2780 4006 2971 4068 septem
3002 3998 3102 4068 ﬁlii
3124 4007 3172 4053 et
3202 4007 3305 4054 tres
3335 4000 3484 4069 filice.
3512 4000 3680 4068 Quod
3710 4007 3898 4070 septem

2312 4090 2454 4145 ﬁlios
2468 4098 2519 4144 et
2533 4101 2643 4146 tres
2661 4091 2797 4148 ﬁlias
2811 4090 3041 4148 refertur
3056 4090 3636 4162 habuisse,gratiarum
3660 4101 3897 4161 septena-

2314 4185 2424 4241 rius
2447 4183 3255 4255 nnmcrusittdicatur,chis,et
3270 4182 3665 4254 Prophetim,et
3688 4182 3894 4241 Gratir,

2315 4287 2373 4333 ut
2401 4278 2456 4332 in
2477 4277 2742 4348 principio
2764 4277 2925 4347 lutjus
2945 4276 3078 4332 dixi.
3102 4276 3247 4344 Quas
3274 4287 3429 4348 pater
3450 4290 3647 4331 earum
3677 4272 3895 4331 moriens

2316 4371 2771 4429 fecitcohteredes
2793 4371 3017 4427 fratrum
3046 4384 3291 4440 suorum,
3324 4371 3379 4426 id
3406 4379 3510 4438 est,
3535 4372 3755 4427 animas
3784 4376 3898 4437 quas

2320 4481 2416 4538 per
2436 4466 2683 4538 spiritum
2698 4467 2990 4538 gratiarum
3015 4467 3067 4523 in
3084 4474 3413 4523 testamento
3434 4465 3742 4521 divinarum
3765 4456 3894 4517 Scri-

2324 4568 2601 4631 pturarnm
2626 4561 2961 4629 incorporat,
2991 4575 3084 4616 eas
3113 4562 3298 4630 utique
3342 4559 3769 4630 promissionum
3791 4564 3895 4609 sua-

2322 4671 2442 4712 rum
2475 4655 2598 4711 t’acit
2619 4669 2739 4711 esse
2768 4655 3297 4726 participes.‘Earum
3318 4670 3533 4726 quoque
3563 4653 3795 4708 ﬁliarum
3816 4643 3881 4699 si-

2323 4747 2641 4819 gniﬁcanter
2688 4749 2905 4805 nomina
2944 4749 3121 4820 posita
3161 4764 3416 4821 magnum
3444 4750 3497 4805 in
3524 4763 3585 4806 se
3622 4743 3886 4804 continent

2325 4850 2746 4897 sacramentum.

2396 4935 2464 4988 Et
2485 4935 2676 4989 vocavit
2697 4950 2881 4990 nomen
2904 4936 3058 4990 utrius
3080 4935 3253 5003 Diem,
3276 4945 3325 4991 et
3345 4952 3529 4991 nomen
3553 4930 3786 4990 secundm
3804 4923 3884 4979 Ca:

2325 5028 2426 5094 sia,
2458 5036 2507 5081 et
2536 5042 2722 5081 nomen
2752 5027 2917 5081 tertia:
2945 5026 3119 5083 Cornu
3140 5028 3301 5083 stibii.
3337 5027 3463 5083 Non
3495 5036 3616 5082 sunt
3639 5032 3799 5079 autem
3818 5016 3886 5068 in-

2323 5128 2487 5175 venta:
2531 5119 2775 5174 mulieres
2803 5121 3067 5192 speciosae,
3101 5122 3236 5175 sicut
3283 5121 3413 5190 [ilice
3456 5118 3558 5173 Job
3593 5119 3648 5172 in
3678 5116 3886 5171 universa

2323 5218 2480 5264 terra.
2526 5209 2782 5281 Deditque
2810 5210 2883 5264 eis
2909 5219 3056 5281 pater
3082 5227 3205 5266 suus
3245 5210 3597 5266 [nereditatem
3645 5210 3773 5262 inter
3794 5200 3882 5271 {rd-

2325 5311 2427 5355 tres
2446 5317 2646 5356 eorum.
2688 5300 2831 5355 Vixit
2854 5309 3030 5355 autem
3057 5299 3157 5355 Job
3201 5311 3318 5374 post
3343 5298 3559 5373 ﬂagella
3586 5298 3693 5354 Ittec
3711 5299 3882 5350 centum

2323 5395 2675 5467 quadraginta
2700 5396 2875 5463 annis,
2902 5403 2950 5449 et
2978 5395 3103 5449 uidit
3134 5396 3273 5464 ﬁlios
3293 5402 3503 5459 suos,et
3524 5393 3665 5462 ﬁlios
3689 5388 3877 5461 ﬁliorum

2325 5504 2559 5557 suorum,
2593 5506 2755 5559 usque
2779 5489 2850 5543 ad
2868 5499 3111 5561 quartam
3130 5488 3515 5561 generationem
3543 5502 3562 5542 :
3591 5493 3642 5540 et
3682 5484 3875 5539 mortuus

2326 5590 2399 5638 est
2429 5598 2602 5647 senex,
2628 5592 2676 5637 et
2711 5585 2894 5655 plenus
2930 5583 3154 5636 dierum.
3206 5582 3332 5638 Dies
3380 5596 3513 5651 ergo
3571 5581 3659 5636 lex
3690 5573 3770 5634 Dei
3791 5571 3868 5625 e51.

2324 5690 2445 5746 qua:
2472 5674 2541 5729 ad
2567 5674 2931 5745 cognitionem
2980 5672 3245 5740 veritatis,
3297 5672 3551 5728 humana:
3600 5657 3872 5743 ignorantia

2328 5776 2543 5822 noctem
2569 5766 2858 5822 illuminat.
2882 5765 3042 5822 Casia
3063 5774 3266 5820 sanctae
3286 5762 3561 5820 unctionis
3582 5771 3670 5819 est
3695 5758 3871 5846 donvtllf

2326 5858 2507 5915 Cornu
2551 5858 2698 5914 stibii
2726 5896 2741 5927 ,
2795 5856 3300 5929 cumpetentissime
3351 5852 3691 5925 Evangelicis
3738 5838 3869 5913 copi”
