3980 6286
56 262 146 318 SM
737 260 1114 320 ADMONITIO
1154 263 1220 319 IN
1263 262 1712 335 SUBSEQUENS
1755 265 2183 327 BREVIARIUM
2227 268 2293 326 IN
2330 268 2665 328 PSALMOS.
3240 239 3361 330 802'

66 371 425 442 Ecclesimque
456 370 660 425 divitiis
687 383 993 445 coaptatur,
1030 393 1146 447 qua:
1173 378 1536 447 Spiritualium
1565 394 1652 433 rc-
1681 383 1730 441 Λ
1761 380 2010 436 tendebat
2036 361 2291 440 futuram.
2347 383 2405 437 In
2437 399 2544 454 quo
2568 383 2834 454 requievit
2865 382 3088 452 Spiritus
3130 383 3348 453 sapien-

65 483 176 520 rum
221 467 514 519 thesaurus
540 474 644 519 cst.
679 466 861 522 Cornu
889 484 1020 524 vero
1049 470 1113 524 ad
1155 471 1367 539 insigne
1415 472 1646 542 regium,
1756 473 1844 527 tite
1871 482 1924 528 et
1955 474 2262 530 intellectus
2295 491 2308 527 :
2338 475 2562 543 spiritus
2583 475 2796 530 consilii
2827 487 2882 530 et
2910 474 3125 529 virtutis
3152 492 3165 527 :
3188 475 3351 544 spiri-

62 565 110 609 ct
133 554 455 624 dignitatem
491 555 743 611 Ecclesiae
772 559 1004 627 pertinet
1041 578 1052 613 :
1088 562 1229 616 sicut
1252 562 1647 632 aitpropheta:
1753 573 1838 618 tus
1864 565 2105 619 scientiae
2129 575 2182 619 et
2207 567 2420 634 pietatis
2457 583 2469 620 :
2504 565 2734 636 replevit
2763 581 2886 620 eum
2936 565 3164 636 Spiritus
3194 566 3352 619 timo-

61 649 318 702 Eamltat'il
345 666 510 704 cornu
537 648 732 704 Christi
769 653 872 706 sui.
935 653 1190 725 Figuram
1245 671 1374 724 ergo
1432 665 1650 712 sanctus
1751 655 1824 711 ris
1858 656 1977 722 Dei,
2009 657 2152 728 quod
2181 656 2596 728 intelligendum
2632 666 2738 724 est,
2773 657 2969 726 plenus
2994 657 3232 712 dierum.

59 742 153 798 Job
180 741 476 797 manifeste
508 741 696 798 habuit
719 743 1047 814 Salvatoris;
1085 756 1138 802 et
1171 748 1223 802 in
1255 748 1368 802 hoc
1413 749 1558 819 quod
1584 765 1652 804 ex
1823 751 2062 806 Tandem
2095 751 2368 806 relevatus
2400 751 2575 822 longae
2598 751 3001 821 explanationis
3029 766 3222 818 onere,
3251 765 3346 805 ve-

59 834 318 889 ditissimo
340 849 511 906 egens
534 845 589 890 et
619 851 826 906 pauper
854 836 1032 893 factus
1059 849 1162 905 est,
1193 851 1250 894 ut
1279 854 1380 895 nos
1406 841 1650 913 locuple-
1751 841 1826 896 lut
1853 841 2102 912 deposito
2147 843 2294 914 gravi
2338 843 2486 898 fasce
2516 845 2818 914 respirans,
2843 843 2910 898 ad
2933 852 3006 909 te,
3034 843 3349 899 beatissime

57 939 288 986 taremur
316 947 330 984 :
365 931 507 986 circa
541 947 742 1001 corpus
759 933 876 1002 ejus
901 948 1117 990 omnem
1143 945 1467 1005 potestatem
1493 951 1647 992 suam
1753 945 1906 1005 pater
1937 935 2177 1003 Vectcri,
2209 937 2509 993 clausulam
2560 938 2830 994 sermonis
2875 937 2985 993 mei
3021 938 3218 1008 dirigo,
3248 953 3346 1009 pe-

59 1023 300 1078 diabolus
331 1024 585 1078 exercuit
614 1042 628 1078 :
657 1025 752 1080 sed
782 1024 922 1080 nihil
953 1027 1206 1096 profecit,
1238 1028 1378 1083 sicut
1411 1028 1523 1097 ipse
1548 1029 1650 1084 Do-
1750 1033 1895 1096 tcns,
1928 1037 1986 1082 ut
2013 1029 2058 1084 si
2109 1029 2236 1099 quid
2266 1031 2317 1084 in
2349 1030 2451 1085 hoc
2481 1045 2645 1100 opere
2689 1031 2907 1102 dignum
2941 1032 3207 1102 probabili
3239 1048 3338 1087 ve-

55 1117 221 1172 tninus
249 1117 325 1170 ait
352 1133 365 1169 :
394 1115 577 1170 Veniet
608 1119 744 1172 enim
776 1119 1016 1192 princeps
1039 1125 1218 1175 mundi
1247 1133 1295 1176 et
1334 1125 1386 1176 in
1409 1140 1488 1177 me
1517 1123 1650 1177 nihil
1753 1123 1918 1178 ritate
1955 1124 2330 1194 perspexeris,
2383 1124 2547 1179 etiam
2580 1126 2727 1180 circa
2780 1140 2954 1182 meam
2993 1126 3346 1196 exiguitatem

57 1210 286 1266 inveniet.
321 1210 796 1276 Quemadmodum
821 1215 984 1269 etiam
1009 1215 1198 1270 beatus
1219 1217 1320 1272 Job
1348 1228 1468 1287 post
1496 1218 1650 1274 dam-
1753 1215 2057 1285 largissima
2109 1216 2320 1270 Domini
2372 1217 2545 1271 nostri
2600 1216 2742 1272 dona
2793 1216 3006 1272 mireris
3046 1217 3346 1285 :obsecro,

59 1318 175 1356 num
201 1301 438 1357 tiliorum
494 1302 792 1359 infidelium
839 1306 1042 1362 ditatus
1088 1310 1141 1362 in
1174 1309 1298 1363 filiis
1325 1319 1408 1364 est
1434 1326 1447 1362 :
1474 1309 1543 1362 ita
1595 1318 1650 1366 et
1752 1324 1821 1365 ne
1847 1321 1937 1364 aut
1963 1310 2140 1364 amico
2165 1308 2350 1364 favore
2372 1309 2732 1378 permulceas,
2763 1318 2858 1363 aut
2879 1309 3141 1364 benevola
3179 1324 3346 1364 excu-

59 1396 295 1451 Salvator
333 1407 457 1466 post
483 1398 833 1454 amissionem
862 1399 1094 1456 ﬁliorum
1124 1402 1421 1460 infidelium
1445 1405 1648 1461 ditatus
1751 1401 1963 1456 satione
1991 1400 2274 1455 defendas.
2309 1400 2445 1467 Quia
2476 1401 2600 1455 nolo
2623 1400 2972 1456 eminentiam
2993 1399 3183 1469 judicii
3209 1399 3281 1454 tui
3313 1414 3341 1454 a

62 1497 136 1542 est
158 1487 209 1541 in
237 1489 512 1558 gentibus.
560 1490 664 1546 Per
688 1491 856 1546 multa
886 1507 1015 1563 ergo
1043 1503 1265 1550 sanctus
1295 1496 1398 1552 Job
1427 1497 1646 1553 Domini
1751 1510 1867 1549 sua:
1894 1493 2172 1564 dignitatis
2209 1493 2543 1550 sublimitate
2593 1493 2819 1564 dejicias
2845 1510 2858 1548 :
2891 1492 2986 1548 sed
3038 1492 3216 1563 potius
3269 1490 3347 1546 sic

57 1581 212 1634 nostri
245 1582 558 1651 passionem
583 1599 797 1656 quoque
823 1594 876 1640 et
900 1586 1216 1656 patientiam
1246 1588 1516 1659 figuravit,
1547 1607 1647 1645 nu-
1750 1585 2077 1657 Opusculum
2130 1601 2310 1642 meum
2343 1585 2617 1642 laudabile
2666 1585 2858 1655 facias,
2889 1585 3017 1640 dum
3068 1581 3346 1638 incondita

58 1688 196 1727 mero
228 1673 506 1741 ﬁliorum,
535 1684 591 1731 et
614 1677 844 1732 filiarum
893 1681 1225 1747 nominibus,
1267 1681 1643 1752 septiformem
1750 1678 1869 1747 ejus
1897 1679 2222 1751 corrigendo
2247 1689 2532 1764 retractas,
2566 1688 2621 1736 et
2671 1679 2912 1750 perfecta
2967 1676 3353 1736 emendatione

57 1769 271 1836 gratiam
295 1769 540 1838 Spiritus
567 1773 743 1827 sancti
772 1771 956 1843 Legis,
988 1782 1042 1828 et
1062 1773 1454 1845 Prophetarum
1482 1785 1643 1847 atque
1673 1763 1721 1824 Β
1747 1773 2010 1844 castigas.
3310 1764 3327 1770 ”

57 1859 316 1931 Evangelii
349 1861 407 1917 in
433 1862 778 1920 Salvatorem
811 1874 1058 1921 nostrum
1086 1867 1474 1937 plenitudinem
1509 1884 1638 1939 por-

60 2012 3334 2056 Μ

1382 2174 2014 2250 ADMONITIO

1003 2332 1065 2388 IN
1103 2334 1516 2398 SUBSEQUENS
1547 2334 1948 2387 BREVIARIUM
1982 2333 2048 2386 IN
2082 2329 2394 2386 PSALMOS.

1418 2466 1952 2491 _________..

126 2583 420 2663 Recognitis
447 2591 675 2650 demum
715 2593 970 2652 omnibus
995 2597 1048 2652 in
1072 2597 1380 2655 universam
1414 2598 1751 2670 Scripturam
1787 2598 2040 2672 genuinis
2077 2601 2258 2672 magni
2297 2599 2608 2673 Hieronymi
2646 2601 3080 2669 commentariis,
3113 2601 3256 2658 hunc
3278 2599 3347 2657 de

67 2681 301 2741 industria
327 2690 598 2761 reliquum
630 2690 854 2746 fecimus
889 2692 1067 2747 locum
1092 2692 1378 2748 Breviario
1407 2693 1461 2748 in
1492 2693 1740 2750 Psalmos
1771 2712 1781 2747 :
1815 2693 2016 2764 quippe
2046 2685 2138 2765 qui
2169 2694 2327 2762 liber,
2355 2695 2568 2749 tametsi
2596 2709 2882 2765 perperam
2907 2693 2962 2751 S.
2997 2695 3144 2750 l’atri
3164 2693 3339 2750 ascri-

67 2777 222 2847 batur,
279 2789 359 2836 est
400 2793 586 2838 tamen
618 2783 1134 2859 esupposititiorum
1187 2799 1415 2840 numero
1467 2784 1670 2840 fetuum
1715 2785 1928 2841 caeteris
1956 2785 2300 2854 praestantior
2348 2785 2623 2850 omnibus,
2676 2800 2853 2855 neque
2893 2786 2946 2840 in
3005 2785 3252 2841 ultimum
3282 2799 3346 2840 a-

68 2876 280 2932 mandari
313 2887 543 2946 tomum,
575 2894 674 2951 pro
704 2881 786 2936 sui
808 2880 1075 2952 dignitate
1109 2882 1330 2952 patitur,
1362 2888 1455 2935 aut
1487 2881 1540 2935 in
1564 2879 1796 2952 vulgatis
1818 2880 2080 2935 hactenus
2125 2879 2458 2935 editionibus
2504 2881 2558 2934 in
2606 2894 2729 2934 eum
2761 2878 2998 2948 rejectus
3027 2891 3113 2936 est
3142 2880 3341 2936 locum.

72 2967 203 3035 Quod
230 2972 439 3042 quidem
477 2991 586 3028 non
619 2975 890 3030 editorum
922 2973 1084 3029 modo
1115 2983 1241 3029 ante
1274 2989 1375 3029 nos
1405 2973 1648 3028 omnium
1689 2973 1976 3028 consilium
2025 2971 2144 3037 fuit,
2170 2970 2265 3026 sed
2298 2979 2353 3025 et
2383 2970 2582 3025 summi
2633 2969 2927 3040 pontificis,
2987 2972 3347 3042 ejusdemque

74 3065 371 3122 sanctissimi
405 3069 492 3123 Pii
522 3067 566 3124 ν
600 3065 726 3123 fecit
762 3069 1085 3132 auctoritas,
1119 3066 1364 3121 Victorio
1395 3074 1553 3132 teste,
1582 3073 1640 3120 ut
1661 3064 1840 3120 statim
1871 3073 1993 3135 post
2014 3063 2249 3134 genuina
2281 3063 2594 3134 Hieronymi
2623 3063 2846 3133 scripta,
2877 3072 2931 3118 et
2953 3071 3247 3134 antequam
3276 3064 3344 3119 ad

71 3153 225 3209 aliena
252 3170 468 3215 ventum
508 3168 677 3226 esset,
708 3160 848 3215 istud
881 3158 1312 3229 superPsalmos
1338 3158 1595 3212 volumen
1617 3156 1786 3214 veluti
1809 3157 2031 3212 dubium
2063 3157 2356 3213 locaretur.
2386 3155 2494 3210 Nos
2522 3157 2687 3211 etiam
2723 3157 2940 3212 tametsi
2969 3172 3032 3212 ea
3066 3159 3344 3213 rationum

72 3261 334 3318 momenta,
351 3269 472 3325 qua:
490 3252 622 3308 illud
647 3253 713 3307 ab
729 3253 1058 3324 Hieronymo
1085 3251 1414 3322 abjudicant,
1439 3251 1610 3320 pluris
1633 3250 1806 3306 multo
1832 3249 2054 3304 facimus
2074 3266 2087 3302 :
2105 3250 2184 3305 sic
2208 3259 2386 3306 tamen
2407 3249 2728 3321 illialiquam
2750 3249 2978 3305 subinde
2999 3250 3180 3306 inesse
3205 3249 3334 3306 Hie-

73 3345 346 3412 ronyutiani
374 3347 582 3402 laboris
614 3354 821 3417 partem
861 3346 968 3402 huc
996 3346 1240 3414 illucque
1279 3344 1608 3414 dispersam,
1641 3358 1760 3412 qua:
1793 3358 1890 3396 sua
1921 3357 1982 3397 se
2009 3342 2399 3414 propemodum
2425 3343 2546 3397 luce
2577 3341 2788 3411 prodat,
2832 3340 3124 3395 sentimus.
3147 3339 3338 3412 |Vulgo

74 3442 224 3491 autem
259 3439 369 3494 haec
399 3441 642 3508 obtinet,
677 3440 1005 3512 prepiorque
1033 3439 1101 3494 ad
1132 3440 1293 3494 tidem
1324 3438 1594 3494 sententia
1623 3443 1727 3500 est,
1753 3435 1984 3506 hujusce
2013 3445 2295 3492 auctorem
2327 3435 2589 3492 Breviarii
2617 3433 2978 3491 vetustiorum
3016 3448 3078 3490 se
3114 3433 3339 3490 Patrum

76 3530 460 3597 compilatorem
491 3547 636 3596 esse,
664 3532 755 3603 qui
786 3541 842 3588 ut
868 3533 1036 3588 multa
1063 3534 1131 3587 ab
1160 3531 1422 3602 Origene,
1457 3530 1692 3596 Hilario,
1725 3529 1984 3596 Eusebio,
2020 3529 2357 3600 inultumque
2389 3529 2473 3585 his
2515 3531 2822 3586 recentiore
2852 3529 3201 3600 Lugdunensi
3232 3529 3345 3584 Eu-

78 3618 258 3687 clerio,
285 3639 438 3694 quem
486 3623 673 3679 laudat
712 3624 767 3679 in
806 3626 1070 3694 psalmum
1100 3623 1369 3680 decimum
1393 3631 1632 3689 sextum,
1665 3620 1945 3686 delibat-it,
1975 3638 2040 3675 ex
2081 3621 2398 3690 Hieronymi
2442 3632 2622 3677 tamen
2663 3621 3104 3688 commentariis,
3139 3620 3226 3677 vel
3255 3621 3348 3692 qui

76 3716 348 3785 perierunt,
379 3720 432 3774 in
467 3717 710 3774 Psalmos
739 3737 769 3772 a
799 3720 995 3774 decimo
1020 3736 1180 3788 usque
1209 3720 1278 3772 ad
1303 3719 1560 3772 decimum
1586 3724 1808 3782 sextum,
1831 3716 1917 3772 vel
1939 3716 2027 3786 qui
2055 3716 2108 3770 in
2135 3715 2270 3770 alias
2292 3724 2614 3786 suntpartes
2639 3714 2956 3785 Scripturre,
2983 3714 3076 3768 ubi
3107 3713 3344 3784 peregri-

80 3806 152 3858 nis
173 3807 219 3860 in
259 3810 385 3865 locis
415 3812 591 3866 multa
615 3811 848 3866 subinde
878 3820 1228 3881 exponuntur
1257 3811 1599 3867 Psalmorum
1630 3817 1922 3876 commata,
1948 3810 2236 3864 maximam
2271 3819 2478 3879 partem
2509 3809 2886 3880 descripserit,
2920 3822 3130 3879 suoque
3155 3807 3346 3878 Operi,

85 3903 222 3965 atque
250 3899 461 3971 ingenio
496 3902 783 3971 coaptarit.
817 3902 970 3969 Quod
1004 3911 1062 3957 ut
1093 3901 1316 3957 minime
1347 3901 1650 3967 difﬁtearis,
1688 3901 1905 3971 potiora
1937 3901 2132 3956 saltem
2162 3900 2516 3970 proponenda
2560 3909 2689 3956 sunt
2716 3908 3060 3971 argumenta,
3089 3915 3210 3971 qua)
3239 3899 3351 3970 pri-

79 3984 181 4041 deut
229 3990 517 4060 Erasmus,
576 4005 690 4048 tum
744 3993 947 4065 Syxtus
1007 3994 1304 4060 Senensis,
1363 3993 1460 4049 lib.
1519 4009 1570 4048 ιν
1628 3993 1981 4049 Bibliothecze
2033 3991 2283 4060 Sancta),
2331 3993 2604 4050 Victorius
2659 3993 2818 4063 item,
2864 4001 2919 4049 et
2966 3992 3318 4048 Martiauaeus

79 4079 347 4158 Dupinius,
396 4105 461 4146 ac
515 4088 926 4159 Tillemontius,
977 4098 1038 4145 ut
1090 4090 1232 4146 alios
1283 4088 1733 4160 praetermittam,
1775 4089 2146 4158 excuderunt,
2206 4104 2461 4163 quaequeh
2495 4089 2564 4146 ad
2610 4088 2727 4146 haec
2784 4089 2901 4146 fere
2956 4089 3134 4159 capita
3183 4087 3349 4144 redu‘

80 4187 225 4230 CUHlU
235 4195 276 4232 Γ.

82 4252 91 4262 ’
144 4266 337 4337 Primo,
370 4271 630 4329 dictionis
681 4287 873 4344 genus,
918 4281 975 4328 et
1008 4273 1202 4343 stylus,
1230 4271 1325 4342 qui
1355 4271 1797 4329 iuternoscendis
1842 4273 2158 4330 auctoribus
2183 4272 2338 4346 quasi
2364 4274 2565 4346 Lydius
2607 4282 2691 4331 est
2732 4273 2892 4345 lapis,
2927 4273 3195 4330 doctrina:
3220 4272 3351 4329 item

87 4368 254 4425 gustus
282 4372 334 4417 et
361 4366 553 4432 saliva,
582 4373 789 4420 tantum
819 4365 887 4421 ab
915 4365 1345 4438 Hieronymiano
1373 4363 1556 4433 distat,
1587 4378 1643 4424 ut
1678 4367 1892 4422 abunde
1917 4369 2050 4423 satis
2099 4370 2170 4423 sit
2211 4369 2547 4426 Breviarium
2575 4369 2720 4426 istud
2744 4370 3007 4426 lustrasse
3030 4371 3226 4439 oculis,
3259 4379 3355 4425 aut

79 4455 328 4526 tantisper
358 4460 489 4517 illud
513 4477 636 4517 cum
661 4463 778 4518 veri
803 4462 1119 4534 Hieronymi
1149 4461 1558 4519 commentariis
1586 4462 1962 4530 contendisse,
1988 4473 2046 4517 ut
2071 4463 2254 4517 statim
2287 4464 2559 4536 intelligas
2589 4465 2818 4519 multum
2841 4464 2971 4518 illud
2997 4464 3134 4519 infra
3162 4464 3220 4519 S.
3251 4465 3355 4519 Pa-

79 4545 166 4600 tris
188 4548 451 4620 ingenium
491 4570 635 4611 esse.
670 4556 737 4610 Et
759 4556 922 4627 plane
948 4558 1018 4612 sit
1042 4555 1266 4627 quidem
1300 4555 1352 4610 in
1377 4555 1801 4627 Hieronymiana
1843 4555 2076 4610 lectione
2104 4554 2328 4625 hospes,
2359 4555 2450 4625 qui
2487 4571 2594 4610 non
2623 4555 2755 4609 illud
2781 4556 2964 4610 statim
3009 4555 3358 4612 animadver-

82 4644 168 4705 ίτη,
194 4654 372 4700 contra
393 4647 452 4704 S.
479 4650 732 4706 Doctoris
761 4659 1026 4720 perpetuo
1060 4661 1326 4706 retentam
1353 4649 1808 4705 consuetudinem
1842 4649 1930 4702 hic
1962 4663 2182 4703 sensum
2213 4649 2483 4714 historiae,
2512 4648 2790 4719 ipsiusque
2815 4649 3011 4705 littera:
3056 4651 3358 4720 expositio-

82 4745 190 4787 nem
222 4740 549 4811 postltaberi,
584 4752 869 4815 totumque
907 4759 1028 4800 esse
1057 4754 1335 4799 auctorem
1381 4743 1445 4814 in.
1472 4741 1755 4812 allegoriis
1795 4739 2204 4810 tr0pologisque
2255 4739 2322 4794 de
2364 4738 2587 4794 Christo
2617 4740 2949 4808 ethcclesia
2984 4759 2996 4795 :
3032 4741 3355 4798 Hebraicam

82 4842 197 4884 vero
229 4835 580 4896 eruditionem
615 4848 669 4896 et
713 4839 960 4894 Grmcam
1005 4839 1206 4894 leviter
1228 4837 1366 4893 adeo
1396 4844 1652 4905 tractare,
1689 4843 1745 4889 ut
1779 4835 1957 4890 sicubi
1983 4849 2100 4889 eam
2134 4831 2458 4903 interponit,
2512 4839 2702 4886 mutuo
2733 4830 2914 4898 potius
2936 4846 3000 4885 ac
3025 4831 3359 4888 vetbOtenus

83 4917 143 4971 ab
165 4923 280 4980 aliis
309 4931 604 5001 accepisse,
639 4947 802 5002 quam
831 4947 860 4986 a
885 4933 1208 5002 semetipso,
1242 4931 1328 4986 vel
1356 4946 1386 4985 a
1416 4929 1566 4985 fonte
1595 4938 1846 4998 repetere
1878 4927 2151 4983 videatur.
2179 4927 2320 4995 Quin
2350 4926 2512 4982 etiam
2543 4925 2890 4981 observatum
2915 4924 3255 4992 Martianmo,
3286 4926 3362 4981 si-

86 5017 281 5076 quando
307 5023 372 5077 ad
403 5023 687 5082 Hebraeum
715 5034 922 5083 textum
952 5037 1144 5082 auctor
1171 5026 1261 5082 hic
1286 5033 1569 5097 provocat,
1595 5023 1734 5078 nihil
1759 5037 1880 5078 eum
1901 5022 2049 5078 aliud
2070 5037 2138 5078 eo
2167 5021 2386 5077 nomine
2415 5034 2575 5091 quam
2607 5027 2701 5074 aut
2723 5019 2967 5075 Grtecam
2997 5017 3208 5088 Aquila:
3234 5034 3359 5074 ver-

89 5105 296 5176 sionem,
329 5127 417 5172 ant
442 5118 685 5178 Latinam
714 5119 1037 5192 Hieronymi
1059 5135 1126 5176 ex
1156 5118 1383 5173 ltebrazo
1414 5117 1698 5172 denotare.
1735 5115 1869 5170 lline
1890 5115 1965 5169 ait
1996 5113 2189 5184 psalm.
2221 5113 2262 5166 V
2292 5113 2343 5167 in
2371 5111 2598 5166 Hebraeo
2619 5124 2740 5166 esse
2773 5109 3073 5175 ἐπίϐουλον,
3105 5122 3202 5179 pro
3228 5116 3356 5169 rma

90 5208 135 5252 et
153 5201 341 5262 Psalm.
364 5226 489 5294 οιιὲ
506 5195 837 5294 ὲρκευθίνοις,
863 5216 979 5270 sive
993 5215 1686 5294 a‘szzaeimg,proa‘m1,
1713 5223 1831 5279 quae
1863 5217 2088 5278 utraque
2117 5204 2496 5275 interpretatio
2530 5210 2616 5259 est
2633 5201 2846 5294 Aquila:
2870 5199 3354 5294 :quemadmodum

87 5301 133 5345 et
158 5309 269 5354 cum
290 5303 382 5369 ait,
401 5269 721 5379 agno-haberi
750 5323 846 5378 pro
875 5269 1093 5379 semper,
1118 5306 1261 5375 quod
1285 5320 1351 5360 ex
1380 5302 1695 5372 Hieronymi
1721 5304 1990 5365 versione,
2022 5315 2131 5355 non
2161 5314 2229 5354 ex
2253 5297 2550 5370 archetypo
2579 5293 2812 5365 accepit.
2847 5292 3093 5364 Denique
3129 5293 3202 5348 ita
3234 5308 3353 5348 mo-

91 5380 164 5437 dis
189 5393 425 5451 omnibus
453 5399 519 5454 ab
539 5376 853 5470 Hieronymi
879 5376 1042 5469 gustu
1069 5404 1260 5452 auctor
1306 5395 1397 5450 hic
1423 5392 1673 5461 dissidet,
1709 5402 1766 5447 ut
1813 5401 1868 5448 et
1899 5391 2173 5447 interdum
2194 5406 2226 5446 a
2253 5391 2552 5460 semetipso
2582 5389 2856 5453 diversus,
2897 5402 3006 5440 non
3040 5399 3230 5450 unum,
3261 5383 3360 5440 sed

93 5475 265 5541 Plures
291 5487 407 5558 ejus
429 5493 905 5548 consarcinatores
946 5492 1115 5546 fuisse
1141 5489 1325 5560 operis
1355 5487 1554 5542 indicio
1577 5486 1668 5540 sit.
1701 5483 1905 5556 Nempe
1948 5484 2160 5555 aliquot
2187 5483 2436 5555 psalmos
2457 5482 2614 5537 bonis
2641 5480 2869 5536 aliorum
2890 5479 3111 5534 Patrum
3139 5485 3364 5534 senten-

94 5567 173 5624 tiis
201 5590 298 5632 non
330 5579 596 5641 inerudite
622 5585 900 5654 subiectis,
938 5585 1006 5641 ad
1032 5581 1478 5642 commentator-is
1506 5578 1726 5635 modum
1755 5580 1976 5651 exponit
2008 5596 2021 5632 :
2046 5579 2182 5634 alios
2208 5578 2277 5634 ad
2306 5577 2706 5634 concionatoris
2728 5576 2919 5641 instar,
2937 5573 3249 5631 homiletico
3273 5572 3360 5627 di-

97 5665 244 5721 cendi
268 5685 461 5739 genere
489 5678 554 5731 ad
587 5677 869 5747 populum,
941 5677 1054 5734 sive
1078 5678 1132 5733 in
1155 5676 1386 5740 fratrum
1422 5682 1695 5728 conventu
1727 5682 1962 5735 tractat;
2007 5681 2061 5728 ct
2102 5671 2247 5743 quod
2277 5671 2517 5727 maxime
2538 5685 2568 5724 a
2596 5669 2654 5726 S.
2677 5670 2928 5726 Doctoris
2956 5668 3196 5739 ingenio,
3220 5665 3374 5720 vitae-

99 5766 192 5820 que
221 5757 453 5825 instituto
484 5770 762 5838 abhorret,
789 5771 1030 5829 excurrit
1058 5785 1203 5842 saepe
1225 5769 1277 5826 in
1313 5765 1697 5824 allocutionum
1741 5765 2002 5824 formulas
2032 5809 2047 5839 ,
2076 5766 2189 5826 sive
2213 5765 2488 5824 auditores
2507 5777 2635 5822 suos
2666 5763 3040 5835 interpellans,
3063 5761 3179 5820 sive
3207 5771 3368 5816 enar-
