4026 6306
669 278 779 343 803
1445 277 1789 339 APPENDIX
1828 275 1920 338 AD
1955 276 2201 338 TOMUll
2244 273 2594 337 SEPTIMUM
2634 272 2689 332 S.
2735 260 3132 331 HIERONYMI.
3836 278 3906 337 got

667 402 939 458 rationem
971 406 1122 459 suam
1151 412 1312 472 prece
1358 398 1533 470 aliqua
1560 398 1627 453 ad
1680 398 1846 453 Deum
1894 398 2012 454 fusa
2043 396 2396 453 concludens.
2446 395 2771 466 Lnngiorcm
2806 393 2967 464 paulo
3000 394 3269 461 psalmum
3316 388 3673 447 centesimum
3704 402 3904 450 octavum

680 494 950 549 decimum
977 496 1151 550 tribus
1180 491 1430 547 edisserit
1459 491 1698 546 Itomiliis
1729 508 1743 545 :
1768 491 2128 547 centesimum
2157 505 2286 546 vero
2308 488 2676 550 undecimum.
2710 487 2853 557 quod
2877 487 3036 541 latius
3053 486 3378 557 exponendo
3406 487 3659 559 persequi
3685 502 3788 544 non
3818 504 3906 559 po.-

674 584 770 653 sit,
822 586 1011 641 horam
1033 591 1304 638 causatur.
1335 580 1428 636 His
1452 581 1670 647 similia,
1702 596 1820 650 qua:
1849 579 1982 635 nihil
2022 580 2201 635 minus
2222 595 2384 650 quam
2412 578 2726 650 Hieronymi
2754 579 2805 632 iu
2833 576 3171 646 explicandis
3201 577 3503 649 Scripturis
3528 592 3736 635 morem
3782 580 3902 638 redo-

672 674 843 742 leaut,
868 685 982 730 toto
1010 670 1405 746 propemodum
1437 671 1597 738 libro,
1629 686 1696 725 ne
1724 671 1935 742 singula
1966 685 2108 725 nunc
2136 672 2310 725 otiose
2338 670 2686 740 replicemus,
2718 667 2985 723 invenias.

668 776 675 815 ὲ
740 766 1041 836 Secundo,
1094 767 1295 822 nedum
1362 764 1542 819 aliena
1593 763 1795 831 multa,
1855 763 1952 818 sed
2004 771 2060 819 et
2123 763 2394 818 contraria
2443 764 2662 832 penitus
2732 761 3173 833 l’lieronymiauis
3244 761 3443 833 placita
3500 771 3696 820 auctor
3754 779 3910 838 propu-

664 867 825 929 gnat.
872 857 931 914 ω
992 872 1166 929 genus
1214 866 1299 913 est
1360 855 1488 925 illud
1540 854 1856 925 cumprimis
1889 896 1904 920 ,
1961 854 2107 926 quod
2169 857 2509 928 cynomyintn
2541 856 2737 926 psalmi
2788 870 2872 910 etv
2923 854 3350 927 interpretatur,
3409 858 3653 913 caninam
3690 873 3910 916 muscam:

663 953 1024 1025 Hieronymus
1077 936 1433 1016 econtrario,
1485 949 1713 1020 epistola
1764 947 1887 1013 ιυιι,
1938 949 2004 1004 ad
2054 948 2315 1004 Sunuiam
2346 958 2401 1005 et
2454 948 2725 1004 Frelclum
2771 955 3067 1022 κοινομνῖαν
3116 947 3222 1019 legi
3263 948 3398 1014 vult,
3453 948 3758 1021 redditque,
3805 968 3915 1008 omne

662 1061 957 1101 muscarum
1018 1065 1204 1121 genus,
1263 1048 1379 1103 sive
1434 1045 1502 1102 ad
1556 1045 1764 1117 Ατιιιίιεε
1832 1059 2048 1100 sensum
2083 1086 2098 1112 ,
2160 1046 2251 1115 qui

2319 1045 2620 1117 πάμμικτον,
2675 1043 3064 1109 interpretatus
3114 1048 3194 1095 est
3235 1081 3249 1107 ,
3307 1041 3659 1095 omnimodam
3712 1057 3909 1097 inustam.

663 1137 884 1195 Pssimo
940 1141 1244 1211 insequenti
1291 1154 1358 1196 cv
1407 1139 1593 1195 Chami
1648 1151 1870 1205 terram,
1912 1153 2072 1209 quam
2148 1139 2509 1210 Hieronymus
2564 1136 2855 1207 IEgyptum
2920 1149 3042 1190 esse
3101 1149 3360 1205 perquam
3442 1134 3657 1191 erudite
3714 1149 3916 1191 asserue-

664 1240 752 1287 rat
775 1232 827 1286 in
870 1231 1078 1298 Quaest.
1111 1230 1362 1305 Hebraic.
1395 1229 1449 1285 iu
1475 1229 1750 1295 Geuesim,
1782 1229 1869 1285 hic
1902 1244 1997 1299 pro
2018 1230 2136 1301 ipsa
2167 1231 2366 1302 accipit
2406 1229 2717 1297 Pala-stina,
2752 1229 2839 1283 cui
2888 1228 3094 1283 scilicet
3124 1238 3303 1295 terrae,
3334 1227 3587 1299 gentibus
3607 1226 3815 1295 deletis,
3842 1229 3915 1285 lle-

662 1322 800 1380 hrmi
829 1325 1229 1379 successerint:
1254 1323 1470 1395 etquod
1496 1323 1549 1378 in
1577 1324 1772 1379 iisdem
1801 1322 2003 1391 Qumst.
2028 1323 2095 1378 ad
2118 1324 2254 1379 Gen.
2296 1338 2351 1379 tv
2385 1323 2549 1378 tradit
2593 1320 2652 1378 S.
2716 1322 2914 1376 Doctor
2960 1319 3127 1385 Naid,
3160 1322 3277 1377 sive
3324 1319 3485 1388 Nod,
3547 1321 3767 1377 minime
3802 1324 3914 1393 juxta

664 1416 979 1474 Graecorum
1019 1416 1445 1487 Latinorumque
1485 1416 1793 1487 opinionem
1837 1416 2131 1486 putandatu
2158 1430 2297 1479 esse
2335 1426 2531 1472 terram
2562 1430 2721 1486 quam
2754 1407 3226 1481 Cain'incolnerit,
3256 1414 3343 1469 hic
3364 1430 3461 1485 pro
3499 1414 3622 1485 ipso
3645 1413 3801 1471 habet
3824 1430 3915 1488 pro-

664 1511 772 1583 prii
810 1511 1047 1566 nominis
1087 1512 1229 1565 loco.
1261 1510 1434 1566 Verus
1455 1509 1844 1581 llieronymns,
1875 1508 2104 1579 epismla
2135 1509 2258 1571 140,
2284 1508 2351 1564 ad
2402 1507 2728 1581 Cyprianum
2787 1507 3055 1576 psalmum
3105 1506 3497 1577 octogesimum
3543 1521 3748 1563 nonum
3787 1507 3915 1577 Moysi

672 1612 862 1674 utpote
911 1604 1118 1659 auctori
1141 1602 1361 1668 tribuit,
1393 1604 1523 1673 quin
1552 1612 1609 1658 et
1637 1602 2049 1672 subsequentes,
2073 1601 2315 1656 undecim
2345 1603 2433 1672 qui
2467 1617 2573 1655 non
2618 1599 2808 1655 habent
2830 1600 3029 1664 titulos,
3062 1598 3294 1666 eiusdem
3333 1615 3444 1653 esse
3477 1598 3642 1655 Mosi:
3687 1601 3916 1655 contendit

668 1690 767 1748 lib.
812 1709 831 1748 ι
882 1704 1071 1749 contra
1111 1693 1387 1757 Rufinum,
1423 1708 1652 1764 eamque
1695 1693 2045 1759 sententiam,
2097 1706 2259 1763 quam
2293 1692 2410 1762 ipse
2446 1692 2516 1745 ab
2545 1692 2802 1763 Origene,
2838 1691 2924 1745 hic
2953 1690 3022 1745 ab
3051 1690 3231 1744 lluillo
3260 1699 3567 1761 acceperat,
3602 1707 3805 1747 rursum
3829 1708 3917 1747 cum

668 1789 792 1845 aliis
822 1790 874 1843 in
904 1790 1060 1856 locis,
1092 1799 1203 1844 tum
1224 1791 1496 1860 praecipue
1528 1790 1792 1860 prooemio
1822 1790 1875 1842 in
1906 1789 2221 1844 Malacbiatn
2258 1789 2470 1858 probat.
2502 1789 2582 1843 Ex
2617 1789 2847 1844 adverso
2877 1786 3138 1843 Breviarii
3162 1794 3352 1841 auctor
3392 1786 3448 1839 in
3502 1794 3586 1840 tot
3628 1787 3919 1857 expositione

667 1880 949 1936 titulorum
976 1879 1206 1950 prolixa,
1230 1895 1324 1936 eos
1351 1895 1570 1952 quoque
1596 1881 1802 1936 mavult
1831 1878 2025 1935 Davidi
2057 1880 2318 1947 tribuere,
2371 1881 2612 1951 satisque
2658 1879 2946 1935 manifesto
2996 1878 3197 1933 indicat
3249 1884 3361 1937 tota
3397 1876 3489 1931 illa
3540 1879 3734 1933 incerti
3769 1892 3917 1933 sensus

665 1971 926 2031 laciniosa
968 1973 1354 2047 disputatione,
1396 1991 1515 2034 eam
1546 1993 1605 2034 se
1631 1978 1845 2048 penitus
1877 1977 2160 2047 ignorasse
2199 1975 2525 2032 doctrinam.
2550 1974 2670 2029 Alia
2699 1974 2782 2029 his
2812 1973 3026 2044 gemina
3072 1981 3185 2027 tnte
3234 1972 3368 2042 ipse,
3405 1971 3598 2039 lector,
3628 1972 3866 2038 invenias,
3886 1971 3918 2026 si

664 2067 830 2125 modo
873 2067 1118 2124 laudatas
1147 2069 1214 2124 ad
1252 2072 1511 2128 Sunuiam
1542 2089 1605 2127 ac
1640 2070 1939 2137 Fretelam,
1992 2081 2102 2123 tum
2130 2070 2195 2124 ad
2228 2070 2554 2143 Cyprianum
2588 2068 2870 2138 epistolas,
2923 2067 3164 2135 duasque
3194 2064 3349 2129 alias,
3381 2064 3613 2119 alteram
3639 2063 3707 2119 ad
3744 2064 3920 2119 Mareel-

670 2159 781 2216 lam
808 2159 896 2228 54,
925 2162 1151 2216 alteram
1176 2162 1241 2216 ad
1276 2162 1598 2233 Principiam
1629 2161 1699 2217 65
1728 2160 1923 2231 quibus
1954 2161 2187 2230 psalmos
2220 2160 2427 2233 aliquot
2456 2160 2510 2215 S.
2545 2159 2706 2212 Pater
2735 2158 3006 2227 exposuit,
3032 2169 3153 2210 cum
3189 2154 3289 2208 hoc
3333 2152 3587 2209 conferas
3627 2152 3915 2209 Tractatore.
3956 2202 3957 2209 η

666 2244 931 2321 Qntndam'
953 2264 1008 2311 et
1039 2269 1137 2308 nos
1185 2254 1457 2309 interdum
1495 2255 1549 2308 in
1590 2254 1730 2308 notis
1757 2252 2261 2321 animadvertimus,
2292 2268 2360 2308 ne
2388 2260 2440 2308 te
2472 2253 2560 2307 hic
2588 2252 2676 2308 ubi
2717 2266 2841 2307 cum
2894 2263 3121 2305 numero
3154 2249 3500 2319 pugnandum
3538 2256 3707 2315 esset,
3756 2248 3919 2318 longius
3956 2260 3957 2319 ᾗ

674 2344 1041 2399 traheremus.
1070 2345 1284 2400 Utvero
1305 2360 1427 2416 qua:
1451 2344 1856 2416 pseudnnymus
1882 2354 2068 2398 auct0r
2096 2355 2301 2414 peccat,
2336 2361 2443 2401 non
2473 2345 2875 2401 dissimulamus
2903 2366 2912 2396 ;
2954 2343 3023 2397 ita
3057 2358 3202 2414 aegre
3231 2342 3477 2410 ferimus,
3509 2341 3712 2413 iniquis
3738 2357 3844 2398 eum
3864 2357 3919 2396 τις·
3956 2376 3957 2399 ι

667 2438 1039 2493 cusationibus
1070 2438 1361 2509 aliquando
1393 2439 1588 2508 premi.
1622 2439 1987 2503 Martianaeus,
2014 2440 2251 2510 exempli
2280 2441 2476 2510 gratia,
2502 2457 2623 2495 cum
2649 2449 2799 2494 notat
2830 2438 3119 2508 imperitiae
3146 2453 3211 2492 ea
3242 2437 3309 2492 de
3337 2451 3523 2501 causa,
3553 2436 3699 2507 quod
3726 2436 3792 2491 de
3817 2436 3920 2492 lsca-
3956 2462 3957 2499 γ

666 2528 825 2585 riolis
871 2531 1089 2586 nomine
1122 2530 1342 2600 dixerit,
1374 2531 1607 2600 dubium,
1632 2549 1697 2586 an
1719 2542 1912 2604 patrem
1940 2532 2216 2605 signiﬁcet,
2236 2551 2303 2588 an
2325 2535 2502 2590 villam
2523 2538 2636 2609 ejus
2668 2551 2685 2588 :
2714 2535 2871 2604 quasi
2898 2549 3057 2588 voces
3082 2532 3248 2603 ipsas,
3282 2541 3478 2603 patrem
3499 2535 3640 2604 ejus,
3658 2544 3765 2598 aut,
3788 2532 3919 2585 villae

672 2626 814 2697 ejus,
841 2633 1065 2695 etymon
1092 2626 1290 2694 putarit
1321 2640 1463 2681 esse.
1486 2624 1557 2681 At
1578 2641 1685 2681 non
1714 2626 1803 2681 hic
1823 2641 2015 2681 sensus
2044 2634 2099 2684 et
2124 2643 2277 2685 mens
2309 2630 2425 2701 ejus
2454 2632 2582 2697 fuit;
2612 2632 2705 2686 sed
2725 2646 2844 2687 cum
2876 2631 3032 2701 vulgo
3055 2636 3331 2700 receptam
3358 2630 3686 2685 sententiam
3719 2629 3921 2701 probaret

668 2713 885 2771 duabus
933 2716 1159 2771 vocibus
1182 2724 1301 2776 tvm
1325 2726 1387 2787 et,
1411 2723 1583 2806 riu-1p
1615 2732 1811 2773 nomen
1842 2721 2117 2790 componi,
2149 2728 2210 2776 ut
2236 2732 2395 2779 sonet
2427 2722 2689 2780 hominem
2710 2740 2772 2779 ex
2803 2724 3039 2777 charioth
3077 2740 3094 2779 :
3123 2723 3388 2778 incertum
3421 2722 3526 2778 hoc
3549 2723 3706 2793 dixit,
3732 2739 3840 2779 nutu
3865 2722 3920 2777 al-
3956 2744 3957 2806 ᾗ

673 2814 795 2862 tera
829 2809 1003 2877 patris
1024 2819 1189 2874 esset,
1214 2822 1280 2862 an
1313 2807 1477 2875 villa-,
1507 2811 1624 2864 sive
1644 2809 1783 2880 ejus,
1809 2809 1861 2864 in
1891 2823 1995 2881 qua
2018 2818 2178 2866 natus
2209 2823 2312 2874 cst.
2344 2820 2504 2868 terra:
2547 2814 2859 2884 appellatio.
2901 2814 3012 2870 Nec
3034 2814 3202 2868 altera
3238 2813 3446 2883 aequior
3476 2823 3560 2869 est
3602 2816 3852 2869 accusatio
3873 2812 3919 2865 ad

669 2899 864 2970 psalmi
890 2914 993 2955 cxv
1020 2899 1197 2954 locum
1230 2900 1404 2967 illum,
1436 2900 1615 2955 Omnis
1638 2902 1792 2956 homo
1818 2904 2063 2970 mendax,
2086 2904 2173 2960 ubi
2194 2906 2247 2960 in
2278 2904 2545 2962 llebraico
2578 2908 2767 2963 haberi
2791 2916 2942 2963 notat
2963 2919 3175 2975 auctor,
3207 2907 3388 2963 Omnis
3412 2906 3593 2976 homo,
3622 2906 3917 2973 mendacium,

675 2991 817 3062 quod
863 2992 1053 3045 dicitur
1114 2992 1324 3047 chazab.
1379 2994 1723 3050 Martiattmus
1773 3010 1871 3067 pro
1925 2998 2116 3052 chazab
2164 2998 2215 3052 in
2261 3000 2324 3054 iis
2365 2999 2559 3070 quibus
2586 3016 2712 3057 usus
2739 3011 2817 3059 est
2872 3019 3002 3058 mss.
3032 3003 3235 3058 invenit
3293 3018 3466 3058 zecam
3501 3018 3521 3055 :
3551 3003 3713 3074 idque
3747 3003 3808 3058 ab
3840 3004 3921 3072 ipso

684 3084 947 3153 scriptum
980 3091 1275 3140 tractatore
1303 3086 1607 3153 contendit,
1633 3098 1687 3142 ut
1714 3095 1878 3143 tanta:
1905 3104 2027 3144 cum
2059 3090 2339 3161 imperitiae
2369 3102 2578 3163 arguat,
2610 3094 2750 3163 quod
2786 3108 3115 3164 p05tremam
3142 3094 3377 3150 litteram
3408 3095 3557 3150 vocis
3601 3106 3717 3162 ετ),
3746 3094 3919 3156 obessi,

675 3176 985 3234 confuderit
1014 3192 1137 3232 cum
1166 3177 1338 3247 prima
1365 3177 1755 3250 subsequentis
1779 3181 1830 3235 in
1856 3180 2124 3236 Hebraico
2154 3162 2451 3252 exemplari
2489 3194 2600 3252 ΠΥ),
2630 3162 2749 3251 ima,
2774 3162 2828 3240 et
2856 3184 3024 3240 falsus
3048 3196 3313 3255 prmterea
3336 3185 3502 3241 fuerit
3545 3187 3602 3241 in
3630 3199 3663 3246 ἓ
3690 3186 3828 3257 caph,
3852 3199 3919 3255 pro

672 3268 854 3331 :tbetlr
889 3269 1243 3341 accipienda:
1286 3272 1538 3327 eonflarit
1570 3273 1804 3343 denique
1826 3273 2028 3328 nullius
2079 3273 2489 3343 significationis
2536 3276 2883 3330 vocabulum.
2946 3278 3237 3332 Enimvero
3289 3278 3512 3347 propius
3558 3276 3633 3332 ad
3677 3278 3823 3333 fidem
3848 3282 3919 3339 est,

667 3359 784 3418 falli
813 3377 945 3417 mss.
969 3377 1066 3418 eos
1099 3361 1289 3430 libros,
1318 3365 1642 3435 culpamque
1667 3379 1886 3421 omnem
1911 3382 2016 3421 non
2041 3366 2094 3420 in
2124 3373 2470 3424 tractatorem
2517 3369 2923 3435 conferendam,
2976 3371 3065 3441 qui
3091 3370 3341 3441 primitus
3364 3381 3512 3426 recte
3541 3373 3833 3443 scripserit,
3853 3368 3921 3423 sed

676 3453 733 3509 in
769 3470 1149 3522 amanuenses,
1183 3456 1275 3525 qui
1301 3459 1534 3527 ignotam
1562 3457 1667 3513 sibi
1699 3458 1988 3514 lectionem
2033 3460 2375 3529 postmodum
2428 3461 2571 3518 foede
2613 3462 2981 3533 depravarint.
3025 3466 3201 3535 Atque
3232 3463 3464 3533 idipsum
3518 3473 3675 3535 puto,
3703 3462 3922 3520 constabit

671 3566 741 3607 ex
783 3549 973 3606 eadem
1008 3550 1104 3605 illa
1131 3549 1427 3606 Martianzei
1456 3554 1964 3621 argumentatione:
1993 3569 2119 3608 mm
2153 3555 2197 3609 si
2229 3554 2486 3611 Hebr-scas
2514 3556 2723 3612 litteras
2751 3558 2802 3612 in
2836 3567 3042 3611 tantum
3068 3564 3258 3612 auctor
3283 3556 3374 3613 hic
3404 3567 3660 3623 noverat,
3691 3566 3747 3614 ut
3779 3556 3920 3613 arche-
3956 3549 3957 3609 Ῑ

671 3651 862 3713 typum
892 3642 1046 3696 adire
1077 3650 1285 3709 posset,
1312 3658 1380 3697 ex
1405 3658 1578 3714 eoque
1601 3644 1895 3714 accipiens,
1926 3655 2222 3717 utcumque
2249 3643 2361 3701 falli
2393 3665 2406 3701 :
2427 3647 2541 3716 jam
2576 3657 2654 3702 tot
2684 3665 2783 3702 ttnzt
2818 3648 2870 3702 in
2907 3648 3094 3703 vocula
3128 3663 3345 3705 errores
3392 3664 3578 3706 errare
3613 3652 3821 3707 omnino
3846 3663 3920 3704 non
3956 3660 3957 3665 ‘

667 3735 867 3810 potuit.
913 3735 1141 3797 Demus,
1176 3734 1329 3789 illum
1360 3735 1494 3805 (ιιμή
1516 3738 1834 3807 pr0petanti
1856 3739 2015 3793 oculo
2042 3741 2320 3809 accepisse
2350 3753 2448 3809 pro
2472 3739 2585 3795 bella
2610 3757 2629 3794 :
2656 3740 2755 3795 sed
2779 3750 2833 3795 et
2856 3741 3088 3812 primam
3111 3753 3144 3801 δ
3172 3741 3328 3812 capti,
3358 3744 3510 3797 vocis
3559 3743 3686 3814 ejus
3736 3743 3920 3798 litteram

666 3827 1038 3885 formatricem
1093 3829 1445 3898 praetermisit
1471 3846 1484 3882 :
1510 3830 1747 3901 denique
1767 3841 1819 3887 et
1844 3834 2055 3887 tertiam
2077 3849 2208 3888 mem
2247 3844 2299 3894 γε)
2328 3842 2533 3891 temere
2557 3835 2771 3891 suffecit
2803 3852 2868 3891 ex
2896 3837 3131 3892 dictione
3160 3837 3286 3891 alia.
3316 3837 3603 3895 Hominem
3636 3852 3777 3904 vero,
3803 3849 3917 3907 quem

681 3938 742 3983 ut
769 3928 996 3997 hujusce
1036 3927 1223 3997 lapsus
1255 3940 1499 3996 accuses,
1527 3943 1623 3998 pro
1647 3939 1797 3984 certo
1855 3945 2025 4000 ponas
2064 3930 2279 3986 Hebrmi
2329 3932 2531 3987 codicis
2580 3934 2847 4000 t'erSundi,
2902 3933 3321 4005 perlegendiquc
3362 3934 3533 3991 fuisse
3562 3951 3670 3992 non
3700 3936 3916 3993 nescitun.
3956 3932 3957 3935 “

680 4020 855 4076 tribus
898 4020 951 4074 in
991 4019 1187 4075 litteris
1230 4020 1453 4076 totidem
1484 4020 1996 4079 ballueinationibus
2021 4025 2329 4093 aberrasse,
2356 4042 2452 4096 par
2477 4026 2701 4083 minime
2729 4037 2813 4083 est
2837 4029 3083 4084 credere.
3115 4029 3280 4099 Igitur
3314 4030 3531 4100 quando
3568 4031 3763 4102 vulgati
3804 4037 3919 4084 antea

672 4114 795 4171 libri
821 4115 1027 4185 optime
1064 4115 1265 4171 habent
1293 4116 1510 4188 chazab,
1545 4119 1660 4175 haec
1689 4129 1774 4177 est
1798 4124 2021 4177 omnino
2052 4122 2333 4178 retinenda
2355 4124 2540 4195 lectio,
2574 4124 2760 4195 sicque
2780 4125 2893 4194 ipse
2918 4124 3184 4193 putandus
3206 4134 3393 4181 auctor
3422 4126 3738 4196 scripsisse,
3764 4140 3851 4179 non
3872 4138 3916 4177 et

669 4212 977 4268 scribarum
1018 4214 1305 4267 oscitantia
1344 4215 1394 4268 in
1422 4229 1540 4270 eam
1566 4214 1861 4271 trahendus
1907 4216 2254 4273 calumniam.
2309 4216 2500 4274 Sciunt
2548 4219 2693 4273 enim
2744 4218 2835 4288 qui
2889 4234 2950 4274 se
2997 4234 3128 4273 mss.
3173 4218 3417 4274 codicum
3456 4221 3644 4277 studio
3686 4218 3914 4278 dedidere.

667 4322 831 4378 quam
876 4323 1056 4379 saepe,
1096 4310 1401 4381 quibusque
1451 4311 1738 4366 verborum
1794 4310 2051 4366 monstris
2099 4312 2343 4368 exoticas
2386 4326 2549 4369 voces
2602 4312 2779 4368 Latini
2819 4327 3181 4369 amanuenses
3225 4312 3554 4383 deformem,
3585 4323 3647 4372 ut
3697 4316 3742 4371 si
3777 4325 3914 4369 eorum

666 4398 919 4455 standum
960 4400 1031 4454 sit
1062 4400 1207 4469 ﬁdei,
1242 4415 1311 4456 ne
1344 4401 1461 4471 ipse
1488 4401 1706 4471 quidem
1740 4401 2097 4475 Hieronymus
2123 4402 2387 4459 llebraice
2408 4403 2706 4459 autGraece
2723 4404 2947 4460 scivisse
2974 4403 3145 4459 videri
3174 4403 3362 4472 possit.

739 4488 950 4556 Tertio,
983 4491 1051 4544 ad
1075 4490 1428 4546 evincendam
1458 4492 1772 4563 scriptionis
1794 4491 2038 4548 fraudem
2070 4509 2136 4548 ex
2185 4493 2467 4564 ipsiusmet
2514 4496 2769 4561 auctoris,
2813 4496 3035 4566 verique
3080 4494 3391 4565 Hieronymi
3421 4496 3490 4551 dc
3532 4512 3593 4552 se
3634 4492 3911 4552 testimoniis

673 4590 994 4652 argumenta
1024 4581 1375 4637 derivantur:
1400 4597 1750 4654 quamquam,
1786 4593 1843 4640 ut
1872 4593 2061 4655 aperte
2084 4586 2225 4655 quod
2257 4586 2436 4641 sentio
2456 4586 2655 4655 dicam,
2702 4604 2823 4657 qua:
2855 4589 3012 4659 vulgo
3038 4586 3409 4658 proferuntur,
3466 4591 3767 4647 infirmiora
3815 4584 3912 4643 mihi
3956 4576 3957 4581 “

669 4676 782 4732 sint
810 4675 949 4730 visa.
983 4673 1281 4730 Victorittm
1314 4675 1451 4731 illud
1484 4690 1593 4746 prae
1622 4677 1840 4732 caeteris
1862 4678 2054 4744 movit,
2074 4675 2221 4747 quod
2252 4676 2352 4731 sub
2384 4677 2594 4747 initium
2627 4680 2907 4734 centesimi
2937 4679 3197 4750 trigesimi
3231 4679 3455 4735 secundi
3486 4683 3685 4751 psalmi
3716 4677 3917 4737 traditdc

664 4784 729 4828 se
752 4780 963 4837 auctor,
996 4770 1216 4828 fratrem
1241 4772 1341 4827 sibi
1374 4787 1495 4829 esse
1522 4773 1867 4838 saecularem,
1899 4779 2089 4827 contra
2116 4786 2275 4843 quam
2303 4771 2579 4844 proditum
2610 4774 2677 4828 de
2712 4773 3069 4846 Hieronymo,
3098 4772 3254 4843 cujus
3276 4775 3493 4828 unicum
3524 4773 3746 4831 fratrem
3778 4770 3917 4829 Pauli-

661 4864 890 4923 nianum
919 4863 1058 4925 satis
1085 4863 1262 4920 adhuc
1281 4865 1951 4937 juvenem,presbytcrum
1974 4863 2032 4921 S.
2066 4864 2401 4934 Epiphanius
2425 4864 2608 4936 jussit.
2642 4866 2911 4921 Amovere
2937 4875 3117 4920 autem
3145 4864 3520 4923 difficultatem
3551 4868 3631 4924 sic
3662 4868 3852 4927 nititur.
3877 4872 3917 4917 ut

661 4960 809 5017 dicat
834 4962 921 5017 vel
958 4960 1199 5018 nondum
1230 4961 1395 5016 fuisse
1418 4959 1795 5032 presbyterum
1822 4958 2233 5024 Paulinianum,
2255 4973 2377 5014 cum
2408 4959 2522 5013 haec
2553 4959 2912 5031 Hieronymus
2938 4959 3220 5027 scriberet,
3251 4960 3337 5015 vel
3368 4961 3535 5015 alium
3568 4963 3623 5018 in
3650 4961 3833 5018 saeculo
3853 4959 3919 5010 ha-

662 5056 849 5112 buisse
871 5056 1124 5124 fratrem,
1148 5070 1313 5127 quem
1346 5055 1683 5125 ignoramus.
1713 5052 1863 5107 Nihil
1899 5066 2029 5108 vero
2053 5053 2101 5107 ei
2159 5051 2352 5107 debuit
2401 5052 2603 5122 negotii
2658 5053 2930 5108 facessere
2968 5052 3119 5108 locus
3162 5053 3250 5107 ille
3291 5052 3449 5121 plane
3498 5052 3835 5125 allegoricus,
3854 5047 3918 5102 ubi

659 5148 839 5220 ipsum
867 5149 1157 5213 sarculum,
1187 5147 1275 5203 cui
1305 5146 1659 5209 valedixerat,
1693 5157 1886 5200 auctor
1905 5151 2066 5200 vocat
2095 5144 2414 5201 saecularem
2446 5144 2695 5201 fratrem.
2720 5146 2797 5201 Ex
2827 5147 2961 5217 ipsis
2983 5144 3086 5201 hoc
3113 5145 3295 5203 verbis
3321 5146 3527 5218 liquet:
3556 5146 3916 5214 Unum,inquit.

661 5241 878 5313 fratrem
899 5242 1190 5295 dimisimus
1222 5256 1240 5292 :
1266 5249 1316 5294 et
1339 5254 1452 5293 ecce
1466 5247 1684 5309 quantas
1700 5239 1991 5293 invenimus
2014 5239 2037 5293 Ι
2060 5236 2251 5293 Frater
2288 5255 2431 5295 meus
2459 5239 2726 5295 stecularis
2770 5241 2929 5311 (quod
2951 5240 3014 5295 de
3034 5256 3143 5295 meo
3170 5239 3380 5308 loquor,
3412 5242 3479 5297 de.
3510 5242 3731 5316 singulis
3758 5236 3917 5310 loquor)

658 5350 762 5390 non
793 5344 993 5390 tantum
1017 5349 1097 5389 me
1118 5341 1281 5400 amat,
1320 5332 1411 5386 sed
1440 5328 1783 5387 substantiam
1802 5347 1988 5386 meam.
2022 5331 2366 5386 Martianzeus
2419 5331 2521 5386 alia
2561 5348 2618 5387 se
2671 5332 3007 5403 prolaturum
3056 5341 3340 5404 receperat
3384 5334 3739 5400 testimomia,
3768 5327 3917 5402 quibli

658 5437 1014 5487 tractatorem
1045 5430 1196 5487 hunc
1227 5429 1443 5500 degisse
1472 5429 1522 5484 in
1551 5426 1810 5500 IEgypto,
1873 5427 2055 5497 ibique
2109 5427 2163 5480 in
2225 5426 2616 5483 monachorum
2663 5436 2936 5482 conventu
2990 5425 3238 5483 Psalmos
3292 5428 3485 5496 lectos,
3529 5429 3614 5483 vel
3647 5426 3914 5484 decantata!

656 5523 1003 5594 exposuisse,
1030 5522 1265 5593 ejusmet
1292 5521 1475 5576 verbis
1498 5519 1795 5574 evinceret.
1833 5518 2029 5572 Verum
2064 5516 2152 5572 ubi
2186 5517 2253 5573 ad
2297 5531 2420 5574 eum
2451 5525 2669 5572 ventum
2702 5528 2780 5572 est
2810 5518 3011 5586 locum,
3034 5520 3168 5575 satis
3191 5518 3349 5574 habui
3385 5519 3649 5577 lectorem
3675 5515 3915 5577 amandare

659 5612 730 5668 ad
752 5615 1023 5684 psalmum
1048 5625 1235 5676 cxutt,
1264 5610 1319 5665 in
1344 5611 1503 5681 cujus
1532 5607 1897 5678 suntquidem
1924 5607 2273 5663 enarratione
2304 5608 2586 5675 nonnulla,
2606 5624 2727 5678 quae
2758 5609 3116 5665 recentiorem
3140 5610 3456 5681 Hieropymi
3481 5623 3642 5668 aetate
3662 5613 3910 5667 hominem.

659 5716 781 5772 quae
802 5716 936 5757 vero
966 5700 1189 5771 Egypti
1211 5699 1443 5756 incolam
1473 5705 1572 5753 aut
1603 5696 1907 5752 Palaestinae
1928 5696 2191 5753 denotent
2226 5696 2392 5752 nulla.
2426 5696 2565 5753 Hinc
2596 5698 2685 5753 illa
2722 5700 2877 5754 nobis
2902 5700 3214 5771 conjectura
3246 5701 3362 5757 fere
3392 5703 3452 5758 lit
3491 5706 3706 5760 caeteris
3754 5695 3913 5757 reuisi-

670 5790 880 5856 miliur,
909 5805 1032 5859 qua
1060 5789 1276 5856 capitur
1300 5805 1369 5846 ex
1397 5788 1614 5861 psalmo
1639 5802 1840 5855 cxxxv,
1867 5787 1956 5843 ubi
1984 5801 2045 5843 se
2073 5796 2263 5843 auctor
2298 5788 2621 5845 monachum
2654 5792 2834 5860 egisse
2868 5793 2922 5848 in
2958 5792 3254 5860 Britannia,
3287 5802 3495 5851 tantum
3523 5811 3630 5854 non
3676 5794 3913 5852 manifesto
