4026 6370
139 309 234 368 805
788 302 1167 372 ADHONITIO
1207 308 1273 366 IN
1313 307 1396 365 SU
1406 294 1729 376 BSEQUEN!

1802 304 2226 362 BREVIARIUM
2270 298 2335 361 ΙΝ
2376 298 2707 363 l’SALMOS.
3286 306 3392 363 806

140 423 317 492 prodit.
339 422 545 494 Quippe
567 422 705 480 hanc
734 427 917 480 statim
942 423 1204 490 nominat,
1236 432 1287 477 ut
1317 421 1629 491 exetnplum
1660 435 1691 477 e
1724 420 1946 490 rrgione
1981 419 2161 490 aliqua
2213 431 2411 488 sumat,
2441 418 2726 489 probatum
2781 417 2968 475 stellas
3021 418 3137 488 pari
3191 418 3392 489 ubique

142 516 326 589 fulgore
348 516 614 572 radiorum
644 533 947 589 apparere:
980 517 1142 588 idque
1168 524 1252 572 est
1276 514 1498 580 indicio,
1540 513 1611 568 ab
1652 527 1741 578 ea,
1774 511 1854 567 uti
1887 527 1983 582 par
2013 522 2156 573 erat,
2177 526 2334 581 quam
2388 509 2665 565 incolebat
2706 510 2824 579 ipse
2868 510 3062 579 suique
3110 510 3394 564 auditores

143 620 286 675 terra,
317 610 374 665 ad
402 611 642 681 reliquas
665 610 819 667 illum
842 609 1026 666 mundi
1061 610 1245 681 plagas
1265 606 1660 678 argumentari.
1691 604 1882 673 Stella,
1918 603 2110 675 inquit,
2151 619 2268 675 qua:
2296 604 2498 657 videtur
2536 605 2590 658 in
2626 602 2924 669 Britannia,
2968 604 3153 675 ubique
3187 613 3233 658 et
3279 604 3397 674 ipsa

137 710 344 773 apparet.
370 701 442 757 Ne
470 709 671 767 tamen,
701 702 792 771 qui
819 701 1006 758 statim
1033 700 1333 757 occurrerit
1365 698 1556 762 menti,
1590 696 1789 753 Bedam
1819 696 1967 751 hunc
1986 704 2150 766 putes
2176 710 2341 761 esse;
2372 694 2467 752 sed
2500 695 2665 751 alium
2706 696 2886 766 potius
2911 710 3009 765 per
3032 711 3095 750 ea
3128 703 3397 766 tempora,

135 796 341 864 septimo
358 794 797 863 videlicetatque
821 792 1277 859 octavo‘sa'eulo,
1315 791 1603 847 Scotorum
1637 788 1912 855 abbatem,
1947 788 2037 858 qui
2063 803 2194 843 sane
2226 787 2430 857 ingenti
2458 796 2590 843 tunc
2625 804 2856 844 numero
2886 787 3212 847 eruditionis
3236 788 3399 847 laude

136 884 419 941 ﬂoruerunt.
447 884 553 941 Per
590 900 677 951 ea,
713 886 951 955 inquam,
977 895 1245 957 tempora,
1278 899 1401 938 nam
1430 880 1880 938 etcommentarii
1907 880 2026 951 ejus
2062 880 2366 952 ingenium,
2401 890 2453 937 et
2478 882 2683 936 mentio
2715 881 3094 952 Lugdunensis
3119 882 3396 951 Eucherii,

132 982 216 1051 qui
237 979 392 1037 medio
411 979 615 1035 sarculo
635 980 826 1051 quinto
847 980 1066 1047 claruit,
1097 978 1407 1050 sequiorem
1443 978 1599 1033 istam
1627 985 1843 1032 aetatem
1888 976 2142 1031 clamant.
2173 975 2385 1033 Possim
2433 985 2490 1031 et
2537 975 2764 1031 laudare
2785 991 2853 1031 ex
2884 975 2950 1032 iis
2981 977 3292 1047 quempiam
3332 976 3403 1032 de

128 1072 349 1134 nomine,
378 1078 574 1124 etcum
606 1070 799 1139 primis
815 1066 877 1125 8.
907 1069 1311 1125 Columbanum
1336 1068 1591 1123 abbatem
1622 1067 2044 1131 Luxoviensem,
2081 1066 2135 1121 in
2166 1064 2425 1123 Hibernia
2454 1065 2746 1121 Scotorum
2793 1068 2964 1123 insula
2996 1078 3212 1137 natum,
3246 1067 3402 1137 enjns

126 1161 180 1216 in
210 1160 500 1216 universum
534 1158 862 1215 Psalterium
889 1161 1336 1224 commentarios,
1370 1173 1492 1214 cum
1519 1158 1696 1215 adhuc
1720 1156 1906 1226 jnnior
1932 1165 2101 1219 esset,
2139 1163 2302 1233 atque
2344 1155 2483 1210 adeo
2515 1157 2830 1228 priusquam
2880 1174 2910 1212 e
2949 1158 3226 1214 Britannia
3278 1174 3403 1229 pro-

124 1252 459 1319 ﬁcisceretur,
493 1251 870 1320 elucubratas,
894 1251 1232 1323 Sigelxertus,
1268 1252 1585 1324 Anonymus
1616 1250 1946 1315 Melicensis,
1970 1250 2328 1318 Trithemius,
2354 1261 2519 1322 atque
2536 1251 2628 1306 alii
2656 1252 2955 1309 celebrant.
2986 1253 3183 1309 Verum
3213 1255 3281 1309 de
3311 1254 3403 1309 illo

123 1345 224 1400 erit
246 1343 442 1397 dicendi
474 1341 627 1396 locus
653 1342 815 1411 paulo
849 1351 990 1411 post,
1026 1343 1114 1396 ubi
1137 1341 1402 1397 etinediti
1433 1342 1834 1411 commentarii,
1876 1357 2037 1413 quem
2083 1358 2151 1397 ex
2194 1345 2314 1412 ejus
2363 1343 2621 1399 Bobiensi
2682 1347 3019 1399 monasterio
3066 1348 3399 1419 accepimus,

119 1436 340 1506 speciem
369 1434 711 1490 exhibemus.
749 1433 903 1488 Nune
932 1449 1053 1501 qua:
1076 1432 1362 1503 ipsiusmet
1384 1433 1699 1505 Hieronymi
1723 1433 1790 1489 de
1813 1449 1874 1490 se
1910 1434 2241 1501 testimonia,
2298 1432 2438 1493 istud
2470 1434 2539 1489 ab
2558 1448 2628 1490 eo
2655 1448 2793 1504 opus
2830 1435 3166 1505 abjudicant,
3210 1438 3401 1507 prude-

116 1528 278 1585 renda
294 1536 434 1584 sunt.
467 1531 639 1596 Atque
664 1526 800 1587 illud
832 1527 1323 1583 lnculentissimum
1353 1528 1497 1599 quod
1524 1528 1687 1583 habet
1712 1528 1765 1587 in
1804 1536 1969 1597 caput
2001 1528 2150 1585 Isaia:
2188 1544 2340 1597 uin,
2388 1544 2550 1601 quem
2605 1529 2806 1585 librum
2849 1529 2994 1585 circa
3026 1546 3117 1585 an.
3141 1531 3267 1595 410,
3301 1530 3405 1586 sub

116 1624 240 1679 vitae
263 1639 366 1679 sua:
386 1623 777 1695 propemodum
803 1621 964 1679 linem
994 1623 1320 1693 Composuit,
1348 1621 1439 1679 ubi
1470 1637 1591 1677 cum
1614 1620 1681 1677 de
1702 1621 1932 1677 Psalmis
1949 1630 2144 1679 octavo
2162 1631 2326 1692 atque
2353 1624 2690 1693 octogesimo
2722 1624 2883 1679 tertio
2902 1639 2980 1680 set
2996 1638 3084 1678 mo
3103 1622 3404 1689 incidisset,

114 1732 175 1774 se
194 1716 312 1772 illos
335 1716 529 1772 fatetur
556 1715 898 1785 apertissime
929 1713 1173 1770 nondum
1200 1711 1542 1785 exposuisse.
1576 1711 1643 1768 In
1666 1713 1876 1781 bonam,
1898 1713 2096 1785 inquit,
2130 1722 2330 1782 partem
2372 1713 2671 1768 scribuntur
2701 1714 2890 1784 psalmi
2910 1730 3005 1786 pro
3027 1714 3399 1781 torcularibus,

114 1818 331 1875 octavus,
353 1816 396 1861 et
420 1807 758 1881 octogesimus
786 1805 970 1865 tertius
991 1820 1009 1858 :
1033 1804 1097 1857 de
1116 1804 1303 1875 quibus
1324 1803 1375 1856 in
1396 1803 1507 1858 suis
1537 1803 1686 1870 locis,
1718 1802 1761 1857 si
1788 1803 1888 1857 vita
1910 1818 2076 1856 comes
2102 1802 2280 1875 fuerit,
2317 1800 2540 1857 Domina
2564 1800 2844 1872 pra'bente,
2867 1802 3086 1857 dicetur.
3112 1803 3404 1876 Reliquum

107 1903 231 1958 vita:
260 1901 370 1970 ejus
400 1909 613 1969 tempus
644 1899 915 1955 decennio
956 1900 1076 1969 plus
1100 1900 1282 1952 minus
1300 1896 1680 1952 concluditur:
1714 1897 1899 1967 sicque
1940 1898 2029 1952 vix
2074 1898 2245 1968 potuit
2277 1898 2430 1968 operi
2480 1898 2785 1969 prophetali
2830 1914 3144 1970 supremam
3188 1917 3406 1961 manum

105 1996 399 2064 imponere,
426 1992 555 2048 utin
586 1991 904 2052 Jeremiam.
940 1991 1029 2060 qui
1066 1989 1307 2060 reliquus
1338 1998 1477 2056 erat,
1530 1989 1978 2057 commentarios,
2030 1999 2209 2044 morte
2260 1988 2654 2059 intercedente,
2687 1989 2969 2062 reliquerit
3029 1991 3384 2063 imperfectos

105 2088 217 2142 Hoc
239 2101 368 2143 vero
396 2086 740 2157 palmarium,
768 2082 912 2154 quod
954 2098 1076 2136 cum
1135 2082 1310 2152 ipsum
1343 2081 1640 2138 Jeremiatn
1675 2089 2000 2152 exponeret,
2033 2081 2100 2137 ad
2130 2092 2294 2154 caput
2336 2083 2635 2139 secundum
2683 2085 2861 2140 simile
2916 2086 3044 2157 quid
3089 2088 3403 2161 pollicetur,

103 2181 217 2236 fore
240 2179 505 2246 videlicet,
540 2187 600 2233 ut
639 2178 853 2249 plenius
871 2174 939 2231 de
968 2174 1168 2243 Portis,
1205 2191 1327 2247 qua:
1359 2175 1413 2230 in
1456 2174 1719 2231 vicesimo
1777 2176 1939 2231 tertio
1993 2176 2204 2251 psalmo
2234 2185 2633 2245 memorantur,
2672 2193 2773 2237 suo
2823 2178 2944 2233 loco
2975 2180 3233 2237 disserat.
3270 2183 3409 2253 Hine

105 2276 246 2333 enim
266 2283 599 2344 compertum
624 2282 889 2345 estquam
916 2271 1057 2341 quod
1091 2271 1349 2335 inaxime,
1382 2286 1487 2325 non
1517 2267 1685 2325 fuisse
1707 2269 1775 2324 ab
1806 2269 2143 2341 Hieronymo
2168 2268 2300 2324 illud
2333 2270 2515 2341 operis
2548 2269 2859 2338 conditum,
2899 2272 3055 2339 cujus
3086 2284 3269 2345 partes
3308 2276 3404 2331 ali-

103 2384 252 2441 quas,
288 2381 484 2437 easque
508 2382 615 2421 non
644 2374 970 2435 postremas,
1000 2378 1099 2418 nec
1124 2363 1291 2417 certis
1314 2361 1384 2417 de
1406 2362 1588 2417 causis
1607 2370 1769 2417 antea
1811 2362 2226 2431 j‘»rmtermissas,
2285 2377 2385 2418 nec
2413 2364 2594 2436 aliquo
2619 2366 2760 2423 inter
2820 2382 2880 2423 se
2918 2365 3137 2436 jnnctas
3192 2368 3408 2439 ordine,

102 2462 204 2518 sub
233 2460 408 2532 ipsum
439 2458 562 2514 vita:
586 2460 789 2513 exitum
823 2457 987 2511 tradit
1011 2456 1148 2527 ipse,
1184 2471 1292 2510 non
1323 2456 1425 2509 nisi
1456 2456 1799 2526 propositum
1831 2456 2089 2513 habuisse
2116 2455 2302 2523 animo
2331 2457 2676 2517 elucubrare.

171 2550 534 2609 Nihilosecins
560 2553 663 2605 alia
695 2566 804 2605 non
831 2547 1189 2605 imbecilliora
1222 2556 1541 2619 argumenta
1574 2546 1926 2616 persuadent,
1961 2545 2104 2617 quod
2145 2545 2302 2602 initio
2334 2550 2740 2620 proposuimus,
2773 2568 2837 2608 ex
2883 2555 2995 2609 veri
3024 2569 3169 2626 saepe
3212 2554 3403 2611 Hiero

101 2648 247 2720 nymi
270 2645 465 2719 pannis
489 2645 801 2699 universum
836 2643 1006 2697 hocce
1034 2640 1183 2707 Opus
1204 2638 1483 2709 componi.
1511 2638 1565 2693 Id
1593 2639 1737 2693 scire
1768 2653 1865 2709 per
1896 2652 1955 2692 se
1986 2638 2107 2707 quis
2140 2640 2362 2709 poterit,
2397 2637 2444 2693 si
2475 2656 2594 2710 qua:
2620 2643 2852 2712 sparsim
2896 2643 3014 2700 loca
3065 2645 3407 2702 Psztlmorum

98 2738 154 2797 S.
184 2740 347 2795 Pater
372 2747 458 2793 est
484 2737 901 2807 interpretatus,
926 2750 1047 2805 qua:
1079 2732 1368 2787 maximam
1419 2739 1628 2800 partem
1662 2732 1714 2784 in
1756 2730 2183 2800 uniuscujusque
2226 2732 2359 2786 torni
2394 2732 2573 2788 indice
2611 2735 2970 2807 colliguntur,
3004 2740 3256 2795 conterat
3291 2756 3415 2796 cum

97 2832 368 2891 Breviarii
399 2833 558 2896 locis,
586 2839 847 2901 notetque
868 2830 1057 2898 longas
1081 2825 1359 2898 parodias,
1394 2838 1459 2879 ac
1487 2838 1633 2896 stepe
1660 2821 1858 2877 nedum
1889 2824 2217 2892 sententias,
2251 2824 2345 2879 sed
2369 2834 2425 2878 et
2446 2826 2609 2880 verba
2640 2828 2831 2884 eadem
2876 2832 3271 2902 deprehendat.
3306 2834 3415 2891 Par

97 2943 319 3000 quoque
346 2924 407 2980 ﬁt
428 2923 665 2995 Opinari,
695 2931 947 2976 tractatus
979 2920 1102 2975 illos
1127 2926 1321 2987 septem
1342 2917 1394 2970 in
1421 2914 1661 2971 Psalmos
1682 2930 1715 2967 a
1737 2913 1935 2968 decimo
1961 2930 2119 2985 usque
2147 2914 2216 2968 ad
2246 2916 2499 2970 decimum
2526 2927 2756 2987 sextum,
2782 2936 2920 2990 quos
2960 2922 3012 2975 in
3043 2938 3268 2980 suarum
3298 2923 3417 2981 elu-

97 3018 488 3077 cubrationum
520 3029 745 3071 censum
767 3011 962 3082 recipit
992 3011 1109 3080 ipse
1133 3009 1185 3064 in
1219 3007 1487 3079 catalogo,
1510 3006 1721 3077 jamdiu
1749 3020 1882 3061 vero
1912 3005 2276 3074 intercidisse,
2310 3007 2451 3078 quod
2479 3024 2732 3068 seorsum
2755 3023 3018 3085 certaque
3037 3018 3423 3087 germanitatis

97 3126 225 3172 nota
254 3111 504 3168 distincti
534 3123 642 3165 non
667 3108 993 3169 habeantur,
1046 3104 1415 3160 existimatum
1462 3106 1565 3167 est,
1629 3101 1717 3154 hic
1762 3092 2119 3169 interjectos:
2166 3099 2327 3171 idque
2383 3101 2557 3172 ipsum
2602 3104 2935 3160 exornandis
2980 3116 3036 3162 et
3083 3108 3135 3163 in
3188 3120 3424 3166 caeteros

97 3208 343 3283 psalmos
385 3201 799 3259 commentariis
847 3212 1033 3253 ansam
1086 3196 1332 3251 studioso
1367 3192 1716 3264 compilatori
1769 3192 2091 3263 praebuisse.
2125 3193 2260 3262 Quae
2313 3203 2582 3265 prmterea
2631 3206 2851 3253 veteres
2892 3214 2958 3255 ex
3003 3199 3333 3271 Hieronymo
3369 3202 3421 3257 in

97 3280 375 3374 psalmum
410 3295 555 3351 hunc
594 3294 677 3349 vel
706 3292 856 3347 illum
882 3290 1129 3355 laudant,
1161 3285 1744 3356 describuntqneloea,
1766 3294 2000 3357 suntque
2030 3284 2119 3342 illa
2146 3287 2375 3344 totidem
2409 3288 2464 3344 in
2488 3288 2769 3348 Breviario
2797 3291 2900 3347 hoc
2920 3292 3107 3349 verbis
3137 3280 3422 3366 concepta,

97 3391 251 3448 haud
287 3387 513 3459 quidem
541 3383 701 3439 facile
732 3382 837 3436 alia
868 3381 1107 3450 excipias
1136 3380 1372 3444 ratione,
1404 3392 1565 3447 quam
1594 3376 1640 3431 si
1663 3374 1987 3445 quibusdam
2018 3378 2371 3446 assumentis,
2397 3396 2517 3446 «tum
2548 3396 2739 3437 revera
2769 3398 2799 3438 e
2830 3383 2888 3438 8.
2921 3382 3174 3441 Doctoris
3210 3386 3426 3443 calamo

97 3484 358 3558 profecta
386 3490 538 3546 sunt,
568 3474 1095 3550 pseudepigraphum
1125 3473 1321 3527 librum
1350 3470 1667 3540 interpolari
1705 3487 1801 3543 pro
1830 3481 1981 3528 certo
2012 3470 2235 3528 habeas.
2266 3473 2545 3531 Lacinium
2581 3492 2648 3533 ex
2683 3481 3022 3551 nonagesimi
3056 3481 3200 3536 tertii
3232 3483 3428 3552 psalmi

97 3576 474 3636 enarratione
495 3573 693 3628 recitat
716 3572 870 3625 testis
893 3569 1135 3624 omnium
1165 3563 1657 3634 locupletissimus,
1689 3564 1946 3636 aetatique
1967 3564 2286 3636 Hieronymi
2325 3581 2529 3638 suppar
2550 3566 2609 3623 8.
2644 3571 2982 3641 Augustinus
3033 3571 3085 3625 in
3115 3570 3433 3629 Commoni-

97 3671 249 3727 torio
293 3667 364 3723 ad
390 3665 865 3729 Fortunatianum,
898 3661 1012 3716 sive
1064 3660 1226 3729 epist.
1262 3654 1392 3722 148,
1431 3666 1618 3713 certus
1662 3656 1802 3712 adeo
1823 3656 1892 3712 de
1934 3657 2375 3728 Hieronymiame
2423 3661 2738 3731 scriptionis
2786 3664 3175 3734 germanitate,
3202 3673 3263 3721 ut
3295 3665 3437 3723 hanc

97 3763 394 3838 prmcipue
426 3759 559 3813 tanti
585 3754 821 3811 nominis
848 3753 1227 3808 auctoritatem
1250 3762 1434 3806 contra
1468 3749 1813 3806 adversarios
1842 3764 2057 3822 urgeat.
2109 3752 2190 3806 Ne
2237 3756 2426 3821 multa,
2462 3755 2658 3826 inquit,
2692 3758 3164 3825 commemorando,
3207 3760 3434 3826 majores

97 3870 287 3910 moras
317 3852 537 3921 facian,
570 3847 665 3901 hoc
705 3863 867 3900 unum
893 3845 954 3900 S.
982 3842 1290 3914 Hieronymi
1317 3843 1610 3912 interpono.
1637 3843 1704 3896 Et
1732 3857 1880 3908 mox,
1912 3843 2042 3898 Cum
2068 3860 2188 3917 ergo
2215 3845 2305 3899 ille
2330 3847 2403 3901 vir
2429 3847 2485 3902 in
2513 3848 2802 3919 Scripturis
2823 3852 3151 3907 doctissimus
3178 3855 3437 3927 psalmum

97 3954 420 4020 exponeret,
448 3942 534 3996 ubi
566 3941 763 3995 dictum
790 3948 864 3993 est
893 3955 910 3992 :
937 3936 1229 4006 lntelligite
1253 3950 1386 4005 ergo
1435 3935 1526 4005 qui
1575 3934 1903 4005 insipientes
1934 3936 2068 3990 estis
2106 3936 2160 3991 in
2210 3938 2431 4008 populo,
2477 3951 2533 3994 et
2589 3942 2741 3997 stulti
2784 3943 3076 4016 aliquando
3116 3946 3312 4017 sapite,
3345 3963 3439 4025 qui

97 4038 399 4113 plantavit
426 4047 635 4093 aurem.
665 4047 770 4086 non
799 4029 1002 4097 audiet,
1029 4035 1125 4081 aut
1145 4028 1236 4095 qui
1262 4027 1416 4081 tinxit
1436 4026 1677 4092 oculum,
1704 4042 1809 4081 non
1837 4026 2151 4084 considerat
2181 4048 2195 4082 :
2229 4031 2363 4086 inter
2383 4041 2593 4089 (cetera.
2629 4032 2739 4091 Iste
2774 4037 2944 4108 locus,
2967 4040 3158 4110 inquit,
3194 4040 3441 4097 adversus

97 4150 189 4188 eos
216 4131 462 4185 maxime
484 4126 632 4198 facit,
659 4125 747 4195 qui
777 4117 1321 4191 Antltmpomorphitw
1347 4128 1467 4172 sunt
1493 4134 1511 4173 :
1538 4118 1627 4187 qui
1649 4118 1832 4172 dicunt
1852 4118 2019 4173 Deum
2051 4120 2238 4176 habere
2268 4123 2515 4191 membra,
2534 4142 2651 4197 qua!
2673 4127 2830 4183 etiam
2858 4146 2953 4184 nos
2985 4129 3256 4185 habemus.
3288 4129 3444 4205 Verbi

97 4225 319 4298 gratia,
350 4221 550 4275 dicitur
577 4217 711 4273 Deus
734 4214 920 4270 habere
943 4212 1119 4267 oculos
1142 4228 1160 4266 :
1204 4210 1357 4266 Oculi
1388 4208 1600 4267 Domini
1619 4211 1900 4282 respiciunt
1921 4214 2097 4267 omnia
2117 4229 2135 4265 :
2166 4230 2351 4271 manus
2379 4218 2501 4288 quia
2528 4221 2652 4290 fecit
2684 4224 2881 4278 omnia.
2908 4223 2977 4278 Et
2997 4224 3226 4293 audivit,
3250 4226 3441 4296 inquit,

97 4325 296 4381 Adam
329 4335 528 4377 sonum
555 4316 750 4386 pedum
785 4311 997 4367 Domini
1027 4309 1427 4367 deambulantis
1455 4310 1508 4364 in
1540 4308 1819 4380 paradiso.
1869 4308 1992 4365 Hinc
2034 4310 2344 4381 simpliciter
2366 4314 2682 4380 audiunt,et
2708 4315 2960 4373 humanas
2981 4318 3357 4374 imbecillitates
3375 4320 3446 4374 ad

97 4419 208 4474 Dei
242 4413 700 4487 magniﬁcentiam
723 4416 973 4482 referunt.
1001 4409 1114 4480 Ego
1151 4416 1323 4461 autem
1344 4405 1461 4459 dico
1485 4404 1623 4473 quod
1645 4403 1788 4459 Deus
1810 4410 1944 4458 totus
1966 4406 2148 4460 oculus
2167 4414 2241 4461 est
2267 4423 2286 4461 :
2314 4414 2451 4462 totus
2490 4425 2679 4463 manus
2701 4418 2776 4465 est
2794 4427 2813 4465 .'
2838 4420 2978 4468 totus
3027 4429 3114 4481 pes
3157 4421 3249 4467 est.
3282 4411 3443 4469 Totus

97 4512 306 4568 oculus
335 4518 439 4575 est,
459 4508 583 4579 quia
613 4508 791 4559 omnia
818 4503 977 4559 videt.
1002 4501 1167 4557 Totus
1192 4516 1376 4555 manus
1400 4507 1491 4563 est,
1522 4498 1650 4569 quia
1672 4496 1846 4552 omnia
1868 4510 2135 4568 operatur.
2159 4498 2325 4555 Totus
2346 4517 2434 4570 pes
2450 4511 2542 4571 est,
2568 4503 2689 4572 quia
2714 4505 2901 4575 ubique
2928 4515 3024 4560 est.
3051 4505 3154 4572 Qui
3181 4505 3451 4573 plantavit

97 4619 342 4665 aurem,
385 4617 497 4656 non
533 4599 734 4663 audiet,
771 4606 826 4653 et
854 4596 946 4667 qui
976 4596 1129 4650 tinxit
1152 4595 1363 4657 oculos,
1397 4606 1503 4645 non
1532 4589 1862 4646 considerat.
1899 4588 2024 4643 Non
2061 4590 2299 4663 dixitjqui
2328 4593 2584 4663 plantavit
2614 4610 2815 4661 aurem,
2839 4610 2962 4666 ergo
2986 4597 3095 4667 ipse
3119 4611 3295 4649 aurem
3323 4596 3449 4666 {non

97 4700 299 4753 habet.
326 4694 458 4749 Non
478 4693 632 4755 dixit,
657 4708 777 4764 ergo
805 4692 915 4760 ipse
942 4689 1118 4742 oculos
1146 4702 1246 4740 non
1270 4683 1442 4738 habet.
1468 4681 1577 4737 Sed
1593 4682 1726 4736 dixit
1749 4697 1768 4734 :
1793 4682 1893 4748 Qui
1924 4681 2191 4751 plantavit
2219 4697 2430 4753 aurem,
2459 4700 2567 4739 non
2591 4685 2797 4749 audiet,
2824 4695 2881 4741 et
2908 4688 2997 4755 qui
3047 4687 3201 4742 tinxit
3228 4687 3442 4756 oeulos,

97 4806 220 4847 non
258 4785 614 4844 considerat.
641 4781 874 4836 Membra
906 4780 1048 4845 tulit,
1076 4778 1381 4848 efficientias
1410 4774 1572 4829 dedit.
1606 4774 1731 4829 Ha'c
1756 4775 2038 4830 enimvero
2067 4789 2176 4829 non
2215 4776 2344 4830 alibi
2385 4776 2528 4847 apud
2577 4777 3000 4850 Hieronymum,
3046 4797 3211 4853 quam
3243 4781 3296 4834 in
3348 4780 3453 4835 hoc

97 4886 235 4956 ipso
264 4892 573 4950 perperam
605 4875 681 4931 illi
727 4872 965 4943 ascripto
995 4871 1272 4928 Breviario
1295 4869 1576 4925 invenias:
1608 4868 1701 4923 ubi
1755 4870 1823 4923 ad
1876 4883 2000 4924 eum
2048 4869 2243 4940 psalmi
2288 4872 2632 4941 nonagesimi
2687 4871 2831 4927 tertii
2877 4872 3055 4926 locum
3098 4874 3178 4928 sic
3226 4872 3455 4928 totidem

97 4972 415 5042 acqcripta
446 4975 574 5025 sunt
591 4968 798 5033 verbis,
817 4976 875 5022 ut
896 4967 965 5022 ab
992 4965 1090 5020 illo
1124 4960 1516 5033 propemodum
1546 4960 1845 5030 archetypo
1868 4969 2093 5029 accepta
2116 4959 2424 5016 videantur.
2454 4961 2586 5029 Quae
2626 4961 2843 5016 tametsi
2893 4961 3048 5016 nobis
3100 4964 3152 5017 in
3204 4962 3454 5033 generali

97 5064 468 5139 praefatione
490 5062 605 5115 visa
637 5072 762 5119 sunt
784 5078 891 5118 non
914 5077 977 5116 ex
1004 5056 1403 5114 commentario
1456 5054 1709 5127 quopiam
1754 5053 1806 5108 in
1848 5052 2111 5125 psalmos,
2153 5054 2251 5109 sed
2287 5071 2353 5111 ex
2380 5070 2482 5109 una
2514 5055 2693 5125 aliqua
2744 5055 2802 5112 8.
2850 5055 3097 5111 Doetoris
3127 5057 3354 5126 epistola
3388 5074 3455 5114 ex

97 5162 177 5235 iis
211 5177 357 5233 quae
386 5159 803 5221 interciderunt,
826 5156 1115 5221 desumpta
1143 5168 1158 5204 :
1186 5150 1609 5220 llieronymiana
1644 5157 1824 5201 tamen
1851 5160 1976 5202 esse
1997 5162 2101 5201 non
2136 5145 2525 5212 dubitavimus,
2567 5146 2873 5218 Augustino
2903 5162 3001 5217 pro
3023 5162 3214 5204 eorum
3247 5162 3461 5219 germa-

97 5256 303 5312 nitate
332 5252 700 5323 ﬁdejubente.
734 5251 907 5306 Porro
931 5248 1036 5302 alia
1065 5254 1213 5311 sunt,
1239 5258 1361 5314 quae
1383 5242 1647 5297 Servntus
1680 5240 1864 5310 Lupus
1897 5240 1949 5293 in
1979 5238 2307 5293 Colleclaneo
2341 5241 2407 5294 de
2444 5240 2604 5295 tribus
2634 5241 3017 5307 Questionibus
3060 5257 3128 5297 ex
3154 5242 3255 5297 hoc
3278 5248 3464 5309 utpote

97 5348 476 5416 Hieronymi
501 5345 787 5401 Breviario
815 5341 1023 5408 laudat,
1051 5348 1110 5394 ut
1135 5348 1220 5394 est
1242 5334 1375 5392 illud
1408 5335 1459 5389 in
1485 5332 1855 5403 explanatione
1879 5332 2039 5404 primi
2063 5332 2273 5402 psalmi,
2298 5331 2444 5402 quod
2469 5348 2575 5389 suo.
2603 5333 2723 5388 loco
2745 5333 3122 5403 expcndemus
3156 5352 3169 5386 :
3212 5332 3319 5387 alia
3345 5348 3465 5403 qua:

97 5442 161 5499 S.
202 5439 547 5512 Gregorius
576 5436 663 5490 Vll
692 5437 857 5505 (lmnc
886 5437 1032 5490 enim
1054 5446 1244 5491 verum
1276 5444 1398 5485 esse
1420 5427 1800 5483 commentarii
1829 5424 1885 5481 in
1914 5425 2155 5498 psalmos
2202 5426 2611 5501 poenitentialcs
2652 5437 2931 5483 auctorem
2964 5449 2976 5483 :
3027 5443 3133 5482 non
3181 5427 3265 5483 cui
3306 5427 3472 5497 vulgo

97 5533 437 5599 tribuitur,
459 5531 518 5586 S.
546 5528 867 5599 Gregorium
896 5527 1183 5597 Magnum,
1219 5522 1442 5593 propior
1490 5520 1561 5577 ad
1604 5519 1765 5577 (idem
1820 5517 2096 5575 sententia
2145 5517 2260 5589 estj)
2299 5534 2331 5575 e
2390 5518 2581 5590 μεθιωί
2623 5520 3062 5591 quinquagesimi
3102 5521 3372 5576 versiculo
3406 5520 3470 5577 17

97 5627 508 5700 expositione
540 5620 818 5687 describit,
850 5625 1185 5687 acceptaque
1210 5615 1380 5671 refert
1408 5613 1741 5683 Hieronymo
1771 5625 1783 5661 :
1818 5623 1941 5679 quae
1989 5608 2210 5681 quidem
2242 5611 2328 5665 sin
2375 5612 2555 5665 minus
2585 5610 2651 5668 ad
2702 5613 2939 5667 universi
2978 5611 3194 5682 Operis,
3223 5621 3373 5669 certe
3403 5613 3470 5668 ad

97 5734 328 5777 earum
347 5760 365 5783 ,
396 5730 538 5785 quas
570 5714 800 5768 recitant
831 5712 1229 5767 sententiarum
1250 5708 1566 5785 γνησιώτητα
1593 5705 1968 5773 astrucndam,
2014 5706 2323 5775 plurimum
2348 5706 2609 5768 momenti
2635 5704 2862 5776 habent,
2907 5715 3200 5778 notamque
3255 5708 3474 5778 insuper

97 5827 304 5887 quam
338 5810 520 5878 longo
541 5804 610 5859 ab
638 5803 763 5861 hinc
786 5803 1111 5862 smeulorum
1140 5801 1447 5872 intervallo,
1473 5815 1571 5871 pro
1594 5796 2034 5870 Hieronymianis
2060 5798 2168 5869 sint
2197 5797 2399 5863 habita.
