4026 6366
167 231 289 294 Μ’
818 233 887 294 ΙΝ
923 232 1372 306 SUBSEQUENS
1410 232 1842 295 BREWARIUM
1878 233 1948 291 IN
1985 234 2302 295 PSALMOS
2339 234 2735 296 ADMONITIO.
3329 241 3436 301 810

883 353 1105 417 Namque
1127 366 1218 417 per
1235 352 1442 404 incultas
1464 357 1598 404 errat
1621 353 1733 417 dum
1756 352 1944 417 lubrica
1965 351 2170 416 palmas,

972 413 1144 479 Dulcis
1177 424 1229 479 et
1245 416 1493 479 ambrosio
1512 417 1658 479 tincta
1682 416 1871 479 liquore
1896 413 1997 479 lyra
2022 427 2035 463 :

889 477 1184 528 Perdiderat
1208 476 1325 528 fulvi
1344 477 1580 527 radiantia
1604 475 1747 538 signa
1769 475 1972 534 metalli,

976 539 1199 590 Texerat
1217 546 1269 589 et
1291 537 1431 589 furvo
1449 538 1525 587 lila
1549 551 1724 588 canora
1745 539 1861 589 situ.

887 601 1175 665 Sedtamen
1194 600 1444 665 Hebraica
1468 614 1641 665 rursus
1666 600 1783 661 [Με.
1811 601 2005 663 versus]
2028 600 2219 653 ratione
2238 599 2405 665 polita,

979 663 1051 726 Ac
1074 663 1215 713 simul
1235 660 1463 726 Argolica
1486 662 1650 712 denuo
1669 660 1799 726 picta
1821 674 1986 712 manu.

886 723 1148 788 Melljﬂuas
1167 725 1279 775 cadi
1301 723 1543 788 spargens
1558 723 1696 774 trans
1717 724 1879 774 sidera
1897 736 2065 788 voces,

988 785 1262 850 Concrepat
1283 785 1507 848 angelico
1540 788 1754 835 carmina
1773 799 1909 850 sacra
1933 785 2072 850 sono.

888 847 1033 911 Hunc
1051 861 1172 911 cape
1182 847 1475 899 correctum
1495 850 1715 911 gratanti
1726 849 1876 898 corde
1896 848 2146 906 volumen,

977 909 1143 974 thue
1167 909 1562 974 ita_permaneat,
1583 911 1664 970 da,
1690 910 1859 971 Pater,
1882 922 1990 970 oro,
2016 922 2218 972 operam
2241 922 2254 959 :

884 971 1209 1035 Nulhis'enim
1232 971 1420 1023 fructus
1431 974 1682 1035 conamina
1714 979 1883 1035 nostra
1904 971 2165 1035 sequetur,

978 1032 1145 1098 Erasis
1170 1034 1318 1095 vitiis,
1344 1035 1429 1098 qui
1448 1034 1579 1098 bona
1594 1034 1903 1098 subdidimus
1920 1047 1938 1098 λε

883 1095 944 1146 Ni
967 1096 1091 1159 vigil
1113 1103 1264 1159 atque
1285 1095 1439 1158 sagax
1458 1096 1635 1156 studio,
1656 1095 1808 1147 Pater
1827 1096 2035 1159 optime,
2060 1100 2229 1146 vestro

975 1157 1252 1211 Conservet
1282 1157 1491 1222 scriptor
1511 1171 1621 1222 qua
1641 1159 1783 1209 modo
1808 1157 1945 1210 recta
1970 1165 2189 1208 manent.

220 1326 421 1385 Nullam
442 1327 534 1384 hic
561 1327 716 1387 vides
741 1326 960 1385 Florum
984 1343 1015 1384 a
1045 1342 1107 1385 se
1135 1326 1416 1385 adornata:
1446 1327 1809 1401 expositionis
1832 1328 2169 1384 mentionem
2197 1325 2398 1394 facere,
2429 1335 2604 1384 totum
2632 1342 2764 1385 vero
2803 1328 2856 1385 in
2880 1344 2947 1386 eo
2974 1344 3119 1397 esse,
3162 1341 3219 1386 ut
3254 1346 3450 1390 recens

151 1422 410 1480 emendati
438 1422 653 1481 codicis
676 1422 998 1481 industriam
1028 1423 1244 1494 probet.
1274 1423 1347 1479 At
1367 1439 1551 1491 nemo,
1577 1425 1799 1497 opinor,
1828 1424 1932 1481 sibi
1964 1422 2297 1494 persuadeat
2320 1424 2437 1479 ﬁeri
2468 1426 2735 1495 potuisse,
2766 1425 2812 1481 si
2844 1426 3091 1482 Psalmos
3111 1440 3325 1496 quoque
3348 1426 3443 1482 illo

154 1512 538 1570 commentario
568 1513 920 1583 illustrasset,
952 1512 1057 1569 hac
1098 1523 1159 1569 ut
1186 1512 1256 1569 de
1288 1529 1352 1570 re
1390 1515 1583 1570 saltem
1633 1515 1802 1571 verbo
1852 1529 2079 1570 monere
2116 1512 2413 1569 Flordaum
2460 1515 2717 1572 abbatem
2767 1531 2927 1572 suum
2977 1518 3446 1587 praetermitteret.

153 1606 285 1676 Quin
318 1606 486 1663 immo
516 1608 652 1662 tanti
678 1606 864 1679 operis
890 1608 1167 1663 rationem
1192 1620 1257 1663 ac
1284 1607 1529 1664 studium
1569 1607 1758 1663 multis
1785 1608 2221 1664 commendasset
2246 1650 2262 1675 ,
2291 1610 2384 1680 qui
2413 1608 2468 1665 in
2498 1625 2655 1665 nova:
2683 1611 3058 1676 recensionis,
3090 1612 3315 1683 ejusque
3339 1611 3451 1668 lor-

154 1709 297 1756 tasse
319 1700 384 1756 ab
414 1700 521 1756 alia
552 1700 795 1756 studiosa
817 1715 981 1756 manu
1015 1702 1358 1757 concinnatae
1386 1702 1574 1758 laudes
1605 1712 1914 1774 exaggerat.
1964 1702 2307 1774 Quamquam
2347 1713 2405 1760 et
2445 1704 2572 1760 aliis
2597 1706 2936 1777 argumentis
2979 1706 3323 1777 perspicuum
3363 1715 3452 1764 est

153 1793 333 1866 plane,
361 1802 521 1866 atque
543 1792 791 1858 evidens,
823 1792 1049 1849 Florum
1072 1794 1372 1851 condendis
1399 1795 1452 1851 in
1478 1794 1723 1851 Psalmos
1744 1794 2157 1852 commentariis
2179 1809 2457 1866 nunquam
2480 1810 2699 1853 manum
2724 1797 3033 1854 admovisse
3059 1815 3074 1852 :
3098 1814 3278 1871 neque
3315 1800 3455 1856 adeo

153 1887 416 1960 ejusmodi
447 1887 652 1946 laboris
680 1888 999 1945 meminisse
1018 1903 1248 1960 usquam
1290 1904 1387 1946 seu
1417 1890 1788 1956 recentiores,
1820 1890 1913 1961 qui
1957 1891 2208 1945 vivorum
2240 1888 2491 1945 doctrina
2524 1890 2816 1946 illustrium
2841 1930 2858 1958 ,
2892 1890 3175 1962 ipsiusque
3223 1907 3448 1963 operum

154 1976 302 2036 Flori
329 1981 603 2053 catalogus
626 1981 1026 2037 instruxerunt.
1060 1980 1329 2052 Denique,
1356 1990 1493 2037 utet
1521 1982 1692 2037 multa
1721 1981 1829 2037 alia
1860 1981 1932 2037 ob
1956 1980 2264 2052 argumenti
2311 1981 2805 2052 propinquitatem,
2848 1983 2922 2038 ita
2966 1990 3021 2037 et
3066 1982 3186 2053 ejus
3232 1983 3450 2040 diaconi

153 2089 340 2131 versus
362 2084 703 2147 compertum
733 2076 893 2134 nobis
912 2085 1000 2133 est
1028 2074 1268 2132 adscitos
1308 2077 1555 2144 aliunde,
1600 2076 1930 2148 iunctosque
1955 2076 2034 2132 illi
2078 2077 2476 2132 commentario
2503 2077 2574 2133 ab
2602 2092 2670 2134 eo
2715 2077 2809 2149 qui
2839 2077 3087 2135 codicem
3134 2081 3451 2153 compegit;

153 2182 279 2225 nam
307 2178 359 2225 et
387 2169 616 2226 meliore
637 2169 869 2226 consilio
889 2183 987 2226 eos
1006 2168 1136 2224 alibi
1159 2167 1395 2225 vidimus
1415 2167 1469 2224 in
1502 2184 1612 2224 uno
1641 2169 1923 2238 alteroque
1946 2165 2214 2222 Vaticano
2235 2182 2338 2221 ms.
2367 2166 2636 2224 Psalterio
2664 2169 2799 2239 ipsi,
2830 2168 3128 2226 Gallicanae
3150 2179 3215 2226 ut
3256 2181 3456 2229 vocant

154 2264 435 2332 versionis,
466 2262 693 2335 prmligi.
734 2262 853 2321 Non
883 2272 969 2320 est
993 2279 1126 2335 ergo
1155 2262 1274 2335 ejus
1299 2272 1492 2319 auctor
1521 2262 1897 2320 commentarii
1936 2260 2162 2327 Florus,
2214 2259 2312 2316 sed
2364 2260 2582 2333 sequior
2631 2262 2805 2332 alius,
2857 2264 3185 2335 quicumque
3235 2265 3452 2322 tandem

152 2356 245 2415 ille
288 2355 472 2425 fuerit,
518 2356 877 2428 interpolator
905 2357 1165 2413 Breviarii
1198 2359 1251 2412 in
1298 2358 1578 2425 Psalmos,
1623 2357 1716 2429 qui
1744 2370 1854 2413 non
1879 2370 1973 2413 eas
2002 2354 2166 2411 modo
2193 2358 2593 2424 enarrationes,
2626 2371 2763 2426 quas
2786 2364 2842 2412 et
2876 2356 3222 2414 Martianacus
3270 2360 3452 2428 eudit,

156 2450 259 2509 sed
283 2450 569 2522 plerasque
597 2466 789 2508 omnes
829 2451 1026 2509 exinde
1077 2458 1330 2523 acceptas
1372 2451 1430 2507 in
1455 2451 1617 2507 aliam
1654 2457 1820 2523 atque
1858 2450 2016 2506 aliam
2049 2450 2279 2506 formam
2319 2448 2554 2521 migrare
2587 2450 2795 2521 jussit:
2842 2459 3010 2521 utque
3040 2454 3286 2509 securius
3334 2452 3464 2509 ﬁdei

156 2542 418 2601 lectorum
445 2544 778 2615 imponeret,
805 2544 1123 2617 Hieronymi
1145 2558 1435 2616 personam
1467 2543 1666 2600 induit.
1698 2542 1908 2599 Nedum
1958 2556 2091 2597 vero
2135 2540 2272 2595 falsa
2322 2549 2484 2610 sunt,
2525 2540 2623 2597 sed
2669 2549 2724 2597 et
2764 2540 3178 2613 Hieronymiani
3225 2544 3466 2600 nominis

157 2649 387 2706 prorsus
416 2634 661 2706 indigna,
686 2650 808 2705 qua:
837 2634 1223 2705 praelationum
1246 2635 1370 2692 loco
1394 2634 1660 2706 praemisit
1687 2632 1933 2690 schedia.
1965 2632 2152 2689 Prima
2198 2641 2285 2688 est
2334 2632 2571 2689 celebris
2619 2633 2711 2688 illa
2752 2633 2819 2689 ad
2866 2634 3160 2692 Damasum
3208 2637 3470 2707 epistola,

156 2724 290 2800 Legi
317 2727 519 2781 litteras
544 2727 866 2800 apostolatus
893 2729 1072 2797 uestri,
1114 2736 1381 2801 poscentes
1409 2738 1466 2783 ut
1496 2727 1784 2783 secundum
1813 2727 2200 2799 simplicitatem
2246 2725 2394 2782 LXX
2437 2728 2777 2800 interpretum
2803 2730 3095 2786 canendum
3130 2731 3474 2804 Psalmogra-

162 2819 328 2886 phum
354 2819 431 2891 (in
460 2818 584 2876 cod.
617 2829 855 2875 canentes
876 2818 1396 2894 Psatmographiam)
1425 2820 1757 2892 interpretari
1788 2820 2051 2890 festinem,
2083 2827 2211 2885 etc.,
2242 2834 2271 2873 a
2311 2818 2507 2874 Martio
2536 2819 2749 2889 pridem
2772 2822 3017 2891 vulgata,
3040 2822 3313 2894 tantisque
3341 2839 3472 2880 seu-

162 2912 461 2970 tentiarum
484 2927 547 2968 ac
572 2912 864 2969 verborum
898 2912 1155 2971 monstris
1181 2914 1470 2981 scatentia,
1505 2922 1564 2969 ut
1590 2913 1777 2969 mirari
1808 2928 1917 2969 non
1943 2913 2190 2969 desinam
2212 2912 2456 2983 potuisse
2486 2912 2915 2980 Henschenium,
2960 2916 3236 2973 hominem
3269 2926 3467 2974 caetera

169 3006 418 3074 doctum,
454 3020 554 3077 pro
578 3006 857 3078 germanis
887 3005 1112 3062 habere.
1147 3006 1404 3076 Ejusdem
1429 3005 1544 3062 fere
1563 3014 1694 3062 sunt
1722 3005 1947 3062 furfuris
1976 3005 2188 3074 reliqua
2221 3023 2233 3058 :
2281 3003 2476 3059 Modus
2508 3003 2780 3061 Psalterii.
2811 3006 3132 3063 Psalterium
3169 3012 3224 3065 in
3263 3013 3478 3065 modum

159 3103 303 3158 delte
333 3101 516 3155 littera:
543 3102 757 3172 formati
774 3100 908 3173 ligni
930 3116 1122 3157 sonora
1140 3101 1456 3168 concaoitas,
1489 3109 1586 3157 etc.
1613 3101 1680 3155 Et
1714 3114 1838 3171 qua;
1873 3098 2187 3156 subduntur
2220 3116 2232 3152 :
2278 3097 2415 3166 Quia
2452 3099 2717 3171 prophetis
2745 3100 2962 3171 spiritus
3011 3117 3115 3156 non
3151 3119 3351 3175 semper
3378 3122 3473 3160 eo-

156 3211 281 3251 rum
307 3194 565 3249 mentibus
593 3204 782 3267 prwsto
808 3193 933 3252 est‘:
963 3204 1221 3266 quatenus
1248 3210 1363 3249 cum
1393 3194 1529 3249 hunc
1558 3210 1662 3249 non
1692 3193 1945 3259 habeant,
1973 3209 2027 3248 se
2049 3202 2168 3247 tunc
2207 3202 2525 3262 cognoscant
2548 3207 2613 3246 ea:
2652 3190 2882 3246 Domino
2908 3191 3119 3263 habere,
3160 3210 3274 3249 cum
3317 3194 3476 3249 habeo

157 3300 301 3347 rent.
330 3288 590 3347 Succedit
616 3290 701 3345 his
738 3290 972 3361 genuina
1004 3289 1062 3345 S.
1104 3288 1360 3345 Doctoris
1387 3287 1634 3359 praelatio
1674 3287 1731 3343 in
1766 3286 2015 3343 Psalmos
2040 3300 2070 3341 a
2101 3299 2163 3342 se
2191 3285 2384 3341 iterum
2417 3284 2484 3339 ad
2529 3283 2778 3340 Graecum
2809 3284 3091 3355 exemplar
3128 3285 3471 3352 emendatos,

157 3399 288 3456 quae
314 3383 532 3456 incipit,
567 3382 887 3439 Psalterium
914 3384 1101 3439 Roma:
1129 3383 1329 3437 dudum
1354 3383 1555 3453 positus
1584 3379 1942 3446 emendaram,
1982 3387 2079 3433 etc.
2112 3375 2475 3448 Subsequitur
2501 3377 2640 3447 ipsa,
2676 3376 2732 3432 in
2753 3377 2908 3448 cujus
2937 3377 3057 3433 haec
3083 3376 3324 3433 diximus
3354 3393 3480 3449 gra-

155 3477 324 3543 tiam,
353 3476 695 3534 Psalmorum
722 3477 934 3548 prolixa
973 3476 1243 3547 expositio
1268 3488 1283 3529 :
1316 3473 1368 3529 Ι.
1404 3474 1652 3529 Psalmus
1680 3471 1852 3528 David
1878 3472 1943 3528 de
1966 3471 2195 3527 Christo.
2225 3469 2455 3537 Quidam
2480 3478 2668 3543 putant
2692 3470 2847 3526 istius
2877 3470 3070 3544 psalmi
3094 3470 3289 3526 clavem
3317 3488 3475 3541 super

161 3569 371 3626 Christi
399 3568 611 3624 Domini
649 3568 814 3625 nostri
858 3583 1134 3640 personam
1164 3583 1272 3623 esse
1298 3567 1645 3637 referendam,
1686 3575 1742 3619 ut
1772 3564 1950 3619 beatus
1988 3564 2085 3618 iste
2132 3562 2232 3629 vir,
2281 3561 2564 3616 secundum
2591 3560 2875 3630 {hominem
2921 3560 3161 3618 Christus
3204 3564 3295 3633 sit,
3346 3573 3475 3633 etc.,

158 3663 632 3737 quemadmodum
657 3673 712 3721 et
738 3664 794 3719 in
814 3679 915 3721 suo
942 3663 1135 3720 codice
1160 3662 1366 3734 reperit
1390 3661 1756 3727 Martianazus,
1784 3674 1993 3730 nosque
2023 3668 2145 3728 post
2191 3672 2315 3714 eum
2357 3657 2412 3713 in
2456 3657 2718 3714 Breviarii
2758 3641 2910 3715 calce
2949 3661 3300 3717 excedemus.
3348 3660 3483 3718 Post

162 3755 435 3814 Psalmos
464 3765 794 3814 enarrantur
819 3768 875 3813 et
900 3755 1148 3824 Cantica,
1176 3765 1286 3810 tum
1309 3754 1496 3811 Oratio
1525 3752 1806 3809 Dominica
1833 3750 2144 3823 exponitur,
2172 3751 2263 3807 ubi
2289 3760 2344 3808 et
2366 3766 2563 3821 panem
2587 3752 3141 3823 supersubstantialem
3168 3770 3270 3826 pro
3306 3757 3482 3827 quoti-

161 3852 333 3908 diana
354 3860 623 3909 tractator
651 3850 803 3923 legit.
834 3850 1154 3925 Symbolum
1197 3864 1413 3921 quoque
1440 3847 1837 3919 apostolorum,
1869 3854 1926 3902 et
1953 3843 2119 3901 Fides
2140 3845 2400 3901 catholica
2438 3844 2501 3902 S.
2543 3846 2820 3902 Athanasii
2851 3849 3039 3918 paucis
3076 3848 3423 3920 explicantur
3468 3869 3483 3908 :

160 3956 341 4018 atque
372 3946 425 4001 in
454 3945 550 4001 illo
570 3944 791 4017 quidem
818 3943 888 4000 de
917 3943 1244 3999 Remissione
1273 3949 1601 4013 peccatorum
1630 3940 1892 3996 articulus
1914 3939 2196 4010 reticetur,
2226 3938 2371 4010 quod
2402 3937 2647 4013 Symboli
2678 3942 2844 4013 longe
2881 3942 3319 4011 antiquissimam
3348 3955 3487 4002 teta-

164 4050 288 4098 tem
319 4048 514 4098 notare
537 4039 817 4097 videretur
844 4038 915 4111 (si
941 4037 1161 4109 quidem
1193 4051 1370 4108 neque
1398 4032 1561 4091 in‘iis
1585 4043 1886 4106 comparet,
1915 4048 2036 4104 quae
2065 4032 2456 4103 Tertullianus,
2500 4033 2758 4103 lrenazus,
2804 4035 2893 4091 vel
2934 4034 3197 4108 Origenes
3227 4039 3487 4111 recitant)

160 4133 282 4191 nisi
312 4133 499 4190 verius
521 4132 821 4206 putandum
847 4131 943 4199 sit,
971 4130 1281 4187 scribarum
1305 4127 1597 4185 oscitantia
1626 4128 1681 4183 in
1708 4126 1811 4183 hac
1834 4126 1990 4183 illum
2022 4126 2371 4198 expositione
2414 4127 2866 4198 praetermissum.
2904 4128 3036 4187 Post
3080 4129 3222 4189 haec.
3251 4130 3487 4206 Esplieit

162 4225 536 4300 Hieronymus
564 4240 724 4299 super
752 4223 1071 4281 Psalterium
1101 4237 1122 4279 :
1153 4221 1373 4293 duoque
1394 4219 1453 4277 hi
1476 4235 1670 4278 versus
1699 4218 1962 4290 adscripti
1997 4234 2011 4273 :

935 4404 1186 4457 Francisci
1209 4414 1458 4454 memores
1478 4401 1579 4465 sint
1600 4398 1707 4465 haec
1723 4412 1814 4451 sua
1836 4399 2018 4465 scripta
2033 4398 2286 4465 legentes,

1033 4465 1195 4519 Omne
1219 4467 1297 4517 cui
1313 4465 1487 4516 subest
1508 4462 1722 4514 fundere
1745 4475 1881 4527 saepe
1899 4462 2095 4525 preces.

165 4644 399 4703 Caetera
421 4641 698 4716 persequi,
726 4655 849 4697 cum
873 4638 989 4710 jam
1016 4636 1084 4693 de
1110 4633 1259 4692 Flori
1288 4631 1579 4706 poaematio
1608 4629 1929 4694 dixerimus,
1965 4626 2100 4683 nihil
2126 4627 2377 4686 interest.
3442 4714 3447 4717 Δ

254 4739 633 4797 Revertamur
660 4735 728 4792 ad
750 4734 1147 4792 Martianmum.
1188 4728 1284 4784 His
1308 4742 1431 4798 quae
1454 4725 1697 4780 diximus
1736 4720 1981 4792 adjunxit
2020 4719 2113 4775 ille
2150 4730 2205 4776 et
2236 4720 2452 4791 longam
2492 4725 2851 4794 praefationem
2890 4728 2955 4782 de
2981 4728 3113 4785 libro
3144 4730 3502 4805 Psalmorum,

162 4847 351 4907 quam
381 4834 435 4889 in
463 4831 639 4889 tribus
662 4843 798 4886 mss.
843 4823 1253 4895 exemplaribus
1290 4820 1516 4877 canonis
1543 4817 1811 4874 hebraicze
1844 4813 2090 4907 veritatis
2130 4812 2366 4883 invenit,
2396 4822 2455 4907 e_t
2472 4816 2689 4907 pridem
2720 4818 2791 4873 cl.
2824 4819 3124 4879 Cotclerius
3161 4824 3214 4879 in
3258 4828 3404 4883 notis
3435 4830 3504 4885 ad

169 4904 330 4984 t—om.
355 4924 426 4981 Ill
448 4925 932 4981 Monumentorum
958 4915 1217 4972 Ecclesiae
1243 4911 1448 4969 Grmcm
1477 4909 1763 4966 verissime
1790 4906 2258 4978 pronuntiaverat,
2283 4922 2377 4960 nec
2406 4904 2735 4978 Hieronymi,
2763 4925 2854 4963 nec
2882 4907 3276 4983 Hieronymiani
3291 4933 3501 4973 consar-

174 5020 451 5077 cinatoris
474 5033 603 5073 esse.
628 5014 773 5072 Nihil
818 5028 949 5070 vero
977 5009 1201 5066 dubium
1235 5003 1469 5062 describi
1513 5011 1685 5059 totam
1717 5016 1782 5056 ex
1822 4997 2137 5071 argumentis
2167 4996 2391 5052 Eusebii
2436 4994 2794 5054 C:esariensis
2831 4999 2885 5053 in
2938 4997 3201 5071 Psalmos,
3249 5021 3383 5076 quas
3414 5010 3507 5067 me

175 5115 1055 5181 crﬁooiamﬂocatmuamquam
1085 5095 1598 5169 Latinus,quisquis
1618 5094 1711 5150 ille
1742 5090 1906 5147 fuerit
1930 5091 2222 5161 interpres,
2244 5097 2494 5145 neutram
2514 5089 2750 5160 linguam
2776 5091 2945 5161 probe
2966 5093 3217 5152 calluisse
3232 5099 3500 5159 videatur.

172 5201 375 5273 Hujus
397 5179 617 5272 quoque
655 5195 874 5268 Prologi
922 5206 1024 5249 nos
1049 5191 1221 5247 multo
1249 5186 1589 5245 emendatius
1616 5182 1901 5252 exemplar
1932 5181 1986 5235 in
2029 5179 2388 5273 Ambrosiana
2420 5179 2747 5273 bibliotheca
2787 5182 3130 5255 invenimus,
3159 5187 3350 5248 codice
3379 5208 3417 5260 ι,
3449 5196 3503 5264 6,

172 5270 325 5351 olim
361 5270 772 5349 SIColumbani
802 5285 871 5343 de
896 5284 1093 5349 Bobio,
1130 5296 1196 5338 ex
1214 5294 1323 5351 quo
1355 5274 1939 5346 illum-castigatiorem
1969 5286 2073 5328 suo
2100 5271 2245 5339 loco,
2269 5279 2330 5326 ut
2349 5286 2419 5328 ne
2444 5270 2572 5343 quid
2601 5272 2765 5343 desit,
2798 5274 3145 5333 exhibemus.

256 5384 526 5441 Alteram
582 5378 916 5433 Psatmorum
969 5370 1444 5445 interpretationem
1491 5365 1685 5437 nuperi
1732 5362 2143 5420 Anecdotorum
2193 5360 2516 5418 collectores
2561 5361 2767 5419 domini
2799 5364 3117 5423 Edmundus
3156 5368 3421 5447 Martene,
3456 5386 3511 5435 et

172 5480 437 5540 Ursinus
460 5473 683 5533 Durand
709 5472 997 5544 proferunt
1028 5484 1096 5525 ex
1131 5481 1236 5524 ms.
1265 5460 1699 5535 Aquicinctensi,
1726 5458 1818 5531 qui
1851 5466 2032 5515 tamen
2078 5455 2221 5512 liber
2250 5469 2360 5511 non
2414 5454 2828 5528 Hieronymum,
2877 5458 2974 5515 sed
3023 5459 3290 5520 Hilarium
3332 5465 3514 5526 Picta-

169 5576 454 5633 viensem
496 5576 777 5625 auctorem
808 5564 1052 5636 praefert.
1093 5560 1204 5630 Ipsi
1233 5557 1398 5615 etiam
1425 5554 1629 5611 laudati
1662 5552 1903 5611 editores
1931 5549 2221 5624 quamdam
2243 5549 2360 5622 ejus
2401 5551 2585 5621 operis
2613 5561 2853 5622 partem,
2890 5561 3127 5625 quatuor
3152 5557 3363 5617 scilicet
3401 5571 3516 5622 tra-

166 5676 379 5729 ctatus
405 5664 463 5721 in
488 5660 730 5734 psalmos
759 5674 853 5727 xv,
880 5671 1036 5724 xxxi,
1069 5667 1186 5724 xu,
1216 5660 1273 5710 et
1300 5665 1483 5719 cxmx,
1513 5660 1653 5719 quos
1683 5645 1859 5717 primo
1885 5643 2055 5701 edunt
2080 5642 2138 5698 in
2159 5641 2358 5708 lucem,
2388 5641 2592 5734 llilario
2627 5641 2963 5699 adscribunt.
2993 5642 3203 5703 Caetera
3228 5663 3340 5707 non
3365 5651 3516 5711 dim-

168 5770 390 5823 tentur
448 5733 871 5825 ﬂrieronymiani
915 5746 1256 5821 excerptoris
1302 5759 1455 5813 esse;
1510 5751 1733 5813 arrepto
1773 5736 1944 5807 enim,
2000 5735 2274 5808 inquiunt,
2317 5733 2599 5795 volumine
2646 5734 2912 5796 Breviarii
2958 5738 3015 5796 in
3058 5738 3330 5816 Psalmos,
3370 5751 3518 5821 quod

452 5874 479 5887 δ
496 5849 781 5913 Paxaea.
820 5841 1064 5909 XXVI.
1342 5902 1345 5905 .
3046 5827 3127 5892 26
