4026 6308
467 233 569 294 8H
1263 209 1651 279 ,ἈΡΡΕΝΒῘΧ
1691 206 1783 265 ao
1812 199 2055 263 TOMUM
2090 177 2445 258 SEPTlHUH
2480 188 2542 250 s.
2585 178 2991 247 ntsttonrm.
3671 160 3811 226 δη

476 345 743 403 Erasmus
769 349 825 399 et
851 338 1130 398 Marianas
1150 331 1427 388 Victorius
1455 335 1644 383 sancto
1670 319 1884 378 doctori
1915 317 2239 379 attribuunt,
2271 312 2512 381 integras
2542 302 2921 361 enarrationes
2941 294 3022 355 illi
3051 291 3220 351 attrib

476 373 743 403 J‘Jl'ilblllua
769 373 825 399 cs
851 373 1130 398 uulsis-uua
1167 373 1426 388 υινινιιυυ
1455 373 1639 383 ,μη-,η
1674 373 1849 378 ---ηκ
2227 373 2237 379 _
2388 373 2414 381 ν

470 439 676 493 rimus.
705 432 850 489 Nihil
877 444 977 501 ego
1002 427 1177 482 dicant
1208 422 1351 492 quod
1380 419 1518 473 falso
1548 416 1832 471 Erasmum
1864 423 1961 480 pro
2001 402 2264 461 Breviarii
2292 407 2571 457 asserture
2598 393 2687 451 hic
2727 390 2954 449 laudant
2999 406 3013 443 :
3052 385 3183 444 illud
3214 396 3346 440 vero
3373 373 3801 438 contenderim,

2068 500 2077 501 '
2140 498 2152 501 ‘
2485 496 2518 501 η
2946 498 2949 501 ι
3006 493 3019 501 -
3095 499 3107 501 ς
3127 482 3165 501 Α
3188 495 3293 501 κλμ-
3337 474 3555 501 ...ηαξ-ι
3580 472 3801 501 αιηηη-

470 472 676 493 ιιιιιυδο
708 472 850 489 ιῐιιιιι
878 472 976 501 νου
1004 472 1177 482 ...νγ-η
1212 472 1307 492 Ἰ--
1326 472 1350 474 γ
1438 472 1451 473 γ
1866 472 1881 480 -

470 532 547 586 ita
578 539 808 600 quatuor
830 525 994 579 hosce
1023 522 1286 574 tractatus
1309 510 1577 567 Hilarium
1611 515 1895 563 auctorem
1928 516 2038 557 non
2064 498 2292 567 habere,
2334 504 2395 553 ut
2421 496 2663 566 reliquos
2693 504 2886 548 omnes
2908 493 3061 544 certo
3089 482 3297 540 scimus
3337 474 3558 535 mentiri
3580 472 3803 529 Hiero-

1597 596 1607 600 -
2102 587 2114 600 ι
2377 585 2389 600 ι
2468 584 2501 600 .s
2589 598 2605 600 _
2643 590 2717 600 .4-_
2735 588 2969 600 -.-ιιι-μ...-
2999 572 3292 600 -Α-.-ιΑ-ιιίιι
3360 570 3402 600 οἷ
3427 583 3549 600 num

471 558 547 586 ua
617 558 797 585 uasuvl
830 558 994 579 uuauu
1025 558 1285 574 'IIIV'UU'UIV
1311 558 1577 567 --η----ην
1613 558 1789 563 ..ρ-νη
1826 558 1829 559 ,
2281 558 2290 567 '
2544 558 2559 566 _

471 558 724 694 nytiium.
765 611 915 670 Nulli
955 623 1064 664 non
1111 611 1334 677 pateant
1362 601 1482 671 ejus
1530 596 1613 655 rei
1648 600 1966 667 argumenta
2002 604 2071 647 ex
2101 587 2342 660 ipsorum
2377 584 2613 642 lectione
2642 588 2971 639 tractatuum
2999 572 3317 647 repetenda,
3359 570 3402 626 si
3426 583 3549 624 cum
3580 558 3798 620 Hilarii

1635 690 1645 694 ‘
2035 684 2069 694 "
2205 690 2215 694 -
2489 686 2529 694 γ-
2595 691 2635 694 κ-
2679 672 2959 694 --ιμ--Δι--ι
3020 668 3156 694 -ιει-ει
3193 680 3314 694 ιιηιι
3347 661 3491 694 ..ειηιι
3534 657 3795 694 nm]:an

465 657 1215 772 sermonibusconferauiur.
1258 695 1404 751 Satis
1435 707 1567 749 vero
1604 690 1701 757 sit,
1738 697 1795 743 ut
1828 657 2168 757 propositum
2199 690 2445 747 teneam,
2480 686 2643 748 atque
2672 672 2985 738 ostendam,
3020 668 3160 726 nihil
3190 680 3314 722 esse
3347 661 3493 719 aliud
3533 657 3796 716 codicem

468 788 949 878 Aquiciuc'tensem
971 806 1132 862 quam
1158 784 1566 859 Hieronymiani
1594 756 1922 836 breviatoris
1953 774 2117 847 paulo
2140 772 2419 830 diversum
2451 767 2764 839 exemplar,
2801 760 2925 820 illas
2962 776 3103 834 quas
3139 756 3432 830 proferunt
3466 766 3566 824 pro
3590 765 3799 807 eorum

1505 875 1515 878 -
1836 868 1872 878 -.
2023 868 2056 878 ,ι
2143 877 2149 878 ,
2318 864 2331 878 .
2454 861 2467 875 .
2555 870 2568 878 .
2632 862 2748 878 ,μμ
2797 853 3174 878 __......:.....m
3239 863 3371 878 -..ιη-
3412 845 3644 878 nomium
3670 840 3799 878 nul-

469 840 516 865 ιι
560 840 949 860 υιυιιινινι-υνιυ
972 840 1132 862 -ι-ν--κ
1161 840 1271 844 ----ν
1296 840 1334 843 ἡκ
1364 840 1385 859 ι
1955 840 1969 847 -

469 840 797 954 trzctatuunt
818 886 1181 960 germanitate
1208 894 1401 936 causas
1431 875 1610 932 obiter
1637 868 1986 944 expendisse.
2015 868 2286 937 Quatuor,
2317 861 2596 935 inquiunt,
2631 862 2754 915 istm
2792 853 3200 918 enarrationes,
3237 863 3372 920 quas
3412 845 3645 903 necdum
3670 840 3805 898 vul-

2134 959 2158 960 "
2305 954 2321 960 ‘
2393 952 2442 960 “
2590 959 2594 960 ν
2745 952 2758 960 ·
2817 942 2833 960 ⁸
2948 946 2962 960 ι
3212 958 3226 960 -
3264 958 3287 960 μ
3315 949 3523 960 .----_--
3581 937 3634 960 ε-
3672 935 3801 960 sua-

371 1028 377 1032 -
469 994 626 1060 gatas
663 982 717 1037 in
740 935 931 1037 codice
962 975 1060 1031 illo
1113 972 1445 1044 reperimus,
1488 970 1551 1022 in
1581 935 1743 1021 editis
1774 960 1963 1018 Hilarii
1995 935 2252 1030 operibus
2290 952 2691 1013 desiderantur.
2730 942 3234 1006 Animadvertimus
3263 949 3527 1014 praeterea
3581 937 3636 993 in
3672 935 3804 992 illis

1923 1055 1935 1060 -
2099 1051 2112 1060 .
2237 1052 2268 1060 ,-
2338 1050 2352 1060 .
2403 1058 2410 1060 Α
2773 1042 2973 1060 _-___A..-
3024 1035 3454 1060 ιι--.ε,.--ξ.ι.-ξ...-....
3489 1049 3503 1060 .
3537 1031 3802 1060 ..ξιιμ-..η

467 1031 664 1131 ἷιίιπὶἰ
694 1075 747 1130 in
776 1070 1072 1128 scribendo
1092 1031 1408 1123 meihodum
1431 1031 1807 1123 observatam,
1832 1055 2033 1126 stylum
2064 1051 2209 1125 ejus,
2237 1050 2647 1120 Scripturaeque
2667 1042 2979 1101 versionem
3024 1035 3457 1109 antiquissimam
3489 1049 3503 1087 :
3537 1031 3803 1103 nihilque

470 1165 960 1227 adeoincommodi
984 1164 1160 1219 visum
1188 1169 1293 1224 est,
1336 1157 1381 1212 si
1422 1170 1517 1211 eas
1547 1151 1754 1208 Hilario
1781 1146 2224 1204 attribueremus.
2268 1140 2442 1199 Sectis
2466 1136 2585 1196 haec
2613 1145 2734 1195 erat
2769 1126 3007 1191 incunda
3046 1132 3223 1196 ratio;
3267 1128 3596 1199 colligerent
3636 1126 3801 1182 enim

466 1260 615 1318 haud
648 1260 842 1329 probe,
868 1254 915 1310 si
939 1262 1176 1324 quatuor
1206 1248 1310 1304 illae
1333 1246 1620 1301 dumtaxat
1640 1242 1709 1295 ab
1736 1238 2015 1294 llilariauo
2049 1234 2448 1291 commentario
2472 1230 2817 1287 excidissent
2850 1242 3010 1283 :nam
3047 1232 3106 1279 ut
3135 1230 3343 1278 tantum
3377 1219 3541 1291 panni
3562 1218 3799 1285 adsuas,

468 1361 731 1427 quantum
764 1343 1070 1406 sarciendae
1093 1342 1237 1399 vesti
1264 1352 1403 1410 opus
1433 1336 1619 1401 luerit,
1650 1346 1758 1388 non
1788 1331 1926 1387 adeo
1975 1329 2038 1383 tit
2067 1325 2199 1383 illud
2226 1325 2472 1398 ejusdem
2522 1338 2586 1379 ac
2614 1321 2819 1392 reliqua
2844 1318 3011 1375 vestis
3036 1323 3266 1373 texturae
3317 1327 3382 1369 ac
3408 1311 3572 1367 lanae.
3623 1310 3797 1367 Nunc

1599 1425 1610 1427 _
1686 1424 1699 1427 _
1816 1422 1850 1427 --
2052 1419 2063 1427 .
2393 1416 2405 1427 ι
2436 1415 2449 1427 ι
2619 1412 2731 1427 usu,
2778 1411 2811 1427 η
2852 1408 3011 1427 n__9,_‘
3061 1420 3173 1427 ---μ
3197 1403 3250 1427 Ω..
3286 1414 3347 1427 ,Α
3372 1408 3558 1427 ιΑ-.-.ι
3592 1415 3797 1427 ...ν-...ηι-

464 1403 601 1505 vero
625 1458 751 1502 eum
782 1441 958 1497 multo
989 1439 1194 1509 plures,
1227 1403 1345 1489 sive
1369 1429 1424 1486 in
1446 1424 1760 1501 quindecim
1782 1422 1923 1482 alios
1950 1419 2191 1492 psalmos
2219 1415 2591 1489 expositiones
2619 1411 2812 1468 Hilarii
2836 1408 3033 1474 desint,
3055 1420 3177 1478 quae
3197 1403 3252 1460 in
3282 1414 3350 1461 eo
3372 1408 3560 1458 tamen
3590 1415 3802 1457 omnes

467 1550 599 1601 sunt
626 1537 821 1596 codice
847 1534 993 1589 ﬂuxe
1021 1528 1185 1586 nimis
1210 1498 1548 1599 arguuntvex
1582 1536 1650 1578 eo
1681 1520 1923 1586 defectu,
1975 1517 2287 1588 faciuntque
2336 1529 2470 1571 sane
2502 1526 2602 1583 pro
2641 1506 2897 1575 arbitrio,
2941 1514 3050 1561 non
3080 1503 3149 1560 ad
3194 1500 3401 1559 codicis
3444 1498 3632 1567 fidem,
3662 1515 3800 1556 eum

467 1635 625 1696 hisee
651 1642 708 1689 et
734 1629 953 1688 caeteris
984 1590 1603 1696 repudiatis'omuibus,
1634 1614 1760 1671 illas
1788 1613 2122 1668 adsciscunt.
2162 1608 2302 1666 Tota
2338 1607 2432 1663 illa
2474 1598 2838 1677 pseudon‘ymi
2884 1596 3124 1654 auctoris
3152 1590 3409 1651 collectio
3439 1599 3524 1648 est
3555 1608 3569 1645 :
3621 1600 3674 1647 et
3696 1590 3806 1662 qui

470 1724 697 1801 genuini
730 1731 993 1778 tractatus
1016 1717 1070 1773 in
1101 1711 1380 1770 Hilariana
1406 1707 1648 1765 editione
1673 1714 1956 1776 superant,
1982 1705 2049 1760 ab
2075 1702 2162 1758 itis
2192 1702 2287 1772 qui
2320 1698 2372 1755 in
2400 1700 2503 1753 hac
2526 1708 2652 1752 sunt
2680 1692 3030 1758 collectione,
3056 1686 3323 1746 recedunt
3352 1686 3593 1741 immane
3619 1700 3805 1754 quan-

1845 1797 1906 1801 ---
2147 1793 2160 1801 .
2239 1793 2252 1801 .
2522 1790 2534 1801 ο
2618 1797 2628 1801 -
2707 1786 2719 1800 ο
2844 1800 2849 1801 ,
2934 1800 2937 1801 ,
3014 1775 3290 1801 n,,_..2-_!-
3346 1779 3395 1801 2--
3432 1795 3532 1801 ---_
3569 1776 3799 1801 n-s2..l-_.

470 1775 697 1801 D""’""
733 1775 768 1778 "
827 1775 838 1777 “
1745 1775 1754 1776 κ

470 1830 611 1876 tum.
640 1819 729 1886 At,
780 1828 916 1886 quas
936 1808 1250 1880 repudiarit,
1282 1801 1574 1859 manifesto
1605 1806 1825 1856 constat
1845 1793 2255 1868 Hieronymiaui
2286 1786 2752 1849 conSarcinatoris
2773 1800 2896 1843 esse
2921 1800 2993 1841 ex
3014 1775 3318 1845 Breviario,
3346 1779 3399 1835 in
3427 1795 3537 1849 quo
3569 1776 3802 1834 totidem

475 1913 764 1985 descripta:
795 1914 924 1964 sunt
950 1902 1135 1960 verbis
1165 1918 1181 1956 :
1215 1897 1491 1956 nonnulla:
1515 1894 1680 1951 etiam
1713 1907 1781 1948 ex
1805 1888 1918 1947 illis
1951 1888 2197 1960 quaedam
2249 1885 2557 1950 continent,
2607 1880 2797 1937 Hilarii
2826 1892 2942 1936 rcvo
2969 1884 3133 1947 atque
3170 1868 3391 1947 ingenio
3420 1886 3528 1928 non
3556 1886 3807 1928 consen-

477 1963 686 2069 tanaaa:
714 1997 1029 2058 econtrario
1056 2009 1192 2067 quas
1220 1988 1493 2062 recipiunt
1517 1994 1774 2055 quatuor,
1806 1994 1859 2040 et
1884 1984 1952 2039 ab
1982 1982 2069 2038 his
2109 1997 2231 2053 qua:
2263 1980 2316 2034 in
2349 1972 2572 2048 vulgato
2601 1973 2886 2031 Breviario
2916 1971 3209 2037 habentur,
3242 1980 3472 2039 prorsus
3512 1963 3635 2021 alia:
3663 1972 3808 2020 sunt

474 2115 539 2157 ac
560 2100 816 2164 diversae,
845 2102 902 2151 et
941 2107 971 2148 a
1009 2060 1368 2146 Pictavieusis
1410 2081 1655 2153 episcopi
1697 2079 1841 2151 stylo
1869 2074 2200 2149 ingenioque
2230 2090 2338 2130 non
2378 2072 2669 2130 dissident.
2716 2066 2984 2126 Nimirum
3018 2065 3123 2123 hoc
3153 2073 3239 2123 est
3277 2064 3484 2136 ipsum,
3511 2060 3657 2136 quod
3690 2077 3805 2119 nos

478 2191 653 2262 magis
685 2193 891 2250 movet,
920 2192 980 2239 ut
1009 2179 1346 2238 contrariunt
1372 2186 1626 2246 putemus
1656 2182 1722 2227 ex
1750 2166 2111 2241 ipsorummet
2152 2167 2489 2240 argumentis
2516 2163 2909 2238 colligendum.
2939 2160 3073 2219 Nam
3101 2158 3147 2219 si
3166 2177 3302 2233 opus
3336 2176 3500 2216 omne
3523 2158 3804 2230 reliquum

478 2291 808 2357 personatus
836 2285 1030 2333 auctor
1058 2271 1486 2334 eonsarcinavit,
1514 2280 1614 2323 cur
1643 2280 1751 2320 non
1789 2274 1844 2320 et
1871 2271 2101 2335 quatuor
2140 2260 2291 2333 ipsos
2332 2266 2619 2326 tractatus,
2667 2267 2775 2313 tam
2830 2256 2980 2329 longi
3027 2255 3214 2326 operis
3262 2269 3395 2310 sane
3442 2252 3805 2325 perexiguam

480 2372 742 2448 portent?
773 2368 907 2438 Quis
927 2366 1034 2421 sibi
1058 2364 1112 2419 in
1141 2362 1387 2417 animum
1410 2357 1653 2448 inducat,
1685 2370 1809 2411 eum
1832 2368 1954 2410 cum
1985 2354 2187 2407 cmtera
2218 2350 2398 2405 omnia
2430 2362 2498 2405 ex
2527 2347 2696 2404 variis
2717 2346 2941 2403 Patrum
2967 2345 3268 2415 segmentis
3300 2342 3605 2417 collegerit,
3640 2344 3801 2413 istos,

482 2434 742 2527 λυτολεξεί
779 2434 1137 2526 descripsisse
1166 2467 1232 2506 ex
1274 2448 1505 2517 Hilario,
1551 2444 1797 2515 nihilque
1846 2441 2150 2497 immutatis
2190 2439 2481 2496 sententiis
2519 2447 2614 2493 aut
2651 2434 2856 2504 verbis,
2906 2434 3127 2492 centoui
3163 2450 3264 2491 suo
3296 2435 3631 2492 adtexnisse.
3664 2434 3810 2490 Erat

478 2556 648 2629 igitur
678 2526 1021 2608 inferendum
1072 2547 1175 2601 hoc
1215 2542 1397 2613 potius
1430 2538 1649 2629 modo:
1685 2536 1741 2594 Si
1793 2534 2068 2590 nonnulla:
2109 2533 2227 2606 ejus
2267 2532 2647 2589 commentarii
2680 2542 2886 2599 partes,
2930 2529 3075 2600 quod
3117 2529 3187 2586 ab
3217 2526 3411 2584 Hilarii
3456 2527 3805 2598 temporibus

474 2615 771 2704 manifesto
800 2638 1063 2695 abludant
1083 2675 1099 2703 ,
1135 2628 1214 2688 illi
1243 2628 1442 2687 ascribi
1471 2628 1700 2685 omnino
1731 2640 1840 2681 non
1866 2633 2119 2697 possunt,
2165 2622 2329 2680 nulla:
2365 2635 2492 2679 sunt
2522 2638 2643 2695 quae
2668 2624 2794 2695 jure
2816 2623 3122 2692 meritoque
3166 2615 3390 2677 veniant
3418 2619 3474 2675 in
3504 2620 3619 2690 ejus
3650 2621 3801 2676 scri-

489 2740 740 2812 ptionum
769 2744 1017 2789 censum.
1054 2727 1229 2783 Aliter
1253 2737 1362 2779 non
1390 2730 1626 2793 quatuor
1652 2724 1859 2775 tantum
1905 2716 2168 2785 homiliae,
2202 2717 2297 2773 sed
2324 2719 2367 2773 si
2395 2732 2516 2787 qua:
2545 2716 2667 2773 alia:
2699 2727 2963 2789 praeterea
3009 2725 3158 2784 sunt,
3188 2732 3308 2787 qum
3339 2712 3479 2771 nihil
3506 2714 3575 2773 ab
3605 2710 3808 2772 Hilarii

489 2807 613 2889 arvo
643 2828 966 2889 dissideant,
992 2834 1091 2892 pro
1121 2815 1418 2875 Hilarianis
1443 2820 1606 2870 erunt
1630 2813 1897 2868 continuo
1938 2810 2224 2877 habendae,
2268 2826 2443 2883 eoque
2468 2817 2627 2882 pacto
2663 2810 2826 2866 etiam
2859 2825 2995 2881 quas
3025 2808 3252 2865 dubium
3284 2819 3391 2876 est,
3444 2823 3572 2863 num
3618 2807 3808 2863 Picta-

496 2923 706 2982 viensis
746 2920 1038 2992 episcopus
1085 2910 1380 2983 aliquando
1431 2907 1653 2975 fuderit,
1705 2905 1898 2961 alienae
1942 2904 2350 2962 lucubrationes
2391 2905 2681 2961 sufficient.
2726 2904 2881 2975 Quod
2922 2915 3101 2962 autem
3143 2916 3380 2977 quatuor
3424 2903 3532 2959 illa:
3576 2902 3806 2974 penitus

493 3020 727 3075 diversa:
775 3012 843 3067 ab
892 3010 961 3064 iis
1006 3004 1137 3071 sint,
1170 3014 1306 3074 quas
1351 2995 2165 3070 Hieronymianicompilatoris
2213 2996 2554 3053 Breviarium
2596 2995 2840 3066 exhibet,
2883 2994 3022 3053 nihil
3056 3013 3153 3068 pro
3203 2995 3410 3052 Hilario
3448 2996 3604 3052 facit.
3647 2995 3798 3053 Sunt

494 3112 776 3169 enimvero
821 3101 1025 3173 passim
1068 3097 1313 3163 diversa,
1351 3103 1411 3149 ut
1447 3092 1710 3160 diximus,
1759 3091 1881 3162 ejus
1910 3091 2032 3148 libri
2065 3091 2419 3163 exemplaria,
2450 3092 2617 3161 idque
2648 3094 2897 3151 solemne
2925 3101 3008 3149 est
3034 3091 3305 3164 ejusmodi
3345 3090 3825 3157 lucubrationum,

483 3202 767 3279 symbolis,
809 3204 869 3253 ut
900 3208 1005 3266 pro
1043 3200 1142 3247 suo
1173 3190 1408 3259 quisque
1450 3187 1625 3242 iubitu
1670 3186 1759 3241 vel
1799 3185 2102 3241 orationem
2137 3182 2421 3241 habiturus
2449 3184 2516 3241 ad
2560 3186 2843 3255 populum,
2891 3184 2976 3243 vel
3017 3184 3120 3243 sibi
3172 3184 3511 3242 conﬂatm-us
3554 3183 3805 3242 codicem

482 3288 999 3354 commentariorum
1044 3283 1100 3337 in
1140 3281 1411 3347 Psalmos,
1442 3278 1735 3334 nonnullos
1757 3282 2024 3332 tractatus
2052 3291 2123 3331 ex
2150 3274 2271 3331 aliis
2312 3275 2624 3334 auctoribus
2654 3275 2992 3348 decerperet,
3024 3275 3253 3349 aliisque
3285 3274 3607 3334 testimoniis
3634 3276 3809 3334 inter-

486 3391 739 3465 poliat-et.
784 3382 1017 3438 Fluxum
1045 3376 1182 3432 adeo
1213 3390 1273 3429 ac
1304 3374 1422 3429 leve
1450 3373 1684 3465 alterum
1713 3384 1931 3441 quoque
1959 3377 2045 3425 est
2072 3378 2447 3438 argumentum
2479 3384 2506 3422 a
2562 3369 2703 3441 stylo
2734 3385 2746 3424 :
2785 3382 2908 3424 nam
2946 3368 3050 3425 etsi
3089 3366 3342 3424 daremus
3392 3377 3685 3440 utcumque
3733 3371 3810 3425 ah

482 3482 764 3541 llilariano
790 3475 1072 3532 minimum
1101 3469 1422 3533 abhorrere,
1454 3464 1596 3520 haud
1623 3477 1757 3519 sane
1785 3463 1940 3534 pauci
1980 3462 2071 3517 alii
2094 3466 2357 3518 tractatus
2386 3472 2511 3517 sunt
2554 3476 2723 3531 penes
2764 3460 3241 3534 ilieronymianum
3280 3462 3807 3532 consarcinatorem,

494 3588 633 3648 quos
668 3584 831 3627 nemo
873 3565 1154 3638 hominum
1199 3558 1404 3614 Hilario
1453 3557 1652 3611 tribuat
1690 3573 1703 3608 :
1756 3566 1938 3610 tamen
1968 3555 2038 3610 ab
2080 3554 2307 3610 istorum
2339 3562 2571 3627 quatuor
2606 3556 2825 3626 ingenio
2866 3566 2930 3612 ac
2969 3554 3227 3612 tnetltodo
3252 3571 3322 3612 ne
3363 3556 3528 3611 latum
3581 3552 3805 3628 quidem

485 3645 720 3738 unguem
746 3658 1026 3717 recedant.
1060 3653 1266 3721 Nempe
1294 3659 1352 3705 ut
1398 3649 1626 3705 aliorum
1654 3648 1874 3702 Patrum
1914 3646 1988 3738 ita
2017 3655 2072 3702 et
2120 3645 2311 3703 Hilarii
2363 3658 2640 3719 segmenta
2685 3656 2914 3720 uterque
2940 3656 3201 3706 tractator
3224 3646 3482 3722 expilavit
3513 3648 3646 3706 :iile
3676 3651 3806 3706 Ori-

483 3736 678 3833 geriem
701 3756 754 3809 in
776 3766 873 3807 sua
897 3743 1194 3809 transtulit,
1219 3741 1466 3810 nihilque
1502 3742 1704 3793 tuirum
1732 3738 1905 3793 sicubi
1936 3736 2080 3794 hunc
2099 3738 2364 3808 illumque
2394 3738 2698 3795 redoleant.

516 3897 523 3901 .
560 3848 668 3907 Sed
688 3847 801 3918 jam
829 3840 970 3897 alios
987 3846 1383 3909 persequamur
1412 3829 1673 3903 prepositi
1698 3828 1957 3885 Breviarii
1985 3828 2162 3886 varios
2189 3831 2333 3887 inter
2358 3846 2419 3888 se
2445 3832 2666 3890 codices
2690 3846 3039 3904 percensere.
3069 3828 3366 3891 Florentiae
3387 3834 3441 3891 in
3466 3828 3805 3894 bibliotheca

489 3944 733 4003 Medicea
765 3934 1113 3999 Lauretiana,
1144 3928 1328 4000 pluteo
1352 3936 1513 3991 xt'ttt;
1550 3924 1999 3980 membranacens
2026 3922 2198 3982 codex
2221 3941 2372 3981 num.
2396 3923 2488 3991 20,
2513 3932 2872 3995 praenotatos,
2903 3924 3191 3984 exorditur
3213 3940 3243 3983 a
3266 3928 3474 4000 psalmo
3497 3928 3819 3985 centesimo‘

485 4038 700 4097 decimo
728 4045 899 4096 nouo,
925 4025 1254 4095 devenitque
1283 4020 1350 4077 ad
1380 4034 1552 4090 usque
1581 4020 1940 4075 centesimum
1971 4018 2448 4090 quadragesimum
2481 4018 2729 4089 quintum
2756 4019 2892 4076 satis
2918 4024 3140 4093 antiqua
3174 4034 3361 4090 manu,
3393 4034 3720 4093 quamquam
3746 4020 3802 4077 in

489 4135 600 4190 line
623 4127 872 4202 quaedam
915 4132 1077 4178 exesa
1125 4125 1401 4173 vetustate
1445 4114 1571 4168 folia
1604 4114 1880 4168 recentior
1909 4113 2178 4183 suppleat.
2208 4114 2278 4166 At
2314 4110 2628 4202 Hieronymi
2675 4113 2893 4185 quidem
2948 4112 3345 4187 Exp'ositionem
3380 4133 3530 4191 super
3552 4112 3800 4172 Paulino;

489 4201 775 4286 continere
803 4221 1037 4272 annotat
1063 4220 1218 4266 vetus
1251 4205 1508 4261 librarius
1534 4220 1549 4270 ;
1581 4204 1672 4275 qui
1702 4217 1837 4258 vero
1864 4202 2104 4258 codicem
2148 4202 2327 4273 primo
2357 4201 2666 4274 descripsit,
2708 4202 2813 4258 hoc
2838 4214 2951 4260 uno
2981 4204 3204 4261 donavit
3234 4205 3389 4263 titulo
3427 4223 3441 4261 :
3475 4204 3805 4261 Commenta-

492 4324 606 4379 rius
631 4320 684 4373 in
718 4312 960 4370 Psalmos
986 4306 1177 4360 David.
1213 4300 1415 4357 Eadem
1445 4298 1499 4352 in
1531 4298 1665 4353 urbe
1693 4298 1745 4351 in
1775 4295 2104 4351 bibliotheca
2134 4294 2355 4350 Patrum
2381 4296 2551 4351 sancti
2584 4295 2773 4361 Marci,
2805 4296 2911 4352 duo
2933 4298 3255 4369 perantiqna
3277 4298 3608 4369 exemplaria
3636 4312 3805 4367 appo-

489 4424 628 4476 nunt
655 4412 714 4467 S.
742 4403 991 4463 Doctoris
1018 4415 1217 4453 nomen
1245 4414 1257 4451 :
1295 4405 1473 4450 tamen
1503 4393 1758 4459 alterum,
1791 4387 2166 4443 Commentario
2193 4384 2266 4443 D.
2295 4384 2602 4460 Hieranymi
2628 4386 2679 4444 in
2728 4384 2973 4446 Psalmos
3005 4402 3023 4443 :
3065 4390 3334 4457 Alterum,
3369 4389 3693 4445 Breviarium
3730 4387 3800 4443 D.

495 4508 812 4582 Hieronymi
845 4500 1181 4560 inscribitur.
1213 4494 1370 4565 Saepe
1398 4491 1550 4548 audit
1579 4489 1860 4582 Expositio
1895 4476 2162 4554 Psalterii,
2196 4485 2407 4557 hocque
2436 4486 2593 4543 titulo
2631 4488 2833 4557 passim
2860 4496 3158 4543 occurrunt
3180 4488 3447 4559 sequioris
3474 4487 3573 4543 aevi
3603 4502 3736 4542 mss.
3764 4502 3800 4543 e

492 4575 890 4679 quibus'uuum
935 4593 1218 4649 laudamus
1265 4588 1328 4642 lt.
1363 4586 1543 4640 littera
1573 4591 1637 4655 et,
1657 4596 1805 4636 num.
1835 4578 1904 4633 42
1928 4584 2285 4649 ιπωηοιςιιυηι
2337 4578 2390 4632 in
2443 4577 2820 4645 Atnbrosiaua,
2840 4592 2967 4646 qua:
2993 4577 3285 4634 Medicum
3308 4586 3413 4640 εει,
3440 4575 3798 4631 [plummet

494 4668 743 4756 Invenire
782 4701 997 4763 quoque
1044 4692 1125 4738 est
1164 4681 1372 4751 aliquos
1416 4678 1517 4732 hac
1554 4690 1661 4731 una
1705 4672 2081 4742 inscriptione,
2128 4668 2442 4742 Hieronymi
2472 4672 2527 4725 in
2561 4668 2801 4724 Psalmos
2843 4686 2863 4724 :
2893 4669 3170 4742 talemque
3208 4668 3408 4725 ibidem
3439 4668 3800 4725 observamus

483 4798 674 4855 littera
702 4791 743 4847 C
770 4801 997 4845 numero
1024 4779 1337 4850 insignitum
1370 4787 1479 4829 uno
1505 4785 1665 4842 supra
1706 4767 2172 4824 trecentesimum.
2203 4766 2452 4822 Vidimus
2494 4775 2548 4821 et
2576 4765 2766 4821 Romae
2794 4765 3108 4834 nonnullos,
3137 4781 3275 4835 quos
3312 4766 3455 4822 inter
3480 4765 3801 4822 vetustioris

489 4891 561 4949 ob
604 4887 779 4945 aetatis
829 4874 1243 4953 praerogativam
1278 4862 1666 4923 memorandus
1694 4860 1973 4953 catalogus
2002 4859 2055 4913 in
2095 4875 2205 4915 uno
2250 4856 2804 4923 Palatino-Vaticano,
2844 4856 2938 4928 qui
2984 4874 3214 4915 numero
3251 4858 3515 4929 vigesimo
3560 4858 3800 4928 septimo

494 4946 809 5044 denotatur,
830 4946 1218 5045 prioribusque
1249 4959 1457 5017 duabus
1483 4955 1709 5028 pagellis
1738 4951 2109 5045 uesciocnjus
2136 4950 2460 5022 antiquioris
2486 4947 2829 5004 bibliothecae
2860 4948 3095 5006 indicem
3124 4949 3384 5005 librorum
3419 4948 3574 5005 texit.
3604 4946 3664 5002 in
3691 4949 3798 5017 his,

493 5075 660 5133 sancti
686 5063 997 5138 Hieronymi
1019 5074 1173 5131 super
1200 5052 1519 5108 Psalterium
1544 5065 1575 5101 a
1608 5046 1775 5119 primo
1826 5044 2024 5114 psalmo
2067 5059 2228 5114 usque
2272 5043 2326 5096 in
2365 5058 2552 5109 Lxxw,
2579 5057 2645 5097 ea:
2677 5039 2899 5115 Origene
2933 5052 3215 5113 sumptum,
3250 5044 3305 5097 in
3344 5059 3448 5097 tuto
3475 5040 3669 5096 codice.
3705 5042 3810 5110 Et;

492 5167 748 5243 Ejusdem
790 5130 910 5215 alii'
932 5169 1056 5211 xxvi
1086 5130 1236 5220 7(leg.
1272 5143 1398 5199 fort.
1426 5138 1605 5211 Lxxtv)
1634 5153 1788 5209 usque
1815 5136 1867 5190 in
1898 5136 2074 5206 ﬁnem.
2111 5134 2244 5189 Item
2269 5131 2544 5201 Expositio
2573 5130 2905 5187 Psafmorum
2929 5133 3361 5204 ptenitentialium
3390 5134 3445 5186 in
3464 5148 3572 5187 uno
3592 5132 3797 5188 codice.

491 5221 896 5326 descripsimus
925 5256 1137 5315 quoque
1163 5234 1331 5293 multa
1358 5228 1617 5301 postremi
1653 5226 1879 5296 hujusce
1907 5225 2090 5295 operis
2119 5237 2189 5279 ex
2225 5222 2513 5293 quadrato,
2539 5235 2715 5292 coque
2736 5223 2920 5292 probat
2949 5222 3233 5279 vetustatis
3269 5237 3334 5280 ac
3361 5231 3504 5277 ηοιω
3530 5234 3633 5276 ms,
3662 5221 3798 5278 οιίση

490 5313 556 5411 S.
581 5313 915 5407 vCol-umboni
945 5313 1023 5391 de
1053 5330 1243 5396 Bobio,
1300 5337 1442 5379 nunc
1471 5321 1830 5377 Ambrosiano
1877 5319 1996 5411 sub,
2026 5318 2073 5373 Β
2115 5316 2293 5411 littera
2322 5332 2384 5369 ac
2415 5330 2544 5370 num
2588 5314 2679 5370 42.
2724 5313 2938 5370 Titulus
2964 5315 3080 5385 ejus
3120 5316 3245 5372 libri
3276 5315 3437 5373 habet
3469 5334 3484 5372 :
3526 5313 3801 5387 Incipiant

490 5407 858 5507 i’salmiquos
882 5431 1059 5485 beatus
1088 5424 1139 5478 11
1146 5426 1441 5490 ieronymtts
1462 5413 1719 5469 ordinauit
1742 5428 1834 5507 pro
1862 5409 2164 5479 pwuitentia
2190 5425 2299 5464 esse
2328 5408 2613 5463 canendus.
2643 5407 2715 5462 At
2736 5422 2863 5478 quae
2890 5416 3019 5463 tunc
3051 5410 3312 5479 temporis
3338 5408 3490 5465 varia
3511 5408 3582 5463 ab
3610 5407 3802 5477 editis,

486 5500 819 5601 iueditisq'ue
839 5524 960 5581 aliis
988 5519 1142 5575 libris
1172 5514 1498 5601 glossemata
1540 5505 1935 5601 excerpsimus,
1968 5515 2075 5558 non
2109 5502 2243 5557 tanti
2275 5516 2419 5558 nunc
2445 5500 2698 5559 videntur
2724 5516 2872 5569 esse,
2895 5511 2954 5558 ut
2980 5501 3387 5575 Hieronymiani
3412 5502 3652 5559 nominis
3680 5511 3805 5558 stu-

483 5630 641 5685 dioso
669 5593 863 5679 lectori
891 5613 1204 5670 offeramus.
1231 5603 1369 5671 Quia
1397 5599 1559 5656 etiam
1589 5597 1646 5652 in
1678 5596 2013 5663 universum,
2044 5593 2094 5649 si
2127 5593 2315 5660 velim,
2347 5609 2471 5663 qua:
2494 5594 2780 5649 innumera
2833 5601 2982 5659 sunt,
3010 5593 3261 5652 codicum
3304 5595 3449 5652 inter
3482 5609 3547 5651 se
3575 5594 3807 5652 dissidia

487 5714 734 5775 studiose
766 5701 1096 5764 conferendo
1124 5709 1429 5769 exponere,
1463 5707 1563 5748 nec
1593 5691 1831 5746 facturus
1858 5686 1960 5745 sint
1992 5701 2175 5757 opera
2216 5687 2472 5769 pretium,
2514 5702 2618 5743 nec
2665 5687 2800 5744 satis
2838 5697 3103 5757 praetore
3149 5690 3321 5759 ipsum
3369 5703 3484 5745 rem
3532 5686 3743 5758 possim
3772 5702 3795 5754 δ
