4026 6298
202 224 297 308 tui
866 250 930 307 IN
970 234 1420 319 SUBSEQUENS
1458 249 1791 308 naevum

1931 249 1998 307 IN
2037 249 2355 314 PSALMOS
2391 250 2791 312 ADMONITIO.
3368 259 3484 323 8M,

187 374 376 420 certum
401 363 608 434 quippe
633 373 717 419 est
748 363 986 421 homiliis
1013 364 1283 436 ejusmodi
1303 366 1408 422 sibi
1434 366 1818 437 decerpcndis,
1848 365 2254 438 conﬂandisque
2279 365 2516 423 inhiasse
2539 366 2671 422 olim
2702 374 3027 424 tractatores
3058 367 3469 428 Ecclesiasticos

184 468 358 524 magno
385 462 711 521 numero,ut
738 456 784 512 si
813 458 934 526 quis
960 464 1145 526 speret
1175 470 1361 527 posse,
1390 460 1534 529 quod
1565 460 1801 529 quisque
1827 457 2140 525 contulerit,
2171 458 2463 526 testimare,
2492 457 2716 529 perinde
2737 456 2805 514 sit
2834 473 2899 516 ac
2925 459 2973 516 si
3001 475 3155 518 mare
3177 460 3471 522 exhaurire

188 549 325 606 velit.

252 642 407 713 Digna
433 652 618 699 tamen
647 644 765 698 visa
792 659 879 698 res
904 652 1010 713 est,
1040 658 1212 715 eaque
1242 645 1478 699 maxime
1516 644 1585 701 ad
1625 644 1961 700 eruditorum
1991 643 2149 715 hujus
2178 643 2281 699 invi
2319 643 2621 715 ingenium,
2655 658 2824 700 unum
2855 660 3017 715 quem
3049 646 3270 705 ueteris
3295 650 3469 705 multo

183 735 603 806 praestantiorem
627 736 904 804 omnibus,
929 753 992 792 ac
1016 745 1132 793 toto
1152 737 1294 794 cmlo
1315 752 1346 793 a
1374 737 1603 809 vulgatis
1625 736 1908 794 diversum
1939 738 2269 804 invenimus,
2291 737 2613 808 diligentius
2633 737 2965 808 expendere,
2996 741 3229 813 ejusque
3248 744 3468 814 aliquod

179 827 462 899 specimen,
485 828 709 900 quando
739 828 1009 901 integrum
1035 843 1174 901 opus
1202 827 1310 886 huc
1348 830 1555 886 reletre
1585 844 1694 885 non
1724 829 1902 895 licuit,
1932 829 2233 886 lectoribus
2280 828 2434 885 dare.
2489 829 2583 885 Est
2613 828 2778 900 igitur
2807 831 2861 887 in
2894 832 3060 889 toties
3087 831 3310 890 laudata
3337 835 3470 891 Am-

180 917 414 973 brosiana
443 917 739 973 Mediolani
770 918 1100 976 bibliotheca
1133 918 1548 991 antiquissimus
1578 920 1791 975 calamo
1817 926 2080 975 exaratos
2110 918 2272 982 liber,
2306 918 2401 988 qui
2425 917 2584 989 plane
2607 918 2766 975 aliam
2798 919 2867 976 ab
2907 920 3012 990 his,
3056 937 3178 995 qua
3206 924 3472 985 hactenus

177 1015 542 1081 iunotuerunt,
575 1028 807 1084 eamque
834 1027 968 1069 sane
991 1014 1414 1085 elegantiorem,
1444 1015 1548 1070 sub
1572 1012 1890 1086 Hieronymi
1912 1011 2134 1069 nomine
2164 1012 2572 1082 Expositionem
2602 1013 2657 1069 in
2690 1013 2936 1073 Psalmos
2957 1017 3237 1075 contineat
3276 1037 3292 1074 :
3342 1032 3399 1076 ut
3422 1025 3470 1078 si

174 1121 276 1177 qua
299 1105 395 1160 alia
424 1105 568 1160 inter
588 1105 650 1161 S.
686 1106 862 1162 Patris
887 1119 1054 1177 opera
1083 1106 1259 1162 locum
1291 1121 1397 1162 non
1429 1108 1700 1163 immerito
1726 1106 1978 1164 obtinere
2005 1106 2117 1159 visa
2141 1116 2248 1170 est,
2275 1104 2393 1161 haec
2413 1120 2577 1176 supra
2605 1116 2837 1164 caeteras
2854 1110 3022 1167 etiam
3042 1127 3168 1169 cum
3198 1113 3467 1186 dignitate

174 1206 314 1252 stare
343 1195 532 1266 possit.
557 1195 739 1251 Codex
765 1195 867 1252 sub
892 1195 934 1252 C
958 1197 1138 1253 littera
1171 1212 1278 1253 uno
1315 1213 1480 1269 supra
1515 1199 1939 1255 trecentesimus
1965 1211 2196 1254 numero
2226 1204 2588 1267 praenotatur,
2619 1208 2815 1271 estque
2845 1200 3117 1275 oblongae,
3149 1216 3209 1261 ut
3246 1220 3469 1274 vocant,

174 1289 229 1346 in
259 1290 363 1345 tilio
392 1288 605 1345 formae.
628 1290 769 1345 Olim
802 1290 869 1344 ad
899 1290 959 1347 S.
989 1290 1309 1346 Columbani
1338 1292 1408 1348 de
1438 1293 1608 1350 Bobio
1655 1294 2047 1351 monasterium
2077 1293 2364 1366 pertinuit,
2411 1310 2480 1351 ex
2526 1309 2633 1365 quo
2677 1280 2918 1352 omnium
2966 1300 3362 1367 pretiosissima
3400 1318 3468 1359 eo

172 1382 448 1453 importata
504 1392 634 1437 sunt
675 1380 1016 1453 antiquitatis
1060 1385 1416 1440 monimenta.
1456 1385 1748 1442 Carartere
1790 1385 2098 1457 descriptus
2141 1396 2245 1454 est,
2284 1395 2347 1443 ut
2386 1399 2583 1443 vocare
2635 1388 2957 1459 antiquariis
3004 1391 3201 1460 placet,
3245 1396 3469 1452 cursivo

173 1476 481 1533 vetustioris
502 1477 712 1544 formae,
743 1487 801 1532 et
828 1475 921 1547 qui
949 1476 1018 1532 ad
1046 1492 1167 1533 eam
1197 1479 1446 1549 proxime
1480 1479 1706 1535 accedat
1732 1490 1985 1536 notarum
2018 1480 2270 1551 ﬁguram,
2296 1495 2458 1552 quam
2489 1481 2543 1537 in
2586 1479 2861 1553 Egyptiis
2900 1485 3126 1557 papyris
3170 1487 3471 1545 hodienum

166 1571 455 1629 cernimus.
484 1571 849 1639 Quamobrem
874 1579 931 1627 et
957 1580 1042 1626 est
1070 1587 1216 1643 saepe
1238 1573 1383 1628 lectu
1408 1587 1670 1644 perquam
1699 1573 1956 1643 ditlicilis,
1990 1583 2049 1630 ut
2079 1572 2223 1630 notis
2248 1575 2686 1630 internoscendis
2716 1575 2886 1631 multa
2909 1578 3306 1638 exercitatione
3330 1598 3472 1651 opus

165 1666 239 1723 sit
270 1682 283 1719 :
309 1676 360 1721 et
406 1665 605 1721 litteris
644 1664 917 1720 interdum
954 1665 1141 1720 exesis
1177 1673 1470 1735 vetustate,
1505 1666 1676 1722 aciem
1704 1665 1990 1722 oculorum
2021 1664 2255 1736 dill‘ugit,
2285 1674 2345 1720 ιιι
2388 1666 2562 1721 satius
2592 1683 2696 1721 non
2730 1683 2837 1723 uno
2876 1668 2928 1723 in
2972 1668 3092 1727 loco
3117 1668 3455 1741 duxerimus,

166 1758 278 1830 pati
301 1757 582 1815 lacunulas
607 1757 833 1828 aliquot,
860 1771 1022 1828 quam
1052 1774 1118 1812 ex
1151 1759 1371 1830 ingenio
1390 1759 1669 1830 supplere,
1703 1760 1750 1814 si
1778 1759 1892 1816 lteri
1926 1758 1978 1815 id
2006 1767 2123 1814 tuto
2148 1773 2257 1814 non
2293 1770 2493 1827 posset.

235 1850 388 1907 Prior
415 1850 626 1917 charta,
658 1865 763 1921 qua
788 1849 855 1904 ad
882 1850 1127 1906 codicem
1159 1851 1566 1921 praetexendum
1598 1851 1851 1907 librarius
1893 1862 1976 1907 est
2025 1867 2182 1918 usus,
2232 1850 2440 1906 Latinis
2474 1851 2563 1906 illa
2592 1851 2817 1923 quidem
2861 1853 3058 1912 litteris
3098 1866 3206 1911 tota
3256 1857 3467 1914 descri-

160 1945 328 2010 bitur,
356 1943 531 2015 iisque
568 1944 684 1999 fere
713 1944 981 1999 similibus
1009 1944 1220 2015 reliquo
1243 1944 1451 2001 codicis
1475 1946 1808 2013 characteri,
1834 1944 1930 2000 sed
1964 1958 2127 2014 quam
2160 1954 2360 2000 sonant
2386 1943 2651 2015 linguam,
2694 1945 2765 2001 cl.
2797 1947 2881 2002 vir
2909 1946 2997 2003 cui
3023 1963 3235 2004 summa
3275 1953 3463 2006 omnia

160 2040 362 2107 tribuo,
387 2038 628 2111 ignotam
658 2037 818 2103 dixit,
846 2048 944 2093 aut
980 2046 1224 2094 veterem
1253 2037 1528 2094 llliricant.
1556 2039 1691 2110 Ego,
1724 2038 1770 2094 si
1792 2038 1894 2095 hoc
1926 2039 2104 2109 ipsum
2132 2035 2354 2092 lectoris
2380 2035 2613 2091 interest
2636 2036 2802 2103 scire,
2832 2036 3153 2093 Hebraicant
3189 2056 3312 2097 esse
3336 2058 3463 2098 mo-

159 2135 370 2191 nuerim
395 2150 410 2189 :
436 2142 567 2189 sunt
591 2133 738 2187 enim
768 2131 887 2202 ejus
914 2132 990 2187 rei
1019 2131 1245 2197 indicio,
1267 2149 1388 2202 qua:
1419 2133 1656 2200 possint,
1692 2132 1964 2203 plerisque
1992 2132 2116 2187 aliis
2154 2130 2507 2198 oblitteratis,
2538 2144 2707 2201 pauca
2748 2131 2851 2201 legi
2891 2130 3176 2189 Hebraica:
3197 2136 3459 2191 termina-

162 2226 352 2296 tionis,
378 2237 431 2282 et
459 2226 580 2281 soni
609 2226 869 2282 vocabula
906 2241 1067 2281 :cum
1111 2224 1297 2297 primis
1326 2242 1454 2280 γιτο
1480 2226 1690 2294 ιδιιιειεε,
1712 2241 1832 2297 qua
1858 2224 1925 2280 ad
1953 2240 2144 2281 vocem
2174 2224 2419 2279 hiruaeclt
2446 2224 2740 2294 apponitur
2763 2223 2829 2278 ad
2864 2225 2987 2279 libri
3017 2205 3168 2281 erant
3198 2228 3468 2301 interpre-

158 2323 321 2389 tatio,
350 2322 468 2375 urbs
495 2320 824 2389 fortitudinis
861 2329 1074 2375 nostra.
1106 2318 1182 2374 ita
1212 2317 1465 2374 nimirum
1487 2333 1611 2389 quas
1640 2334 1829 2375 vocem
1870 2319 2018 2373 illam
2049 2325 2386 2386 componunt
2413 2315 2603 2383 verba,
2626 2315 2731 2383 hir,
2765 2316 2931 2372 Hebr.
2960 2325 3084 2386 my,
3108 2320 3297 2376 urbem
3326 2339 3341 2375 :
3371 2339 3458 2386 ιιι,

155 2415 323 2471 Hebr.
357 2425 442 2481 nr,
483 2413 841 2483 fortitudinem
883 2423 1042 2467 sonat
1075 2432 1089 2467 :
1142 2413 1365 2468 allixum
1411 2413 1648 2484 denique
1689 2416 1775 2478 cli,
1823 2413 1987 2469 llebr.
2020 2424 2074 2479 'l,
2110 2426 2411 2481 promnncn
2450 2419 2558 2480 est,
2591 2419 2758 2465 tuum.
2805 2412 3235 2470 Rescribendum
3266 2415 3456 2486 igitur,

152 2506 392 2578 inquies,
416 2505 609 2561 Latine
638 2512 777 2570 erat,
806 2506 928 2558 urbs
953 2506 1274 2576 fortitudinis
1304 2515 1431 2571 tnta,
1462 2520 1568 2561 nou
1594 2518 1807 2571 nostris,
1859 2515 1918 2561 ut
1957 2505 2192 2561 Hebraeo
2221 2504 2606 2574 reSponderet,
2636 2503 2780 2575 quod
2813 2520 2921 2561 non
2950 2505 3228 2574 diftiteor;
3275 2525 3463 2564 verum

151 2597 230 2653 ita
266 2598 461 2663 sentio,
490 2613 598 2653 non
628 2596 746 2665 ejus
772 2594 922 2651 vocis
954 2596 1005 2649 in
1039 2596 1290 2651 Latinum
1315 2597 1659 2666 explicanda:
1698 2598 1894 2669 gratia,
1924 2598 2020 2654 sed
2050 2608 2110 2653 ut
2139 2596 2419 2667 paulisper
2460 2596 2732 2653 diversam
2763 2599 2833 2654 ab
2864 2598 2949 2654 illa
2984 2600 3317 2671 signiﬁcaret
3343 2618 3469 2660 esse

147 2692 468 2748 Latinorum
499 2691 815 2760 lectionem,
861 2690 1031 2746 fuisse
1065 2692 1133 2743 ab
1168 2692 1415 2747 studioso
1451 2692 1635 2761 aliquo
1686 2699 1867 2747 notam
1922 2695 2246 2763 appositam.
2302 2692 2350 2747 ls
2409 2707 2539 2748 vero
2589 2695 2917 2765 quicumque
2976 2694 3156 2763 fuerit,
3205 2696 3463 2770 Origenis

145 2785 478 2842 industriam
508 2794 594 2842 est
625 2783 864 2841 imitatus
894 2802 908 2839 :
939 2799 1100 2853 quem
1130 2785 1276 2839 enim
1328 2785 1421 2840 ille
1467 2783 1756 2842 Hebraeum
1792 2794 1997 2841 textum
2023 2785 2230 2839 Graecis
2262 2785 2461 2841 litteris
2489 2784 2595 2841 sibi
2626 2786 2919 2858 descripsit
2961 2788 3015 2844 in
3066 2790 3347 2863 llexaplis,
3374 2793 3464 2848 hic

143 2876 363 2936 Latinis
394 2877 676 2949 reposuit:
709 2876 966 2932 nimirum
999 2889 1233 2947 uterque
1262 2875 1589 2931 vernaculis.
1624 2874 1883 2930 Fortasse
1918 2875 2084 2930 etiam
2116 2874 2264 2927 illum
2307 2873 2562 2945 Origenis
2587 2875 2980 2945 apograpbum,
3022 2894 3130 2934 non
3166 2880 3456 2936 Hebraeum

138 2971 499 3045 archetypum
527 2972 722 3028 Latine
749 2971 1201 3040 repraesentavit:
1248 2970 1414 3041 idque
1460 2985 1640 3025 causa:
1668 2969 1793 3037 fuit,
1832 2983 1929 3024 cur
1958 2967 2260 3038 peculiares
2314 2965 2649 3038 primigenia:
2675 2968 2876 3038 linguae
2918 2986 3114 3041 sonos,
3156 2983 3214 3031 et
3255 2976 3459 3045 quibus

146 3076 339 3123 scatet
364 3065 753 3137 aspirationum
812 3064 1030 3130 modos,
1063 3064 1227 3136 idque
1254 3078 1425 3133 genus
1449 3064 1552 3118 alia
1582 3062 1651 3119 de
1678 3061 1885 3119 Graecis
1908 3077 2017 3118 non
2045 3077 2219 3133 usque
2243 3060 2381 3118 adeo
2407 3063 2479 3117 ad
2502 3077 2619 3119 rem
2652 3068 2797 3131 aptis
2825 3064 3134 3129 elementis,
3166 3067 3232 3121 ad
3257 3068 3451 3124 Latina

134 3159 335 3216 minus
382 3156 634 3213 fortassis
679 3153 968 3212 commoda
1021 3170 1118 3225 ρει·
1172 3155 1281 3209 vim
1326 3153 1539 3210 detorta
1597 3153 1879 3225 Scriptura
1930 3168 2075 3223 saepe
2125 3168 2232 3209 non
2284 3152 2517 3220 referat,
2573 3162 2630 3209 et
2676 3152 2807 3210 dare
2855 3155 2979 3211 sine
3026 3166 3210 3214 mente
3256 3173 3453 3216 sonum

132 3250 422 3306 videatur.

209 3344 328 3403 Sed
369 3344 486 3399 hzcc
512 3343 692 3399 obiter
725 3342 871 3412 :jatn
918 3342 1093 3413 ipsum
1122 3340 1442 3397 describere
1483 3339 1941 3395 commentarium
1991 3352 2411 3409 persequamur.
2445 3335 2691 3390 Diximus
2730 3336 3067 3407 Hieronymo
3114 3336 3321 3404 tribui,
3367 3342 3450 3396 sic

122 3437 292 3497 enim
324 3437 545 3507 praefert
570 3435 786 3491 codicis
819 3435 1133 3506 inscriptio,
1175 3435 1457 3505 primaque
1488 3434 1609 3504 ejus
1634 3433 1793 3502 folia,
1835 3449 1960 3505 qua:
1989 3448 2119 3487 vere
2165 3429 2619 3502 Hieronymianas
2653 3429 2707 3484 in
2735 3428 3058 3485 Psalterium
3096 3432 3450 3502 prtel'ationes

119 3532 429 3590 exhibent.
464 3531 639 3585 Habet
663 3529 880 3583 initium
909 3527 1035 3583 libri
1067 3545 1082 3580 :
1108 3526 1307 3597 Incipit
1329 3533 1347 3550 '
1384 3526 1639 3597 Praefatio
1663 3524 1973 3597 Hieronymi
2004 3528 2021 3549 ⁹
2051 3522 2397 3578 Paulinorum
2425 3523 2478 3576 in
2506 3520 2713 3577 Christo
2732 3537 2757 3577 δ
2780 3521 2834 3576 in
2866 3522 2976 3579 line
3001 3537 3015 3576 :
3044 3520 3280 3594 Emplicit
3318 3523 3449 3578 Pro-

122 3629 294 3696 logus
327 3624 389 3680 S.
418 3623 748 3693 Hieronymi.
783 3621 1143 3677 Praefationcs
1171 3621 1279 3675 illae
1307 3620 1439 3691 ipsa:
1477 3631 1629 3687 sunt,
1663 3632 1797 3688 quas
1828 3617 1887 3676 S.
1922 3618 2130 3673 Doctor
2167 3614 2258 3671 vel
2284 3613 2349 3668 ad
2373 3614 2595 3668 Paulam
2631 3613 2990 3679 epistolarum
3022 3613 3141 3669 vice
3162 3612 3334 3681 dedit,
3362 3613 3448 3672 vel

124 3718 413 3774 l'salterio
453 3717 556 3787 ipsi
586 3731 616 3769 a
639 3730 699 3771 se
740 3716 977 3785 primum
1024 3713 1326 3769 emendato
1347 3753 1362 3778 ,
1396 3722 1509 3766 tum
1541 3727 1610 3767 ex
1644 3710 1875 3766 Hebraeo
1907 3711 1958 3765 in
1990 3710 2242 3764 Latinum
2278 3721 2550 3763 converso
2587 3704 2825 3776 prcﬁxit.
2857 3705 3248 3769 Niliilosecius,
3294 3716 3354 3761 ut
3385 3725 3454 3763 ne

118 3810 271 3882 quid
294 3809 732 3874 dissimulemus,
764 3819 998 3877 utroque
1020 3808 1118 3862 illo
1140 3807 1196 3861 in
1226 3808 1350 3862 loco
1377 3803 1694 3876 Hieronymi
1721 3819 1923 3860 nomen
1951 3819 2058 3859 non
2083 3803 2153 3858 ab
2176 3802 2266 3857 illa
2290 3817 2412 3874 quac
2441 3801 2685 3857 codicem
2709 3802 2958 3856 exaravit
2973 3800 3228 3873 primitus
3251 3817 3437 3874 manu,

113 3901 234 3960 sed
262 3901 335 3955 ab
353 3899 492 3967 alia,
523 3899 741 3954 tametsi
768 3906 829 3952 ct
869 3898 962 3953 illa
992 3899 1237 3967 antiqua,
1280 3912 1342 3952 ac
1381 3897 1629 3968 suppari,
1671 3895 1911 3966 alioque,
1949 3905 2007 3950 ut
2037 3894 2274 3960 videtur,
2320 3901 2634 3949 atramento
2663 3901 2754 3948 est
2779 3893 3045 3949 additum.
3083 3894 3453 3966 Subsequitur

114 3993 343 4051 deinde
368 3990 825 4059 commentarius,
851 4006 917 4045 ex
943 4005 1051 4060 quo
1082 3989 1241 4059 primi
1271 3999 1328 4045 et
1358 3990 1530 4054 tertii,
1557 4000 1613 4044 et
1639 3988 1875 4044 maxima
1899 4004 1962 4043 ex
1989 3996 2143 4059 parte
2174 3986 2355 4059 quarti
2386 3986 2577 4057 psalmi
2608 3987 2998 4043 enarratione:
3021 3985 3442 4060 descripsimus,

114 4097 189 4144 et
215 4084 286 4140 ad
310 4081 620 4139 faciendum
649 4081 717 4137 de
745 4091 976 4137 auctore
1002 4082 1327 4152 periculum,
1354 4081 1702 4138 exhibemus.
1730 4081 1964 4138 Secundi
1989 4082 2254 4152 integram
2280 4080 2673 4151 expositionem
2702 4081 3015 4148 amisimus,
3046 4081 3169 4151 ejus
3196 4093 3329 4154 puto
3354 4085 3440 4139 in—

116 4176 314 4240 curia,
345 4174 436 4229 cui
476 4171 709 4229 schedas
742 4184 955 4228 nostras
988 4173 1308 4229 tradidimus
1340 4173 1766 4239 describendas;
1799 4173 1896 4229 sed
1929 4173 2149 4243 quando
2191 4188 2298 4229 non
2328 4171 2433 4230 nisi
2476 4174 2750 4244 quoddam
2790 4175 2972 4245 Operis
3003 4176 3124 4244 ejus
3154 4178 3435 4247 specimen

113 4278 355 4344 damus,
380 4291 573 4347 parum
602 4276 694 4330 illa
725 4284 820 4331 aut
850 4274 1134 4345 proposito
1162 4283 1375 4340 nostro,
1405 4283 1496 4327 aut
1521 4272 1749 4327 lectoris
1769 4270 2178 4340 studiojactura
2206 4269 2465 4326 obfuerit.
2505 4270 2620 4326 Hoc
2649 4280 2781 4342 puto
2808 4271 2987 4340 ipsum
3017 4271 3442 4329 internoscendo

110 4371 347 4425 auctori
381 4372 516 4426 satis
547 4369 655 4425 erit
693 4369 923 4425 eruditis
956 4369 1110 4435 viris,
1143 4384 1317 4438 neque
1358 4369 1529 4435 enim,
1559 4369 1601 4422 si
1636 4365 1968 4438 Hieronymo
2000 4365 2351 4421 tribuendum
2385 4366 2479 4433 sit,
2509 4381 2573 4421 ex
2617 4367 2699 4421 his
2736 4382 2859 4438 qua:
2899 4367 3169 4423 hactenus
3198 4367 3443 4436 disputa-

108 4461 332 4528 vimus,
358 4461 639 4530 suSpicari
672 4461 789 4517 ullo
822 4472 978 4532 pacto
999 4461 1153 4516 licet.
1180 4460 1338 4526 Mihi,
1367 4460 1471 4516 nisi
1493 4460 1758 4516 audacior
1779 4470 1861 4514 est
1889 4460 2228 4529 conjectura,
2263 4476 2422 4529 quam
2462 4471 2519 4516 ut
2544 4461 2702 4516 bonis
2733 4477 2904 4531 usque
2933 4461 3074 4519 adeo
3106 4462 3443 4534 argumentis

106 4554 421 4625 probetur,
449 4553 557 4624 ipsi
591 4555 834 4623 placeret
859 4553 1099 4609 adscribi
1128 4554 1185 4609 S.
1208 4551 1574 4617 Columbano,
1610 4568 1774 4622 quem
1800 4566 1962 4622 supra
1992 4551 2353 4620 laudavimus,
2382 4552 2617 4625 primum
2647 4554 2977 4611 Luxurieusi
3010 4556 3192 4611 abbati
3223 4556 3275 4611 in
3309 4556 3444 4612 Bur-

101 4645 359 4719 gundia,
394 4646 599 4703 deinde
622 4647 890 4703 Bobiensi
918 4648 970 4701 in
998 4647 1174 4715 Italia,
1206 4660 1272 4701 ex
1301 4643 1459 4715 cujus
1479 4646 1816 4701 monasterio
1850 4643 1906 4700 in
1938 4644 2401 4712 Mediolaneasem
2433 4645 2823 4702 bibliothecam
2854 4649 2973 4717 ipse
2998 4649 3329 4719 importatus
3358 4663 3444 4705 est

100 4741 286 4797 liber.
320 4740 462 4808 Quae
500 4754 671 4810 pauca
695 4738 750 4793 in
789 4738 990 4810 vulgus
1022 4738 1344 4809 prodierunt
1368 4737 1485 4809 ejus
1512 4736 1718 4808 ingenii
1748 4737 2106 4806 monimenta,
2139 4738 2398 4807 pleraque
2425 4737 2566 4791 enim
2601 4739 2654 4792 in
2688 4738 3054 4807 bibliothecis,
3083 4752 3137 4796 et
3166 4743 3444 4811 praecipue

95 4832 477 4890 Floriaeensi
508 4830 770 4887 dicuntur
797 4831 996 4900 latere,
1030 4830 1281 4901 ejusdem
1309 4841 1473 4901 atque
1503 4829 1594 4885 hic
1614 4830 2043 4885 commentarius
2070 4827 2254 4883 salivae
2284 4838 2338 4882 et
2362 4837 2556 4900 gustus
2584 4829 2844 4886 videntur
2871 4846 3028 4887 esse:
3055 4832 3248 4888 eadem
3278 4834 3442 4890 etiam

94 4927 553 4995 Scripturarum
601 4925 911 4994 expressio,
943 4934 1207 4993 quantum
1238 4939 1269 4977 c
1294 4924 1539 4978 locorum
1585 4922 1880 4978 collatione
1923 4920 2137 4991 aliquot
2177 4919 2362 4975 datum
2408 4932 2491 4976 est
2523 4922 2853 4993 intelligere.
2899 4922 3123 4978 Constat
3155 4940 3287 4980 vero
3315 4942 3439 4984 eum

93 5021 245 5077 aliis
278 5018 636 5087 auctoribus,
685 5028 796 5073 tum
841 5017 1113 5087 prmcipue
1144 5034 1209 5072 ex
1256 5017 1568 5088 Sigeberto,
1610 5029 1734 5087 cap.
1770 5015 1861 5081 60,
1892 5014 1952 5071 S.
1983 5013 2383 5070 Columbanum
2428 5023 2571 5069 lauto
2610 5017 2882 5086 sapientia:
2923 5017 3167 5072 thesauro
3196 5019 3438 5089 ditatum,

93 5122 163 5169 ut
197 5112 398 5169 adhuc
422 5110 729 5166 adolescens
761 5109 952 5166 librum
979 5107 1311 5164 Paulinorum
1339 5110 1546 5164 elimato
1573 5123 1808 5164 sermone
1833 5108 2074 5162 scriberet
2104 5122 2124 5160 :
2147 5121 2214 5162 ex
2248 5121 2361 5176 quo
2389 5106 2745 5169 Tritliemius.
2774 5123 2900 5178 cap.
2923 5108 3053 5175 225,
3087 5109 3216 5164 Cum
3240 5113 3434 5177 adhuc,

93 5207 326 5277 inquit,
356 5205 555 5276 junior
576 5211 710 5258 esset
745 5219 992 5277 magnum
1019 5204 1251 5258 studium
1282 5203 1466 5258 litteris
1506 5203 1698 5257 sanctis
1729 5200 2001 5271 impendit,
2036 5201 2165 5254 adeo
2204 5209 2262 5254 ut
2302 5201 2531 5271 eleganti
2559 5201 2693 5272 stylo
2713 5201 2997 5272 scripserit,
3025 5202 3078 5255 in
3109 5212 3270 5257 totum
3296 5202 3451 5260 Paulo

93 5300 312 5355 teriam
345 5296 850 5354 commentariorum
895 5296 1085 5350 librum
1114 5312 1293 5350 unum.
1337 5294 1418 5351 Ad
1451 5294 1567 5349 hazc
1608 5294 1727 5364 ejus
1766 5308 1983 5366 quoque
2030 5294 2295 5359 temporis
2325 5294 2489 5357 ratio,
2534 5292 2718 5347 smculi
2752 5306 2949 5361 nempe
2988 5293 3153 5358 sexti,
3188 5294 3251 5348 ad
3290 5295 3446 5365 cujus

93 5409 297 5465 usque
332 5390 509 5449 ﬁnem
550 5389 608 5445 S.
640 5389 809 5446 abbas
836 5388 1098 5455 devenit,
1128 5388 1361 5444 testibus
1389 5387 1717 5457 Fredegario
1748 5389 1802 5443 in
1832 5385 2127 5450 Chronico,
2157 5398 2210 5440 et
2241 5385 2514 5449 Aimonio,
2547 5384 2640 5439 lib.
2684 5401 2741 5440 ιιι
2777 5386 2843 5441 de
2871 5386 3054 5442 GBaliS
3074 5388 3441 5454 Francorum,

93 5490 250 5544 satis
302 5490 459 5544 bene
489 5502 618 5541 eum
661 5486 893 5554 reliquis
920 5485 1217 5555 Scriptura:
1244 5483 1364 5553 ejus
1394 5481 1825 5538 circumstantiis
1867 5481 2126 5538 convenit
2152 5498 2165 5533 :
2194 5479 2349 5534 locus
2375 5477 2611 5547 denique
2645 5493 2713 5532 ex
2742 5495 2848 5540 quo
2871 5479 3051 5546 prodit
3084 5481 3214 5535 illud
3246 5496 3446 5549 nempe

93 5578 562 5641 monasterium,
605 5574 748 5644 quod
793 5575 911 5644 ipse
943 5577 1001 5631 S.
1030 5575 1403 5630 Columbanus
1439 5575 1705 5641 fundavit,
1737 5574 1937 5645 diuque
1961 5573 2124 5639 rexit,
2148 5570 2216 5626 ad
2249 5569 2620 5640 conjecturam
2655 5574 2913 5626 momenti
2950 5573 3239 5641 plurimum
3274 5572 3443 5629 addit.

93 5667 311 5723 Nihilo
363 5677 555 5721 tamen
601 5665 785 5720 minus
816 5680 928 5719 non
957 5681 1059 5737 pro
1086 5667 1256 5721 certis
1295 5666 1586 5721 constituta
1619 5666 1734 5721 hanc
1761 5664 2035 5731 volumus,
2082 5661 2176 5719 sed
2205 5676 2392 5718 verum
2424 5670 2699 5718 auctorem
2742 5662 3139 5732 internoscere,
3172 5666 3453 5721 doctorum

94 5757 441 5823 hominum,
474 5756 572 5825 qui
596 5756 711 5811 haec
740 5754 934 5812 lecturi
959 5765 1105 5823 sunt,
1131 5756 1336 5826 judicio
1360 5758 1747 5828 permittimus.
