4026 6296
194 284 287 340 817

873 280 940 337 ΙΝ
980 279 1428 350 SUBSEQUENS
1466 276 1899 337 BREVIARIUM
1939 278 2006 339 IN
2045 277 2361 337 PSALMOS
2399 280 2795 339 ADMONITIO.
2863 282 2870 328 ῗ

3391 284 3498 342 818

194 403 310 466 titu,
330 415 497 472 quam
528 400 580 455 in
608 399 881 456 malorum
905 398 1028 469 fuga
1052 397 1308 453 videatur
1328 397 1596 468 exposita.
1628 395 1793 452 Exhi-
1817 397 1871 457 Α
1896 409 2033 466 opus
2064 411 2444 454 movernur....
2465 397 2666 454 deinde
2695 396 3071 466 subsistimus,
3101 396 3194 454 ubi
3222 411 3312 454 res
3333 398 3508 469 coepit

191 492 322 549 bitio
349 508 486 549 vero
516 508 627 549 non
675 492 855 562 aperis
886 507 1102 563 parum,
1146 505 1211 546 ac
1249 490 1476 563 laboris,
1524 490 1619 546 sed
1652 507 1792 545 non-

192 601 481 657 numquam
513 586 638 640 vitm
669 585 866 641 merito
891 583 957 639 ad
986 594 1010 621 α
1041 583 1202 639 ﬁdem
1239 583 1419 638 aditus
1450 583 1646 653 aperit,
1682 592 1736 638 et
1762 599 1792 638 e

191 680 403 736 diverso
426 680 493 734 ad
517 679 808 748 perfectam
832 679 1196 749 cognitionem
1218 678 1458 747 peccatis
1481 678 1507 714 δ
1534 679 1788 744 obstruit;

193 787 313 828 nam
342 773 518 828 veluti
547 771 867 844 quibusdam
915 771 1157 826 tenebris
1197 770 1635 826 conversationis
1665 784 1789 824 eer-

189 875 299 920 tum
329 875 349 902 ο
384 864 735 933 intercludit,
763 873 814 920 et
835 863 1026 933 purius
1045 862 1271 933 impedit
1303 879 1462 918 unam
1495 862 1634 917 hanc
1662 877 1787 933 par-

191 968 296 1014 tem
340 957 578 1014 maxime
611 956 909 1026 Scriptura:
949 954 1148 1010 divinm
1173 955 1377 1026 Moysis
1407 954 1688 1010 excolere.
1722 953 1790 1008 Et

183 1049 310 1106 ideo
335 1051 501 1106 etiam
531 1050 588 1105 in
606 1050 861 1120 prmsenti
882 1049 1092 1120 psalmo
1107 1057 1234 1104 ante
1258 1049 1585 1104 documenta
1617 1047 1784 1104 disci-

187 1145 332 1216 plina
382 1143 606 1200 moralis
656 1141 941 1206 indicitur;
991 1157 1114 1196 nam
1167 1142 1362 1197 abesse
1393 1138 1419 1178 ιι
1465 1157 1495 1196 a
1543 1140 1785 1212 perlecta

186 1237 291 1292 ﬁde
319 1251 529 1292 morum
561 1235 720 1305 vitia,
753 1234 1018 1306 qustolo
1051 1243 1212 1298 teste,
1244 1235 1541 1301 discamus,
1585 1232 1679 1303 qui
1711 1233 1787 1288 ait

185 1330 251 1385 ad
278 1328 595 1384 Corinthios
620 1347 633 1384 :
663 1327 785 1382 Non
817 1329 964 1398 potui
990 1328 1129 1381 vobis
1155 1327 1297 1397 loqui
1316 1327 1467 1397 quasi
1491 1325 1787 1395 spirituali-

185 1424 294 1488 bus,
323 1423 414 1479 sed
443 1427 595 1492 quasi
619 1422 933 1487 carnalibus,
957 1421 1107 1491 quasi
1134 1419 1362 1491 parvulis
1389 1423 1440 1473 in
1462 1418 1707 1474 Christo:
1731 1427 1785 1474 et

183 1516 460 1587 subjungit
487 1532 502 1572 :
527 1532 643 1570 cum
665 1515 801 1570 enim
823 1515 927 1570 sint
954 1517 1084 1568 inter
1105 1528 1214 1582 vos,
1239 1523 1375 1578 etc.,
1402 1528 1571 1568 nonne
1593 1529 1783 1566 carna-

182 1609 255 1664 les
287 1610 430 1672 estis,
456 1616 503 1661 et
537 1608 820 1662 secundum
849 1607 1109 1662 hominem
1135 1607 1439 1672 ambulatis,
1461 1620 1583 1661 cum
1613 1619 1782 1661 econ-

185 1701 358 1756 trario
385 1699 676 1755 Cornelius
703 1698 770 1754 ad
801 1698 964 1754 tidem
994 1698 1085 1753 sit.
1107 1738 1120 1752 .
1146 1739 1190 1753 ..

1895 504 2019 545 esse
2051 490 2104 545 in
2133 492 2388 546 manibus
2428 510 2440 544 :
2494 491 2562 546 ad
2591 490 2894 546 sedendum
2926 504 3058 547 vero
3099 491 3500 558 convertimur,

1894 587 2112 658 negotio
2141 587 2252 656 jam
2299 585 2328 621 ιι
2357 595 2568 656 parato.
2606 585 2719 640 Hoc
2746 593 2969 641 sanctus
3003 585 3176 641 David
3223 587 3320 652 ait,
3353 587 3501 656 quod

1893 679 1986 734 ille
2019 695 2150 736 vere
2187 681 2378 736 beatus
2408 681 2501 744 sit,
2527 678 2622 750 qui
2653 693 2828 749 neque
2855 679 3048 748 primis
3082 677 3306 749 quidem
3331 680 3501 735 vesti-

1890 772 1994 842 giis
2024 773 2318 842 impietatis
2354 772 2745 842 cogitationem
2777 771 2917 825 adiit
2945 771 3032 827 vel
3075 772 3359 842 ingressus
3385 779 3497 838 est,

1893 879 2067 934 neque
2098 865 2349 920 allectum
2383 863 2537 934 pravi
2564 865 2844 933 cperis....
2895 865 3120 934 reperit,
3166 879 3343 936 neque
3387 865 3498 921 ulla

1891 975 1982 1014 rea
2018 959 2262 1014 irretitur
2290 960 2445 1013 malm
2475 958 2787 1013 dilectionis
2815 957 3101 1025 illecebra,
3123 973 3245 1030 qum
3273 959 3499 1015 nomine

1889 1053 2186 1120 cathedrm,
2221 1063 2274 1108 et
2295 1051 2560 1108 sessionis
2589 1051 2845 1120 ostendit,
2891 1061 2949 1106 ut
2982 1068 3172 1108 eorum
3204 1052 3494 1109 consortio

1883 1147 2231 1218 iungeretur,
2292 1147 2306 1184 ί
2372 1146 2466 1202 sed
2529 1146 2764 1200 aliorum
2829 1147 3239 1215 simplicitatem
3284 1163 3500 1204 veneno

1889 1256 2000 1296 suae
2035 1241 2315 1312 pravitatis
2346 1240 2620 1296 inﬁciunt.
2653 1239 2769 1294 Hos
2793 1240 2938 1294 enim
2963 1241 3285 1306 pestilentes
3310 1252 3494 1310 vocat,

1886 1349 2118 1406 quorum
2149 1342 2234 1389 est
2265 1334 2422 1405 plane
2470 1333 2724 1388 morbosa
2765 1333 3100 1402 conjunctio.
3154 1334 3288 1389 Nam
3320 1335 3492 1391 etiam

1887 1429 2212 1498 pestilentia:
2243 1428 2526 1498 praprium
2553 1436 2659 1493 est,
2707 1427 2776 1482 ab
2822 1442 2933 1481 uno
2963 1426 3019 1481 in
3063 1429 3292 1484 alterum
3345 1438 3494 1484 tran-

1888 1526 2121 1589 seundo,
2170 1524 2396 1578 inficere
2447 1522 2745 1577 multorum
2788 1535 3025 1591 corpora
3071 1531 3232 1591 atque
3277 1523 3497 1579 vitiare.

1889 1616 2015 1670 Non
2042 1618 2166 1670 abiit
2213 1632 2344 1686 ergo
2374 1614 2633 1682 dicendo,
2667 1628 2930 1669 assensus
2969 1613 3361 1684 cogitationum
3392 1630 3498 1669 no-

1889 1711 2042 1774 tavit,
2078 1709 2275 1781 quibus
2306 1708 2373 1764 ad
2407 1722 2604 1778 pravas
2635 1707 3018 1778 suggestiones
3045 1707 3314 1778 rapimur,
3347 1717 3403 1763 et
3435 1708 3492 1765 in

251 1794 438 1864 Ῑίθίιυθ
462 1801 840 1864 argumentum
864 1790 1255 1862 θειρηνεεηίίε
1274 1790 1468 1861 9531"]i
1493 1790 1782 1845 Dominum
1813 1784 1862 1845 B
1888 1803 2086 1872 quibus
2138 1801 2360 1856 libuerit
2406 1799 2678 1870 impleret
2721 1799 3022 1870 proprium.
3062 1800 3170 1868 Qui
3216 1815 3348 1856 vero
3395 1801 3493 1868 ait,

179 1889 527 1960 deprecantis
549 1887 616 1942 ad
647 1885 1000 1943 reserandum
1027 1885 1386 1951 intellectum,
1417 1893 1473 1939 et
1496 1884 1779 1940 accedere.

179 1985 246 2041 Et
272 1984 319 2038 si
352 1997 579 2038 necesse
609 1979 774 2037 fuerit
803 1996 903 2052 pro
949 1979 1393 2036 consideratione
1438 1989 1645 2043 nostra,
1689 1993 1782 2033 oc-

179 2079 522 2135 currentium
546 2078 725 2148 aliqua
753 2077 914 2132 latius
937 2075 1235 2146 explicare,
1269 2090 1374 2131 non
1397 2075 1784 2132 obliviscemur

183 2171 331 2242 ejus,
364 2185 526 2242 quam
578 2169 930 2240 promisimus
977 2168 1032 2224 in
1079 2166 1421 2239 praefatione,
1471 2168 1776 2224 brevitatis.

177 2267 276 2322 llic
308 2265 547 2320 maxime
577 2264 918 2320 servabimus
960 2263 1013 2318 in
1048 2263 1309 2334 praesenti
1342 2262 1571 2333 psalmo,
1620 2270 1678 2317 et
1723 2263 1778 2317 in

173 2359 405 2430 reliquis
428 2357 703 2421 omnibus.
733 2365 792 2412 ut
814 2371 1032 2412 omnem
1058 2355 1396 2411 intellectum
1431 2355 1485 2410 in
1509 2370 1777 2410 summam

173 2450 509 2522 redigentes,
539 2450 772 2506 strictim
801 2448 946 2520 quod
975 2446 1267 2503 dicendum
1296 2456 1382 2503 est
1409 2447 1773 2518 explicemus:

171 2549 432 2621 quoniam
473 2563 580 2603 non
611 2547 770 2603 nobis
809 2546 1148 2619 propositum
1189 2554 1276 2602 est
1322 2555 1345 2584 θ
1381 2546 1544 2601 latius
1583 2556 1777 2601 cuncta

168 2643 455 2716 prosequi,
503 2642 600 2699 sed
628 2642 945 2698 summatim
991 2640 1266 2698 dictorum
1307 2642 1550 2696 omnium
1582 2655 1778 2695 sensus

169 2738 463 2808 attingere,
496 2746 556 2792 ut
583 2736 757 2807 possit
791 2735 1016 2790 lecturis
1041 2733 1407 2804 expositionis
1439 2732 1455 2771 ί
1493 2735 1664 2804 prima
1695 2733 1776 2788 fa-

168 2832 287 2887 cies
317 2831 586 2896 relucere,
635 2828 748 2885 illis
777 2827 1153 2898 relinquentes
1191 2826 1510 2882 occasiones
1555 2825 1777 2896 majoris

169 2923 582 2993 intelligentiae,
621 2922 666 2978 si
693 2921 970 2977 voluerint
1016 2921 1219 2991 aliquid
1265 2919 1488 2984 addere,
1533 2935 1652 2990 qum
1693 2927 1776 2974 ta-

167 3033 302 3075 men
353 3033 383 3071 a
429 3016 709 3087 prmmissa
763 3016 1220 3086 interpretatione
1272 3030 1381 3070 non
1430 3013 1772 3085 discrepent;

165 3111 274 3167 ista
307 3110 451 3165 enim
481 3109 597 3166 veri
625 3117 710 3166 est
733 3108 1040 3164 intellectus
1068 3109 1371 3179 perceptio,
1403 3115 1460 3163 ut
1483 3123 1581 3178 per
1604 3106 1774 3162 histo-

1889 1909 1992 1947 non
2049 1894 2213 1957 stetit,
2259 1907 2556 1962 numquam
2603 1891 2656 1945 in
2709 1906 2874 1960 opere
2908 1891 3109 1946 exiisse
3153 1891 3384 1957 indicat,
3439 1894 3499 1948 in

1885 1983 2028 2056 quod
2059 1985 2314 2054 cogitatio
2340 1983 2584 2038 animum
2606 1991 2978 2053 suggesserat,
3009 1983 3154 2052 quod
3182 1985 3484 2039 tamenim-

1887 2078 2101 2149 plemus
2145 2091 2271 2133 cum
2315 2076 2550 2132 delectat
2583 2077 2635 2131 in
2689 2075 2809 2131 aliis
2853 2076 3111 2147 operibus
3141 2077 3377 2148 gradum
3427 2078 3491 2132 li-

1883 2186 2103 2242 gere....
2153 2183 2216 2224 ac
2261 2169 2457 2240 saepius
2510 2168 2788 2223 restitare.
2842 2168 2946 2223 Per
2983 2168 3258 2224 cathedrae
3302 2170 3489 2226 inses-

1882 2264 2092 2320 sionem
2124 2263 2212 2317 ille
2237 2261 2509 2333 signatur,
2534 2263 2624 2332 qui
2659 2261 2729 2314 ita
2755 2260 3079 2328 delectatur,
3111 2270 3166 2317 et
3189 2262 3488 2332 requiescit

1883 2358 1939 2413 in
1970 2357 2109 2412 mala
2140 2355 2562 2421 consuetudine,
2593 2364 2652 2409 ut
2674 2353 2902 2425 reliquis
2924 2355 3170 2426 ejusdem
3197 2355 3363 2410 studii
3388 2355 3490 2410 ho-

1882 2451 2122 2507 minibus
2169 2449 2289 2505 sine
2337 2449 2453 2505 ullo
2500 2447 2851 2504 verecundiae
2904 2447 3206 2505 misceatur
3235 2464 3488 2505 assensu.

1881 2547 1985 2614 Qui
2039 2560 2171 2601 vero
2220 2546 2512 2615 impiorum
2567 2543 2802 2599 consilia
2854 2542 3074 2614 posuit,
3128 2551 3483 2614 peccatorum

1882 2657 2017 2697 vero
2057 2654 2248 2712 opera,
2307 2637 2442 2694 satis
2487 2637 2555 2692 ad
2588 2647 2882 2707 utrumque
2917 2637 3182 2707 respexit.
3228 2637 3486 2708 Impietas

1880 2737 2026 2793 enim
2056 2733 2121 2788 ad
2165 2733 2517 2804 agitationem
2550 2731 2751 2786 mentis
2779 2730 3044 2800 pertinet,
3076 2739 3133 2785 et
3155 2737 3346 2784 motus
3375 2745 3490 2785 non

1880 2838 2030 2886 recte
2061 2827 2259 2881 animm
2288 2824 2610 2880 sentientis:
2637 2823 2928 2878 Peccatum
2954 2836 3087 2879 vero
3111 2822 3164 2877 in
3195 2838 3309 2878 rem
3339 2825 3488 2879 actio

1873 2921 1986 2994 jam
2020 2919 2270 2976 deducta.
2313 2916 2564 2972 Tertium
2592 2915 2733 2986 quod
2776 2914 2990 2970 addidit
3019 2913 3045 2954 ιι
3080 2917 3326 2987 utrisque
3357 2916 3490 2970 sub-

1876 3015 2030 3086 jecit,
2080 3026 2238 3082 quam
2282 3025 2388 3066 non
2428 3009 2604 3064 solum
2652 3007 2708 3063 hi
2759 3008 3084 3079 pestilentes
3130 3019 3482 3077 vocarentur,

1881 3108 1972 3178 qui
2025 3105 2167 3161 male
2197 3102 2486 3160 sentiendo
2515 3109 2880 3172 corrumpunt
2909 3101 3173 3171 reliquos,
3205 3110 3261 3156 et
3300 3102 3480 3157 socie-

166 3204 268 3260 rim
300 3203 462 3258 ﬁdem
501 3210 745 3259 tenorem
787 3203 1146 3273 expositionis
1187 3210 1457 3272 aptemus,
1505 3210 1559 3258 et
1590 3211 1616 3249 ε
1646 3215 1779 3257 con-
1804 3169 1849 3232 Ο
1883 3209 1995 3258 tate
2035 3215 2132 3256 sua
2169 3199 2483 3270 perimunt:
2525 3213 2716 3252 verum
2747 3196 2912 3253 etiam
2947 3196 3030 3251 illi
3056 3197 3149 3267 qui
3199 3197 3323 3252 tabe
3351 3212 3487 3251 con-

167 3299 464 3353 cinnenter
491 3313 553 3354 ea
580 3313 701 3368 qum
729 3297 962 3354 dicenda
991 3305 1120 3353 sunt
1161 3297 1526 3368 proferamus.

243 3389 441 3445 Beatus
468 3391 565 3456 vir,
596 3391 686 3462 qui
711 3407 812 3445 non
852 3391 978 3444 abiit
1021 3391 1076 3445 in
1123 3392 1359 3457 consilio,
1396 3406 1588 3462 usque,
1620 3391 1776 3446 sedit.

175 3483 462 3540 interdum
490 3482 769 3554 Scriptura
796 3483 976 3538 divina
1011 3483 1155 3540 inter
1180 3483 1401 3556 impium
1434 3494 1487 3540 et
1527 3493 1776 3555 peccato-

163 3593 291 3633 rem
319 3575 450 3631 facit
478 3575 845 3631 diﬂ'erentiam
873 3594 884 3630 :
913 3576 1140 3648 impium
1171 3592 1378 3633 vocans
1412 3577 1505 3633 Dei
1533 3577 1649 3634 veri
1677 3593 1774 3634 no-

163 3672 354 3728 titiam
385 3685 491 3726 non
516 3671 834 3726 habentem:
858 3679 1205 3742 peccatorem
1229 3687 1381 3739 vero,
1415 3671 1630 3727 honesti
1655 3686 1773 3727 rec-

164 3767 324 3837 tique
355 3765 626 3821 tramitem
665 3779 771 3820 non
805 3774 1077 3820 tenentem
1106 3783 1120 3820 :
1151 3775 1332 3820 tamen
1365 3766 1453 3820 ubi
1495 3765 1771 3821 communi

160 3856 444 3912 vocabulo
495 3866 787 3926 utrumque
830 3855 1122 3928 signiﬁcet,
1176 3855 1230 3910 in
1284 3857 1537 3926 praesenti
1590 3866 1770 3912 tamen

162 3949 391 4005 videtur
421 3947 603 4004 facere
630 3947 1040 4004 distinctionem
1067 3963 1081 4001 :
1112 3948 1371 4018 quoniam
1402 3950 1538 4016 vult,
1569 3949 1659 4020 qui
1703 3949 1775 4004 sit

160 4049 419 4098 sectator
451 4040 804 4112 perfectionis
830 4042 1164 4112 exprimere,
1198 4041 1283 4097 cui
1329 4041 1494 4097 etiam
1540 4043 1775 4098 beatitu-

163 4133 360 4188 dinem
393 4133 566 4190 credit
589 4134 694 4189 rite
724 4144 1058 4204 competere,
1089 4133 1175 4199 vel
1206 4147 1430 4204 propter
1474 4136 1771 4206 perfectam

165 4226 238 4282 de
267 4227 483 4282 Deitate
507 4227 782 4298 notitiam,
803 4228 887 4283 vel
912 4235 1134 4297 propter
1153 4229 1332 4284 studia
1354 4229 1480 4284 vitm
1507 4231 1772 4289 melioris.

163 4319 334 4386 Quod
370 4334 501 4376 vero
523 4321 621 4384 ait,
646 4336 746 4374 non
771 4320 921 4386 abiit,
949 4336 1050 4375 non
1073 4322 1234 4386 stetit,
1267 4338 1371 4375 non
1395 4323 1548 4389 sedit,
1579 4324 1773 4378 animae

164 4421 359 4467 motus
401 4412 776 4482 corporalibus
827 4412 1003 4482 signat
1054 4412 1301 4480 indiciis;
1348 4415 1603 4483 quoniam
1649 4431 1773 4473 cum

162 4505 385 4576 aliquid
431 4506 687 4562 molimur
739 4505 980 4574 efﬁcere,
1027 4505 1264 4575 primum
1295 4505 1361 4560 ad
1393 4507 1773 4577 arripiendum

243 4675 274 4704 ι
300 4666 400 4722 Hic

161 4747 258 4794 est
285 4755 300 4804 ;
330 4738 426 4793 sed
454 4735 624 4791 multo
651 4735 984 4806 impeditior,
1016 4738 1304 4804 minusque
1327 4748 1456 4789 sana
1488 4736 1603 4806 ipsa
1643 4751 1772 4791 sen-

163 4812 350 4864 tentia
382 4809 646 4872 videatur,
671 4809 715 4862 si
749 4808 936 4877 probm
979 4807 1174 4862 merito
1200 4807 1348 4874 vitm,
1401 4807 1562 4865 tidem
1609 4821 1773 4879 posse

158 4896 336 4951 quem
348 4881 488 4944 piam
511 4879 736 4948 adipisci
753 4880 986 4951 censuit.

244 4951 273 4989 ι)
306 4951 706 5021 Rescripsimus
722 4950 1062 5022 confidenter
1083 4950 1314 5015 obstruit,
1332 4963 1432 5021 pro
1452 4963 1559 5022 quo
1581 4948 1774 5009 vitiose

162 5022 503 5096 apographo
535 5022 813 5096 legebatur
834 5021 1108 5096 obstin‘uit.

249 5105 273 5134 ο
295 5091 517 5163 Βυρριθ
545 5091 817 5164 tramitem.
834 5091 891 5146 In
921 5094 1168 5162 reliquis,
1186 5103 1243 5148 ut
1266 5108 1462 5148 sensus
1476 5102 1776 5164 utcumque

161 5177 478 5230 constaret,
512 5166 601 5236 qui
647 5163 830 5218 nullus
857 5164 1017 5233 plane
1048 5173 1163 5220 erat
1204 5164 1256 5218 in
1291 5178 1395 5218 ms.
1419 5163 1773 5236 reposuimus

163 5240 388 5307 purius,
417 5253 515 5306 pro
535 5235 758 5306 paritas,
775 5244 845 5307 _et
867 5251 1046 5299 unam,
1073 5251 1170 5304 pro
1194 5252 1376 5300 unum,
1399 5235 1635 5307 denique
1666 5252 1773 5292 uno

160 5305 349 5365 verbo
377 5305 609 5363 fecimus
635 5305 888 5368 excolere,
915 5320 1012 5374 pro
1039 5321 1145 5375 quo
1188 5316 1303 5360 erat
1333 5305 1572 5374 duobus,
1598 5324 1664 5363 ea:
1687 5325 1775 5362 co-

164 5381 306 5445 lore,
347 5380 481 5434 satis
506 5378 702 5450 supino
742 5377 1037 5450 antiquarii
1079 5377 1252 5446 lapsu.
1288 5376 1439 5431 Haud
1472 5379 1608 5450 scio,
1645 5396 1773 5436 num

162 5453 349 5523 pluris
373 5450 540 5506 fuerit
561 5447 747 5523 Augim
768 5447 1038 5504 stabulum
1062 5462 1315 5523 purgare.

238 5522 269 5562 ά
299 5522 513 5579 Vitiose
560 5529 679 5576 erat
724 5518 779 5574 in
823 5519 1134 5592 apograpbo
1159 5518 1185 5586 ,⁷
1208 5518 1382 5575 abesse
1421 5521 1665 5594 perfecta:
1711 5523 1776 5594 ft-

160 5597 273 5651 dei.

249 5678 275 5707 ο
312 5668 418 5724 Hie
453 5667 686 5722 alteram
712 5663 940 5733 negandi
965 5663 1280 5732 particulam
1300 5663 1633 5720 induximus.

246 5738 269 5778 ί
301 5741 444 5814 Erat
485 5738 542 5793 in
567 5752 670 5791 ms.
693 5734 906 5806 vitiose,
925 5736 1094 5808 facie;
1114 5746 1167 5794 et
1185 5735 1777 5814 rnox,relinquentibus,

160 5826 270 5886 pro
301 5812 703 5884 relinquentes;

439 4679 658 4736 quoque
699 4663 949 4736 nonnihil
1004 4663 1267 4734 impedita
1304 4663 1474 4718 series
1505 4665 1768 4720 orationis
1800 4672 1851 4733 ι)

1882 3295 2038 3352 sortii
2075 3295 2280 3350 bonum
2312 3291 2750 3348 conversationis
2788 3305 2902 3344 sum
2943 3297 3109 3344 rectm
3154 3289 3480 3360 infringunt.

1880 3389 2089 3459 Quibus
2119 3387 2174 3443 in
2219 3395 2388 3441 totum
2429 3400 2536 3440 non
2565 3381 2882 3449 admisceri,
2911 3391 2993 3436 est
3023 3380 3128 3435 sibi
3173 3379 3192 3418 1
3385 3396 3487 3452 op-

1880 3484 2011 3540 time
2037 3481 2397 3538 consulentis.
2431 3479 2501 3536 Et
2533 3478 2658 3534 ideo
2699 3479 2844 3534 hunc
2886 3477 2979 3548 qui
3025 3491 3124 3547 per
3155 3477 3338 3532 omnia
3384 3477 3482 3533 dc-

1876 3580 2048 3637 clinat
2076 3595 2105 3634 a
2135 3579 2334 3634 talibus
2359 3577 2580 3632 beatum
2608 3575 2898 3647 praesentis
2928 3575 3127 3646 psalmi
3156 3575 3321 3631 lectio
3349 3574 3485 3630 deli-

1874 3675 2030 3731 nivit.
2060 3673 2161 3743 Qui
2195 3673 2266 3728 ita
2295 3682 2450 3726 actus
2479 3685 2608 3726 suos
2637 3669 3032 3740 circumspicit,
3059 3679 3119 3725 ut
3145 3670 3311 3725 etiam
3341 3679 3379 3706 πη
3408 3669 3478 3726 ab

1878 3767 2074 3822 alienis
2115 3765 2254 3822 mala
2302 3764 2686 3820 sollicitatione
2714 3761 2996 3818 declinet:
3039 3770 3096 3818 et
3139 3770 3381 3830 veretur,
3417 3777 3487 3819 ne

1880 3859 2071 3917 alienis
2135 3856 2365 3914 maculis
2415 3855 2622 3914 candor
2672 3871 2801 3910 suus
2847 3855 3166 3926 puritasque
3214 3855 3482 3911 fuscetur.

1879 3962 1908 3990 ιι
1951 3953 2224 4020 Quoniam
2261 3949 2534 4006 tendendo
2563 3949 2630 4004 ad
2665 3945 3091 4015 beatitudinem,
3141 3963 3251 4004 non
3283 3947 3488 4002 sufficit

1879 4046 2141 4103 recedere
2171 4055 2377 4101 tantum
2405 4061 2435 4099 a
2461 4043 2618 4100 malis
2644 4060 2658 4096 :
2692 4041 2908 4097 scilicet
2930 4042 3098 4096 etiam
3130 4041 3274 4098 bona
3303 4041 3485 4098 facere

1881 4154 2107 4196 necesse
2133 4148 2235 4194 est.
2266 4135 2501 4193 Inferius
2523 4136 2598 4190 ait
2624 4153 2637 4190 :
2672 4134 2780 4191 Sed
2803 4136 2856 4188 in
2886 4135 2994 4206 lege
3018 4133 3236 4188 Domini
3263 4135 3362 4205 fuit
3388 4149 3482 4187 vo-

1880 4233 2074 4300 luntas,
2125 4247 2318 4304 usque,
2371 4231 2474 4298 die,
2519 4247 2581 4284 ac
2622 4238 2789 4284 nocte.
2845 4227 2966 4284 Non
3021 4228 3223 4295 solum,
3279 4227 3478 4297 inquit,

1879 4328 2059 4381 studet
2086 4325 2350 4381 malorum
2376 4323 2651 4380 consortia
2683 4321 2986 4391 declinare,
3017 4336 3207 4377 verum
3236 4319 3479 4388 assidua,

1878 4427 1933 4475 et
1969 4419 2088 4489 jugi
2120 4417 2478 4473 meditatione
2508 4414 2669 4486 legis,
2693 4414 2879 4482 discit,
2913 4413 3132 4484 qualem
3155 4429 3214 4469 se
3244 4411 3482 4468 formare

1877 4508 2192 4566 conveniat.
2225 4507 2291 4563 Et
2314 4516 2372 4563 ut
2411 4507 2750 4563 fructuosum
2778 4506 3121 4577 bujusmodi,
3151 4504 3296 4578 quod
3325 4517 3480 4559 com-

1948 4678 1972 4715 Β
2005 4667 2266 4723 Fortasse
2291 4667 2579 4735 legendum
2607 4675 2691 4721 est
2719 4667 3058 4721 continenter.

1948 4737 1976 4776 ⁸³
2019 4737 2279 4808 Suspicor
2305 4737 2744 4802 rescribendum,
2779 4745 3012 4804 peracto.

1957 4808 1970 4846 ί
2010 4809 2191 4864 Malim
2213 4810 2304 4880 qui
2332 4809 2542 4876 reponi,
2569 4823 2669 4877 pro
2703 4809 2820 4880 sed.

1953 4883 1966 4932 i
2009 4878 2234 4935 Videtur
2260 4880 2432 4935 multo
2467 4881 2670 4936 rectius
2703 4878 2994 4950 legendum
3042 4881 3389 4948 propositum.
3422 4883 3483 4940 In

1880 4953 2232 5022 subsequenti
2287 4953 2542 5024 proxime
2577 4965 2741 5024 versu
2766 4948 3111 5024 adverbium,
3167 4968 3474 5024 numquam,

1879 5041 1981 5096 pro
2009 5020 2509 5096 exesisiu’codice
2553 5022 2753 5096 litteris
2795 5020 3198 5077 substituimus.
3248 5020 3484 5084 Leviora

1877 5094 2128 5168 quaedam
2153 5095 2262 5149 alia
2282 5095 2452 5168 taciti
2481 5094 2828 5168 castigamus.

1951 5166 2103 5223 lillis.
2155 5167 2422 5236 prmferre
2459 5163 2766 5231 videbatur,
2823 5163 3136 5236 utriusque:
3186 5179 3318 5222 mox
3375 5182 3476 5235 pro

1880 5255 2054 5310 quam,
2107 5235 2292 5293 malim
2343 5239 2503 5309 quod,
2559 5245 2652 5292 aut
2699 5235 3273 5308 quoniamrdenique
3320 5254 3478 5295 voca-

1881 5319 2078 5375 rentur,
2108 5324 2209 5380 ι)Γο
2241 5319 2528 5364 vocaretur.

1960 5380 1978 5420 ι
2013 5378 2216 5506 διῃέρις
2256 5395 2356 5506 piro
2400 5394 2571 5436 vacuo
2619 5379 2822 5452 spatio,
2850 5378 3075 5434 hominis
3100 5394 3120 5436 :
3145 5389 3243 5438 aut
3271 5383 3475 5458 'animi,

1960 5461 2096 5506 taui
2167 5466 2288 5506 sum
2312 5467 2363 5506 e.

1883 5461 1977 5508 aut
2006 5461 2136 5519 quia
2167 5461 2363 5507 simile.

1955 5523 1993 5546 ¹³
2016 5523 2220 5596 peerat
2245 5523 2298 5578 in
2321 5538 2426 5579 ms.
2459 5525 2522 5578 ab
2545 5523 2876 5596 praepositio.

1959 5603 1987 5632 ιι
2016 5594 2373 5652 Restituimus
2398 5611 2466 5651 ex
2496 5594 2714 5667 ingenio
2756 5597 2864 5663 hic,
2896 5595 3181 5664 Quoniam,
3209 5605 3265 5654 et
3292 5597 3348 5654 in
3375 5598 3485 5658 line

1882 5681 2098 5744 versus,
2123 5676 2348 5734 tantum,
2375 5683 2474 5736 pro
2497 5667 2704 5739 quibus
2727 5678 2982 5740 corrupte
3008 5679 3126 5728 erat
3155 5669 3210 5728 in
3247 5685 3479 5744 apogra-

1882 5738 2010 5811 pho,
2041 5755 2219 5811 quam,
2246 5748 2300 5798 et
2331 5749 2519 5796 tamen.
