3980 6286
511 258 615 314 819

1304 241 1649 304 APPENDIX
1686 241 1780 297 AD
1820 236 2065 295 TOMUM
2107 231 2458 299 SEPTIMUS]
2502 229 2563 287 5.
2609 223 3011 285 HIERONYMI.

3713 221 3818 280 8‘20

511 367 779 429 mandare
806 366 1000 420 nititur
1043 360 1282 432 przrbeat
1305 357 1544 413 studium
1571 373 1583 408 :
1618 353 1824 409 inducit
1851 349 2106 409 similitu-
2141 355 2179 412 Λ
2212 346 2340 405 tiam
2372 344 2737 401 damnationis
2764 343 3061 415 excipiant.
3090 341 3148 394 lit
3180 356 3245 394 ne
3274 338 3412 395 forte
3443 353 3508 394 ex
3537 339 3822 393 communi

515 462 726 526 dinem,
759 473 856 530 per
882 471 1045 527 quam
1076 452 1270 522 possit,
1298 450 1527 513 bonum,
1555 457 1611 503 et
1645 456 1669 483 ⁸
1692 446 1915 503 beatum
1942 457 2101 512 quem

511 550 726 617 dicunt,
758 546 1070 605 hominibus
1092 544 1361 601 relucere.
1390 538 1458 595 Et
1485 539 1584 595 erit
1610 538 1742 593 sicut
1764 532 2109 607 lignumquod

494 645 809 713 .plautatum
853 646 928 693 est
956 650 1101 691 secus
1128 634 1398 699 decursus,
1432 645 1623 701 usque,
1652 624 2110 702 prosperabuntur.

518 735 676 792 Sicut
713 731 899 797 arbor,
934 728 1131 797 inquit,
1159 723 1249 779 cui
1280 724 1549 779 virere....
1590 728 1779 775 natura
1809 726 1915 780 est,
1947 715 2110 771 etiam

519 827 550 867 ι)
583 828 712 894 loci,
759 825 814 880 in
842 836 954 893 quo
987 820 1228 891 plantata
1258 817 1438 881 itterit,
1487 812 1793 869 vivificatur
1824 808 2111 872 beneﬁcio,

517 932 573 976 ut
617 920 686 976 ab
709 917 960 975 ariditate
1002 915 1162 984 aquis
1206 910 1528 966 defendatur
1558 906 1799 976 irriguis,
1851 912 2013 970 atque
2046 902 2113 954 ah

516 1011 606 1067 his
650 1009 838 1066 multis
883 1008 955 1063 sit
1011 1004 1279 1061 fructibus
1328 1001 1485 1073 plena
1518 1017 1531 1053 :
1561 1013 1681 1070 qua:
1724 1011 1905 1064 neque
1950 994 2112 1056 aeris,

514 1119 693 1176 neque
738 1101 864 1168 loci,
894 1114 1073 1171 neque
1103 1097 1366 1167 temporis
1409 1095 1633 1164 injurias
1664 1094 1850 1151 sentit.
1885 1088 1938 1144 ld
1968 1087 2113 1144 enim

502 1196 744 1262 iudicat,
768 1192 913 1264 quod
937 1192 1185 1261 sequitur
1217 1189 1437 1245 dicens:
1469 1183 1537 1239 Et
1564 1183 1738 1239 omnia
1780 1194 2117 1252 quaecumque

517 1289 694 1360 faciet,
734 1284 1223 1358 prosperabuntur;
1271 1278 1553 1343 omnibus,
1603 1284 1709 1337 tam
1743 1282 2009 1345 perpetuo
2038 1272 2116 1329 vi-

498 1396 668 1448 .rore,
718 1392 881 1450 quam
912 1388 1195 1447 pomorum
1237 1370 1651 1434 numerositate,
1695 1366 2013 1433 cottsiiicua.
2041 1362 2117 1419 ita

524 1488 680 1543 :eque
707 1471 798 1526 ille
825 1469 931 1524 erit
972 1466 1178 1534 clarus,
1211 1464 1305 1534 qui
1332 1480 1393 1521 se
1422 1474 1477 1521 et
1507 1478 1535 1516 a
1579 1460 1741 1519 malis
1766 1457 2117 1520 abstinuerit.

525 1577 579 1620 et
614 1565 876 1623 honorum
906 1558 1209 1616 studiorum
1242 1572 1431 1613 amore
1461 1552 1787 1617 devinxerit,
1822 1566 1983 1621 quem
2015 1564 2116 1605 nec

523 1660 634 1714 ulla
674 1666 1019 1727 peccatorum
1060 1669 1223 1726 opera
1252 1652 1547 1720 decipiant,
1578 1658 1636 1711 et
1675 1646 1962 1705 meditatio
1990 1658 2125 1699 con-

2212 436 2634 497 resurrectionis
2648 439 2864 495 nomine
2880 447 3226 490 communem
3252 428 3634 486 1:rstimemus
3654 431 3824 484 etiam

2214 532 2448 589 futuram
2468 531 2846 600 cxpulsioucm
2868 543 2988 583 esse
3010 533 3357 589 cunctorum,
3377 522 3649 590 ostendit,
3678 519 3824 592 quod

2218 624 2270 677 in
2300 622 2491 677 eodem
2538 628 2814 681 momento
2843 614 3274 674 resurrectionis
3304 628 3495 684 magna
3529 612 3719 665 futura
3761 611 3828 666 sit

2217 714 2555 781 differentia,
2590 724 2647 769 ut
2687 713 2827 769 alius
2874 725 2972 781 per
3004 709 3155 765 illum
3202 706 3270 763 ad
3317 706 3582 767 honorem
3617 703 3831 773 perdu-

2217 816 2395 874 catur,
2429 806 2567 861 alins
2598 808 2845 860 mittatur
2886 806 2939 859 in
2972 816 3208 873 poenam.
3241 800 3359 857 Erit
3387 799 3533 855 enim
3576 798 3828 869 pretiosa

2217 901 2342 957 aliis
2371 909 2425 955 ct
2462 897 2907 965 remnuerahilis,
2942 895 3065 950 aliis
3092 893 3296 966 gravis,
3330 901 3497 963 atque
3526 890 3826 951 terribilis.

2218 1003 2259 1032 πι
2284 993 2381 1051 Vel
2410 994 2554 1049 inter
2582 1001 2636 1046 et
2668 991 2916 1062 impium,
2944 997 3000 1045 et
3024 997 3369 1060 peccatorem
3401 986 3535 1041 fecit
3557 982 3830 1041 differen-

2222 1088 2355 1142 tiam
2385 1104 2397 1141 :
2424 1095 2479 1142 et
2510 1085 2705 1155 impios
2735 1084 2955 1155 quidem
2987 1083 3062 1137 ait
3106 1082 3158 1136 in
3187 1079 3451 1150 judicium
3486 1094 3595 1135 non
3637 1092 3831 1132 resur-

2218 1193 2371 1252 gere,
2404 1177 2455 1233 id
2480 1188 2586 1243 est.
2618 1184 2678 1232 ut
2704 1176 2957 1246 superius
2982 1174 3250 1240 diximus,
3285 1187 3392 1227 non
3426 1171 3478 1226 in
3516 1178 3545 1206 τι
3576 1184 3832 1225 commu-

2222 1273 2553 1335 nicationem
2608 1270 2795 1326 venire
2860 1264 3229 1338 peccatoris:
3308 1264 3407 1319 hos
3473 1264 3529 1319 in
3589 1261 3833 1318 consilio

2217 1366 2516 1437 iustorum,
2568 1362 2672 1419 hoc
2720 1370 2827 1428 est,
2886 1370 2946 1416 ut
2990 1359 3139 1415 nulla
3187 1358 3296 1413 illis
3340 1357 3413 1412 sit
3457 1358 3509 1413 in
3549 1356 3830 1426 iustorum

2210 1456 2674 1517 remuneratione
2728 1453 3069 1510 communio.
3118 1449 3431 1507 Tradentur
3485 1464 3617 1518 ergo
3665 1447 3834 1502 etiam

2224 1550 2330 1621 ipsi
2360 1548 2669 1625 suppliciis,
2703 1562 2808 1604 non
2837 1545 2981 1619 quod
3015 1559 3111 1616 per
3137 1552 3367 1617 peccata
3397 1542 3773 1601 excluduntur
3800 1554 3829 1595 a

2225 1644 2445 1716 primis,
2481 1658 2544 1698 ea
2593 1643 2711 1697 sine
2753 1639 2942 1703 dubio,
2992 1654 3114 1709 quae
3144 1646 3273 1692 sunt
3304 1652 3332 1692 a
3368 1635 3564 1709 primis
3608 1634 3834 1690 diversa

523 1726 683 1808 tinua
703 1751 838 1820 legis
868 1760 1115 1813 exornet.
1153 1759 1175 1784 ο
1225 1762 1303 1804 ss.
1334 1756 1652 1801 ψει-ηπ...
1686 1740 1809 1798 Non
1854 1740 1927 1794 sic
1952 1739 2118 1811 impii,
2152 1749 2199 1813 Β
2226 1737 2575 1793 facientibus.
2624 1735 2682 1791 In
2732 1734 2836 1789 hoc
2881 1733 3026 1789 enim
3061 1731 3167 1786 erit
3206 1730 3541 1797 differentia,
3573 1738 3635 1784 ut
3684 1726 3832 1797 impii

517 1859 625 1897 non
664 1844 759 1911 sic,
801 1841 891 1895 sed
918 1850 1209 1912 tamquam,
1259 1852 1450 1909 usque,
1479 1855 1509 1891 ιι
1541 1836 1678 1908 facie
1725 1843 1895 1889 terrm.
1946 1831 2121 1901 Supe-

520 1933 760 1991 rioribus
807 1930 971 1985 dictis
1022 1943 1218 1985 omnes
1271 1930 1337 1982 ad
1386 1928 1603 1983 virtutis
1641 1925 1887 1985 studium
1934 1936 2126 1993 provo-

504 2028 664 2091 cavit
696 2046 709 2082 :
747 2024 1110 2097 prmseutibus
1140 2026 1385 2080 deterret
1411 2037 1440 2074 a
1472 2022 1643 2089 vitiis,
1675 2030 1731 2076 et
1767 2017 1794 2056 ἀ
1844 2032 2125 2088 compara-

524 2118 676 2173 tione
706 2116 947 2188 pulveris
974 2114 1233 2180 ostendit,
1266 2113 1394 2184 quia
1421 2121 1567 2169 tanta
1610 2112 1681 2166 sit
1723 2109 1903 2187 vilitas
1937 2107 2123 2178 impio-

525 2227 669 2273 rum,
716 2220 739 2247 ο
787 2220 840 2262 et
866 2223 1031 2279 quam
1063 2206 1215 2277 digni
1246 2205 1432 2274 aliquo
1472 2203 1815 2261 aestimantur
1845 2212 2075 2255 assensu
2110 2217 2121 2254 :

526 2310 583 2356 et
615 2303 687 2355 ita
721 2300 877 2353 malis
907 2295 1423 2368 supervenientibus
1461 2293 1811 2365 impellantur
1842 2290 2021 2358 facile,
2064 2304 2128 2346 ac

510 2406 669 2475 ‘stare
702 2408 808 2447 non
845 2392 1077 2461 possint,
1111 2398 1174 2446 ut
1218 2390 1398 2459 pulvis
1429 2389 1523 2459 qui
1574 2402 1686 2459 prae
1717 2387 1984 2442 tenuitate
2027 2400 2125 2440 sua

520 2500 585 2539 ac
616 2484 864 2553 levitate,
911 2489 1201 2543 ventorum
1234 2480 1453 2537 flatibus
1499 2480 1603 2535 huc
1642 2480 1879 2551 illucque
1920 2478 2129 2550 disper-

524 2576 764 2645 gitur....
804 2572 932 2627 Ideo
957 2589 1059 2629 non
1087 2570 1105 2611 ί
1140 2583 1412 2643 resurgant
1441 2572 1610 2645 impii,
1647 2585 1818 2639 usque
1839 2572 2124 2641 justorum.

524 2670 651 2723 ll.rc
679 2666 892 2732 dicens,
917 2679 1025 2719 non
1048 2666 1509 2727 resurrectionem
1542 2663 1727 2734 impiis
1750 2662 2005 2734 denegat,
2034 2662 2125 2734 qui

527 2761 716 2829 utique
755 2758 805 2819 si
831 2771 946 2823 non
972 2766 1350 2829 resurgerem,
1386 2755 1763 2821 lucrificarent
1794 2755 1967 2809 futura
2004 2769 2132 2829 snp-

523 2853 710 2923 plicia,
761 2867 883 2922 qua:
929 2850 1148 2921 quidem
1202 2866 1308 2907 non
1354 2850 1513 2907 aliter
1560 2860 1585 2898 8
1633 2865 1739 2905 non
1791 2849 2029 2905 restituti
2073 2850 2126 2906 in

524 2960 759 3015 corpore
781 2945 1153 3009 sustinebunt.
1179 2941 1207 2980 ιι
1233 2944 1368 2999 Nam
1395 2945 1468 2999 ita
1491 2945 1601 3000 erit
1618 2958 1911 2999 commune
1932 2943 2128 2999 animt!)

530 3039 888 3108 corporisque
914 3038 1269 3111 supplicium,
1300 3038 1437 3099 sicut
1470 3038 1569 3099 fuit
1606 3044 1947 3111 peccatorum
1981 3051 2130 3092 com-

527 3129 709 3185 munis
755 3129 1019 3184 admissio
1070 3126 1085 3166 ί
1126 3168 1216 3191 ...,
1271 3128 1378 3183 tale
1432 3138 1613 3183 est....

522 3224 730 3294 apertis
779 3221 1100 3283 criminibus
1153 3236 1335 3279 moras
1384 3222 1449 3275 ad
1503 3222 1889 3291 inquirendum
1948 3219 2127 3274 nullas

517 3304 806 3381 adhibere,
838 3315 935 3370 sed
967 3314 1150 3379 statim
1198 3312 1674 3368 eondcrnnalionis
1718 3313 1860 3367 ferre
1900 3321 2128 3367 senten-

520 3409 653 3462 tiam
681 3425 695 3462 :
727 3409 799 3462 ita
827 3419 883 3463 et
918 3407 1068 3478 impii
1101 3406 1167 3461 ad
1199 3421 1416 3475 pennam
1446 3414 1797 3474 resurgentes
1838 3421 1945 3459 non
1979 3405 2127 3461 illam

535 3503 549 3555 i
591 3503 909 3565 dilationem
941 3500 1242 3569 habebunt,
1277 3514 1397 3573 quae
1424 3499 1564 3553 solet
1589 3497 1777 3567 iudicii
1808 3501 1853 3551 vi
1880 3498 1930 3552 in
1961 3512 2132 3569 quaes-

512 3582 769 3654 tionibus
800 3597 1111 3652 admoveri:
1137 3609 1276 3671 quos
1301 3593 1522 3663 gravius
1552 3606 1775 3646 manere
1804 3591 2129 3669 supplicium

522 3690 734 3763 psalmo
767 3690 868 3743 hoc
919 3686 1188 3747 indicatur
1218 3684 1241 3722 ιε
1401 3683 1467 3739 ad
1498 3683 1827 3745 sceleratum
1860 3685 2128 3737 sententia

523 3780 586 3835 in
628 3782 805 3836 locum
849 3778 1056 3835 meritis
1101 3777 1215 3832 suis
1267 3775 1509 3830 debitum
1537 3785 1594 3831 et
1624 3775 1872 3831 ultimum
1905 3785 2129 3831 contru-

524 3873 724 3929 dentur
748 3872 1000 3927 exitium.
1032 3869 1100 3927 Et
1140 3869 1267 3926 ideo
1296 3884 1407 3933 non
1436 3869 1570 3925 dixit
1599 3868 1869 3930 absolute.
1899 3886 2004 3924 non
2048 3888 2130 3925 re-

525 3972 775 4036 surgent;
806 3961 901 4019 sed
926 3960 1154 4027 addidit,
1186 3961 1240 4019 in
1254 3960 1461 4036 judicio
1495 3978 1514 4017 :
1544 3962 1669 4017 licet
1703 3979 1809 4017 non
1837 3971 2131 4041 resurgent

522 4053 591 4109 ad
623 4053 1113 4125 examinationem,
1144 4052 1241 4113 sed
1267 4063 1576 4124 resurgant,
1600 4062 1659 4115 ut
1684 4054 1868 4115 statim
1901 4066 2125 4113 senten-

597 4269 622 4298 ι
650 4260 994 4331 Trajectione
1013 4261 1209 4323 vitiosa
1228 4263 1481 4327 laborare
1504 4264 1654 4327 visus
1680 4274 1762 4320 est
1805 4279 1906 4329 ms.
1942 4266 1995 4327 in
2020 4281 2129 4338 quo

597 4340 666 4388 at.
699 4348 857 4388 auam
884 4332 1113 4388 beatum.

528 4345 666 4391 erat.
699 4348 857 4391 quam
884 4345 1113 4391 beatum.

596 4342 666 4399 at,
673 4348 857 4459 ffuant
884 4342 1113 4393 beatum.

596 4401 625 4440 ι)
723 4406 773 4459 lc
824 4418 1040 4476 quoque
1094 4421 1204 4462 non
1271 4406 1645 4462 dubitavimus
1679 4406 1928 4478 refigere
1986 4408 2125 4477 loci,

520 4487 756 4599 pomaque
780 4488 886 4532 ms.
915 4485 1109 4533 contra
1127 4480 1517 4547 grammaticas
1538 4477 1757 4549 regulas
1774 4477 2126 4549 p’rmf‘erebat,

566 4626 625 4697 ,σε
653 4617 731 4672 lta
759 4617 1184 4697 compendiariis
1216 4620 1358 4681 notis
1389 4618 1505 4697 hoc.
1525 4619 1708 4677 medio
1741 4634 1903 4679 versu
1948 4621 2000 4697 in
2032 4637 2127 4676 eo-

522 4684 645 4761 dice
690 4684 952 4758 scriptum
983 4698 1105 4759 est;
1142 4699 1303 4761 puta,
1347 4690 1532 4746 salutis
1579 4700 1809 4750 azternw.
1856 4692 2001 4761 quod
2038 4702 2124 4747 est

522 4756 759 4840 fortasse
789 4756 1064 4830 glossema
1094 4756 1175 4816 ab
1218 4776 1315 4817 ora
1345 4760 1549 4819 codicis
1582 4762 1637 4819 in
1680 4756 1888 4818 textum
1917 4769 2121 4819 temere

520 4841 900 4889 tmportatttm.

651 4901 936 4960 Manifesta
966 4902 1167 4976 mendo
1211 4903 1411 4976 legitur
1454 4903 1509 4965 in
1553 4903 1891 4976 apographo,
1925 4920 2125 4976 prapo-

518 4973 798 5046 rationem,
828 4990 926 5043 pro
947 4991 1053 5046 quo
1070 4973 1905 5046 substituimus,comparatione.

519 5114 537 5127 ο
597 5052 620 5080 θ
653 5044 839 5127 Facile
868 5044 1521 5127 assenti_ar_rescribenti,
1565 5044 1623 5101 ut
1675 5062 1973 5117 numquam,
2018 5061 2115 5116 pro

519 5114 866 5179 incommoda
899 5117 1111 5179 codicis
1150 5116 1408 5187 lectione,
1453 5124 1501 5183 et
1546 5132 1703 5185 quam
1751 5133 1771 5177 :
1813 5114 1927 5183 tum
1962 5114 2117 5173 rem-

520 5195 749 5259 meatur,
779 5202 877 5259 pro
894 5188 1243 5259 testimantur.

593 5254 1101 5340 f_Notnip,_veteres
1124 5257 1332 5340 aliquot
1350 5273 1473 5313 cum
1501 5257 1801 5340 versiones,
1832 5272 1957 5325 cum
1999 5266 2113 5315 tra-

519 5335 761 5411 ctatores
797 5330 849 5387 in
875 5330 1098 5411 instanti
1127 5330 1355 5411 legisse,
1379 5338 1675 5403 resurgant,
1703 5330 1898 5411 Noster
1927 5339 2107 5411 tamen

519 5409 627 5450 non
660 5398 762 5452 sibi
787 5398 964 5471 usque
1003 5401 1141 5455 adeo
1167 5408 1252 5456 est
1271 5398 1548 5471 constans,
1581 5410 1638 5455 ut
1681 5416 1803 5468 mox
1831 5399 1885 5455 in
1931 5400 2111 5465 futuro

523 5466 944 5554 no_nJ>r:e.ferat,
971 5480 1261 5554 resurgant.

519 5547 621 5663 "at;
636 5538 1157 5667 ιξθμειηὺῖι
1184 5556 1399 5610 sensus,
1428 5546 1474 5600 si
1504 5560 1661 5614 quam
1687 5542 1977 5613 rescribas,
2010 5556 2110 5612 pro

686 5624 933 5669 eruenta.

590 5672 717 5759 h_lta
759 5679 937 5759 locum
969 5694 1034 5737 ex
1080 5680 1297 5759 logenlo
1333 5683 1583 5759 refigere,
1631 5682 1809 5755 coegit
1845 5681 2109 5759 orationis

521 5750 716 5816 series,
736 5754 1019 5817 etsensus,
1050 5750 1323 5822 qul'antea
1354 5750 1453 5810 aut
1472 5750 1653 5812 nullus
1671 5750 1809 5821 erat,
1835 5761 1927 5808 aut
1952 5750 2113 5823 plane

1670 3127 2016 3200 posuerimus
2071 3127 2123 3181 in
2152 3136 2198 3200 (ς

2228 1831 2447 1903 quidem
2477 1836 2767 1900 resurgant
2795 1842 2906 1883 non
2934 1825 3293 1891 discutiendi,
3338 1823 3431 1879 sed
3462 1822 3648 1877 statim
3700 1819 3833 1877 locis

2231 1933 2255 1960 ο
2287 1924 2406 1980 suis
2438 1922 2775 1994 deputandi:
2830 1928 3152 1995 peceatores
3195 1932 3350 1984 vero,
3398 1925 3453 1970 ut
3490 1916 3645 1970 nulla
3673 1914 3834 1984 iustis

2228 2015 2619 2072 communione
2649 2015 2969 2087 junguntur.
3006 2012 3120 2067 lloc
3147 2020 3331 2065 autem
3381 2007 3732 2063 manifestius
3764 2021 3831 2060 ex

2230 2109 2332 2175 bis,
2358 2126 2481 2181 qua:
2509 2119 2837 2178 sequuntur,
2869 2106 3173 2161 ostenditur
3200 2120 3213 2157 :
3249 2103 3507 2169 Quoniam
3537 2103 3683 2155 norit
3720 2099 3829 2152 Do-

2229 2203 2403 2256 minus
2444 2201 2581 2257 viam
2600 2202 2892 2272 justorum,
2937 2197 2992 2252 id
3033 2206 3140 2263 est,
3174 2196 3438 2266 placitum
3473 2193 3602 2257 sibi,
3648 2202 3710 2247 et
3741 2208 3827 2247 ac-

2231 2301 2447 2363 ceptum
2477 2306 2606 2355 esse
2634 2289 3099 2347 remunerationis
3130 2286 3444 2343 testimonio
3472 2284 3829 2359 perdoccbit;

2231 2396 2276 2441 et
2301 2387 2400 2443 iter
2425 2385 2706 2456 impiorum
2733 2384 2944 2456 peribit.
2972 2381 3100 2443 Ideo
3128 2380 3274 2438 enim
3309 2395 3418 2436 non
3442 2388 3747 2450 resurgunt
3767 2377 3830 2432 ad

2232 2477 2696 2535 examinationcm
2751 2475 2927 2544 impii,
2971 2476 3097 2544 quia
3144 2473 3388 2528 omnium
3438 2471 3536 2525 vise
3591 2470 3831 2541 perfecta

2233 2570 2329 2626 Dei
2361 2570 2553 2626 notitia
2584 2569 2964 2625 continentur:
2997 2575 3159 2637 atque
3184 2566 3252 2619 ab
3279 2563 3363 2618 his
3397 2563 3545 2621 nulla
3569 2562 3835 2616 dilatione

2232 2664 2697 2718 resurrectionem
2744 2676 2937 2717 eorum
2978 2658 3246 2722 conditio,
3293 2667 3348 2711 et
3388 2671 3509 2711 sors
3550 2655 3721 2726 digna
3750 2670 3838 2708 su-

2235 2766 2458 2829 mme
2695 2824 3014 2883 rsALnus
3052 2822 3375 2881 TERTIUS.

2232 2943 2479 3009 ,Psalmus
2512 2942 2693 3007 David,
2726 2957 2846 2995 cum
2877 2940 3076 3011 fugeret
3102 2956 3133 2992 a
3162 2939 3295 3010 faeie
3338 2938 3566 2992 Absalon
3595 2936 3702 3005 filii
3738 2936 3834 3011 sui.

2305 3016 2542 3072 Absalon
2591 3022 2793 3074 autem,
2827 3013 2916 3082 qui
2939 3009 3360 3079 interpretatur,
3393 3012 3734 3082 patrispax,
3768 3009 3837 3082 si-_

2304 3088 2527 3159 gnificat
2552 3085 2744 3159 ludam
2769 3077 3127 3159 proditorem,
3156 3097 3186 3135 a
3220 3081 3375 3159 cujus
3394 3077 3536 3159 facie
3564 3077 3837 3159 Davidtid

2302 3150 2415 3222 εει,
2460 3156 2733 3221 Christus,
2770 3150 2876 3210 'Dci
2910 3156 3116 3219 virtus,
3147 3162 3201 3208 et
3246 3152 3343 3209 Dei
3377 3153 3647 3221 sapientia
3699 3150 3841 3205 velut

2305 3228 2456 3298 fugit,
2488 3226 3209 3299 quaudoillmn,postquam
3243 3224 3489 3299 diabolus
3518 3225 3569 3277 in
3599 3239 3702 3277 cor
3724 3222 3837 3293 ejus

2304 3295 2540 3364 intravit,
2574 3298 2787 3354 occulto
2812 3295 3016 3365 judicio
3042 3295 3310 3350 deseruit.

2310 3411 2552 3480 Domine,
2575 3411 2704 3483 quid
2735 3410 3072 3478 multiplicati
3096 3418 3239 3465 sunt.
3264 3408 3381 3464 Vox
3413 3406 3615 3467 Christi
3645 3408 3718 3463 ad
3742 3408 3838 3463 Pa-
3930 3482 3935 3491 ⁸

2233 3515 2371 3560 trem
2402 3520 2500 3574 pro
2528 3502 2971 3575 persecutoribus
3008 3502 3146 3568 suis,
3179 3502 3283 3556 hoc
3327 3514 3434 3566 esr,
3478 3500 3733 3561 Judmis:
3788 3508 3839 3553 et

2240 3594 2487 3650 Ecclesia
2518 3578 2618 3665 pro
2649 3592 2780 3667 [Με.
2831 3592 2951 3667 per]
2983 3592 3253 3647 universis
3302 3593 3540 3648 inimicis
3590 3593 3710 3646 suis
3742 3592 3841 3649 Do«

2237 3686 2440 3742 minum
2496 3687 2814 3759 alloquitur.
2882 3686 2980 3740 llic
3042 3694 3224 3739 autem
3276 3685 3536 3741 Dominus
3586 3684 3837 3741 Christus

2234 3789 2421 3835 contra
2469 3793 2530 3834 se
2576 3779 2808 3851 populos
2861 3777 3149 3844 excitatos,
3200 3777 3288 3848 qui
3339 3776 3404 3830 ad
3465 3792 3561 3833 eos
3613 3783 3838 3834 venerat

2232 3886 2399 3927 causa
2453 3871 2790 3927 salvationis.
2848 3869 3112 3937 Dicendo,
3147 3869 3396 3924 tribulant
3444 3886 3546 3941 me,
3597 3869 3836 3925 ostendit

2236 3980 2567 4037 magnopere
2596 3964 2897 4020 caecitatem
2928 3962 3152 4018 illorum
3174 3978 3233 4018 se
3256 3962 3521 4027 doluisse,
3546 3964 3638 4034 qui
3667 3962 3833 4018 obsti-

2237 4055 2380 4112 natis
2430 4056 2704 4113 mentibus
2753 4070 2876 4111 eum
2931 4065 3287 4126 respuernnt.
3321 4053 3477 4110 Multi
3523 4056 3731 4111 dicunt.
3780 4054 3830 4108 In

2231 4267 2523 4338 scriptoris
2544 4267 2709 4324 menti
2737 4268 3060 4324 contrarius.
3079 4265 3185 4338 Pro
3206 4282 3348 4338 nam,
3377 4264 3432 4320 in
3458 4264 3652 4320 codice
3667 4267 3829 4337 scrip

2233 4336 2483 4410 tum'erat
2504 4356 2640 4395 non:
2657 4356 2756 4410 pro
2780 4340 2932 4399 sicut.
2949 4348 3067 4393 erat
3087 4337 3196 4390 sed.
3218 4336 3381 4410 Hisce
3405 4336 3821 4393 amanuensium

2231 4409 2557 4466 certissimis
2585 4409 2800 4466 mendis
2822 4418 3002 4464 textus
3034 4409 3338 4464 laborabat.

2310 4481 2326 4519 ί
2356 4482 2828 4552 Elegantissimam
2850 4481 3248 4552 expositionem
3267 4479 3429 4534 nitori
3453 4478 3690 4552 pristino
3712 4480 3827 4536 red-

2234 4551 2350 4625 das,
2386 4554 2430 4625 si
2458 4548 2582 4625 qum
2610 4548 2942 4625 exciderunt
2966 4551 3087 4625 haec
3114 4550 3303 4614 verba,
3353 4548 3465 4625 aut
3495 4548 3576 4604 his
3630 4552 3823 4607 similia

2231 4621 2515 4682 sufficias:
2543 4624 2635 4681 sed
2656 4624 2761 4681 tale
2779 4632 2877 4688 est,
2900 4623 2944 4677 si
2962 4621 3199 4693 judicent
3221 4621 3571 4693 posuerimus,
3602 4631 3713 4677 etc.

2306 4694 2319 4746 i
2354 4695 2636 4751 Manifesta
2664 4709 2855 4749 errore
2876 4691 3207 4747 dilectionem
3236 4691 3457 4758 praefert
3484 4707 3589 4746 ms.
3622 4708 3726 4763 pro
3748 4694 3823 4747 di.-

2221 4764 2470 4821 lationem
2501 4782 2519 4820 :
2553 4781 2678 4821 mox
2710 4779 2953 4834 quoque,
2978 4766 3074 4833 vis,
3109 4777 3206 4830 pro
3230 4763 3299 4819 vi.

2292 4835 2318 4874 ¹ί
2364 4832 2744 4903 Suppleudnni
2788 4832 3036 4900 videtur,
3083 4833 3175 4889 sed
3222 4834 3400 4889 statim
3450 4832 3815 4890 sceleratorum

2219 4908 2496 4973 sententia,
2522 4916 2630 4962 etc.

2300 4976 2319 5015 1
2360 4978 2414 5032 In
2465 4977 2652 5032 codice
2690 4985 2807 5031 erat
2839 4974 3022 5031 hiulco
3058 4990 3257 5041 sensu,
3296 4977 3635 5042 antimantes,
3668 4987 3723 5032 et
3768 4978 3816 5033 in

2223 5049 2578 5118 subsequenti
2602 5063 2919 5113 versu,cum
2949 5063 3046 5117 pro
3063 5050 3225 5117 quod.
3261 5049 3429 5105 Paulo
3450 5062 3670 5117 quoque
3702 5058 3817 5118 post

2216 5136 2403 5176 vocem
2432 5119 2742 5188 lii/Ieremia.
2772 5119 2942 5189 magis
2983 5134 3145 5188 quam
3176 5120 3244 5173 ab
3274 5120 3452 5174 exesis
3484 5119 3534 5171 in
3587 5134 3693 5175 ms.
3726 5122 3810 5175 lit-

2224 5194 2374 5253 teris,
2403 5208 2470 5247 es
2504 5202 2761 5247 contextu
2791 5205 2855 5245 ac
2884 5190 3028 5246 serie
3056 5191 3320 5245 orationis
3349 5190 3697 5245 excudimns.

2290 5272 2332 5300 ω
2363 5263 2471 5317 Pro
2491 5265 2645 5330 inter,
2672 5261 2889 5320 vocula.
2922 5270 3182 5329 corrupte
3215 5261 3409 5316 eratin
3440 5274 3543 5325 ms.
3569 5263 3736 5317 enim.

2288 5341 2315 5371 ο
2342 5333 2440 5388 Vix
2465 5333 2610 5393 dictu
2627 5342 2731 5396 est,
2764 5333 2961 5401 quibus
2992 5331 3292 5388 fmdarctur
3316 5333 3404 5386 hic
3430 5347 3627 5388 versus
3660 5351 3807 5388 men-

2216 5403 2323 5469 dis,
2348 5420 2476 5488 .qup
2509 5420 2575 5458 ex
2604 5405 2824 5487 ingenio
2845 5403 3113 5473 castigare
3137 5418 3375 5486 necesse.
3392 5403 3510 5486 fuit.
3545 5404 3652 5461 Pro
3677 5422 3810 5469 eatu-

2215 5475 2636 5542 municatiouem,
2664 5484 2777 5530 erat
2807 5475 2860 5528 in
2892 5489 3025 5531 mss.
3050 5475 3637 5547 excommunicationem
3661 5491 3683 5541 ;
3704 5493 3811 5547 pee-

2215 5555 2433 5619 catores,
2476 5561 2576 5619 pro
2608 5547 2937 5619 peccatoris
2957 5555 3012 5619 et
3037 5545 3183 5619 quod
3216 5544 3715 5619 Anegoliumanajus:
3740 5547 3809 5601 fa-

2214 5617 2485 5689 cessebat,
2512 5616 2856 5689 absque‘ulla
2886 5616 3261 5689 distinctionis
3283 5626 3433 5689 nota,
3467 5616 3540 5689 lii,
3573 5631 3673 5689 pro
3696 5616 3803 5672 hos.

2289 5686 2501 5757 °illlud,
2521 5685 2662 5757 suis,
2693 5685 2788 5757 ab,
2808 5688 3260 5747 evanescentibus
3304 5686 3358 5743 in
3389 5685 3587 5757 codice
3614 5687 3807 5746 litteris

2213 5754 2574 5827 coniectando
2596 5754 2943 5814 exaudimus.
