3980 6344
249 363 356 418 Sal

1232 355 1668 413 BREVIARIUM
1707 354 1771 412 ΙΝ
1815 353 2153 412 PSALMOS.
2195 351 2580 410 PROLOGUS.

3447 343 3556 401 823

227 485 461 531 -tantum
495 474 647 529 multi
699 473 940 536 fuerunt,
991 481 1046 525 ιιι
1077 470 1238 525 etiam
1269 471 1338 525 de
1367 484 1594 524 numero
1624 467 1836 524 Judato-
1871 471 1919 530 Α
1949 465 2096 521 salus
2125 465 2400 521 ullatenus
2427 463 2729 532 amputari;
2777 471 2831 518 et
2862 463 2986 517 ideo
3014 460 3303 516 credentes
3335 459 3388 513 in
3420 472 3544 514 eum

244 584 373 623 rum
405 566 635 622 traditor
663 564 832 621 Judas
860 565 964 619 illis
1007 561 1169 618 fuerit
1194 570 1541 633 aggregatus.
1578 560 1733 614 Multi
1766 559 1849 613 di-

242 669 421 714 cunt:
469 674 593 713 nam
640 673 763 712 cttm
812 656 1080 724 repetitur
1131 653 1260 727 [Με.
1311 649 1608 724 reperitur]
1648 651 1848 722 saepius

242 750 426 813 multi,
454 749 762 804 ostenditur
789 762 936 803 salva
967 745 1331 802 numerositas
1380 743 1690 813 impiorum.
1723 740 1847 796 Non

242 853 321 898 est
359 844 523 897 salus.
563 842 680 896 Hoc
723 841 789 894 ad
823 840 940 895 illas
964 853 1128 895 voces
1156 838 1390 908 pertinet
1414 835 1729 892 Judaaorum
1767 833 1848 890 di-

241 937 486 992 centium
513 951 527 988 :
561 934 708 989 Alios
739 935 906 988 salvos
937 933 1078 1002 fecit,
1110 948 1166 986 se
1194 933 1364 1002 ipsum
1392 945 1493 985 non
1536 938 1701 1000 potest
1741 928 1848 982 sal»-

240 1043 365 1082 vum
389 1031 581 1098 facere.
606 1025 687 1080 Tu
707 1036 904 1091 autem,
926 1025 1168 1080 Domine.
1201 1022 1437 1078 Verbum
1467 1037 1594 1077 caro
1624 1023 1841 1089 factum,

243 1120 488 1176 hominis
509 1128 594 1175 est
618 1118 922 1189 susceptio,
944 1129 998 1173 et
1029 1117 1325 1181 Ecclesiae;
1357 1126 1688 1186 quapropter
1717 1131 1846 1172 caro

241 1211 382 1267 dicit
408 1211 640 1282 gloriam
694 1225 870 1279 suam,
920 1219 975 1265 et
1006 1209 1391 1265 exaltationem
1421 1209 1635 1278 capitis,
1682 1223 1842 1280 quam

239 1304 490 1374 suscepit
523 1303 871 1373 omnipotens
901 1303 1137 1358 Verbum
1165 1320 1179 1356 :
1217 1302 1354 1358 Voce
1373 1318 1505 1355 mea.
1544 1301 1655 1357 lloc
1682 1317 1847 1356 evan-

239 1398 417 1468 gelica
450 1396 615 1452 verba
645 1397 951 1459 declarant,
981 1396 1072 1450 ubi
1117 1397 1192 1450 ait
1219 1395 1427 1451 Filius:
1460 1395 1640 1460 Pater,
1682 1395 1842 1450 clari-

241 1490 348 1559 ﬁca
384 1489 429 1544 F
431 1487 584 1544 ilium
612 1500 779 1558 tuum,
823 1498 927 1544 etc.
962 1489 1028 1544 Et
1059 1489 1324 1544 exaudivit
1353 1489 1417 1543 de
1446 1499 1620 1542 monte
1661 1498 1844 1544 sancto

241 1598 361 1646 suo,
397 1581 449 1636 id
477 1591 580 1649 est,
608 1581 676 1637 de
702 1581 1010 1637 Divinitatis
1032 1582 1487 1638 excellentissima
1507 1581 1842 1648 summitate,

240 1675 464 1745 quando
493 1674 568 1728 ait
600 1692 611 1728 :
664 1674 731 1729 Et
756 1675 1066 1743 clari/icavi,
1091 1685 1138 1729 et
1166 1676 1353 1730 iterum
1383 1675 1700 1745 clariﬁcabo.
1729 1673 1844 1745 Ego

237 1768 489 1823 dormivi.
523 1768 683 1823 Venit
714 1768 780 1823 ad
813 1768 1108 1824 secundam
1150 1777 1382 1838 partem,
1415 1768 1466 1822 in
1494 1785 1598 1839 qua
1639 1767 1846 1822 dormi-

1953 559 2260 616 benedictio
2286 561 2533 630 sequitur
2565 559 2921 628 sempiterna.

2387 653 2704 709 PSALMUS
2741 651 3092 720 QUARTUS.

1951 746 2016 801 In
2045 748 2199 815 ﬁnem
2227 748 2280 801 in
2300 747 2614 802 carminibus
2638 745 2868 814 psalmus
2901 745 3089 799 David.
3116 744 3214 799 llic
3238 744 3384 798 enim
3417 742 3539 798 ﬁnis

2021 817 2413 888 perfectionem
2463 816 2770 885 signiﬁcat,
2821 833 2926 870 non
2979 816 3534 888 censummationem.

2021 883 2270 944 Psalmus
2316 889 2381 943 ad
2438 883 2603 958 opus,
2661 890 2938 942 canticum
2993 901 3123 940 vero
3181 883 3420 940 refertur
3470 883 3541 938 ad

2020 961 2308 1014 scientiam
2327 1001 2342 1021 ,
2365 959 2452 1014 vel
2480 958 2748 1013 laetitiam.

2020 1052 2148 1109 Cum
2170 1052 2486 1106 invocarem.
2521 1051 2692 1106 Mater
2731 1051 2976 1106 Ecclesia
3016 1050 3321 1122 gratulatur
3373 1063 3544 1104 exau-

1947 1147 2117 1203 ditam
2148 1161 2209 1201 se
2237 1159 2361 1200 esse
2383 1161 2412 1198 a
2446 1144 2560 1198 Deo
2579 1143 2804 1214 iustitia;
2825 1159 2938 1198 suae
2961 1188 2975 1211 ,
3001 1157 3028 1195 a
3063 1159 3169 1211 quo
3196 1143 3247 1196 ei
3274 1151 3357 1197 est
3379 1155 3545 1196 omne

1947 1239 2093 1310 quod
2143 1237 2348 1307 justum
2406 1235 2574 1290 habet
2617 1245 2671 1289 et
2720 1244 2902 1300 recte,
2935 1233 3164 1303 jnstitiae
3207 1248 3320 1288 suae
3359 1251 3372 1285 :
3414 1233 3544 1300 quia

1947 1339 2149 1388 sanctae
2180 1329 2470 1384 Trinitatis
2503 1328 2764 1382 unitatem
2805 1335 2862 1380 et
2886 1326 3338 1396 omnipotentiam
3371 1324 3544 1380 conﬁ-

1949 1433 2117 1479 tetur.
2143 1422 2277 1489 Qua:
2307 1437 2366 1476 se
2393 1420 2678 1476 dilatatam
2719 1434 2844 1474 esse
2874 1417 3040 1480 dicit,
3078 1417 3296 1488 quando
3327 1416 3542 1472 confes—

1945 1529 2102 1570 sores
2145 1515 2313 1576 ﬁunt,
2364 1521 2419 1566 et
2469 1520 2742 1582 martyres
2788 1517 3144 1565 coronantur.
3178 1509 3351 1563 Aliter
3395 1526 3408 1562 :
3456 1509 3542 1563 Ah

1945 1606 2211 1674 angustiis
2243 1602 2481 1657 tristitia:
2507 1602 2562 1656 in
2588 1601 2932 1657 latitudinem
2965 1600 3289 1670 gaudiorum
3321 1615 3411 1656 me
3443 1599 3542 1653 ad-

1948 1697 2170 1752 duxisti.
2211 1695 2462 1750 Miserere
2499 1696 2619 1750 mei.
2659 1694 2752 1749 Pia
2788 1702 2964 1748 mater
3011 1691 3382 1748 miserendum
3420 1705 3545 1746 esse

1948 1790 2167 1844 dicebat
2191 1789 2328 1854 sibi,
2361 1788 2406 1842 si
2432 1802 2530 1857 pro
2563 1787 2694 1841 ﬁliis
2721 1787 3004 1841 audiretur
3033 1786 3153 1856 ejus
3177 1785 3376 1840 oratio.
3408 1782 3540 1836 Filii

237 1860 448 1916 tionem
482 1869 536 1915 et
553 1861 957 1928 soporationem
990 1861 1278 1930 passionis,
1301 1869 1356 1915 et
1381 1859 1840 1952 resunreetionem
1877 1875 1922 1934 Β
1948 1884 2214 1938 hominum
2250 1897 2514 1952 usquequo
2539 1921 2553 1945 ’
2597 1890 2706 1935 etc.
2740 1879 2929 1934 Merito
2958 1889 3143 1934 sane“,
3177 1877 3422 1934 Ecclesia
3444 1892 3542 1932 eos

235 1952 465 2028 Christi
502 1952 783 2023 exprimit,
843 1953 910 2007 de
958 1969 1062 2024 qua
1112 1952 1232 2023 ipse
1285 1953 1422 2008 dixit
1463 1971 1475 2006 :
1524 1951 1840 2007 Potestatem

233 2045 401 2098 habeo
444 2045 668 2116 ponendi
715 2045 944 2099 animant
990 2062 1178 2110 meam,
1231 2055 1277 2099 et
1325 2054 1622 2115 potestatem
1677 2046 1838 2098 habeo

232 2141 424 2213 iterum
451 2139 690 2207 sumendi
738 2155 872 2193 eam.
907 2139 978 2193 Et
1027 2140 1148 2194 ideo
1180 2143 1450 2206 surrexit,
1483 2139 1606 2210 quia
1656 2139 1838 2196 divina

238 2229 488 2296 potentia
532 2230 828 2285 humanam
875 2231 992 2300 ejus
1039 2242 1287 2286 naturam
1319 2233 1578 2302 suscepit.
1612 2231 1790 2287 Aliter
1823 2249 1836 2285 :

237 2320 507 2375 Dormivit
535 2321 773 2376 Ecclesia
814 2337 914 2392 per
943 2323 1351 2388 inﬁdelitatem;
1382 2325 1623 2380 surrexit
1655 2333 1837 2378 autem

237 2429 341 2484 per
368 2413 822 2469 illuminatiouem
857 2414 1003 2468 ﬁdei.
1034 2413 1572 2470 DormivitChristus
1591 2415 1643 2468 in
1659 2424 1840 2471 morte

212 2523 340 2577 .per
391 2509 729 2577 passionem,
782 2510 1084 2564 resurrexit
1135 2524 1230 2580 per
1278 2509 1508 2581 gloriam
1560 2523 1841 2564 resurrec-

235 2599 426 2655 tionis.
475 2599 598 2654 Non
643 2601 831 2655 timebo
863 2602 1050 2655 millia.
1085 2600 1142 2658 In
1177 2601 1434 2669 passione
1463 2601 1607 2655 enim
1641 2601 1829 2656 Salva-

236 2692 375 2747 toris
393 2707 587 2762 magna
605 2707 730 2748 eum
755 2694 938 2763 populi
969 2693 1654 2759 multitudocircumdedit,
1676 2709 1836 2764 quam

227 2782 466 2865 ‘minime
500 2784 680 2840 timuit
708 2801 721 2838 :
747 2786 872 2856 quia
905 2794 1028 2856 post
1053 2786 1288 2840 triduum
1312 2801 1370 2840 se
1401 2798 1838 2841 resurrccmrum

231 2877 539 2946 praescivit.
575 2878 638 2933 Et
670 2893 800 2934 caro
831 2879 950 2950 ejus
981 2880 1131 2934 salva
1161 2880 1300 2934 facta
1348 2888 1449 2934 est.
1495 2879 1738 2934 Ecclesia
1770 2879 1839 2935 de

231 2969 455 3025 Christo
487 2971 721 3028 Domino
749 2988 872 3039 suo,
910 2973 1012 3029 hoc
1042 2984 1146 3042 est,
1180 2987 1382 3044 corpus
1412 2973 1575 3045 capiti
1608 2989 1708 3029 suo
1754 2974 1839 3030 lo-

232 3061 438 3132 quitur.
470 3061 569 3119 lllo
596 3065 745 3120 enim
772 3075 1124 3136 resurgente,
1167 3067 1281 3136 ipsa
1311 3067 1522 3121 salvata
1555 3079 1659 3122 εει.
1695 3066 1831 3134 Quo-

233 3156 380 3210 niam
408 3165 463 3211 tu
507 3160 826 3230 percussisti.
875 3159 990 3216 Non
1019 3161 1197 3216 solum
1227 3160 1604 3225 adversantes,
1639 3161 1690 3215 id
1730 3170 1833 3225 est,

1945 1976 2155 2030 diutius
2189 1989 2384 2045 graves
2410 1973 2578 2027 corde
2609 1972 2779 2028 fuisse
2805 1972 3024 2035 fatetur,
3053 1973 3147 2041 qui
3182 1981 3306 2041 post
3336 1972 3543 2027 verita-

1944 2070 2012 2123 tis
2064 2068 2504 2138 praedicationem
2561 2065 2792 2120 adorare
2841 2066 3010 2134 magis
3065 2063 3207 2118 idola
3247 2064 3536 2133 elegerunt

1944 2158 2226 2225 falsitatis,
2275 2172 2395 2227 quae
2445 2164 2572 2210 sunt
2617 2156 2864 2220 vanitas,
2912 2165 2967 2209 et
3031 2153 3394 2210 mendacium.
3465 2153 3535 2209 Et

1943 2250 2138 2304 merito
2167 2250 2272 2304 tale
2305 2262 2502 2303 nomen
2535 2255 2925 2317 susceperunt,
2962 2247 3090 2315 quia
3118 2253 3310 2301 contra
3347 2245 3531 2314 digni-

1946 2351 2110 2396 tatem
2144 2339 2390 2394 veritatis
2412 2338 2581 2392 erecti
2612 2345 2758 2392 sunt.
2808 2335 2875 2388 Et
2900 2337 3114 2390 scitote:
3144 2335 3246 2390 hoc
3271 2346 3357 2390 est
3377 2377 3392 2399 ,
3428 2350 3552 2390 cre-

1942 2435 2091 2500 dite,
2133 2435 2257 2504 quia
2297 2432 2616 2495 Christum,
2667 2445 2829 2499 quem
2879 2427 3054 2482 Judtci
3110 2427 3542 2495 cruciﬁxerunt,

1944 2529 2089 2584 Deus
2127 2537 2279 2595 pater
2317 2521 2631 2579 miriﬁcavit
2669 2522 2725 2576 in
2767 2519 3196 2583 resurrectione,
3244 2526 3301 2573 et
3339 2532 3538 2571 ascen-

1941 2618 2116 2674 sione.
2167 2617 2234 2671 Et
2278 2618 2394 2687 ipse
2440 2615 2615 2670 Filius
2663 2612 2942 2669 exaudivit
2990 2610 3300 2665 Ecclesiam
3340 2625 3534 2676 suam,

1941 2723 2288 2780 quocumque
2311 2707 2362 2760 itt
2390 2716 2634 2776 tempore
2657 2704 3033 2758 clamaverunt
3061 2701 3125 2756 ad
3155 2717 3279 2756 eum
3310 2719 3323 2754 :
3352 2711 3408 2757 et
3429 2715 3543 2757 me-

1944 2803 2081 2867 rito,
2108 2802 2232 2871 quia
2269 2799 2385 2868 ipsa
2415 2798 2632 2868 pupulis
2661 2796 2813 2850 illum
2847 2794 2914 2848 ad
2960 2793 3362 2849 miriﬁcandum
3397 2808 3539 2863 pra:-

1942 2893 2165 2949 dicavit.
2192 2891 2515 2946 Irascimini.
2548 2888 2849 2944 Praeteritis
2893 2887 3133 2955 peccatis
3165 2887 3328 2944 irasci
3371 2885 3544 2945 debe-

1942 2986 2010 3038 tis
2029 3024 2044 3049 ,
2073 2993 2130 3038 ut
2159 2992 2486 3052 przesentem
2514 2979 2811 3050 nequitiam
2836 2977 3075 3048 effugere
3106 2978 3354 3048 possitis:
3377 2987 3542 3048 atque

1943 3078 2113 3132 nolite
2137 3077 2332 3131 iterum
2362 3073 2542 3129 facere
2569 3072 2730 3126 mala.
2759 3070 3202 3142 Compungimini,
3227 3070 3542 3126 deferentes

1948 3183 2146 3240 pravas
2192 3167 2554 3237 cogitationes
2587 3174 2818 3218 vestras.
2848 3165 3152 3231 Antequam
3178 3163 3384 3218 scelera
3418 3176 3546 3231 per-

213 3259 617 3329 persecutores
659 3251 984 3320 salvatoris,
1021 3270 1211 3310 verum
1245 3255 1410 3316 etiam
1451 3254 1693 3312 hzcretici
1732 3271 1836 3310 cze-
1865 3265 1910 3326 ρ
1943 3261 2205 3333 petretis,
2250 3273 2374 3330 quae
2422 3271 2639 3326 semper
2687 3255 2944 3310 cordibus
2994 3256 3193 3309 vestris
3240 3254 3542 3310 inv01vitis.

233 3341 408 3396 citate
434 3345 631 3398 mentis
657 3347 1053 3415 percutiuntur,
1082 3348 1174 3417 qui
1205 3346 1459 3404 dentibus
1481 3347 1834 3404 detractionis

231 3429 535 3486 corrodunt
561 3435 730 3488 verba
752 3436 1021 3492 veritatis.
1058 3438 1131 3494 Ita
1160 3448 1212 3492 et
1240 3437 1410 3496 Judaei
1441 3419 1658 3508 quando
1688 3440 1835 3496 dice-

236 3523 367 3579 bant
398 3536 413 3580 :
447 3525 506 3581 Si
530 3543 622 3582 rex
654 3526 821 3584 Israel
842 3541 939 3594 est,
969 3522 1248 3586 descendat
1273 3533 1335 3585 de
1378 3549 1554 3600 cruce,
1585 3544 1630 3587 et
1667 3534 1834 3587 credi-

234 3635 350 3674 mus
377 3624 457 3686 ei;
489 3622 695 3682 inimici
729 3625 966 3678 nominis
1008 3624 1212 3681 Christi
1239 3627 1560 3683 confusione
1590 3630 1832 3695 percussi

233 3721 406 3771 sunt:
451 3714 682 3784 ideoque
713 3714 937 3770 contriti
960 3726 1104 3780 sunt,
1139 3719 1261 3787 quia
1296 3717 1581 3773 confeSIim
1629 3733 1832 3788 cogno-

231 3815 432 3860 verunt
458 3821 583 3861 eum
617 3809 988 3864 resurrexisse
1019 3809 1294 3878 ingloria.
1326 3808 1538 3864 Domini
1561 3819 1636 3865 est
1658 3809 1824 3865 salus.

233 3896 463 3954 {Eterna
489 3900 632 3956 enim
657 3901 766 3957 vita
789 3901 1023 3962 interimi
1049 3916 1153 3958 non
1180 3912 1383 3972 potest,
1413 3917 1513 3960 nec
1530 3903 1833 3960 Salvatoris

1943 3349 2387 3422 Compungimini,
2415 3349 2481 3403 ad
2504 3347 2884 3417 ptenitcntiam
2914 3345 3193 3400 videlicet.
3221 3345 3367 3400 Idem
3387 3335 3543 3408 vero,

1940 3444 2087 3516 quod
2133 3458 2298 3512 supra
2327 3455 2444 3508 cor,
2479 3440 2567 3496 hic
2598 3437 2776 3494 cubile
2826 3435 3150 3490 nominavit.
3205 3434 3542 3505 Sacriﬁrate.

1943 3536 2041 3592 llic
2069 3537 2240 3589 altera
2271 3549 2358 3588 res
2389 3532 2612 3586 inchoat
2640 3547 2654 3595 ;
2689 3531 2742 3584 in
2777 3544 2882 3600 qua
2905 3527 3335 3583 clementissima
3369 3537 3546 3581 mater

1941 3627 2131 3693 docet,
2166 3635 2329 3696 atque
2355 3625 2526 3680 dicit:
2573 3623 2878 3693 Sacriﬁcate
2913 3621 3227 3690 sacriﬁcium
3260 3619 3487 3692 justitia:
3515 3636 3536 3674 :

1942 3721 1995 3774 id
2024 3729 2138 3786 est,
2167 3728 2316 3774 recte
2338 3719 2540 3782 vivite,
2566 3725 2621 3770 et
2648 3715 2814 3771 corda
2841 3723 3021 3769 vestra
3043 3713 3316 3768 divinitati
3340 3711 3542 3767 munda

1941 3829 2160 3884 semper
2180 3812 2396 3869 oﬁcrte.
2425 3812 2487 3865 Et
2517 3819 2719 3881 sperate
2736 3810 2791 3863 in
2821 3807 3315 3873 Domino,utvilam
3342 3805 3540 3860 bonam

1941 3920 2065 3975 spes
2094 3904 2305 3959 felicior
2331 3903 2718 3973 subsequatur.
2745 3900 2897 3956 Multi
2925 3900 3068 3966 idem
3091 3939 3107 3965 ,
3146 3905 3281 3963 ctc.,
3314 3905 3420 3952 etc.

210 4055 220 4087 :
307 4036 437 4093 Haec
469 4037 537 4094 ad
558 4038 836 4109 specimen
878 4040 1056 4109 potius
1087 4039 1268 4111 operis
1297 4043 1622 4113 capiendum
1643 4083 1659 4106 ,
1691 4044 1824 4100 satis
1865 4043 2188 4113 abundeque
2218 4044 2442 4111 fuerint,
2478 4042 2580 4096 nisi
2623 4051 2676 4096 et
2708 4041 2871 4094 latius
2917 4039 3151 4094 fortasse
3172 4079 3188 4104 ,
3230 4050 3394 4107 quam
3436 4047 3534 4104 par

234 4137 353 4182 erat
373 4168 387 4192 ,
413 4127 686 4198 descripta
709 4130 1005 4184 incuriosis
1032 4128 1340 4185 hominibus
1370 4131 1684 4188 videantur.
1716 4132 1822 4189 Sed
1854 4141 1913 4189 ut
1936 4135 2002 4189 ad
2040 4135 2376 4205 propositum
2408 4134 2626 4190 redeam
2651 4178 2665 4201 ,
2694 4129 2980 4186 coronidis
3016 4130 3136 4183 loco
3159 4170 3174 4194 ,
3212 4126 3540 4181 admonitio-

236 4231 363 4272 nem
387 4217 550 4272 istam
582 4234 690 4274 uno
719 4218 898 4274 adhuc
941 4222 1194 4292 exemplo
1230 4223 1553 4278 concludam
1574 4265 1588 4289 ,
1621 4239 1687 4278 ex
1722 4239 1829 4295 quo
1855 4226 2126 4296 intelligas
2153 4241 2314 4298 quam
2347 4226 2420 4280 sit
2445 4225 2711 4281 Breviarii
2744 4232 2937 4278 auctor
2960 4222 3221 4277 sublesta:
3248 4219 3368 4274 tidei
3393 4261 3407 4282 ,
3446 4217 3539 4289 qui

235 4314 294 4361 et
327 4321 424 4375 pro
462 4306 768 4376 Augustino
797 4325 857 4364 se
887 4311 1180 4366 venditarit
1221 4312 1548 4381 aliquando,
1587 4325 1643 4369 et
1689 4316 1860 4382 ipsam
1905 4318 2353 4386 Augustinianam
2387 4317 2724 4386 psalmorum
2756 4314 3160 4384 expositionem
3213 4311 3544 4380 pervaserit.

234 4400 492 4456 Notatum
523 4399 626 4457 hoc
652 4401 863 4470 pridem
897 4402 1266 4459 Benedictinis
1289 4406 1620 4470 editoribus,
1657 4408 1708 4461 in
1745 4408 1920 4461 tribus
1950 4424 2082 4462 mss.
2114 4409 2378 4465 Vaticano
2405 4407 2653 4471 scilicet,
2687 4417 2741 4462 et
2785 4407 2990 4477 Regio,
3031 4414 3086 4460 et
3114 4403 3546 4460 Claromontano

239 4490 462 4544 Patrum
495 4489 1010 4561 Dominicanorum,
1035 4495 1125 4564 qui
1157 4498 1441 4566 Augustini
1476 4506 1739 4551 tractatus
1769 4498 1822 4552 in
1856 4497 2108 4554 Psalmos
2143 4503 2470 4567 continent,
2505 4501 2913 4556 enarrationem
2963 4514 3053 4552 xxv
3079 4497 3276 4568 psalmi
3306 4511 3374 4551 ex
3419 4495 3552 4549 Bre-

234 4580 399 4636 viarii
427 4592 683 4643 auctore,
715 4582 804 4636 vix
835 4584 1025 4652 paucis
1055 4587 1278 4639 mutatis
1309 4585 1519 4647 verbis,
1551 4586 1780 4654 haberi,
1814 4602 1877 4641 ac
1911 4588 2034 4656 poni
2065 4591 2314 4657 proxime
2344 4599 2471 4644 ante
2493 4591 2725 4643 alteram
2747 4629 2762 4654 ,
2799 4604 2922 4658 quae
2947 4603 3081 4644 vere
3114 4588 3408 4658 Augusﬁni
3441 4597 3545 4641 est.

238 4671 584 4728 Describitur
611 4688 776 4738 vero,
809 4681 869 4727 ut
897 4688 1062 4744 penes
1085 4675 1277 4730 falsum
1308 4676 1703 4748 Hieronymum
1732 4679 1800 4732 ab
1826 4677 1985 4731 initio
2019 4695 2031 4731 :
2071 4679 2378 4750 Opportune
2403 4688 2622 4749 quartus
2655 4679 2883 4731 decimus
2908 4680 3142 4749 psalmus
3185 4680 3344 4732 lectus
3377 4687 3470 4741 est,
3499 4689 3552 4730 et

210 4763 527 4824 ,,sccundum
556 4765 787 4818 ordinem
822 4764 898 4818 ita
927 4766 1120 4830 evenit,
1156 4774 1212 4820 et
1235 4778 1435 4822 Caetera
1458 4769 1528 4821 ad
1556 4769 1719 4822 ﬁnem
1760 4784 1966 4838 usque,
2017 4769 2111 4839 qui
2157 4770 2260 4825 hac
2300 4771 2522 4838 insuper
2546 4769 2955 4838 subscriptione
2986 4773 3230 4824 munitur
3259 4787 3272 4824 :
3319 4769 3554 4837 Explicit

155 4885 162 4890 -
196 4863 496 4910 stractatus
521 4853 716 4912 Aurelii
740 4857 1014 4929 Augustini
1033 4858 1264 4928 episcopi
1295 4858 1359 4912 de
1398 4857 1603 4928 psalmo
1634 4874 1747 4912 xtv.
1773 4858 1833 4913 Si
1855 4859 2087 4914 aliorum
2118 4868 2364 4915 veterum
2383 4902 2398 4925 ,
2430 4860 2520 4926 qui
2553 4860 2605 4912 in
2638 4859 2886 4912 Psalmos
2917 4860 3296 4926 scripserunt,
3326 4857 3552 4911 codices

239 4961 410 5004 manu
434 4957 692 5002 exaratos
720 4948 772 5002 in
803 4958 1059 5016 promptu
1101 4947 1452 5013 haberemus,
1482 4951 1611 5018 quin
1642 4951 1790 5018 paria
1819 4953 2067 5019 exempla
2100 4951 2242 5017 apud
2271 4964 2366 5006 eos
2387 4956 2776 5013 occurrerent,
2809 4949 2994 5002 nullus
3023 4947 3244 5012 dubito,
3279 4955 3372 5000 aut
3401 4946 3548 5000 enim

237 5040 486 5096 omnium
510 5049 638 5096 ante
665 5056 724 5096 se
755 5051 1106 5096 tractatorum
1133 5044 1332 5112 scripta
1357 5044 1694 5113 compilavit,
1719 5052 1814 5098 attt.
1844 5053 1992 5100 certe
2016 5061 2274 5115 personas
2304 5045 2478 5098 induit
2502 5045 2904 5114 pseudonymus
2929 5044 3029 5097 iste
3060 5043 3315 5098 Breviarii
3339 5050 3551 5097 auctor.

552 5247 1836 5398 BREVIARIUM
1932 5251 2139 5394 IN
2234 5246 3230 5397 PSALMOS.

1619 5484 2190 5520 Ξ

1699 5586 2143 5651 PROLOGUS.

1935 5728 2174 5783 tionibus
2204 5733 2546 5796 annotatum,
2579 5726 2632 5781 in
2673 5738 2964 5782 commune
2990 5725 3341 5798 legeremus:
3382 5723 3545 5782 simul

1949 5829 2176 5893 uterque
2206 5819 2668 5892 deprehendimus
2691 5816 2950 5872 nonnulla
2981 5833 3129 5889 eum,
3173 5819 3256 5875 vel
3285 5817 3553 5892 perstrin-

243 5152 3512 5193 Μ

3397 5180 3506 5191 ..νο-,ο

315 5731 573 5790 Proxime
601 5743 724 5786 cum
748 5728 998 5800 Origenis
1028 5729 1375 5794 Psalterium,
1407 5727 1550 5800 quod
1581 5726 1828 5782 Enchiri-

246 5828 373 5884 dion
403 5825 498 5884 ille
534 5822 792 5887 vocabat,
825 5821 1029 5879 strictis
1060 5830 1115 5874 et
1155 5821 1479 5881 necessariis
1511 5820 1838 5889 interpreta-

6 6322 162 6344 ,τη-,ρ
191 6322 306 6332 ____,
