3980 6290
515 285 624 343 825

1298 277 1645 337 ΑΡΡΕΝΒΙΧ
1683 278 1774 334 AD
1813 275 2058 335 TOMUM
2096 275 2452 336 SEPTIMUM
2489 277 2550 336 S.
2593 275 3000 334 HIERONYMI.

3715 279 3823 336 824

519 401 670 457 xisse
699 398 918 466 leviter,
941 397 1027 454 vel
1057 397 1257 452 intacta
1291 395 1509 464 penitus
1537 393 1823 464 reliquisse
1853 410 1865 448 :
1900 393 1968 448 de
1989 393 2111 464 qui-
2139 395 2192 457 Α
2221 394 2380 464 digna
2403 393 2638 449 arbitror
2663 393 2921 460 lectione,
2955 392 3009 449 in
3041 389 3184 448 hunc
3212 403 3499 464 angustum
3529 406 3824 451 commen-

513 497 620 552 bus
652 496 705 550 in
737 494 849 550 alio
880 507 1045 563 opere
1073 488 1340 545 latissime
1367 485 1669 558 disputavit
1689 527 1704 553 ,
1731 485 1876 557 quod
1898 487 2112 541 scilicet

515 607 624 648 non
649 597 865 662 putaret
890 602 1002 642 rem
1033 598 1281 654 magnam
1305 580 1460 637 brevi
1483 595 1739 637 sermone
1760 580 2108 636 concludere.

518 683 689 755 lgitur
730 696 830 752 pro
860 676 1234 732 familiaritate
1263 689 1382 744 quae
1414 674 1556 728 inter
1585 687 1684 728 nos
1712 680 1796 727 est
1818 717 1832 740 ,
1862 671 2110 727 studiose

519 788 576 832 ct
603 774 798 829 sedule
832 770 1149 842 postulasti,
1181 777 1240 824 ut
1271 782 1625 838 qum-umque
1653 765 1785 821 mihi
1811 766 1971 835 digna
1994 780 2110 820 me-

521 870 695 925 moria
733 865 1082 929 videbantur,
1129 863 1299 932 signis
1339 859 1665 931 quibusdam
1724 859 1908 928 potius
1949 873 2110 928 quam

515 958 1068 1030 interpretationibus
1093 964 1431 1011 annotaretn.
1467 952 1535 1006 Et
1565 951 1708 1022 quod
1740 951 1918 1005 solent
1950 949 2002 1002 hi
2036 947 2110 1002 fa-

519 1069 669 1119 cere,
695 1053 786 1122 qui
827 1052 878 1106 in
909 1050 1067 1105 brevi
1100 1048 1300 1104 tabella
1337 1056 1605 1102 terrarum
1637 1054 1693 1100 et
1724 1044 1938 1098 urbium
1975 1043 2115 1098 situs

518 1150 774 1219 pingunt,
807 1153 862 1200 et
887 1143 1182 1199 latissimas
1210 1141 1464 1210 regiones
1488 1139 1540 1194 in
1565 1137 1783 1193 modico
1815 1136 1992 1207 spatio
2018 1149 2113 1191 co-

522 1251 721 1297 nantur
762 1238 1094 1295 ostendere:
1127 1237 1203 1292 ita
1245 1237 1297 1290 in
1340 1233 1589 1289 Psalterii
1619 1246 1790 1302 opere
1822 1229 2112 1296 latissimo,

523 1333 681 1404 quasi
705 1331 1028 1402 prietericns
1059 1329 1238 1399 aliqua
1274 1326 1725 1396 perstringerem,
1753 1337 1810 1378 ut
1836 1339 1901 1378 ex
1933 1322 2118 1393 paucis

521 1445 644 1498 qua:
678 1427 1000 1496 tetigissem,
1028 1423 1405 1493 intelligantur
1427 1428 1699 1476 etcretera
1749 1433 1871 1488 qtue
1918 1415 2118 1471 omissa

525 1530 673 1585 sunt,
700 1534 864 1589 quam
899 1517 1007 1570 vim
1033 1515 1268 1570 habeant
1296 1522 1459 1584 atque
1502 1511 1792 1568 rationem.
1826 1508 1942 1564 Non
1976 1507 2116 1578 quod

524 1619 710 1680 putem
741 1625 768 1664 a
800 1625 888 1663 me
917 1623 1078 1678 posse
1098 1606 1204 1662 dici
1232 1622 1352 1676 qua:
1392 1606 1484 1660 ille
1527 1603 1816 1674 prmteriit,
1853 1601 1947 1658 sed
1978 1600 2120 1671 quod

523 1716 587 1755 ea
623 1716 742 1771 quae
770 1701 824 1754 in
863 1700 1024 1755 tomis
1050 1698 1136 1755 vel
1171 1697 1407 1754 homiliis
1438 1697 1553 1768 ipse
1581 1695 1864 1765 disseruit,
1898 1695 1984 1752 vel
2022 1708 2123 1765 ego

601 1843 625 1869 ο
649 1833 874 1898 Sumpta
905 1847 974 1886 ex
1001 1831 1236 1902 Origene
1265 1831 1606 1897 comparatio
1652 1839 1757 1894 est,
1786 1844 1950 1902 quam
1982 1828 2127 1902 ipse-

525 1914 640 1958 met
675 1906 742 1959 ab
770 1904 1000 1960 llcbraeo
1025 1900 1259 1973 quodam
1290 1902 1550 1958 didicisse
1580 1917 1639 1956 se
1667 1900 2125 1973 profitetur._Pla-

526 1977 638 2029 cuit
659 1983 714 2031 et
743 1976 800 2030 S.
837 1970 1066 2030 llilario‘.
1090 1974 1345 2031 Dicemus
1367 1974 1434 2030 de
1462 1989 1526 2030 ea
1550 1988 1650 2030 nos
1674 1982 1863 2044 postea
1885 1971 1953 2026 ad
1982 1970 2124 2026 Prte-

2219 485 2468 540 tariolum
2494 484 2750 540 referam.
2775 483 3101 540 Psalterium
3127 482 3379 540 Graecum
3402 493 3509 551 est,
3542 492 3600 541 et
3631 485 3827 544 Latine

2221 595 2483 651 organum
2515 580 2734 646 dicitur,
2773 578 2917 650 quod
2955 577 3167 634 llebrtei
3203 593 3374 634 NEBEL
3410 587 3632 634 vocant.
3671 579 3825 636 Psal-

2219 686 2341 726 mtts
2361 670 2581 740 dicitur,
2611 686 2678 726 eo
2700 671 2842 742 quod
2872 685 2902 725 a
2938 669 3197 741 psalterio
3226 685 3424 726 nomen
3453 673 3670 743 accepit
3697 716 3714 740 ,
3745 673 3829 729 vel

2220 778 2318 835 pro
2348 761 2652 834 psalleudo.
2686 762 2943 831 Quamvis
2966 761 3135 818 David
3181 777 3370 818 omnes
3412 763 3664 832 psalmos
3704 779 3832 820 can-

2222 865 2410 925 tasset,
2439 866 2618 912 tamen
2659 871 2850 912 omnes
2875 855 3070 926 psalmi
3106 855 3160 908 in
3205 870 3437 925 persona
3464 855 3678 912 Christi
3711 872 3833 927 per-

2227 951 2424 1019 tinent,
2454 961 2508 1006 ct
2556 951 2648 1020 qui
2692 949 3007 1020 prmtitulati
3052 964 3177 1004 esse
3221 964 3330 1004 non
3379 949 3643 1006 videntur
3692 948 3834 1019 apud

2220 1044 2500 1109 llebrcnos,
2531 1058 2629 1112 pro
2672 1058 2784 1098 uno
2812 1041 3022 1112 psalmo
3065 1040 3357 1097 habentur.
3390 1041 3525 1097 Nam
3571 1059 3674 1112 per
3709 1044 3837 1098 titu-

2221 1137 2332 1191 lum
2390 1135 2714 1205 intelligitur
2765 1133 3189 1204 uniuscujusque
3237 1133 3431 1204 psalmi
3486 1135 3830 1191 intellectus.

2222 1226 2360 1294 Quid
2407 1236 2491 1282 est
2540 1227 2754 1293 titulus,
2789 1226 2890 1280 nisi
2922 1225 3174 1280 aclavis?
3203 1223 3276 1280 Ut
3330 1225 3402 1279 ita
3453 1224 3720 1295 dixerim,
3781 1226 3832 1281 in

2224 1319 2444 1372 domum
2479 1333 2586 1372 non
2609 1317 2912 1387 ingreditur
2935 1317 3042 1372 nisi
3070 1331 3168 1387 per
3191 1317 3429 1385 clavem,
3457 1318 3530 1372 ita
3554 1328 3608 1373 ct
3639 1322 3836 1376 unius-

2225 1411 2487 1481 cujusque
2513 1409 2702 1480 psalmi
2734 1410 3044 1464 intellectus
3066 1425 3161 1480 per
3181 1409 3388 1465 clavem
3406 1451 3421 1477 ,
3458 1411 3561 1465 hoc
3581 1420 3669 1467 est
3691 1455 3708 1480 ,
3743 1429 3840 1482 per

2231 1503 2445 1559 titulum
2488 1503 2829 1573 intelligitur,
2863 1501 2917 1557 in
2949 1502 3104 1573 cujus
3135 1517 3370 1572 persona
3415 1512 3704 1571 cantatur,
3747 1516 3838 1560 aut

2227 1599 2280 1654 in
2308 1613 2540 1670 persona
2581 1594 2812 1664 Christi,
2854 1607 2946 1652 aut
2973 1596 3024 1652 in
3056 1611 3292 1667 persona
3323 1595 3622 1668 Ecclesiae,
3656 1610 3754 1655 aut
3785 1599 3838 1656 ia

2231 1706 2466 1764 persona
2498 1690 2801 1762 prophetis.

2232 1826 2487 1900 rationem
2520 1825 2744 1900 alterius
2777 1825 3136 1900 Eapositionis
3169 1825 3527 1900 Psalmorum,
3559 1844 3726 1900 quam
3757 1831 3842 1889 iti-

2230 1897 2351 1953 dem
2377 1897 2515 1954 falso
2544 1897 2798 1953 tributam
2825 1898 3156 1974 llicronyrno
3181 1897 3594 1958 subnectemusl

529 2116 3208 2145 WW

1306 2235 1731 2319 PSALMI
1803 2230 2421 2316 INCIPIUNT
2499 2229 3063 2316 EDISSERI.

1015 2457 1338 2517 PSALMUS
1377 2458 1652 2516 PRIMUS.

606 2554 801 2609 Beatus
825 2555 903 2607 rir
933 2553 1023 2624 qui
1053 2569 1159 2606 non
1183 2552 1311 2606 abiit
1342 2552 1396 2604 in
1423 2552 1644 2607 consilio
1673 2553 1971 2626 impiorum.
1996 2553 2127 2622 Qui-

533 2647 660 2703 dam
689 2645 876 2701 dicunt
905 2645 1047 2700 hunc
1074 2643 1366 2715 psalmum,
1399 2645 1552 2715 quasi
1600 2643 1972 2715 praelationem
2001 2661 2127 2702 esse

533 2742 773 2812 Spiritus
799 2741 972 2796 sancti
1005 2757 1018 2794 :
1050 2749 1104 2794 et
1125 2739 1249 2794 ideo
1275 2739 1489 2794 titulum
1519 2753 1628 2794 non
1679 2739 1904 2795 habere.
1936 2740 2042 2796 Alii
2075 2741 2128 2795 in

535 2854 602 2893 eo
631 2835 776 2908 quod
816 2836 1024 2906 primus
1053 2833 1147 2901 sit,
1177 2833 1384 2889 ordinis
1430 2833 1512 2887 sui
1547 2833 1748 2888 habere
1781 2833 2128 2904 principium,

534 2939 592 2986 et
618 2930 934 3000 πλεονασμὸν
955 2943 1080 2984 esse
1110 2925 1300 2981 vilium
1324 2942 1446 2982 eum
1479 2928 1712 2998 primum
1758 2928 1942 2984 dicere
1961 2970 1974 2994 ,
2005 2937 2133 2984 ante

535 3040 701 3094 quem
731 3025 913 3080 nullus
953 3025 1042 3078 sit.
1071 3023 1243 3079 Aliter
1269 3041 1281 3076 :
1311 3023 1471 3095 Apud
1509 3024 1790 3091 llebrmos,
1844 3033 1899 3080 ct
1928 3026 2133 3094 primus

536 3126 592 3173 et
623 3116 898 3172 secundus
922 3132 1060 3172 unus
1087 3128 1168 3172 est
1194 3116 1456 3186 psalmus,
1489 3117 1633 3186 quod
1677 3118 1729 3172 in
1761 3116 2131 3187 apostolorum

536 3226 756 3286 quoque
787 3210 1020 3267 Aelibus
1047 3209 1456 3280 comprobatur.
1488 3209 1732 3279 Denique
1753 3210 1878 3281 quia
1911 3226 1940 3265 a
1961 3210 2136 3265 beati-

536 3300 728 3357 tudine
750 3311 1011 3372 cmperat,
1041 3300 1093 3355 in
1118 3299 1458 3356 beatitudine
1484 3300 1709 3366 desinit,
1729 3302 1921 3357 dicens
1949 3318 1960 3354 :
1987 3300 2135 3356 Beati

535 3411 712 3449 omnes
739 3395 827 3464 qui
855 3395 1124 3462 conﬁdunt
1154 3394 1211 3446 in
1237 3410 1372 3446 eum.
1407 3393 1584 3448 Aliter
1617 3410 1630 3446 :
1664 3393 1865 3448 Beatus
1895 3394 1985 3464 qui
2028 3408 2133 3448 non

536 3489 815 3559 cogitavit,
847 3503 951 3543 non
979 3487 1133 3552 fecit,
1162 3503 1271 3542 non
1299 3486 1477 3540 docuit
1507 3486 1669 3540 mala.
1702 3487 1874 3542 Aliter
1899 3505 1910 3540 :
1935 3487 2134 3543 Beatus

537 3578 634 3649 qui
679 3595 785 3633 non
839 3588 919 3633 est
967 3577 1188 3632 Judaeus
1215 3618 1228 3643 ,
1267 3577 1516 3647 gentilis,
1549 3577 1859 3634 hzerelieus.
1911 3578 2085 3634 Aliter
2119 3597 2132 3634 :

539 3671 910 3728 Tertullianus
934 3715 948 3740 ,
976 3671 1028 3724 in
1060 3669 1200 3725 libro
1249 3668 1316 3724 de
1368 3669 1730 3738 Spectaculis,
1763 3671 1965 3727 asserit
1986 3670 2136 3728 hunc

540 3765 810 3834 psalmum
845 3772 900 3818 et
947 3761 1014 3817 de
1060 3761 1264 3831 Joseph
1295 3775 1460 3829 posse
1491 3760 1736 3830 intelligi,
1793 3765 1886 3832 qui
1936 3778 2136 3834 corpus

2160 2465 2208 2525 B
2236 2461 2462 2532 Lignum
2503 2465 2688 2514 autem
2744 2457 2833 2512 cui
2866 2456 2953 2512 vir
2991 2456 3184 2512 beatus
3213 2465 3583 2528 comparatur,
3615 2455 3839 2526 sapien-

2237 2555 2364 2608 tiam
2400 2561 2554 2623 puto,
2583 2551 2653 2607 de
2674 2559 2779 2621 qua
2807 2561 2862 2606 et
2885 2550 3142 2608 Salomon
3175 2551 3439 2622 loquitur,
3467 2548 3696 2622 Lignum
3728 2550 3839 2602 vitm

2236 2656 2308 2702 est
2333 2646 2414 2702 his
2434 2647 2521 2718 qui
2548 2655 2831 2715 sequuntur
2851 2661 2962 2700 eam
2987 2642 3258 2713 (Proverb.
3287 2642 3388 2714 ιιι).
3421 2643 3702 2714 Sapientia
3735 2657 3826 2696 au-

2237 2748 2344 2795 tem
2371 2754 2468 2809 per
2498 2737 2819 2807 Apostolum
2863 2734 3114 2791 Christus
3158 2735 3257 2790 Dei
3294 2735 3464 2791 Filius
3493 2735 3824 2791 declaratur.

2237 2828 2520 2896 Christum,
2554 2830 2649 2895 ait,
2674 2825 2772 2882 Dei
2802 2827 3058 2896 virtutem,
3085 2835 3130 2880 et
3156 2824 3260 2882 Dei
3279 2829 3588 2896 sapientiam
3627 2827 3684 2899 (l
3711 2826 3830 2882 Cor.

2238 2923 2316 2996 1),
2358 2922 2462 2978 hoc
2492 2931 2596 2988 est,
2645 2920 2864 2976 Christo
2907 2920 3046 2975 Filio
3079 2920 3174 2975 Dei
3200 2921 3501 2976 conformis
3531 2920 3734 2992 utique
3762 2920 3837 2974 fa-

2238 3028 2358 3072 ctus
2387 3015 2602 3086 corpori
2647 3015 2835 3085 gloriae
2875 3014 3010 3084 ejus.
3054 3014 3203 3081 Quod
3233 3017 3456 3085 fructum
3501 3031 3654 3070 suum
3690 3013 3831 3070 dabit

2238 3109 2291 3163 in
2323 3118 2547 3180 tempore
2576 3123 2690 3163 suo.
2719 3107 2880 3162 Dabit
2910 3107 3052 3163 enim
3077 3107 3310 3162 fructum
3344 3122 3452 3163 non
3483 3123 3836 3180 quocumque

2241 3212 2507 3274 tempore,
2538 3202 2633 3257 sed
2663 3203 2981 3273 praescripto
3025 3220 3038 3258 :
3071 3202 3163 3258 illo
3191 3203 3409 3260 scilicet
3444 3218 3572 3261 cum
3606 3205 3838 3262 devictis

2241 3295 2602 3368 potestatibus
2673 3296 3179 3366 principatibusque
3250 3296 3536 3353 tradiderit
3607 3313 3835 3371 regnum

2241 3389 2353 3445 Deo
2386 3390 2558 3456 Patri,
2588 3388 2961 3444 conformatus
2987 3389 3219 3444 claritati
3259 3391 3509 3461 corporis
3536 3392 3642 3446 sui.
3677 3391 3833 3461 Quod

2241 3491 2423 3538 autem
2463 3496 2523 3538 se
2567 3481 2821 3538 arborem
2868 3481 3131 3536 Dominus
3177 3481 3287 3537 diei
3331 3481 3524 3551 voluit,
3575 3483 3650 3538 ait
3689 3503 3701 3540 :
3740 3486 3835 3539 Aut

2243 3577 2402 3650 facile
2429 3576 2664 3630 arborem
2691 3577 2879 3630 bonam
2907 3585 2955 3631 et
2985 3577 3211 3646 fructum
3245 3579 3356 3644 eius
3396 3577 3588 3633 bonum
3612 3577 3833 3650 (Matth.

2244 3665 2366 3739 xu).
2396 3666 2550 3734 Quod
2581 3665 2784 3737 lignum
2818 3669 2888 3721 ita
2941 3667 3077 3722 dixit
3106 3686 3117 3722 :
3151 3668 3212 3723 Si
3259 3671 3312 3723 in
3349 3669 3503 3723 viridi
3550 3669 3696 3742 ligno
3745 3670 3838 3726 hoc

2244 3759 2464 3830 faciunt,
2497 3761 2550 3812 in
2575 3759 2724 3813 arido
2747 3759 2874 3831 quid
2899 3760 2987 3830 [iet
3017 3759 3170 3831 (Luc.
3193 3759 3370 3832 χχιιι).

543 3856 758 3912 Domini
783 3854 1059 3925 sepelivit,
1077 3863 1130 3909 et
1158 3854 1225 3908 de
1252 3854 1337 3909 his
1354 3852 1447 3924 qui
1471 3854 1535 3908 ad
1560 3856 1868 3924 spectacula
1893 3859 2134 3928 gentium
2163 3863 2210 3926 C
2316 3853 2386 3908 Et
2410 3855 2592 3925 folium
2613 3858 2726 3926 ejus
2745 3870 2847 3908 non
2867 3853 3089 3909 decidet.
3119 3854 3297 3911 Verba
3325 3853 3593 3913 doctrina:
3622 3875 3748 3930 qua:
3778 3858 3838 3915 ad

540 3963 651 4003 non
699 3946 1052 4004 conveniunt.
1088 3946 1153 4000 Et
1206 3946 1260 3999 in
1307 3947 1390 4000 uia
1437 3955 1767 4017 peccatorum
1814 3966 1916 4003 non
1975 3951 2135 4005 stetit.

542 4039 660 4096 Non
691 4039 848 4105 dixit,
880 4045 936 4094 et
962 4039 1016 4093 in
1043 4038 1127 4093 via
1149 4048 1499 4109 peccatorum
1530 4055 1634 4094 non
1659 4041 1960 4096 ambulavit
1993 4061 2006 4096 :
2034 4044 2137 4100 hoe

544 4133 747 4202 quippe
779 4130 1119 4200 impossibile
1153 4140 1276 4188 est:
1309 4131 1432 4202 quia
1468 4130 1648 4187 nullus
1665 4134 1870 4202 absque
1889 4143 2135 4203 peccato,

545 4239 650 4280 nec
696 4225 741 4278 si
783 4222 939 4277 unius
967 4222 1185 4294 quidem
1217 4222 1370 4278 hora:
1399 4221 1560 4278 fuerit
1595 4225 1704 4278 vita
1734 4224 1874 4294 ejus.
1922 4224 2137 4280 Nullum

546 4318 916 4388 sinepeccato
939 4317 1071 4372 dicit
1102 4335 1114 4371 :
1151 4317 1245 4372 sed
1279 4318 1332 4371 in
1353 4318 1435 4371 ria
1467 4328 1800 4388 peccatorum
1825 4336 1927 4374 non
1953 4323 2090 4375 stetit
2121 4338 2139 4375 :

545 4411 651 4466 hoc
683 4420 787 4475 est,
814 4409 904 4480 qui
926 4425 1035 4464 non
1059 4410 1430 4479 perseveravit
1453 4410 1505 4465 in
1529 4409 1752 4477 delicto,
1777 4411 1872 4466 sed
1904 4427 2000 4482 per
2024 4427 2139 4483 poe-

546 4502 836 4558 nitentiam
861 4500 931 4557 ad
959 4501 1188 4557 meliora
1219 4515 1516 4557 conversus
1542 4511 1648 4560 est.
1694 4500 1762 4555 Et
1800 4503 1856 4556 in
1893 4502 2138 4558 cathedra

544 4593 853 4667 pestilentia:
889 4609 989 4648 non
1022 4591 1175 4648 sedit.
1223 4592 1332 4646 Pro
1382 4591 1766 4662 pestilentibus
1809 4593 1862 4647 in
1909 4591 2139 4648 Hebr;le

548 4686 815 4742 delnsores
843 4685 1028 4751 habet,
1058 4683 1203 4756 quod
1229 4683 1440 4741 scilicet
1467 4699 1661 4741 omnes
1687 4683 1990 4753 discipulos
2013 4700 2140 4755 per-

543 4798 740 4838 versus
761 4781 952 4837 doctor
978 4780 1195 4835 illudat.
1217 4778 1373 4836 Unde
1399 4779 1664 4835 Jeremias
1689 4795 1702 4832 :
1729 4776 1852 4833 Non
1884 4778 2015 4844 sedi,
2041 4779 2135 4847 ait,

541 4877 594 4930 in
620 4875 840 4930 consilio
868 4874 1154 4928 ludentium
1185 4871 1403 4942 (Jerem.
1435 4871 1553 4942 xv).

613 4966 723 5022 Sed
743 4967 797 5019 in
819 4965 955 5035 Lege
984 4963 1198 5018 Domini
1234 4964 1475 5018 voluntas
1519 4965 1651 5034 ejus.
1683 4960 1883 5018 Tribus
1913 4962 2021 5018 duo
2052 4980 2138 5020 re-

559 5058 702 5124 tulit,
736 5066 792 5111 ut
815 5056 1011 5112 habeat
1054 5055 1412 5124 voluntatem,
1449 5062 1505 5110 et
1546 5053 1810 5110 voluntati
1846 5055 2037 5127 jungat
2084 5066 2140 5114 et

543 5159 632 5208 stu
649 5149 817 5206 dium.
866 5149 930 5204 Et
969 5150 1022 5202 in
1061 5148 1170 5219 lege
1210 5151 1325 5220 ejus
1371 5146 1701 5202 meditabitur
1743 5146 1829 5202 dic
1865 5165 1926 5202 ac
1967 5157 2136 5206 nocte.

2243 3947 2477 4002 salutem
2499 3948 2757 4017 gentibus
2781 3947 3093 4016 proﬁciunt,
3113 3949 3266 4018 juxta
3293 3949 3426 4005 illud
3451 3951 3835 4027 Apocalypsis:

2245 4038 2314 4092 Et
2344 4040 2472 4111 folia
2501 4040 2630 4110 ligni
2671 4040 2829 4112 hujus
2855 4039 2924 4093 ad
2954 4041 3230 4095 sanitatem
3270 4043 3524 4110 gentium.
3563 4043 3634 4098 Et
3666 4048 3836 4102 omnia

2242 4146 2574 4200 quaacumque
2602 4131 2804 4201 frcerit,
2845 4133 3288 4202 prosperabuntur
3315 4133 3506 4204 (Apoc.
3554 4138 3718 4205 χιιι).
3749 4138 3835 4194 Ju-

2242 4222 2344 4277 daei
2367 4220 2512 4290 hunc
2535 4223 2803 4292 psalmum
2835 4221 3041 4278 dictum
3062 4237 3187 4278 esse
3220 4223 3539 4280 existimant
3567 4225 3638 4282 de
3657 4227 3833 4283 Josia:

2241 4315 2386 4386 quod
2415 4315 2564 4370 solus
2593 4316 2733 4371 inter
2766 4315 3020 4386 profanos
3047 4331 3206 4388 reges
3232 4333 3339 4374 non
3363 4319 3558 4375 abierit
3580 4321 3635 4376 in
3665 4321 3840 4377 consi-

2244 4409 2318 4464 lio
2355 4407 2675 4479 impiorum,
2728 4409 2824 4465 sed
2875 4417 3100 4466 secutus
3150 4410 3222 4466 sit
3269 4411 3446 4483 legem
3477 4412 3598 4469 Dei.
3641 4415 3834 4471 Verum

2244 4501 2346 4558 hoc
2369 4502 2511 4574 quod
2544 4502 2706 4559 modo
2740 4503 2941 4558 lectum
2971 4511 3075 4573 est,
3117 4513 3165 4559 et
3196 4506 3368 4559 omnia
3398 4520 3738 4579 qutecumqne
3767 4514 3838 4581 {a-

2241 4595 2338 4650 ciet
2362 4595 2826 4666 prosperabuntur,
2851 4610 2956 4650 non
2984 4595 3160 4650 solum
3183 4594 3252 4651 de
3271 4595 3444 4664 Josia,
3467 4598 3565 4653 sed
3593 4598 3666 4656 de
3688 4600 3836 4655 nullo

2243 4697 2552 4746 sanctorum
2571 4689 2741 4758 accipi
2773 4697 2970 4759 potest,
3004 4688 3107 4744 nisi
3135 4687 3276 4745 forte
3303 4691 3356 4745 in
3385 4691 3569 4748 futuro
3601 4697 3830 4754 sacculos

2241 4780 2431 4836 Melius
2459 4780 2624 4850 igitur
2647 4780 2715 4836 de
2754 4796 2820 4836 eo
2851 4780 3206 4851 intelligimus
3239 4781 3488 4851 homine,
3522 4785 3615 4856 qui
3667 4801 3697 4840 a
3729 4785 3840 4843 Sal~

2245 4880 2436 4929 vatore
2483 4881 2675 4929 nostro
2704 4883 3023 4945 assumptus
3071 4883 3156 4930 εει
3201 4885 3363 4945 atque
3406 4878 3649 4934 salvatus
3685 4897 3698 4934 ἶ
3730 4895 3834 4938 non

2243 4981 2351 5038 quo
2373 4965 2538 5022 alium
2561 4969 2943 5038 assumpsisse,
2967 4968 3136 5024 alium
3155 4981 3496 5040 assumptum
3523 4986 3647 5028 esse
3676 4981 3832 5029 teste-

2246 5075 2397 5125 mur;
2431 5059 2527 5115 sed
2557 5076 2669 5132 quo
2700 5076 2840 5117 unus
2871 5068 3037 5131 atque
3067 5061 3212 5117 idem
3243 5061 3418 5119 Filius
3458 5064 3554 5121 Dei
3603 5076 3662 5122 et
3703 5066 3836 5122 illius

2245 5151 2503 5220 hominis,
2535 5154 2628 5224 qui
2651 5163 2776 5209 ante
2806 5153 3006 5209 saecula
3035 5152 3278 5209 Verbum
3323 5170 3545 5229 semper
3576 5157 3696 5224 fuit,
3729 5160 3835 5230 ipse

540 5245 822 5302 Meditatio
853 5243 989 5315 legis
1013 5251 1117 5314 est,
1152 5257 1262 5298 non
1302 5244 1476 5298 solum
1528 5243 1580 5297 in
1613 5243 1859 5315 legendis
1889 5245 2136 5316 Scriptu-
2163 5257 2217 5318 1)
2242 5251 2431 5314 postea
2461 5255 2516 5298 et
2538 5260 2758 5302 carnem
2785 5254 2868 5302 est
2887 5243 3140 5316 dignatus
3166 5258 3471 5304 assumere.

539 5340 638 5405 ris,
670 5337 769 5395 sed
800 5338 963 5392 etiam
1016 5340 1070 5393 in
1118 5336 1206 5393 his
1252 5352 1372 5406 qua:
1425 5337 1625 5406 scripta
1681 5345 1809 5393 sunt
1861 5337 2133 5393 faciendo.

540 5428 732 5483 Justus
764 5427 951 5498 igitur,
983 5427 1098 5482 sive
1129 5427 1439 5491 manducet,
1489 5427 1603 5483 sive
1652 5427 1827 5494 bibat,
1861 5428 1976 5484 sive
2006 5429 2135 5483 dor-

539 5521 693 5586 miat,
739 5521 795 5575 in
844 5521 1066 5576 nomine
1098 5521 1311 5576 Domini
1348 5521 1539 5576 omnia
1587 5521 1810 5592 faciens,
1841 5521 2132 5579 meditatur

538 5613 715 5684 legem
741 5612 860 5682 ejus
892 5612 982 5667 die
1010 5629 1072 5668 ac
1105 5623 1286 5668 nocte.

613 5705 680 5758 Et
713 5705 808 5758 erit
835 5714 1096 5774 tamquam
1127 5705 1328 5774 lignum
1364 5706 1505 5775 quod
1541 5707 1832 5779 plantatum
1876 5717 1970 5778 est,
2020 5717 2128 5765 etc.

535 5783 642 5850 Pro
699 5796 1032 5864 plantatum,
1088 5797 1526 5865 transplantatum
1583 5797 1774 5870 Aquila
1832 5801 2126 5859 transtulit.

2318 5337 2441 5392 Non
2477 5339 2552 5393 sic-
2580 5340 2753 5412 impii,
2792 5355 2895 5393 non
2933 5338 3031 5392 sic.
3058 5337 3114 5392 Μ
3145 5339 3291 5409 quod
3329 5342 3571 5398 secundo
3615 5343 3830 5412 dicitur,

2243 5445 2343 5484 non
2367 5430 2457 5496 sic,
2487 5431 2537 5486 in
2567 5430 2808 5487 Hebraeis
2825 5427 3192 5484 voluminibus
3217 5443 3323 5484 non
3351 5431 3583 5489 habetur
3610 5453 3620 5490 :
3649 5435 3743 5492 sed
3769 5451 3828 5491 ne

2242 5521 2295 5576 in
2319 5520 2450 5590 ipsis
2469 5522 2690 5592 quidem
2711 5519 2856 5575 LXX
2886 5519 3298 5588 interpretibus.
3325 5521 3461 5578 Nam
3491 5523 3545 5580 in
3575 5528 3832 5597 exemplis

2241 5615 2488 5686 Origenis
2537 5618 2590 5672 in
2629 5615 2952 5672 Czesariensi
3002 5612 3330 5671 bibliotheca
3379 5617 3567 5692 legens
3597 5664 3611 5689 ,
3665 5623 3828 5680 semel

2243 5714 2449 5762 tantum
2482 5708 2739 5778 scriptum
2765 5707 2966 5779 reperi.
2993 5705 3139 5761 Inter
3163 5705 3384 5778 impituu
3408 5720 3463 5770 et
3491 5723 3826 5782 peceatorcm

2240 5799 2342 5858 hoc
2363 5801 2610 5869 interest,
2636 5799 2725 5872 qui
2753 5800 2950 5873 impius
2976 5808 3079 5867 est,
3106 5809 3268 5868 negat
3294 5801 3464 5859 Deum
3498 5821 3510 5858 :
3537 5805 3626 5876 qui
3650 5821 3833 5878 pecea-
