3980 6332
184 357 303 417 825

1195 354 1627 416 BREVIARIUM
1664 353 1730 411 IN
1773 350 2108 414 PSALMOS.
2148 353 2397 415 PSALM.
2439 355 2505 414 ll.

2953 8 3277 23 ῃίῇί
3326 8 3337 11 -
3396 6 3431 11 Ὗ

2312 24 3129 59 Ᾱῌύ--ι-ᾞ-Ή-
3132 39 3383 51 -ῃ--ᾐ
3404 38 3431 45 Ἰν

3382 352 3491 414 826

181 486 285 535 tor
309 483 417 546 est,
446 476 738 535 conlitctur
765 484 821 531 et
849 481 1052 547 peccat.
1081 473 1236 531 Sicut
1261 473 1440 545 justus
1462 473 1545 528 vir
1564 486 1788 545 compa-
1816 477 1873 542 Α
1895 487 2002 544 quo
2050 473 2144 530 ille
2173 475 2483 546 quempiam
2530 474 2797 543 derideat,
2846 474 2945 532 sed
2973 474 3120 547 quod
3155 489 3256 533 nos
3305 476 3492 536 derisu

185 580 349 627 ratur
369 571 515 642 ligno
548 588 564 628 :
597 570 677 627 sic
704 570 901 640 impius
922 578 1267 641 comparatur
1295 567 1526 637 pulveri.
1566 566 1670 636 Qui
1697 566 1787 638 ju-

181 675 430 731 stuseSt,
452 663 600 736 ligno
615 662 850 734 paradisi
873 669 1256 735 comparatur:
1279 660 1371 733 qui
1388 668 1569 717 autem
1585 659 1783 731 impius

182 767 301 828 est,
327 758 540 829 pulveri
577 765 944 828 comparatur.

265 851 377 909 Sed
407 857 671 922 tamquam
706 849 896 925 pulvis,
927 865 1076 919 quem
1103 850 1311 923 proiicit
1350 857 1529 904 ventus
1576 865 1609 905 a
1653 847 1788 919 facie

184 953 365 1000 teri-te.
416 944 602 1000 Pulvis
640 942 768 999 licet
798 942 870 1000 de
908 951 1054 999 terra
1084 942 1176 1013 sit,
1213 951 1392 999 tamen
1422 942 1624 998 desinit
1659 957 1785 999 esse

183 1048 360 1097 terra.
394 1037 527 1093 Tam
553 1036 742 1093 infelix
767 1036 873 1091 erit
911 1035 1133 1107 impius,
1168 1045 1224 1092 ut
1254 1049 1356 1092 nec
1381 1043 1632 1092 terrenus
1674 1034 1788 1107 qui-

184 1133 317 1191 dem
371 1132 444 1189 sit
471 1131 671 1204 pulvis.
702 1130 929 1187 Videtur
956 1131 1178 1202 quidem
1221 1130 1425 1187 habere
1461 1141 1622 1186 terra.
1660 1129 1789 1186 sub-

185 1227 468 1295 stantiam,
511 1225 606 1281 sed
637 1225 803 1281 habet
832 1240 983 1280 suam
1010 1208 1377 1283 substantiam
1416 1240 1429 1277 :
1458 1223 1592 1279 nihil
1624 1222 1788 1280 habet

186 1320 458 1388 solidum,
498 1318 595 1375 sed
624 1317 770 1391 quod
807 1316 991 1384 habet,
1023 1317 1091 1373 ad
1115 1332 1327 1389 ptenam
1352 1318 1537 1374 habet.
1571 1316 1688 1374 Huc
1718 1318 1782 1373 il-

188 1414 389 1486 lucque
415 1412 768 1485 dispergitur,
809 1425 1102 1482 numquam
1144 1411 1196 1466 in
1230 1426 1338 1467 uno
1363 1410 1486 1466 loco
1511 1419 1618 1476 est,
1650 1425 1787 1481 quo-

185 1520 425 1578 cumque
449 1513 645 1561 ventus
665 1503 912 1569 traxerit,
941 1503 1070 1559 illuc
1100 1504 1218 1575 ejus
1241 1503 1475 1574 impetus
1504 1501 1781 1574 dirigitur.

187 1598 285 1657 Sic
315 1608 373 1655 et
402 1598 620 1668 impius,
646 1597 744 1669 qui
774 1596 950 1653 semel
981 1596 1150 1652 Deum
1189 1597 1494 1668 negaverit,
1524 1610 1787 1668 quocum-

185 1706 297 1763 que
327 1691 481 1747 illum
511 1704 643 1747 aura
673 1688 877 1746 diaboli
906 1689 1161 1759 traxerit,
1193 1688 1324 1745 illuc
1356 1703 1545 1745 errore
1585 1686 1786 1760 perdu-

183 1786 356 1842 citur.

1887 568 2051 640 digna
2078 568 2362 626 faciamus.
2388 568 2459 625 Et
2482 569 2735 626 Dominus
2751 569 3090 626 subsannabit
3110 586 3222 626 eos.
3246 570 3492 629 Subsan-

1886 664 2033 718 natio
2056 662 2274 734 proprie
2299 672 2489 733 rugata
2512 662 2717 731 fronte,
2742 671 2796 718 et
2817 671 3109 719 contracto
3135 678 3268 719 naso
3297 664 3491 738 expri-

1886 757 2076 814 mitur.
2112 757 2273 813 Absit
2317 759 2497 829 itaque
2547 759 2650 814 hoc
2703 772 2807 813 nos
2856 756 2924 815 de
2969 757 3084 814 Deo
3123 759 3489 829 corporaliter

1887 851 2232 919 exiStimare,
2263 852 2407 924 quod
2440 854 2603 909 etiam
2629 853 2684 908 in
2707 851 2970 923 gravibus
2996 852 3134 909 viris
3161 852 3381 925 quidam
3406 869 3497 913 re-

1886 947 2260 1017 prehensione
2282 946 2502 1017 dignum
2535 946 2893 1003 arbitrantur.

1957 1037 2106 1093 Tunc
2135 1040 2374 1110 loquetur
2399 1039 2468 1093 ad
2510 1054 2594 1094 eos
2622 1039 2677 1094 in
2724 1039 2806 1092 ira
2853 1054 2973 1093 sua.
3024 1038 3101 1094 De
3154 1038 3235 1096 ira
3282 1038 3383 1097 Dei
3429 1046 3488 1097 et

1887 1130 2205 1188 Lactantius
2235 1130 2433 1187 librum
2465 1130 2895 1201 pulcherrimum
2942 1131 3215 1205 scripsit,
3261 1143 3318 1190 et
3371 1133 3489 1205 ipse

1887 1227 2152 1298 Origenes
2192 1225 2531 1283 creberrime
2571 1224 2834 1295 disputat,
2865 1241 2974 1281 non
3011 1236 3119 1281 tam
3152 1227 3289 1283 iram
3318 1242 3443 1284 esse
3470 1266 3489 1298 ,

1887 1336 2049 1392 quam
2074 1319 2442 1376 necessariam
2470 1318 2900 1389 correptionem,
2927 1326 2986 1372 ut
3004 1319 3174 1391 patris
3203 1319 3256 1374 in
3288 1317 3483 1387 liliutn,

1888 1412 2091 1470 medici
2121 1414 2173 1469 in
2206 1421 2495 1485 a-grotum,
2528 1411 2778 1482 magistri
2804 1411 2856 1466 in
2890 1410 3247 1482 discipulum.
3274 1410 3359 1467 lra
3390 1426 3487 1468 au-

1888 1515 1998 1566 tem
2032 1505 2364 1577 patientibus
2392 1504 2565 1561 videri
2594 1511 2798 1574 potest,
2830 1517 2936 1559 non
2960 1502 3105 1574 quod
3129 1502 3273 1559 Deus
3300 1518 3489 1559 emen-

1889 1601 1981 1658 det
2010 1601 2199 1657 iratus.
2228 1598 2299 1654 Et
2325 1599 2378 1654 in
2408 1599 2588 1670 furore
2615 1614 2711 1653 suo
2738 1595 3063 1653 conturbabit
3106 1612 3213 1653 eos.
3250 1596 3406 1653 Sicut
3429 1598 3488 1654 in

1890 1693 2132 1764 Epistula
2176 1692 2245 1749 ad
2290 1691 2568 1748 Romanos
2594 1710 2607 1746 :
2638 1690 2963 1760 Revelatur,
3010 1690 3205 1762 inquit,
3262 1690 3342 1745 ira
3390 1688 3489 1747 Dei

1892 1788 2071 1863 (Rom.
2091 1785 2157 1859 ι),
2184 1795 2241 1841 ιιι
2271 1786 2361 1858 qui
2391 1800 2512 1841 eam
2539 1792 2828 1840 venturam
2871 1780 3203 1854 intelligunt,
3236 1781 3491 1839 studeant

261 1877 395 1933 Ideo
422 1893 527 1933 non
549 1886 829 1950 resurgunt
852 1877 1000 1947 impii
1023 1877 1082 1931 in
1102 1876 1311 1952 judicio
1336 1890 1356 1930 :
1375 1874 1493 1932 Non
1523 1875 1653 1947 quia
1675 1889 1782 1932 non
1812 1876 1862 1938 B
1890 1880 2133 1937 devitarc
2163 1896 2177 1934 :
2210 1880 2282 1935 ita
2326 1887 2382 1936 et
2407 1879 2460 1935 in
2491 1877 2749 1948 praesenti
2798 1876 2921 1934 loco
2961 1876 3219 1947 benigne,
3249 1892 3359 1933 non
3387 1876 3485 1944 ait,

185 1980 505 2046 resurgant,
538 1970 635 2029 sed
655 1971 782 2044 quia
807 1969 863 2026 in
891 1969 1093 2042 iudicio
1124 1985 1236 2027 non
1263 1979 1592 2041 resurgant:
1624 1976 1650 2005 ιι
1670 1968 1783 2039 jam

184 2068 339 2126 enim
371 2066 440 2124 de
477 2065 562 2122 his
595 2064 1006 2136 praeiudicatum
1035 2072 1142 2121 est.
1186 2062 1369 2135 Neque
1393 2072 1693 2137 peccatores
1730 2063 1784 2117 in

188 2163 416 2221 concilio
456 2168 741 2238 justorum.
775 2162 833 2223 Si
883 2178 991 2221 non
1043 2173 1338 2234 resurgunt
1363 2168 1683 2235 peccatores
1728 2159 1783 2215 in

189 2257 430 2318 concilio
478 2258 773 2329 justorum,
807 2258 1023 2316 diversa
1076 2267 1163 2319 est
1213 2266 1561 2332 peccatorum
1608 2254 1785 2327 justo-

189 2366 423 2425 t'umque
449 2354 805 2411 resurrectio.

265 2445 402 2513 Quia
422 2446 681 2516 cognoscit
708 2444 965 2501 Dominus
993 2445 1423 2519 uiamjustorum.
1458 2441 1604 2499 Nihil
1628 2439 1782 2497 aliud

189 2538 475 2610 cognoscit
526 2538 813 2607 Dominus,
852 2539 1125 2610 nisiquod
1154 2538 1349 2595 notitia
1386 2538 1505 2610 ejus
1554 2536 1780 2610 dignum

192 2638 298 2687 est.
333 2629 609 2705 Caguoscit
647 2631 836 2706 quippe
862 2630 1122 2688 Dominus
1167 2648 1252 2688 eos
1280 2632 1367 2700 qui
1403 2632 1517 2700 ejus
1546 2641 1670 2688 sunt
1697 2639 1785 2686 :et

192 2725 239 2779 si
257 2724 346 2796 qui
373 2725 552 2793 nescit,
583 2727 839 2782 nescietur
863 2726 1023 2798 (Tim.
1058 2724 1143 2800 ιι).
1171 2726 1323 2782 Etad
1350 2736 1670 2797 peccatores
1700 2724 1784 2781 di-

191 2816 334 2872 citur
362 2835 378 2871 :
409 2815 670 2874 Discedite
699 2834 731 2871 a
774 2834 876 2884 me,
904 2819 1129 2891 operarii
1163 2818 1476 2887 iniquitatis,
1518 2834 1622 2872 non
1665 2818 1783 2872 noui

189 2925 277 2967 vos
299 2908 455 2983 (Luc.
481 2908 624 2983 xm).
647 2909 805 2967 Viam
828 2918 1010 2967 autem
1029 2910 1304 2983 iustorum
1337 2910 1639 2981 illum‘puto
1660 2924 1784 2966 esse

189 3003 281 3074 qui
313 3002 551 3073 loquitur
583 3020 598 3059 :
628 3001 746 3078 Ego
774 3021 889 3059 sum
935 3004 1019 3059 uia
1048 3002 1234 3076 (Joan.
1284 3003 1422 3076 xtv).
1470 3004 1544 3060 De
1585 3018 1697 3074 quo
1727 3012 1781 3059 et

190 3091 453 3165 propheta
476 3093 605 3151 dicit
628 3111 644 3150 :
671 3094 856 3152 Videte
874 3111 989 3167 qua:
1003 3096 1071 3151 sit
1090 3096 1175 3150 uia
1196 3095 1350 3150 bona.
1381 3093 1449 3150 Et
1471 3095 1571 3150 iter
1590 3095 1781 3165 impio-

188 3201 307 3240 rum
335 3185 519 3258 peribit
551 3184 766 3261 (Jerem.
792 3188 899 3261 γι).
930 3186 1103 3257 Quam
1128 3186 1451 3256 clementer,
1485 3202 1595 3244 non
1622 3186 1779 3259 impii

190 3277 469 3352 peribunt,
499 3278 597 3337 sed
626 3279 895 3354 impietas.

772 3375 1090 3436 PSALMUS
1128 3374 1195 3434 ll.

261 3466 440 3534 Quare
485 3468 804 3541 fremuerunt
847 3479 1045 3542 gentes,
1085 3472 1134 3527 et
1175 3470 1359 3544 populi
1398 3468 1635 3525 meditati
1660 3475 1782 3523 sunt

185 3558 391 3616 inania.
416 3559 653 3618 Audacis
690 3571 773 3619 est
791 3566 933 3620 hunc
967 3563 1237 3636 psalmum
1263 3561 1614 3632 interpretari
1639 3559 1781 3617 velle

185 3661 315 3724 post
364 3651 634 3710 Petrum:
664 3655 830 3712 immo
859 3655 927 3713 de
972 3670 1039 3712 eo
1091 3655 1303 3713 sentire
1341 3653 1490 3711 aliud
1522 3669 1682 3727 quam
1723 3654 1779 3712 in

185 3742 415 3801 Actibus
437 3746 812 3816 apostolorum
837 3746 1037 3804 dixerit
1059 3747 1277 3803 Petrus.

260 3838 546 3895 Astiterunt
588 3857 731 3914 reges
759 3851 932 3909 terrea,
974 3851 1020 3897 et
1045 3842 1310 3914 principes
1334 3849 1684 3897 conuenerunt
1723 3840 1779 3896 in

185 3947 348 3987 unum
383 3930 627 3989 adversus
666 3932 952 3990 Dominum
978 3943 1025 3989 et
1060 3934 1306 3989 adversus
1333 3932 1600 3990 Christum
1644 3934 1776 4006 ejus.

184 4024 301 4085 Non
332 4025 515 4082 solum
540 4026 785 4085 Herodes
813 4045 931 4095 rex,
964 4027 1061 4085 sed
1089 4028 1256 4087 etiam
1289 4028 1365 4084 illi
1392 4043 1552 4100 reges
1576 4028 1773 4085 adver-

189 4129 288 4172 sus
336 4116 629 4174 Dominum
665 4119 1068 4188 constiterunt,
1117 4134 1352 4191 quorum
1402 4134 1568 4192 regna
1625 4119 1676 4178 ei
1722 4119 1776 4175 in

189 4218 394 4280 puncto
421 4213 684 4281 temporis
703 4211 951 4268 diabolus
981 4211 1237 4269 ostendit.

260 4301 632 4375 Dirumpamus
661 4303 869 4360 uincula
915 4321 1127 4373 eorum,
1171 4313 1220 4361 et
1266 4306 1636 4380 proﬁciamus,
1666 4316 1776 4364 etc.

184 4395 434 4465 Quatuor
455 4399 825 4469 praecedentes
847 4414 1034 4455 versus
1056 4399 1149 4456 vel
1169 4399 1368 4471 angeli,
1394 4400 1476 4456 vel
1493 4400 1779 4473 propheta:

182 4498 316 4545 sunt
341 4490 543 4558 locuti,
592 4491 856 4549 mirantes
899 4507 1068 4564 quare
1098 4492 1333 4550 humana
1365 4493 1647 4549 temeritas
1685 4492 1782 4549 ad-

182 4596 382 4638 versus
410 4583 505 4639 Dei
534 4583 729 4640 Filium
744 4585 1170 4642 consurrexerit.
1192 4586 1237 4641 A
1249 4586 1438 4657 quinto
1459 4594 1643 4642 autem
1654 4602 1779 4642 vcr-

1890 1974 2083 2045 puniet
2110 1988 2126 2027 :
2159 1971 2279 2040 sed,
2304 1968 2566 2041 turbabit,
2596 1979 2656 2027 ut
2677 1969 2889 2043 absque
2909 1968 3088 2042 pceuis
3114 1968 3486 2041 quiJurbatus

1889 2075 1994 2134 eet,
2019 2064 2349 2136 corrigatur.

1959 2156 2075 2229 Ego
2118 2164 2313 2212 autem.
2339 2155 2455 2212 Vox
2479 2153 2707 2213 Christi.
2732 2153 3056 2210 Constitutus
3090 2169 3205 2209 sum
3242 2168 3360 2219 rex,
3382 2166 3485 2225 pro

1888 2259 2046 2325 parte
2073 2251 2253 2307 carnis
2294 2249 2518 2306 dicitur.
2551 2248 2629 2304 Ab
2654 2264 2736 2317 eo,
2764 2248 2878 2305 Deo
2907 2255 3079 2320 patre.
3123 2246 3296 2319 Super
3325 2245 3481 2316 Sion,

1888 2345 1943 2403 id
1969 2352 2057 2402 est
2076 2386 2091 2411 ,
2142 2357 2310 2413 super
2360 2342 2687 2400 Ecclesiam.
2717 2341 2873 2409 Sion,
2906 2337 3132 2412 specula
3158 2339 3286 2397 vita:
3314 2340 3485 2394 luter-

1889 2446 2154 2510 pretatur.
2185 2432 2420 2490 Montem
2463 2442 2703 2491 sanctum
2734 2434 2868 2505 ejus,
2896 2444 3058 2489 mons
3086 2437 3171 2487 est
3204 2429 3483 2502 Ecclesia,

1889 2533 1977 2591 vel
1999 2534 2115 2605 ipse
2135 2530 2413 2596 Christus,
2446 2539 2504 2585 ut
2534 2528 2669 2585 illud
2697 2544 2713 2584 :
2742 2526 2813 2583 Et
2841 2527 2939 2582 erit
2973 2527 3029 2581 in
3057 2524 3348 2580 novissimis
3373 2525 3486 2579 die-

1889 2628 1979 2684 bus
2005 2632 2334 2697 prceparatus
2360 2639 2507 2679 mons
2537 2623 2725 2677 domus
2762 2618 2981 2675 Domini
3014 2619 3071 2673 in
3105 2617 3292 2674 vertice
3333 2633 3487 2672 mon-

1885 2719 2035 2777 tium.
2064 2718 2368 2774 Prtedicans
2394 2725 2707 2791 prmceptum
2733 2714 2948 2771 Domini
2972 2711 3110 2788 (Isa.
3142 2709 3228 2785 lt).
3253 2711 3369 2773 Hoc
3399 2719 3486 2770 est

1886 2812 2191 2871 doctrinam
2224 2811 2532 2883 Evangelii.

1959 2906 2217 2960 Dominus
2256 2903 2391 2959 dixit
2432 2904 2503 2959 ad
2526 2920 2625 2974 me,
2651 2903 2795 2977 ﬁlius
2827 2919 2974 2959 meus
2996 2919 3046 2960 es
3068 2911 3124 2960 tu
3156 2919 3176 2960 :
3202 2919 3296 2977 ego
3326 2900 3482 2957 hodie

1886 3008 2039 3082 genui
2061 3016 2127 3062 te.
2156 3005 2313 3062 Jesus
2336 3004 2584 3061 Christus
2613 3011 2697 3060 est
2720 3001 2837 3059 heri
2865 3010 2921 3058 et
2948 3000 3131 3069 hodie,
3156 3009 3211 3058 et
3238 3003 3291 3057 in
3323 3009 3485 3057 teter-

1887 3117 2037 3158 num.
2068 3101 2240 3159 Recte
2283 3107 2464 3157 autem
2496 3097 2548 3157 ei
2577 3096 2668 3170 qui
2709 3105 2869 3153 natus
2900 3102 2985 3152 cst
3010 3095 3065 3152 in
3091 3102 3362 3167 tempore,
3390 3093 3478 3150 di-

1886 3196 2029 3253 citur
2054 3215 2068 3254 :

1811 3268 1859 3337 δ
1961 3289 2178 3347 Postulo
2204 3304 2354 3357 ante,
2380 3297 2428 3344 et
2456 3286 2588 3343 dabo
2610 3285 2701 3342 tibi
2723 3295 2898 3361 gentes
2926 3283 3285 3340 hmreditatem
3313 3289 3479 3336 tuam.

1884 3383 1965 3440 Ac
1990 3382 2038 3438 si
2062 3382 2208 3438 dicat
2234 3399 2248 3436 :
2279 3382 2416 3437 Dum
2445 3378 2622 3437 Judaei
2648 3386 2702 3435 te
2729 3377 3022 3434 uoluerunt
3052 3376 3336 3447 recipere:
3360 3388 3480 3431 om-

1883 3491 1982 3534 nes
2015 3482 2205 3548 gentes
2238 3474 2335 3530 tibi
2367 3473 2585 3529 venient
2616 3472 2674 3527 in
2705 3470 3105 3527 baereditatem.

1957 3567 2124 3642 Reges
2146 3583 2232 3623 eos
2258 3566 2310 3621 in
2337 3566 2482 3637 virga
2505 3566 2691 3638 ferrea.
2715 3564 2773 3619 ιιι
2798 3562 2936 3619 dura
2964 3560 3250 3634 disciplina
3277 3559 3481 3617 Roma-

1883 3679 2101 3721 norum.
2133 3662 2231 3720 Vel
2262 3676 2364 3733 per
2390 3661 2599 3732 virgam
2624 3658 2885 3726 ferream,
2908 3656 3196 3727 disciplina
3229 3654 3484 3711 intolera-

1882 3759 2012 3816 bilis
2043 3776 2056 3815 :
2091 3759 2213 3830 quia
2246 3755 2413 3812 corda
2457 3754 2674 3811 illorum
2703 3761 2945 3810 tortuosa
2975 3757 3152 3807 erant.
3192 3747 3483 3821 Tamquam

1885 3868 1974 3909 vas
2023 3852 2178 3924 ﬁguli
2233 3849 2528 3922 confringes
2565 3865 2672 3902 eos.
2728 3845 2835 3901 Vas
2887 3843 3034 3913 ﬁguli
3077 3850 3365 3914 antequam
3424 3842 3479 3897 in

1884 3952 2080 4000 testam
2114 3942 2276 3998 fuerit
2306 3939 2657 4008 obduratum,
2691 3939 2736 3995 si
2767 3938 3093 4008 dissipetur,
3126 3933 3479 3992 reformabile

1883 4045 1988 4093 est.
2020 4035 2169 4107 Lege
2210 4034 2503 4091 Jeremiam
2537 4032 2751 4105 (Jerem.
2799 4032 2938 4104 xix).
2990 4028 3047 4087 Si
3081 4038 3266 4086 autem
3310 4028 3483 4085 semel

1885 4137 2021 4187 testa
2073 4128 2251 4184 fracta
2299 4126 2485 4193 fuerit,
2546 4138 2895 4196 nequaquam
2928 4123 2982 4178 in
3030 4122 3301 4193 integrum
3333 4133 3484 4177 cout-

1885 4221 2030 4293 pingi
2062 4228 2261 4293 potest.
2282 4218 2486 4276 Verum
2517 4232 2637 4290 qua:
2671 4217 2813 4289 apud
2840 4215 3090 4271 homines
3121 4211 3483 4286 impossibilia

1884 4320 2037 4380 sunt,
2071 4310 2213 4383 apud
2238 4311 2413 4367 Deum
2441 4317 2567 4365 sunt
2590 4306 2892 4382 possibilia.
2919 4306 3165 4380 Figulus,
3183 4305 3435 4362 Christus
3461 4322 3477 4360 :

1881 4416 2003 4473 vas,
2033 4403 2221 4471 homo,
2247 4414 2307 4459 ut
2336 4411 2421 4459 est
2441 4402 2577 4458 illud
2605 4419 2618 4457 :
2650 4402 2800 4461 Sicut
2827 4417 2915 4456 vas
2942 4400 2997 4455 in
3022 4417 3178 4455 manu
3212 4400 3384 4474 ﬁguli,
3408 4399 3483 4454 sic

1887 4515 1979 4553 vos
2000 4499 2053 4553 in
2086 4513 2245 4551 manu
2268 4511 2404 4562 mea,
2434 4495 2557 4549 dicit
2579 4492 2838 4549 Dominus
2870 4491 3036 4567 (Ibid.
3060 4492 3244 4562 xvi“).
3272 4491 3480 4547 Aliter:

1884 4589 2258 4662 Confringitur
2290 4589 2353 4673 iu
2380 4587 2757 4661 paenitentiam
2778 4586 2887 4658 hic,
2913 4586 3003 4643 vel
3026 4586 3078 4642 in
3105 4584 3195 4643 die
3213 4585 3402 4659 iudicii
3426 4587 3481 4644 in

182 4672 360 4731 siculo
398 4674 662 4733 Dominus
691 4676 807 4748 ipse
834 4677 1149 4750 respondit,
1181 4681 1477 4734 cohortalis
1515 4678 1774 4749 pupulum
1802 4669 1858 4732 D
1882 4682 2087 4754 ignem.

179 4768 492 4840 gentilium,
522 4778 577 4826 et
623 4785 815 4827 omnes
861 4770 953 4842 qui
1007 4771 1109 4826 sibi
1146 4785 1213 4827 ex
1258 4769 1463 4827 Judasis
1510 4770 1775 4827 credituri

178 4874 333 4928 sunt,
363 4872 424 4919 ut
465 4864 657 4937 legalia
696 4865 911 4923 vincula
941 4865 1261 4935 dissolvunt,
1310 4874 1365 4922 et
1409 4880 1571 4937 grave
1620 4879 1762 4923 onus

178 4955 347 5028 Legis
375 4955 654 5028 abjiciant,
689 4958 836 5030 quod
867 4973 980 5016 non
1014 4966 1307 5029 potuerunt
1332 4967 1551 5029 portare
1584 4966 1775 5030 patres

178 5064 397 5115 eorum,
430 5050 527 5107 sed
554 5059 853 5123 sequantur
894 5066 1020 5109 eum
1047 5050 1206 5123 cujus
1228 5051 1416 5124 jugum
1458 5066 1628 5113 suave
1659 5060 1764 5121 est,

178 5151 240 5199 et
266 5157 404 5198 onus
432 5140 571 5199 leve.
1684 5204 1691 5209 ,

259 5236 364 5306 Qui
390 5237 588 5294 habitat
615 5238 671 5294 in
688 5239 829 5294 stetis
854 5238 1092 5296 irridebit
1114 5254 1218 5295 eos.
1244 5238 1350 5295 Per
1369 5237 1627 5297 humana:
1651 5255 1772 5298 ser—

175 5330 568 5389 mocinationis
609 5331 884 5404 exempla,
924 5331 1150 5393 allectus
1195 5330 1296 5389 Dei
1324 5330 1589 5392 discimus
1617 5353 1632 5392 :
1660 5352 1769 5397 non

262 5548 288 5580 α
313 5539 561 5597 Diximus
590 5555 621 5596 a
645 5540 874 5599 Servate
902 5541 1091 5608 Lupo,
1122 5541 1177 5596 in
1218 5540 1543 5599 Colleetaneo
1572 5544 1636 5598 de
1665 5547 1764 5600 tri-

171 5612 702 5686 busqueestionibus,
742 5613 948 5686 laudari
974 5613 1119 5670 hunc
1147 5613 1461 5686 Hieronymi
1493 5615 1674 5671 locum
1700 5616 1764 5672 iis

160 5685 354 5741 verbis
380 5703 393 5738 :
428 5683 583 5737 Idem
604 5682 797 5757 Doctor
822 5683 1230 5757 (Hieronymus)
1257 5682 1370 5740 alio
1394 5687 1539 5741 verba
1560 5703 1764 5742 sensum

158 5755 642 5831 prcedestinationis
653 5756 900 5831 expressit
920 5756 981 5831 in,
994 5755 1359 5831 explanatione
1371 5758 1523 5830 primi
1541 5757 1729 5831 psalmi
1744 5775 1763 5814 :

160 5826 272 5903 Qui
297 5836 473 5903 autem
502 5843 608 5903 non
633 5826 820 5903 credit,
843 5829 1026 5898 inquit,
1050 5826 1468 5903 jamjudicatus
1506 5826 1615 5897 est;
1642 5834 1762 5903 jam

158 5894 301 5955 enim
329 5894 707 5971 prtvjudicatus
732 5898 799 5950 ad
830 5894 1031 5971 positam
1050 5894 1149 5955 cst.
1173 5894 1373 5959 Confer
1400 5915 1543 5960 nunc
1574 5894 1757 5961 verum

1955 4773 2111 4829 Nune
2129 4788 2271 4847 reges
2298 4770 2594 4846 intelligite.
2627 4769 2807 4842 Reges
2836 4769 3023 4825 saeculi
3050 4784 3243 4828 omnes
3263 4771 3349 4827 vel
3380 4786 3471 4826 re-

1879 4880 1975 4939 ges
2005 4865 2178 4922 sancti
2209 4862 2468 4935 apustoli,
2502 4861 2791 4933 intelligite
2830 4863 2933 4917 ista
2961 4862 3297 4931 supradicta.
3340 4861 3483 4916 Eru-

1879 4960 2083 5017 dimini.
2118 4959 2238 5017 Hoc
2271 4968 2376 5028 est,
2412 4960 2798 5030 vosmetipsos,
2841 4956 2929 5014 vel
2955 4956 3115 5013 alios.
3145 4954 3247 5024 Qui
3270 4955 3485 5029 judica-

1880 5054 1944 5111 tis
1971 5064 2181 5122 terram,
2216 5063 2460 5111 sanctam
2482 5053 2803 5113 Ecclesiam.

1950 5148 2150 5206 Servite
2180 5148 2403 5205 Domino
2431 5150 2487 5204 in
2509 5149 2718 5205 timore.
2746 5146 2979 5205 Timore
3007 5144 3167 5214 dixit,
3200 5153 3259 5201 ut
3288 5145 3481 5203 elatio-

1862 5250 2005 5301 'nem
2030 5243 2111 5299 eis
2153 5242 2410 5297 tolleret:
2445 5242 2569 5313 quia
2602 5255 2759 5312 reges
2788 5254 2883 5296 eos
2915 5238 3240 5311 appellarat.
3272 5236 3342 5293 Et
3383 5254 3475 5293 ea:-

1874 5338 2065 5400 suttate
2086 5336 2152 5392 ei.
2186 5334 2258 5396 Ut
2286 5350 2382 5395 eos
2402 5336 2602 5395 iterum
2632 5334 2990 5405 confortaret,
3036 5343 3093 5391 ut
3122 5333 3255 5391 illud
3295 5352 3309 5391 :
3338 5333 3485 5391 Gau-

1874 5547 2292 5619 ﬂierOttynium,
2319 5545 2548 5619 Dialogo
2575 5553 2765 5600 contra
2785 5543 3141 5619 Pelagianos,
3179 5559 3331 5599 num.
3360 5544 3432 5601 28
3462 5564 3475 5603 :

1870 5616 1940 5673 In
1974 5614 2162 5688 primo,
2193 5617 2397 5687 inquit,
2432 5614 2633 5688 psalmo
2678 5616 2909 5688 canitur.
2932 5614 3202 5688 quoniam
3233 5630 3341 5688 non
3390 5632 3480 5675 re-

1868 5686 2099 5761 surgunt
2128 5686 2283 5752 impii
2320 5688 2374 5744 in
2410 5686 2637 5761 judicio.
2679 5686 2802 5742 1am
2852 5686 2985 5761 enim
3032 5688 3084 5742 in
3130 5687 3475 5761 perditionem

1867 5759 1988 5819 sunt
2015 5761 2368 5836 praefudit-ali.
2393 5760 2925 5836 Nequepeccatores
2956 5759 3010 5815 in
3041 5759 3476 5836 consiliojus‘to-A

1856 5830 2025 5908 grumi
2054 5831 2206 5888 aliud
2222 5833 2359 5888 enim
2378 5841 2453 5891 est
2476 5830 2701 5908 gloriam
2730 5832 2954 5906 pendere
2976 5830 3307 5904 resurgendi,
3324 5832 3473 5894 aliud

1865 5906 2032 5975 perire
2057 5913 2325 5977 perpetuo.
