4034 6360
519 357 632 419 827

1313 353 1658 422 APPENDIX
1698 354 1791 411 AD
1830 352 2074 417 τοιίωι
2113 350 2468 421 SEPTIMUM
2509 354 2566 411 S.
2610 351 3015 419 HIERONYMI.

3722 358 3832 421 828

524 480 647 541 dcte
675 489 719 535 et
751 476 1005 537 exsultate
1024 515 1041 542 ,
1064 491 1179 535 cum
1216 483 1435 535 tremore
1468 488 1487 529 :
1514 481 1573 537 ut
1599 486 1722 537 cum
1756 480 2000 537 tremore
2026 483 2116 528 εδ*
2141 471 2192 547 Α
2218 485 2334 536 runt
2352 472 2656 535 contrivisti.
2681 471 3074 544 Responderunt
3099 489 3233 547 ergo
3258 477 3420 533 amici
3458 476 3632 534 solius
3657 477 3832 537 histo-

519 581 679 638 scut,
714 570 769 626 id
796 578 903 637 est,
934 576 1170 624 tremore
1195 565 1464 636 corporis,
1489 572 1546 621 et
1565 565 1761 621 timore
1791 564 2014 630 animae.

522 712 529 717 .
607 661 987 738 Appreltenditc
1016 660 1366 730 disciplinam,
1400 676 1462 713 ne
1487 659 1696 731 quando
1729 658 1985 717 irascatur
2018 654 2126 719 Dor

530 760 716 825 minus.
743 756 852 815 Pro
876 769 944 810 eo
970 753 1114 825 quod
1152 752 1204 813 in
1229 751 1425 809 Crteco
1448 751 1681 821 dicitur,
1714 751 1969 828 δράξασθι
2000 773 2122 821 πριι-

510 848 646 917 ,δίας
673 864 687 903 :
713 847 765 903 in
791 846 1021 902 llebrteo
1041 843 1240 915 legitur
1261 856 1427 901 Issen
1463 858 1587 908 nan,
1610 844 1754 913 quod
1774 840 2125 912 interpretari

530 947 730 1012 potest,
762 939 978 993 adorale
1003 936 1197 1007 lilium.
1222 935 1580 1008 Apertissima
1610 934 1795 1005 itaque
1814 934 1880 991 de
1907 934 2126 992 Christo

530 1033 848 1107 prophetia,
894 1039 951 1087 et
979 1030 1121 1091 ordo
1152 1017 1448 1100 praecepti,
1499 1027 1736 1085 Adorate
1775 1026 1972 1084 Filium
2008 1043 2024 1087 :
2059 1041 2126 1083 ue

533 1130 679 1187 forte
709 1129 979 1184 irascatur
1016 1124 1303 1194 Dominus,
1334 1123 1440 1179 hoc
1469 1132 1573 1193 est,
1602 1121 1788 1189 Pater.
1814 1119 1881 1177 Et
1903 1120 2125 1194 pereatis

515 1222 596 1295 ,de
617 1222 701 1277 uia
716 1222 883 1294 justo.
918 1218 1127 1281 Iudaeis
1152 1217 1243 1290 qui
1297 1215 1591 1281 uoluerunt
1630 1214 1862 1277 adorare
1903 1213 2123 1286 Filium,

534 1314 708 1373 iratus
739 1321 823 1369 est
875 1311 1169 1377 Dominus,
1198 1316 1256 1365 et
1284 1309 1557 1379 perierunt
1602 1307 1671 1369 de
1699 1306 1785 1362 via
1832 1314 2000 1365 recta.
2027 1306 2126 1375 Via

526 1410 699 1480 iusta,
735 1406 818 1463 vel
846 1414 1018 1471 recta,
1045 1403 1301 1461 Christus
1324 1412 1431 1459 est.
1472 1401 1532 1458 ln
1553 1402 1638 1459 via
1667 1414 1875 1473 sumus,
1907 1399 2128 1473 quando

515 1501 793 1558 .mandata
827 1499 922 1555 Dei
961 1497 1273 1569 implemus.
1302 1497 1381 1554 De
1408 1496 1493 1552 via
1522 1494 1784 1566 perimus,
1813 1493 2031 1571 quando
2058 1492 2128 1569 ab

542 1596 625 1651 eis
649 1592 1010 1655 declinamus.

608 1686 678 1742 In
705 1686 839 1741 brevi
876 1685 957 1741 ira
983 1686 1117 1756 ejus.
1152 1682 1266 1740 Hoc
1294 1691 1400 1751 est,
1432 1681 1485 1738 in
1518 1680 1668 1747 exitu
1696 1679 2128 1750 uniuscujusque

540 1778 801 1845 hominis.
829 1776 922 1839 Vel
954 1776 1109 1835 brevi
1139 1776 1218 1831 ira
1249 1775 1302 1831 in
1334 1773 1422 1837 die
1448 1773 1664 1846 iudicii,
1696 1780 1758 1837 ut
1793 1772 1926 1835 illud
1953 1787 1970 1841 ς
1999 1768 2129 1831 Cum

2227 564 2352 633 riai,
2389 564 2662 643 quomodo
2691 565 2832 629 Deus
2862 568 3137 625 maxillam
3170 569 3460 641 percutiat,
3490 579 3547 627 et
3580 569 3828 627 confrin-

2226 667 2315 731 gat
2341 658 2537 725 dentes
2560 669 2931 731 peccatorum,
2963 662 3201 734 pugilum
3220 674 3413 721 contra
3437 679 3501 720 se
3529 679 3688 721 more
3710 680 3830 723 cer-

2228 751 2477 807 tantium.
2506 749 2698 808 Dentes
2733 762 3062 825 peccatorum
3082 756 3395 813 contrivisti.
3429 757 3716 830 Principes
3736 757 3831 816 Ju-

2228 847 2471 911 dasorum
2502 865 2516 902 :
2546 846 2761 917 dentes,
2795 847 2878 907 vel
2921 849 3168 919 haeretici
3212 850 3493 920 doctores,
3524 851 3613 908 vel
3663 851 3830 913 verba

2229 939 2493 1012 ipsorum.

2299 1031 2514 1095 Domini
2553 1042 2630 1093 est
2657 1035 2821 1101 salus.
2856 1036 2971 1099 Hoc
2995 1046 3101 1104 est,
3153 1052 3260 1095 non
3288 1038 3360 1097 ab
3387 1038 3635 1108 homine,
3673 1037 3771 1095 sed
3799 1054 3829 1097 ι

2227 1125 2362 1191 Deo.
2390 1125 2515 1197 Ipse
2540 1127 2689 1189 solus
2716 1136 2917 1199 potest,
2942 1137 3000 1195 et
3027 1144 3122 1201 per
3150 1129 3327 1202 ipsum
3370 1144 3401 1187 a
3432 1139 3611 1189 morte
3652 1131 3709 1188 in
3750 1131 3830 1189 vi-

2228 1228 2337 1276 tam
2369 1220 2623 1277 transire.
2652 1220 2717 1285 Et
2735 1237 2888 1291 super
2912 1223 3163 1295 populum
3183 1230 3349 1287 tuum.
3382 1222 3498 1279 Hoc
3527 1232 3633 1292 est,
3660 1238 3835 1296 popu-

2231 1310 2340 1369 lum
2365 1311 2760 1377 Chrisrianum.
2784 1312 3085 1369 Benedictio
3105 1322 3215 1371 tua.
3251 1314 3463 1384 Populo
3486 1313 3831 1371 credentium

2229 1401 2663 1461 benedictionem
2709 1403 2986 1461 inlundit:
3018 1406 3401 1463 transmittens
3448 1406 3530 1465 eis
3567 1404 3832 1478 Spiritum

2228 1502 2503 1561 sanctum,
2532 1494 2621 1550 vel
2645 1494 2699 1555 iu
2723 1494 2908 1559 luturo
2929 1495 3143 1569 quando
3168 1496 3418 1555 dicturus
3441 1496 3552 1555 erit
3573 1514 3587 1550 :
3622 1495 3828 1563 Venite,

2229 1582 2481 1653 benedicti
2512 1584 2687 1642 Patris
2716 1588 2836 1656 mei,
2871 1588 3119 1663 percipite
3151 1604 3372 1660 regnum
3393 1587 3536 1660 quod
3563 1587 3706 1644 vobis
3736 1605 3833 1661 pa-

2227 1686 2400 1748 ratum
2430 1687 2503 1735 est
2527 1680 2592 1736 alt
2618 1680 2818 1752 origine
2844 1679 3026 1741 mundi
3055 1680 3274 1755 (Matth.
3298 1682 3466 1755 xxv).

2801 1793 3122 1854 PSALMUS
3157 1796 3228 1852 IV
3241 1833 3256 1848 .

535 1876 675 1935 enim
699 1874 924 1953 dixerint
944 1870 1323 1961 homines,kpaa:
1347 1877 1397 1925 et
1426 1869 1701 1961 securitas,
1722 1877 1844 1929 tunc
1863 1867 2031 1961 ueniet
2053 1865 2127 1923 eis
2160 1856 2204 1931 Β
2232 1883 2301 1942 ιη
2339 1887 2495 1957 ﬁnem
2524 1887 2595 1961 5,,
2603 1888 2945 1961 “mm-1,5,,
2976 1890 3208 1961 malm,“
3236 1888 3430 1961 Dauid.
3459 1887 3525 1961 ιῃ
3553 1888 3745 1956 ﬁnem.
3777 1892 3830 1946 id

531 1949 832 2033 repentinus
853 1963 1091 2022 interitus
1117 1961 1164 2034 (Ι
1196 1959 1377 2017 Thess.
1403 1961 1482 2032 v).
1509 1959 1658 2019 Beati
1680 1976 1858 2025 omnes
1882 1960 1971 2031 qui
1999 1976 2127 2027 con.

532 2058 701 2128 ﬁdunt
723 2058 776 2111 in
804 2071 939 2111 eum.
963 2054 1084 2110 Non
1115 2055 1166 2109 in
1200 2053 1533 2119 hominibus,
1566 2068 1746 2124 neque
1778 2053 1831 2113 in
1862 2052 2126 2125 semctip-

530 2150 628 2217 sis,
661 2148 755 2215 sed
804 2149 860 2215 in
893 2147 1085 2215 Deum.
1115 2146 1223 2213 Iste
1254 2147 1519 2221 psalmus,
1550 2156 1611 2213 ut
1657 2147 1866 2218 prmlati
1915 2161 2124 2219 sumus,

533 2243 588 2300 in
618 2242 1008 2308 beatitudinem
1039 2243 1399 2313 terminatur,
1441 2242 1586 2307 unde
1621 2241 1877 2311 superior
1913 2242 2124 2316 incipit,

516 2344 598 2393 .et
628 2334 751 2393 ideo
778 2334 922 2406 apud
949 2334 1212 2401 Hebraeos
1235 2349 1336 2406 pro
1360 2349 1471 2401 uno
1503 2334 1792 2401 habentur.

1107 2448 1425 2507 PSALMUS
1464 2447 1553 2507 Ill.

541 2542 787 2599 Psalmus
818 2541 1006 2610 Dauid,
1028 2543 1239 2612 quando
1251 2542 1387 2614 fugit
1410 2559 1443 2597 a
1474 2542 1609 2611 facie
1627 2542 1871 2614 Ahalam
1897 2541 1997 2614 ﬁlii
2019 2542 2126 2599 sui.

516 2658 523 2663 .
606 2614 715 2671 Iste
755 2615 998 2687 psalmus
1029 2612 1300 2687 posteriOr
1316 2612 1413 2687 est
1443 2613 1800 2687 sequentibus
1828 2612 2082 2684 plurimis
2106 2657 2123 2687 ,

608 2688 699 2755 qui
732 2684 796 2757 ad
828 2686 1008 2757 Saulis
1038 2685 1295 2757 videntur
1322 2684 1605 2754 historiam
1646 2686 1937 2757 pertinere.
1985 2684 2129 2741 Ante

610 2754 879 2828 siquidem
912 2756 1079 2812 David
1109 2771 1139 2811 a
1172 2756 1301 2812 Saul
1328 2763 1413 2811 est
1450 2754 1655 2825 passus
1678 2754 1927 2817 insidias.
1963 2771 2126 2827 quam

612 2828 870 2884 Ahsalom
901 2827 1162 2883 adversus
1190 2841 1314 2882 eum
1344 2840 1492 2881 arma
1513 2827 1816 2884 corriperet
1859 2826 1966 2882 Sed
1999 2830 2126 2884 auia

613 2837 870 2884 Ahsalom
901 2837 1162 2883 adversus
1190 2841 1314 2882 eum
1344 2840 1492 2881 arma
1513 2837 1816 2897 corriperet
1859 2837 1966 2882 sed
1999 2837 2126 2897 quia

613 2901 950 2968 propositum
978 2899 1029 2953 ei
1059 2907 1201 2960 erat.
1236 2906 1296 2952 ut
1340 2913 1449 2953 non
1486 2906 1691 2963 tantum
1720 2897 1789 2959 de
1814 2913 1874 2965 se
1900 2898 2129 2967 referret

608 2986 729 3042 qua:
762 2984 949 3040 passus
969 2977 1072 3033 est,
1099 2984 1259 3042 quam
1284 2978 1341 3022 ut
1363 2984 1461 3040 per
1484 2969 1794 3049 exemplum
1821 2968 1910 3025 sui
1934 2984 2130 3029 omnes

611 3040 859 3095 homines
885 3040 1218 3112 institueret,
1259 3039 1398 3112 ideo
1428 3038 1621 3112 primis
1647 3040 1886 3112 secunda
1916 3054 2129 3112 praepoo

523 3136 537 3142 ι
610 3082 864 3179 ἔιιξϊζἜι
888 3082 1269 3166 ἰεηιὲιῖἕιῖιιὶπη
1308 3082 1553 3169 ciuilem
1582 3082 1798 3167 doceat.
1837 3082 2126 3181 Βίιῖιιίῖιὲἶη

609 3195 735 3259 ante
760 3191 980 3252 propter
1000 3192 1218 3259 peccata
1240 3183 1590 3259 corripimur,
1612 3192 1669 3238 et
1695 3193 1881 3252 postea
1905 3191 2126 3259 propter

2302 1970 2429 2033 est,
2462 1960 2514 2033 in
2555 1957 2798 2033 Christo.
2849 1957 3033 2033 Finis,
3063 1959 3208 2033 epim
3262 1960 3442 2033 Legisg
3467 1959 3726 2033 Christus
3767 1963 3833 2027 ad

2298 2028 2569 2100 justitiam
2612 2031 2761 2085 omni
2789 2030 3058 2086 credenti.
3093 2028 3165 2088 ln'
3193 2028 3557 2098 carminibus,
3591 2030 3694 2087 hoc
3726 2042 3835 2099 est,-

2304 2101 2356 2154 iu
2391 2101 2665 2157 laudibus.
2691 2101 2938 2158 Psalmus
2961 2102 3154 2168 David,
3181 2103 3286 2157 hoc
3315 2112 3422 2172 est,
3455 2102 3578 2157 laus
3604 2102 3833 2160 Christi.

2301 2212 2430 2269 Cum
2450 2214 2739 2269 invocarem
2760 2215 3024 2271 exaudivit
3051 2231 3133 2270 me
3162 2214 3305 2270 Deus
3317 2216 3546 2290 justitia:
3568 2232 3712 2271 mere.
3743 2215 3837 2272 1η-

2229 2324 2526 2381 cougruum
2552 2320 2634 2366 est
2662 2311 2764 2366 hoc
2802 2309 2869 2366 de
2899 2311 3068 2367 David
3111 2312 3389 2384 accipere,
3418 2321 3479 2367 ut
3519 2312 3609 2385 qui
3642 2313 3695 2367 in
3730 2328 3827 2368 su-

2228 2402 2433 2476 periori
2476 2402 2686 2474 psalmo
2714 2412 2939 2473 propter
2980 2405 3315 2460 occisionem
3368 2403 3517 2461 Uria:
3565 2420 3705 2476 pene
3753 2415 3842 2462 est

2230 2492 2547 2555 interfectus
2590 2509 2621 2549 a
2673 2494 2806 2561 lilio,
2847 2510 2989 2551 nunc
3026 2495 3227 2561 audeat
3265 2495 3450 2552 dicere
3485 2515 3501 2553 :
3534 2494 3831 2551 Exauth

2229 2601 2310 2639 me
2358 2583 2499 2640 Deus
2538 2586 2763 2658 justitiaz
2812 2603 2957 2642 mere.
3001 2587 3172 2653 Totus
3230 2589 3411 2659 itaque
3462 2589 3709 2659 psalmus
3765 2591 3838 2645 ad

2229 2675 2527 2742 Christum,
2554 2684 2610 2732 et
2639 2692 2739 2747 per
2764 2675 3044 2732 Christum
3073 2678 3140 2732 ad
3165 2677 3349 2749 justos
3380 2677 3706 2735 referendus
3725 2686 3837 2737 est.

2230 2767 2432 2824 Horum
2470 2767 2648 2823 simile
2677 2769 2805 2840 quid
2838 2770 3005 2825 etiam
3033 2769 3201 2825 Jacob
3230 2769 3446 2826 locutus
3471 2778 3575 2845 est,
3604 2771 3836 2827 dicens:

2232 2858 2490 2915 Exaudiet
2517 2876 2600 2915 me
2621 2876 2737 2915 cras
2757 2861 2972 2933 justitia
2992 2877 3107 2916 mea
3129 2861 3337 2928 (Cenes.
3363 2862 3516 2932 xxx).

2300 2948 2369 3006 In
2400 2950 2730 3006 tribulatione
2752 2967 2869 3006 mea
2894 2952 3131 3007 dilatasti
3166 2950 3317 3007 mihi.
3351 2952 3600 3008 Miserere
3630 2953 3760 3019 mei,
3783 2961 3838 3008 et

2226 3043 2426 3097 exaudi
2455 3044 2740 3099 orationem
2770 3060 2955 3098 meam.
2988 3044 3141 3101 Licet
3169 3044 3300 3115 mihi
3327 3044 3588 3101 auxilium
3612 3044 3840 3113 tuleris,

2230 3142 2285 3191 et
2326 3134 2381 3192 in
2431 3135 2782 3191 tribulatione
2833 3150 2950 3192 mea
2993 3136 3235 3193 dilatasti
3282 3135 3417 3193 mihi
3445 3155 3459 3191 :
3489 3147 3669 3194 tamen
3729 3153 3844 3209 ego

606 3228 1227 3324 ;:;1:.u.;.",;;.1,2.u:;;.
1244 3228 1353 3307 'i;.'
1374 3228 1555 3313 usus"
1574 3228 2125 3319 ’.ξδ’νῑέῑιῑηῖίδιῖιὶπ.
2148 3240 2200 3324 c
2233 3228 2607 3324 missu-imo
2629 3241 2726 3324 tua
2740 3245 2974 3324 semper
2997 3230 3238 3302 indigeo.

519 3335 529 3343 ‘
605 3326 742 3380 ordo
770 3323 1009 3379 mutatus
1029 3333 1131 3378 est.
1158 3323 1273 3379 Sub
1294 3323 1419 3395 Saul
1438 3324 1842 3395 persecutione,
1866 3324 2168 3381 innocens"

605 3394 746 3453 fuit:
775 3397 876 3451 sub
905 3396 1193 3460 Absalom,
1235 3393 1685 3450 manifestissime
1729 3395 1977 3451 criminis
2005 3410 2130 3452 reus

607 3476 886 3548 teneturn
920 3465 1047 3548 liria
1100 3465 1407 3548 interfecto.
1480 3465 1628 3536 Lege
1684 3467 2131 3548 quinquagesimi

515 3604 519 3609 τ
605 3539 796 3608 psalmi
850 3538 1089 3601 titulum,
1127 3546 1186 3603 et
1225 3536 1495 3609 intelliges
1543 3552 1664 3605 eum
1694 3536 1851 3608 juxta
1879 3536 2129 3607 ordinem

613 3609 848 3679 priorem
875 3622 998 3663 esse
1025 3622 1186 3679 quem
1222 3608 1462 3661 tertium.

610 3721 852 3788 Domine,
902 3719 1027 3790 quid
1075 3719 1413 3790 multiplicati
1442 3727 1580 3785 sunt,
1612 3720 1702 3801 qui
1747 3720 1999 3776 tribulant
2029 3737 2131 3789 me,

534 3814 689 3873 multi
715 3822 1003 3886 exsurgunt
1034 3813 1311 3867 adversum
1340 3829 1441 3870 me.
1470 3811 1659 3869 Potest
1685 3812 1774 3869 hic
1809 3814 2048 3887 psalmus
2078 3826 2134 3873 et

533 3909 602 3965 ad
656 3906 849 3975 David,
880 3917 934 3962 et
965 3905 1033 3971 ad
1062 3905 1381 3987 Christum,
1423 3913 1479 3975 et
1518 3920 1614 3978 per
1653 3922 1798 3979 eum,
1835 3907 1901 3969 ad
1944 3924 2133 3981 omnes

537 4008 756 4055 sanctos
788 3997 1088 4069 pertinere.

515 4160 521 4167 _
610 4092 892 4148 Exaudtvit
910 4107 990 4146 me
1014 4092 1078 4147 de
1091 4095 1271 4146 'monte
1285 4102 1467 4147 sancto
1479 4108 1595 4148 suo.
1623 4092 1859 4149 Montem
1887 4105 2133 4165 sanctum

540 4197 675 4260 puto
702 4186 1040 4258 unigenitum
1072 4200 1193 4244 esse
1221 4186 1417 4243 Filium
1454 4187 1573 4257 Dei,
1596 4188 1663 4244 ad
1694 4204 1856 4260 quem
1884 4191 1937 4265 in
1954 4188 2138 4247 novis-

539 4279 692 4336 simis
717 4279 909 4339 diebus
948 4277 1137 4351 populi
1158 4278 1465 4336 conﬂuituri
1498 4292 1642 4337 sunt.
1666 4282 1801 4351 Isaia
1831 4293 1886 4339 et
1910 4283 2135 4342 Michaea

539 4373 840 4446 hocipsum
869 4374 1307 4445 vaticinantibus.
1337 4374 1442 4437 Sed
1473 4383 1528 4432 et
1561 4376 1630 4431 de
1661 4375 1906 4449 Ecclesia
1935 4378 2137 4459 intelli-

535 4470 703 4547 gitur,
736 4471 997 4541 quiasnon
1026 4480 1204 4547 potest
1244 4472 1435 4529 civitas
1482 4472 1745 4545 abscondi
1785 4489 1952 4547 super
1980 4490 2137 4541 mou-

545 4572 653 4619 tcm
687 4564 887 4637 posita.

2309 3320 2377 3375 Ut
2404 3322 2530 3394 quid
2560 3322 2775 3392 diligitis
2800 3323 3102 3387 vanitatem,
3125 3331 3172 3376 et
3206 3324 3440 3395 queritis
3480 3325 3842 3379 mendacium.

2233 3412 2560 3484 Diapsalma.
2593 3412 2831 3470 Verbum
2856 3429 3010 3479 seu,
3038 3413 3183 3471 LXX
3205 3416 3560 3486 interpretes,
3580 3418 3847 3488 Symma—

2235 3504 2369 3561 chus
2398 3515 2454 3561 et
2482 3505 2818 3575 Theodotio,
2850 3508 3146 3579 diapsalma
3178 3509 3598 3565 transtulerunt.
3628 3512 3845 3585 Aquila

2233 3613 2387 3668 vero,
2409 3615 2637 3677 semper;
2664 3607 2719 3654 et
2748 3610 2878 3671 puto
2908 3609 3001 3656 aut
3025 3602 3215 3656 musici
3244 3600 3525 3672 cujusdam
3558 3603 3677 3657 soni
3704 3618 3846 3660 esse

2237 3693 2597 3764 signaculum,
2651 3704 2744 3750 aut
2800 3704 2954 3750 certe
3008 3697 3426 3771 perpetuitatem
3471 3710 3658 3752 eorum
3713 3712 3851 3768 qua

2236 3785 2492 3856 praedicta
2522 3794 2669 3854 sunt,
2698 3785 2947 3853 iudicari,
2976 3796 3035 3842 ut
3057 3786 3384 3858 ubicumque
3408 3801 3564 3854 seu,
3592 3787 3702 3843 hoc
3728 3798 3853 3859 est,

2234 3879 2548 3957 diapsalma,
2572 3880 2709 3949 sive,
2734 3897 2936 3953 semper
2985 3881 3293 3952 apponitur,
3329 3881 3403 3935 ibi
3453 3881 3700 3937 sciamus
3734 3898 3852 3940 non

2235 3982 2443 4031 tantum
2475 3974 2541 4030 ad
2572 3989 2819 4046 praesens
2846 3983 3083 4046 tempus,
3117 3990 3309 4031 verum
3340 3974 3409 4029 ad
3432 3983 3732 4039 :cternum,
3758 3977 3853 4033 vel

2235 4082 2357 4140 quae
2385 4076 2709 4140 sequuntur,
2738 4067 2821 4123 vel
2851 4084 2972 4139 quas
3004 4068 3409 4138 prmcesserint,
3437 4068 3748 4138 pertinere.

2312 4159 2443 4229 Quae
2467 4159 2638 4214 dicitis
2666 4160 2721 4214 in
2749 4158 2992 4215 cordibus
3011 4160 3212 4230 uestris,
3228 4167 3277 4215 et
3302 4160 3355 4215 in
3382 4160 3634 4215 cubilibus
3654 4162 3853 4218 vestris

2237 4252 2664 4323 compungimini.
2688 4250 2841 4321 Quod
2868 4252 2923 4308 in
2951 4251 3042 4309 die
3069 4251 3356 4323 cogitando
3379 4251 3643 4324 peccatis,
3679 4263 3851 4311 nocte

2237 4347 2453 4416 expiate
2478 4362 2578 4418 per
2602 4346 2892 4422 lacrymas.

2312 4439 2621 4509 Sacriﬁeate
2650 4441 2965 4509 sacriﬁcia»:
2984 4440 3235 4516 jnstitiw,
3257 4451 3307 4496 et
3336 4448 3543 4513 sperate
3577 4442 3630 4495 in
3664 4439 3853 4495 Domi-

2240 4550 2328 4588 no.
2367 4532 2705 4590 Sacriﬁcium
2738 4532 2854 4591 Deo
2902 4534 3183 4590 immolate
3230 4532 3523 4611 justitiam,
3556 4543 3612 4589 et
3646 4548 3855 4590 conse-

606 4628 721 4725 Ego
770 4656 1011 4722 dormivi,
1044 4667 1093 4712 et
1127 4670 1401 4730 separatus
1424 4678 1565 4728 sum,
1602 4669 1652 4717 et
1690 4663 1980 4729 exsurrexi,
2008 4663 2134 4741 quia
2158 4629 2216 4713 Ρ
2240 4629 2788 4741 αυξῗίθξθβθτθιξῖίῖε
2810 4628 3146 4741 99W.“-

536 4751 791 4817 Dominus
814 4753 1040 4826 suscepit
1065 4769 1165 4821 me.
1192 4754 1357 4827 Quasi
1386 4759 1642 4831 somnus,
1666 4756 1861 4835 inquit,
1894 4767 1947 4831 et
1984 4756 2136 4815 locus

535 4844 659 4921 eius
688 4847 1023 4917 persecutio,

626 4939 751 4997 Non
779 4940 970 5007 timebo
991 4939 1161 4999 millia
1191 4939 1374 5014 populi
1403 4940 1770 5007 circumdantis
1796 4956 1895 5007 me.
1929 4940 1999 5015 Et
2030 4941 2137 5013 Da-

536 5032 627 5089 vid
649 5035 832 5105 potest
861 5031 968 5088 hoc
996 5031 1067 5088 de
1094 5033 1370 5100 Absalom,
1402 5042 1457 5089 et
1483 5032 1723 5099 exercitu
1759 5034 1877 5107 ejus
1906 5032 2089 5097 dicere
2118 5050 2132 5088 :

538 5135 595 5185 ct
623 5126 886 5187 Dominus
918 5124 988 5183 de
1012 5123 1218 5194 ludatis
1259 5124 1614 5197 frementibus
1653 5125 1939 5195 adversum
1966 5144 2049 5199 se,
2082 5134 2140 5185 et

540 5216 943 5289 clamantibus:
974 5213 1141 5283 Tolle,
1167 5216 1312 5283 tolle,
1343 5216 1589 5295 cruciﬁge
1610 5233 1724 5285 eum
1747 5216 1928 5293 (Joan.
1956 5220 2136 5292 xxix).

612 5306 881 5376 Quoniam
902 5318 959 5361 tu
986 5306 1284 5374 percussisti
1309 5322 1485 5362 omnes
1516 5309 1849 5377 adversantes
1879 5308 2009 5364 mihi
2029 5298 2141 5381 sine

538 5416 720 5454 causa.
742 5398 987 5456 Perculit
1018 5399 1299 5467 Dominus,
1330 5409 1387 5456 et
1413 5399 1601 5457 vineas
1627 5401 2055 5473 alienigenarum
2084 5404 2140 5461 in

541 5492 828 5564 grandine,
851 5491 1190 5567 etSalvator,
1218 5494 1308 5564 qui
1340 5508 1441 5566 pro
1463 5496 1622 5551 nobis
1648 5496 1821 5553 lactus
1837 5498 2137 5567 estomnia,

539 5597 834 5657 percussus
844 5599 872 5637 a
888 5584 1049 5640 Patre
1059 5585 1318 5642 scribitur
1335 5584 1652 5655 :Percutiam
1664 5596 1946 5661 pastorem,
1961 5596 2009 5655 et
2023 5603 2140 5647 oves

536 5678 898 5749 dispergentur
910 5677 1101 5750 (Zaeh.
1116 5679 1236 5753 xm)
1246 5680 1374 5737 .Pro
1393 5680 1506 5741 sine
1526 5698 1684 5738 causa
1698 5690 1903 5752 autem,
1922 5682 2142 5753 maxilla

538 5766 739 5833 legitur
768 5766 826 5822 in
855 5768 1125 5833 llsebraeo,
1165 5770 1217 5826 id
1248 5778 1354 5838 est,
1385 5786 1564 5835 Luem.
1599 5774 1665 5828 Et
1706 5774 1831 5845 quia
1860 5772 2139 5832 maxillam

549 5852 914 5923 praemiserat,
954 5869 1355 5933 consequenter
1383 5862 1634 5923 infertur.
1669 5863 1863 5941 Dentes
1902 5872 2140 5943 peceato-

2312 4722 2592 4797 Signatum
2615 4732 2689 4778 est
2725 4739 2879 4796 super
2908 4738 3001 4778 nos
3041 4724 3211 4779 lumen
3253 4721 3427 4777 uultus
3456 4722 3554 4789 tui,
3595 4719 3850 4775 Domine.

2243 4812 2300 4869 In
2333 4813 2489 4884 cujus
2519 4814 2656 4870 facie
2705 4816 2885 4869 lumen
2930 4814 3145 4869 Domini
3176 4815 3448 4885 signatum
3479 4823 3585 4880 est,
3620 4813 3734 4868 iste
3760 4827 3853 4868 re-

2240 4908 2415 4963 velata
2444 4906 2583 4963 facie
2610 4906 2840 4978 gloriam
2873 4906 3085 4962 Domini
3118 4906 3548 4976 contemplatur.
3580 4905 3726 4961 'l‘ale
3770 4905 3856 4959 si-

2242 5015 2405 5071 gnum
2437 5008 2492 5055 et
2519 4998 2570 5054 in
2600 5000 2939 5069 gementium
2970 4998 3243 5055 frontibus
3270 4999 3321 5052 in
3357 4998 3499 5053 libro
3528 4995 3852 5053 Ezechielis

2246 5077 2520 5163 prophetae
2543 5092 2717 5147 notari
2758 5091 3021 5147 Dominus
3051 5092 3305 5161 prmeepit
3335 5088 3557 5161 (Ezech.
3584 5086 3696 5158 rx).

2310 5186 2355 5240 Α
2409 5187 2582 5254 fructu
2609 5184 2873 5277 frumenti,
2900 5193 2952 5239 et
2992 5184 3099 5238 uini
3146 5199 3326 5239 eorum
3376 5182 3565 5255 repleti
3602 5190 3746 5234 sunt.
3781 5179 3851 5235 Id

2240 5278 2385 5350 quod
2412 5280 2464 5334 in
2497 5274 2743 5347 pluribus
2775 5276 3058 5333 codicibus
3086 5277 3390 5337 invenitur,
3413 5284 3464 5328 et
3502 5274 3605 5327 olei
3640 5289 3849 5338 eorum,

2239 5388 2362 5427 cum
2391 5377 2663 5426 vetustum
2703 5367 2954 5441 Origenis
2984 5368 3305 5439 exemplum
3355 5366 3610 5422 Psalterii
3664 5365 3855 5421 revol-

2241 5478 2449 5527 verem,
2473 5462 2617 5534 quod
2646 5462 2813 5532 ipsius
2843 5476 3010 5518 manu
3039 5460 3219 5517 fuerat
3250 5458 3630 5521 emendatum,
3665 5471 3764 5512 nec
3788 5459 3851 5511 in

2239 5554 2495 5624 Hebraeo,
2527 5570 2629 5613 nec
2659 5556 2713 5611 iu
2741 5556 2953 5612 caeteris
2979 5553 3336 5622 editionibus,
3363 5566 3465 5609 nec
3502 5552 3645 5624 apud
3688 5553 3847 5624 ipa:

2241 5649 2595 5727 Septuaginta
2622 5648 2954 5725 interpretes
2978 5646 3181 5721 reperi.

2866 5766 3158 5822 PSALMUS
3195 5765 3260 5822 ν.

2866 5810 2873 5819 .
3195 5766 3260 5822 V.

2248 5863 2313 5945 in
2344 5866 2507 5948 linem
2533 5881 2629 5943 pro
2644 5880 2706 5925 ea
2724 5766 3581 5949 ᾳυφῐῑιίἲὲιῖιῗῗηιξεοηεεφιίιιτ,
3605 5856 3855 5939 ptui-IS
