4034 6286
140 258 258 313 '89.!)

224 445 404 500 mundi
440 444 814 497 hrcreditatem
842 454 1197 497 consecutura
1234 452 1319 497 est.
1346 442 1617 498 universis
1640 458 1737 497 na-

223 515 454 570 tionibus
492 512 712 568 Christo
753 513 1134 578 credentibus,
1174 514 1417 582 psalmus
1462 513 1567 568 iste
1607 528 1741 567 con-

223 589 443 642 texitur.
467 585 711 654 Denique
732 594 787 639 et
822 600 889 641 ex
922 599 1152 655 persona
1178 586 1296 655 ejus
1322 585 1497 639 oratio
1525 584 1592 639 ad
1628 586 1737 641 Do-

221 658 425 715 minum
453 658 725 727 dirigitur.

225 750 391 807 Verba
421 765 536 806 mea
566 748 777 805 auribus
805 750 1028 821 percipe,
1062 750 1298 805 Domine.
1341 749 1531 807 Nullus
1573 750 1740 809 habet

149 844 287 899 hanc
318 842 573 899 fiduciam
620 843 722 898 nisi
773 842 1037 897 Ecclesia.
1066 843 1167 909 Qui
1213 853 1466 913 peccator
1495 852 1598 906 cst,
1627 858 1736 898 non

146 945 228 993 est
253 950 416 991 ausus
437 935 625 990 dicere
656 953 669 989 :
697 934 868 990 Verba
891 951 1007 989 mea
1039 934 1257 989 auribus
1298 936 1524 1006 percipe,
1557 934 1737 990 Domi-

146 1046 242 1096 ne;
263 1030 353 1100 qui
384 1028 643 1084 irascitur
664 1037 719 1082 et
749 1028 1045 1094 maledicit,
1077 1043 1184 1082 non
1213 1037 1296 1083 est
1321 1042 1486 1082 ausus
1510 1026 1695 1083 dicere
1721 1044 1736 1082 :

150 1123 317 1179 Verba
355 1138 471 1178 mea
520 1123 732 1176 auribus
779 1123 1007 1194 percipe,
1054 1120 1306 1189 Domine;
1346 1122 1441 1178 sed
1494 1131 1643 1193 optat
1679 1132 1738 1178 ut

144 1216 285 1272 Deus
318 1215 543 1271 claudat
570 1229 733 1270 aures
761 1228 907 1269 suas.
939 1213 1185 1285 lntellige
1212 1218 1493 1270 clamorem
1536 1232 1732 1282 meum,

139 1322 246 1367 etc.
276 1310 501 1366 Clamor
528 1309 585 1365 in
609 1309 914 1379 Scripturis
940 1324 1047 1365 non
1078 1310 1252 1377 vocis,
1283 1310 1377 1364 sed
1419 1308 1602 1365 cordis
1627 1316 1735 1365 est.

140 1404 384 1475 Denique
425 1403 491 1457 ad
542 1404 769 1474 Moysen
817 1403 1020 1458 dicitur
1049 1420 1063 1457 :
1097 1403 1236 1469 Quid
1293 1405 1489 1459 clamas
1531 1403 1600 1457 ad
1654 1419 1736 1458 me

135 1496 337 1560 (Exod.
366 1496 655 1566 x1v)?cum
683 1497 899 1570 Moyses
924 1506 1051 1552 ante
1080 1512 1189 1553 non
1219 1498 1530 1551 clamasset.
1564 1494 1734 1551 Intel-

130 1591 238 1660 lige
276 1590 561 1644 clamorem
603 1604 792 1643 meum.
836 1588 905 1644 Et
958 1589 1299 1660 Apostolus:
1330 1586 1631 1643 Clamanles
1678 1587 1731 1640 iu

130 1683 379 1739 rordibtts
418 1684 632 1747 nostris,
671 1683 799 1736 abba
842 1690 992 1753 pater
1019 1680 1219 1753 (Colat.
1262 1681 1362 1750 tv).
1400 1680 1594 1752 Illique
1640 1680 1729 1749 qui

1118 256 1544 315 BREVMRIUM
1586 257 1651 314 ΙΝ
1694 256 2030 318 ρεΑιιιοθ.
2077 260 2326 320 PSALM.
2370 261 2456 319 Ν.

225 373 407 456 θαυῖῴ
439 372 515 456 pe
542 370 787 456 Ecclesia
817 386 938 442 qua:
960 372 1011 431 in
1040 371 1145 456 line
1176 381 1233 427 et
1259 371 1733 456 consummatione
1762 375 1811 441 Α
1844 397 1946 451 dm,
1975 400 2232 456 memmi.

3331 264 3435 323 830

2262 409 2317 457 te
2342 401 2552 458 videre.
2585 402 2848 471 Quoniam
2877 412 2933 457 tu
2960 419 3014 459 es
3042 402 3187 459 Deus
3212 419 3317 457 non
3350 418 3439 457 vo-

1844 491 1953 545 lens
1989 492 2336 565 iniquitatem.
2368 495 2667 567 Propterea
2707 511 2815 552 non
2849 511 2939 551 me
2983 496 3243 553 exaudiea
3276 490 3437 567 plena

1844 588 1984 653 luce,
2018 587 2115 642 sed
2138 604 2321 655 mane,
2341 591 2596 661 quoniam
2628 606 2735 646 non
2758 592 2863 657 vis,
2887 590 3054 654 Deus,
3072 590 3432 662 iniquitatem.

1841 675 1975 734 Cum
2024 679 2170 735 enim
2219 680 2483 739 recedere
2530 698 2753 753 rtepero
2792 683 2860 739 ab
2899 684 3205 755 iniquitate,
3250 683 3433 737 statim

1842 772 2093 828 merebor
2117 774 2520 830 exauditionem
2552 786 2723 830 tuam.

1918 865 2099 933 Neque
2130 866 2384 922 habitabit
2395 872 2555 941 juxta
2586 877 2634 924 te
2660 868 2941 943 malignus.
2980 869 3210 937 Quando
3237 866 3435 940 aliquis

1840 957 2047 1012 recedit
2087 974 2115 1011 a
2158 958 2314 1015 nobis
2348 962 2438 1029 qui
2479 961 2656 1015 malus
2701 970 2806 1028 est,
2835 962 3199 1033 gratulemur,
3232 962 3336 1018 hoc
3374 962 3431 1017 in

1841 1050 2001 1103 nobis
2031 1049 2086 1103 lit
2114 1050 2259 1120 quod
2292 1051 2492 1106 factum
2523 1061 2608 1107 est
2635 1060 2690 1107 et
2712 1053 2766 1108 in
2794 1054 3044 1110 Domino.
3068 1054 3259 1110 Videte
3286 1054 3432 1113 enim

1838 1141 1965 1212 quid
2020 1140 2169 1197 dicat
2215 1143 2451 1213 Spiritus
2480 1152 2701 1200 sanctus
2730 1160 2748 1197 :
2782 1144 2963 1215 Neque
2992 1146 3246 1201 habitabit
3269 1150 3432 1220 juxta

1839 1244 1888 1287 te
1930 1234 2212 1306 malignus,
2238 1252 2357 1307 qurc
2398 1237 2546 1291 enim
2585 1238 3010 1294 communicatio
3044 1239 3151 1294 luci
3190 1248 3245 1296 et
3279 1250 3431 1296 tene-

1839 1330 1990 1384 bris?
2019 1332 2110 1401 qui
2135 1345 2439 1386 consensus
2465 1331 2685 1387 Christo
2715 1342 2770 1386 et
2808 1331 3018 1388 Belial?
3048 1332 3268 1402 quando
3297 1348 3430 1403 ergo

1837 1424 2101 1478 recedunt
2128 1423 2292 1493 aliqui
2322 1438 2386 1479 ex
2419 1423 2598 1490 nobis,
2623 1423 2868 1479 dicamus
2920 1430 2979 1478 et
3016 1438 3151 1479 nos:
3177 1423 3434 1480 Exierunt

1838 1531 1901 1567 ex
1931 1515 2096 1583 nobis,
2137 1517 2227 1568 sed
2268 1532 2371 1569 non
2417 1517 2628 1587 {uerunt
2658 1531 2721 1571 ea:
2762 1516 2929 1570 nobis.
2963 1516 3024 1571 Si
3051 1517 3185 1571 enim
3216 1518 3432 1587 fuissent

1837 1624 1900 1663 ea:
1926 1608 2093 1675 nobis,
2137 1610 2441 1662 mansissent
2483 1610 2659 1679 utique
2703 1608 2972 1662 nobiscum
3008 1606 3258 1677 (lloan.
3299 1607 3422 1679 xu).

1838 1700 2046 1754 Dicitur
2068 1699 2134 1753 ad
2166 1699 2332 1754 Deum
2358 1716 2377 1753 :
2403 1697 2527 1754 Non
2547 1700 2798 1753 habitabit
2810 1700 2970 1769 juxta
2994 1710 3043 1753 te
3067 1700 3348 1771 malignus.
3371 1698 3427 1754 Si

126 1778 361 1843 clamat,
391 1789 498 1831 non
530 1776 584 1830 in
619 1774 786 1831 corde
810 1776 1032 1840 clamat,
1058 1774 1156 1829 sed
1199 1776 1250 1827 iu
1292 1775 1473 1844 lingua
1509 1772 1722 1826 clamat.

1839 1794 1983 1847 enim
2017 1793 2159 1847 Deus
2184 1792 2322 1863 ignis
2346 1803 2451 1860 est,
2483 1802 2538 1848 et
2564 1794 2707 1863 ignis
2728 1808 3080 1862 consumens,
3101 1794 3429 1865 quicumque

129 1867 505 1938 [sitquomodo
534 1866 665 1923 dicit
708 1867 1027 1937 Apostolus,
1060 1866 1348 1921 clamautrs
1393 1867 1443 1918 in
1485 1863 1729 1918 cordibus

124 1960 329 2014 nostris
349 1959 375 2014 7
396 1959 627 2027 Quando
658 1961 820 2028 igitur
846 1959 1077 2028 gemitus
1117 1970 1328 2025 uoster,
1356 1966 1415 2013 et
1447 1956 1731 2013 conscien-

124 2054 205 2107 tia
228 2053 576 2123 deprecatur,
604 2052 765 2108 istum
788 2053 1083 2107 clamorem
1104 2051 1359 2120 intelligit
1391 2050 1551 2105 Deus.
1575 2047 1729 2107 Unde

124 2145 261 2200 dicit
279 2143 645 2200 etJercmias:
671 2143 792 2198 Non
814 2144 970 2199 sileat
998 2144 1198 2216 pupilla
1216 2142 1354 2197 oculi
1380 2143 1478 2196 mei
1500 2140 1722 2211 (Thren.

124 2238 214 2308 ιι).
249 2238 448 2294 Videte
474 2237 601 2309 quid
626 2238 774 2293 dicat
800 2256 814 2293 :
848 2236 973 2291 Non
1002 2247 1167 2291 taceat
1200 2237 1401 2309 pupilla
1430 2235 1568 2290 oculi
1591 2235 1725 2288 mei:

121 2344 181 2388 et
203 2332 498 2404 aliquando
526 2331 730 2404 pupilla
773 2332 917 2386 oculi
958 2331 1161 2387 clamat
1203 2331 1270 2384 ad
1307 2332 1497 2385 Deum.
1529 2326 1727 2397 Utique

120 2427 169 2482 si
194 2425 421 2493 clamat,
452 2426 635 2496 lingua
657 2425 878 2490 clamat,
904 2440 1011 2478 non
1036 2424 1235 2493 pupilla
1263 2422 1426 2478 oculi.
1456 2422 1563 2477 Sed
1589 2436 1726 2491 quo-

122 2518 294 2575 modo
331 2520 636 2575 clamamus
678 2518 734 2574 in
774 2517 1036 2574 cordibus
1089 2518 1314 2584 nostris,
1345 2517 1563 2588 quando
1599 2531 1722 2572 cum

118 2613 332 2681 gemitu
363 2612 651 2673 Dominum
682 2613 1081 2683 deprecamur:
1109 2613 1187 2666 sic
1209 2611 1429 2682 quando
1454 2609 1552 2665 laci
1572 2623 1724 2681 yuias

120 2707 191 2762 ad
222 2707 393 2763 Deum
428 2706 727 2772 tundimus,
763 2722 832 2761 co
865 2718 1109 2777 tempore
1137 2705 1340 2776 pupilla
1367 2703 1510 2759 oculi
1549 2701 1720 2758 nostri

118 2802 332 2857 clamat
374 2801 440 2856 ad
484 2801 797 2861 Dominum.
828 2801 940 2857 Rea:
981 2816 1149 2862 meus,
1179 2810 1227 2854 et
1256 2797 1394 2853 Deus
1434 2814 1594 2852 meus.
1628 2796 1723 2852 lile

119 2909 257 2950 vere
289 2911 454 2949 ausus
497 2904 582 2949 est
626 2895 831 2961 dicere,
868 2893 981 2948 Rea:
1010 2910 1153 2947 meus
1180 2904 1228 2948 et
1258 2891 1400 2946 Deus
1437 2908 1601 2961 meus,
1635 2890 1719 2944 cui

117 3006 234 3046 non
257 2997 456 3058 regnat
486 2998 765 3059 peccatum
803 2990 855 3045 in
891 2989 1112 3044 mortali
1156 3002 1408 3058 corpore.
1443 2986 1557 3041 Rex
1579 3003 1719 3040 meus

112 3093 167 3137 et
194 3082 334 3139 Deus
356 3096 522 3149 meus,
546 3083 671 3151 quia
704 3097 898 3151 regnas
930 3081 983 3136 in
1020 3096 1127 3146 me,
1154 3092 1205 3136 et
1238 3097 1347 3135 non
1377 3090 1566 3150 regnat
1591 3093 1721 3150 pec-

1833 1888 2034 1957 stipula
2068 1895 2172 1947 est,
2203 1888 2533 1958 quicumque
2561 1887 2766 1957 lignum
2795 1897 2900 1952 est,
2931 1888 3063 1958 l‘ugit
3091 1889 3162 1942 ab
3190 1886 3339 1957 igne,
3359 1902 3428 1943 ne

1831 1988 2187 2035 censumatur
2224 1980 2294 2034 ab
2317 1980 2461 2051 igne.
2500 1978 2680 2049 Neque
2709 1980 3283 2052 prrmattebuutinjusti
3306 1989 3426 2035 ante

1830 2071 2007 2126 oculos
2048 2082 2181 2125 tuos.
2233 2071 2460 2140 Quando
2497 2071 2718 2137 dicitur,
2770 2086 2946 2143 neque
2991 2072 3418 2142 permanebunt,

1829 2167 2136 2220 ostenditur
2165 2165 2309 2233 quod
2336 2164 2629 2236 aliquando
2650 2166 2971 2221 manserint.
2993 2166 3424 2222 Manseruntau—

1830 2264 1939 2311 tem
1970 2255 2264 2327 aliquando
2294 2258 2479 2327 injusti
2521 2266 2651 2312 ante
2682 2259 2877 2313 oculos
2913 2258 3009 2314 Dei
3051 2277 3063 2311 :
3101 2268 3424 2315 manserunt

1830 2348 1941 2404 Deo
1959 2357 2314 2419 exspectante
2336 2350 2711 2418 paenitentiam
2739 2350 3012 2420 ipsorum;
3038 2350 3137 2406 sed
3160 2351 3421 2421 quoniam

1827 2454 2244 2512 permanserunt
2278 2444 2462 2515 iniusti
2483 2486 2499 2513 ,
2531 2455 2818 2517 propterea
2861 2461 2970 2502 non
3002 2455 3424 2519 permanserunt

1827 2548 1954 2590 ante
1983 2538 2173 2591 oculos
2201 2538 2315 2592 Dei.

1900 2628 2073 2684 Odisti
2094 2646 2271 2685 omnes
2298 2631 2387 2702 qui
2416 2641 2695 2704 operantur
2720 2632 3067 2702 iniquitatem.
3099 2633 3290 2688 Infelix
3313 2642 3420 2703 est,

1824 2739 1985 2796 quem
2020 2723 2133 2779 odit
2165 2725 2325 2780 Deus.
2357 2725 2492 2794 Quis
2535 2735 2620 2781 est
2646 2726 2741 2803 ille
2780 2741 2942 2797 quem
2975 2726 3090 2782 odit
3122 2728 3301 2782 Deus?
3329 2727 3424 2798 qui

1824 2823 2085 2885 epcratur
2118 2816 2493 2886 iniquitatem.
2530 2815 2587 2874 Si
2617 2818 2762 2873 enim
2795 2833 2985 2875 omnes
3027 2835 3339 2890 peccamus,
3368 2827 3424 2876 et

1823 2909 2151 2978 quicumque
2196 2918 2408 2979 peccat,
2443 2910 2570 2964 odio
2612 2909 2848 2966 habetur
2878 2927 2910 2966 a
2935 2910 3076 2977 Deo,
3124 2926 3261 2982 ergo
3298 2911 3428 2966 odio

1826 3000 2090 3057 habemur
2126 3016 2155 3056 a
2197 3002 2453 3057 Domino.
2499 3002 2556 3059 Si
2586 3011 2769 3058 autem
2803 3003 2932 3058 odio
2964 3002 3231 3060 habemur
3257 3021 3286 3059 a
3328 3005 3426 3061 De-

1826 3097 1998 3159 mino,
2028 3096 2303 3167 quomodo
2340 3097 2515 3167 gratia
2558 3096 2754 3152 salvati
2794 3097 3022 3152 sumus?
3070 3097 3245 3152 Odisti
3302 3112 3420 3153 om-

113 3185 303 3232 catnm
334 3192 353 3230 :
379 3184 665 3246 propterea
700 3176 842 3231 Deus
875 3189 1028 3231 meus
1059 3191 1139 3230 es.
1169 3174 1248 3229 Tu
1276 3188 1335 3228 es
1364 3175 1503 3227 Deus
1525 3188 1720 3229 meus:
1750 3158 1794 3220 C
1828 3204 1923 3243 "es
1952 3158 2060 3259 qui.
2084 3158 2380 3259 ορατιηωῖ
2413 3188 2775 3258 ίηίτμιίιθιθηι,
2808 3188 2924 3244 Non
2960 3188 3100 3244 dixit
3145 3188 3237 3260 qui
3282 3204 3418 3260 ope.

115 3272 248 3340 quia
281 3283 390 3325 non
421 3278 508 3325 est
532 3279 725 3323 venter
747 3269 890 3324 Deus
913 3283 1098 3325 incus;
1128 3268 1253 3338 quia
1285 3283 1392 3323 non
1415 3276 1497 3322 est
1527 3282 1719 3321 aurum

117 3363 269 3415 Deus
296 3375 485 3415 meus:
512 3360 635 3429 quia
668 3375 773 3415 non
798 3369 883 3416 est
910 3360 1072 3415 libido
1096 3360 1237 3414 Deus
1266 3374 1436 3415 meus.
1456 3360 1718 3426 Quoniam

113 3465 174 3509 tu
206 3456 386 3511 virtus
414 3469 498 3523 es,
520 3463 576 3510 et
600 3469 700 3525 ego
726 3455 892 3524 cupio
918 3454 1117 3511 habere
1142 3458 1392 3520 virtutes,
1427 3463 1719 3525 propterea

108 3558 171 3605 tu
203 3564 265 3605 cs
294 3549 443 3604 Deus
474 3563 649 3619 meus,
682 3549 785 3604 hoc
811 3556 916 3613 est,
951 3549 1135 3602 virtus
1166 3563 1308 3602 mea.

191 3639 357 3695 Mane
403 3639 652 3694 exaudiet:
693 3656 863 3694 vocem
908 3655 1097 3694 meum.
1147 3639 1373 3706 Quidam
1419 3637 1721 3708 simplicius

111 3732 575 3802 interpretantur,
608 3731 715 3790 hoc
748 3742 857 3798 est,
896 3746 1135 3804 exsurgo
1168 3732 1414 3788 diluculo
1443 3733 1508 3787 ad
1553 3747 1718 3787 oran-

109 3824 272 3891 dum,
305 3833 364 3881 et
401 3823 669 3895 deprecor
702 3833 775 3881 te.
806 3826 871 3881 Et
906 3841 1029 3895 quas
1061 3835 1147 3881 est
1181 3824 1282 3880 ista
1317 3825 1718 3895 interpretatio,

108 3933 219 3986 qua
244 3916 476 3984 dicitur,
500 3932 662 3974 mane
678 3932 777 3974 nos
804 3919 1048 3993 exaudit,
1073 3934 1305 3989 vespere
1334 3934 1440 3972 non
1471 3918 1717 3986 exaudit,

111 4012 305 4066 media
336 4019 501 4067 nocte
552 4026 663 4067 non
706 4012 949 4067 exaudit.
979 4012 1087 4068 Sed
1127 4013 1313 4068 videte
1356 4013 1485 4082 quid
1524 4012 1719 4069 dicat:

106 4105 389 4174 Quamdiu
417 4106 469 4162 in
499 4106 741 4163 tenebris
774 4106 979 4162 erroris
1018 4122 1162 4173 sum,
1198 4122 1307 4162 non
1346 4122 1432 4163 me
1474 4106 1717 4173 exaudit.

107 4198 352 4265 Quando
375 4213 509 4255 vero
537 4198 622 4257 sol
646 4198 877 4269 iustitiae
904 4198 1120 4256 venerit
1151 4199 1203 4253 in
1226 4200 1394 4256 corde
1425 4215 1568 4269 meo,
1592 4208 1721 4257 tunc

105 4306 198 4347 me
232 4291 512 4349 exaudit:
538 4298 687 4347 mane
713 4293 959 4349 exauditae
988 4309 1163 4348 vocem
1184 4310 1370 4348 meam.
1397 4294 1517 4351 Non
1558 4295 1718 4361 dixit,

102 4383 275 4440 tertia
320 4383 480 4451 hora,
516 4399 623 4439 non
668 4384 807 4441 dixit
833 4395 989 4442 sexta
1034 4386 1193 4454 hora,
1221 4401 1327 4442 non
1376 4386 1513 4442 dixit
1559 4386 1719 4457 plena

98 4478 275 4542 luce;
312 4475 410 4532 sed
442 4476 627 4533 videte
661 4477 790 4549 qttid
828 4477 975 4534 dicat
1009 4497 1022 4534 :
1058 4478 1234 4546 Mane,
1267 4479 1447 4533 statim
1473 4488 1531 4532 ut
1560 4488 1716 4535 tene-

1825 3283 1924 3336 rati
1952 3291 2077 3338 sunt
2103 3282 2470 3353 iniquitatem,
2512 3281 2607 3337 sed
2640 3283 2729 3354 qui
2768 3293 3049 3355 aperantur
3077 3282 3419 3352 iniquitatem.

1831 3376 1931 3442 Qui
1961 3382 2317 3445 perseverant
2343 3375 2397 3431 in
2425 3382 2675 3446 peccato,
2703 3374 2781 3431 illi
2808 3374 2939 3430 odio
2973 3374 3241 3431 habentur
3269 3392 3297 3428 a
3319 3374 3425 3429 Do-

1823 3470 2012 3523 mino:
2045 3470 2135 3538 qui
2167 3477 2349 3525 autem
2389 3469 2739 3531 dimiserunt,
2788 3468 2870 3529 illi
2921 3479 3180 3527 amantur
3231 3482 3264 3522 a
3314 3466 3420 3522 Do—

1823 3561 1978 3615 mino
2004 3577 2018 3617 :
2053 3560 2250 3617 Perdes
2282 3576 2463 3616 omnes
2489 3561 2577 3631 qui
2598 3559 2885 3626 loquuntur
2911 3558 3257 3615 mendacium.
3282 3557 3418 3615 Rem

1825 3667 2016 3706 novam
2050 3652 2231 3707 video.
2255 3652 2356 3721 Qui
2389 3652 2590 3709 malum
2622 3660 2904 3721 operatur,
2964 3651 3092 3707 odio
3147 3650 3418 3708 habetur:

1823 3749 1914 3818 qui
1972 3747 2255 3813 mentitur,
2297 3747 2455 3817 perit.
2488 3746 2783 3804 Videamus
2812 3744 2944 3816 quid
2994 3745 3068 3801 sit
3102 3744 3252 3815 plus,
3290 3742 3418 3804 odit)

1823 3837 2009 3894 haberi
2039 3854 2073 3894 ιι
2119 3838 2378 3903 Domino,
2424 3853 2493 3894 an
2548 3838 2753 3907 perire.
2807 3836 3004 3893 lnl‘elix
3055 3835 3276 3906 quidem
3333 3843 3420 3897 est

1822 3933 1915 4002 qui
1942 3931 2069 3988 odio
2110 3931 2344 3989 habetur
2391 3946 2423 3986 a
2449 3929 2711 3996 Domino,
2743 3928 2840 3984 sed
2869 3928 3051 3984 adhuc
3099 3927 3259 3987 vivit.
3309 3925 3416 3994 Qui

1823 4034 2008 4080 autem
2042 4023 2284 4095 loquitur
2330 4022 2677 4079 mendacium
2709 4030 2766 4077 et
2795 4022 2961 4091 perit,
2988 4020 3101 4089 jam
3145 4033 3271 4077 esse
3314 4017 3416 4079 de.-

1823 4117 1988 4173 sistit.
2020 4116 2166 4187 Ergo
2206 4115 2475 4173 infelicior
2504 4125 2609 4183 est,
2642 4116 2732 4186 qui
2771 4114 3118 4173 mendacium
3147 4112 3418 4183 loquitur,

1823 4224 1981 4279 quant
2015 4209 2111 4265 ille
2137 4208 2229 4280 qui
2267 4218 2526 4281 operatur
2552 4208 2918 4279 iniquitatem,
2968 4207 3059 4277 qui
3090 4205 3236 4261 enim
3285 4220 3420 4276 ope-

1825 4308 1974 4356 ratur
2003 4300 2382 4372 iniquitatem,
2416 4299 2545 4363 odio
2593 4300 2862 4356 habetur:
2892 4299 2983 4370 qui
3024 4307 3206 4365 autem
3236 4298 3421 4367 loqui-

1825 4400 1912 4451 tur
1962 4392 2348 4461 mendacium,
2406 4391 2566 4462 perit.
2639 4389 2712 4446 0s
2761 4391 2922 4460 enim,
2978 4391 3121 4462 quod
3150 4390 3419 4457 mentitur,

1826 4484 2016 4539 occidit
2036 4485 2264 4547 animam
2294 4485 2451 4557 (Sep.
2484 4485 2547 4556 ι).
2571 4483 2639 4538 Ει
2670 4483 2947 4555 quomodo
2993 4485 3259 4554 scriptum
3289 4491 3376 4540 est
3404 4500 3419 4540 :

95 4571 222 4624 bra;
269 4569 464 4638 fugere
511 4547 806 4639 coeperint,
835 4571 1063 4627 exaudis
1089 4588 1101 4624 :
1132 4572 1315 4629 statim
1358 4571 1409 4629 in
1451 4572 1718 4641 principio
1747 4547 1795 4607 θ
1825 4586 1882 4631 ut
1906 4576 1971 4639 sit
1996 4576 2136 4633 Deus
2164 4547 2341 4645 veraci,
2382 4547 2550 4633 omnis
2568 4547 2742 4635 autem
2781 4577 2937 4637 homo
2965 4547 3191 4633 mendam
3232 4576 3415 4649 (Rom.

93 4662 240 4721 Ι)οηί
270 4663 462 4733 operis
493 4678 582 4719 me
606 4665 857 4731 exaudis,
886 4680 992 4722 non
1014 4666 1214 4736 qmcris
1238 4666 1422 4721 linem.
1454 4668 1546 4721 list
1570 4667 1713 4731 enim

1824 4669 1929 4741 ιιι).
1951 4671 2009 4727 Si
2041 4678 2224 4729 autem
2251 4671 2582 4742 quicumque
2626 4671 2867 4742 loquitur
2905 4671 3278 4736 mendacium,
3306 4671 3419 4741 jam

89 4770 294 4812 meum
329 4755 494 4823 velle,
511 4762 656 4813 tuum
693 4756 974 4825 perlicere.
999 4758 1349 4814 Maneastaba
1378 4758 1700 4817 tibi.Videte

86 4848 390 4913 ordinem,
426 4863 609 4923 mane,
640 4864 746 4906 non
776 4865 1023 4919 vespere,
1058 4866 1166 4906 non
1210 4852 1261 4905 in
1315 4851 1578 4917 tenebris,
1615 4852 1712 4909 sed

82 4956 299 4999 mane.
336 4939 494 4995 Mane
530 4942 709 4997 astabo
732 4943 865 4998 tibi:
888 4943 1042 4999 stabo
1071 4952 1405 5012 constanter,
1437 4956 1488 5001 et
1520 4946 1702 5009 imita-

79 5036 201 5093 bor
226 5033 484 5103 Moysen.
518 5034 676 5092 Mane
702 5037 882 5092 astabo
896 5038 986 5093 tibi
1007 5055 1026 5092 :
1047 5038 1140 5097 tibi
1161 5040 1373 5103 astabo,
1404 5056 1512 5095 non
1545 5042 1694 5105 aliis.

86 5127 248 5185 Cum
284 5137 473 5181 autem
508 5142 667 5193 mane
699 5129 880 5196 fuerit,
909 5138 964 5185 et
992 5138 1222 5195 stetere,
1255 5140 1310 5187 et
1341 5132 1434 5187 tibi
1479 5142 1713 5202 stetero,

78 5231 235 5277 tunc
278 5219 545 5276 merebor
579 5230 631 5275 te
671 5220 880 5278 videre.
919 5221 987 5278 Et
1024 5224 1226 5279 videbo.
1259 5223 1627 5292 Subauditur,
1661 5235 1718 5283 te

76 5314 335 5379 videbo,
370 5314 528 5369 multi
558 5315 698 5371 male
727 5315 937 5386 legunt,
964 5325 1023 5371 et
1059 5315 1267 5385 dicunt,
1300 5322 1387 5374 καὶ
1420 5320 1667 5392 ἐπόψειμε
1698 5336 1718 5377 :

77 5410 196 5465 sed
230 5407 484 5467 sciamus
521 5422 766 5469 errorem
806 5423 957 5475 esse;
982 5411 1062 5466 sic
1091 5410 1309 5478 dicitur,
1342 5415 1429 5468 καὶ
1464 5412 1719 5486 ἐπόψομαι

79 5505 202 5560 hoc
224 5509 341 5572 est,
377 5499 587 5570 videbo,
607 5509 666 5555 ιιι
693 5501 775 5557 sic
796 5500 932 5557 ordo
958 5517 1121 5573 quem
1156 5503 1421 5571 diximus,
1454 5504 1718 5573 incipien-

83 5609 142 5652 te
189 5596 327 5651 luce
376 5592 642 5648 virtutum
688 5593 741 5659 in
785 5597 967 5650 anima
1012 5610 1155 5663 mea,
1186 5594 1404 5667 quando
1433 5604 1586 5652 stare
1619 5596 1717 5653 tibi

80 5703 353 5759 erepere,
386 5700 502 5743 non
532 5684 752 5754 sedere,
785 5703 896 5744 non
926 5688 1136 5759 jacere,
1160 5688 1257 5744 sed
1297 5697 1444 5753 stare
1480 5707 1492 5743 :
1524 5699 1578 5745 .et
1606 5699 1716 5744 sta.

66 5797 218 5851 ,tues
239 5795 418 5857 supra
452 5786 667 5851 petram
712 5781 882 5854 pedes
914 5798 1089 5851 meos,
1119 5791 1249 5844 tunc
1283 5798 1379 5854 per
1417 5782 1553 5857 istos
1593 5798 1716 5859 gra-

1822 4764 1985 4833 perit,
2014 4770 2071 4820 et
2093 4763 2295 4819 occidit
2324 4764 2563 4827 animam
2590 4776 2747 4817 suam
2776 4780 2790 4817 :
2830 4777 3026 4829 omnes
3058 4774 3239 4819 autem
3264 4777 3423 4819 men-

1824 4859 2011 4924 timur,
2031 4872 2167 4929 ergo
2183 4871 2380 4915 omnes
2396 4856 2731 4928 peribimus?
2750 4855 2867 4915 Hoc
2886 4865 3070 4917 autem
3092 4855 3239 4926 quod
3258 4854 3421 4911 dicit:

1823 4948 2021 5006 Perdes
2059 4966 2234 5006 omnes
2254 4950 2341 5020 qui
2381 4950 2666 5021 loquuntur
2709 4947 3060 5016 mendacium,
3091 4956 3146 5004 et
3173 4962 3239 5003 ex
3288 4962 3421 5007 con-

1822 5043 2174 5113 sequentibus
2232 5042 2457 5114 psalmi,
2513 5054 2565 5098 et
2612 5056 2679 5097 ex
2710 5042 2828 5113 ipso
2877 5041 3069 5097 ordine
3114 5040 3423 5110 intelligere

1827 5136 2281 5206 possumus,quia
2300 5134 2367 5191 de
2390 5135 2663 5191 lucreticis
2691 5135 2861 5190 dicit:
2894 5133 2996 5201 Qui
3018 5135 3153 5189 enim
3181 5142 3424 5205 operatur

1825 5228 2170 5299 iniquitatem,
2194 5243 2347 5291 suam
2372 5235 2578 5282 tantum
2599 5227 2835 5282 animam
2857 5226 3058 5282 occidit
3084 5245 3096 5282 :
3122 5227 3212 5298 qui
3237 5234 3419 5295 autem

1828 5320 2113 5375 haereticus
2140 5330 2244 5386 est,
2274 5326 2331 5376 et
2373 5320 2621 5391 loquitur
2671 5319 3036 5389 mendacium,
3098 5328 3177 5377 tot
3222 5317 3423 5375 occidit

1826 5413 2104 5479 homines,
2132 5422 2267 5485 quot
2292 5412 2594 5479 induxerit,
2641 5431 2659 5479 ς

1907 5505 2089 5563 Virum
2142 5507 2457 5578 songuinum
2506 5514 2554 5561 et
2606 5505 2851 5563 dolosum
2873 5504 3259 5571 abominabitur
3313 5503 3424 5567 Do-

1808 5598 2015 5669 minus.
2038 5598 2130 5654 Vir
2151 5600 2501 5670 sanguinum,
2524 5598 2703 5655 omnis
2727 5598 3020 5656 hazreticus
3039 5608 3147 5669 est,
3176 5597 3425 5670 quotidie

1822 5692 2136 5759 animarum
2163 5693 2487 5763 sanguinem
2515 5690 2720 5761 tundit.
2753 5691 2929 5763 Recte
2958 5689 3096 5767 dixit
3125 5691 3420 5763 dolosam:

1825 5794 1881 5847 et
1912 5783 2191 5859 homicida
2221 5796 2329 5858 est,
2357 5795 2413 5843 et
2441 5785 2694 5845 dolosas.
