3980 6288
591 267 691 324 851
1378 263 1726 323 APPENDIX
1766 263 1858 320 AD
1897 260 2138 323 TOMUM
2177 263 2196 324 ε

2303 265 2530 326 ’TIMUM
2569 268 2630 326 S.
2670 266 3081 329 HIERONYMI.
3782 278 3871 334 839.

588 392 613 439 1-
665 384 781 458 Ego
801 391 970 440 autem
998 382 1052 437 in
1073 379 1396 436 multitudine
1421 379 1793 434 misericordia
1823 389 1943 448 tum,
1967 380 2191 437 introibo
2217 382 2272 444 Α
2299 384 2597 442 lotionibus
2627 386 2738 442 suis
2757 430 2772 456 ,
2817 395 2873 442 et
2921 396 2976 443 te
3003 387 3240 445 habeant
3286 386 3866 464 unam‘cogitationem.

593 479 652 536 in
680 479 890 534 domum
919 486 1084 531 tuam.
1117 473 1201 529 llli
1229 475 1284 528 in
1315 473 1604 543 iniquitate
1632 487 1730 528 sua
1751 474 2102 544 egrediuntur
2125 475 2195 533 de
2371 481 2670 537 Secundum
2700 481 3081 538 multitudinem
3123 485 3445 556 impietatum
3481 501 3665 542 eorum
3695 491 3869 558 expelle

599 570 763 627 domo
787 579 896 634 tua,
915 582 1015 638 ego
1037 567 1091 622 in
1111 575 1198 621 tua
1222 564 1601 621 misericordia
1621 564 1894 636 ingrediar
1908 567 1960 622 in
1975 565 2195 623 domum

598 671 767 728 tuam,
801 659 1042 716 lntroibo
1067 657 1119 713 in
1168 657 1389 713 domum
1440 665 1610 724 tuam,
1636 673 1758 728 quae.
1783 666 1869 713 est
1900 658 2166 715 Ecclesia.

672 754 911 810 Adorabo
953 754 1023 808 ad
1074 752 1363 825 templum,
1391 762 1498 810 etc.
1535 751 1655 824 lpsa
1708 760 1795 810 est
1831 751 2029 810 domus
2075 769 2196 826 quas

600 858 658 906 et
707 847 994 919 templum.

671 941 916 1010 Domine,
949 941 1117 997 deduc
1145 957 1225 996 me
1256 941 1310 996 in
1335 949 1425 995 tua
1440 941 1676 1014 justitia.
1715 941 1830 1013 Ego
1879 948 2060 997 autem
2104 955 2198 996 cu-

603 1039 694 1108 pio
722 1037 929 1093 intrare
955 1036 1008 1091 in
1036 1035 1259 1091 domum
1291 1045 1435 1090 luam
1457 1044 1512 1091 et
1540 1036 1666 1092 volo
1690 1036 1898 1092 intrare
1926 1052 2023 1106 per
2051 1036 2196 1091 viam

605 1139 752 1185 tuam
787 1139 1024 1194 rectam;
1049 1127 1146 1184 sed
1171 1128 1432 1199 quoniam
1460 1129 1776 1185 continuata
1801 1130 2010 1186 semitis
2041 1145 2200 1186 scan-

607 1220 731 1277 dala
765 1229 977 1292 ponunt
1004 1220 1206 1276 inimici
1238 1220 1366 1286 mei,
1421 1230 1478 1276 et
1509 1221 1643 1277 mihi
1682 1220 1735 1276 in
1783 1223 2006 1279 domum
2050 1234 2199 1279 tuam

604 1316 687 1374 ire
713 1316 977 1387 cupienti,
1009 1314 1233 1385 laqueos
1265 1322 1474 1384 ponunt
1518 1312 1571 1369 in
1600 1314 1823 1380 itinere;
1878 1325 2194 1386 propterea,

607 1423 798 1480 qumso
825 1417 902 1473 te,
935 1415 993 1462 ut
1017 1407 1223 1477 dirigas
1254 1407 1421 1478 pedes
1468 1421 1622 1462 meos
1667 1422 1839 1480 usque
1890 1409 1958 1464 ad
2012 1409 2197 1465 tinem.

606 1500 790 1557 Meum
836 1509 923 1556 est
952 1498 1119 1570 pedes
1146 1513 1350 1570 ponere
1375 1498 1429 1554 in
1479 1499 1563 1554 via
1597 1509 1684 1555 tua
1717 1517 1731 1555 :
1777 1508 1928 1555 tuum
1959 1509 2042 1556 est
2071 1515 2198 1556 cor-

608 1596 793 1666 rigere
823 1608 1051 1666 gressus
1081 1608 1236 1650 meos
1263 1611 1276 1647 :
1305 1592 1532 1665 Propter
1556 1594 1794 1650 inimicos
1848 1611 1988 1650 meos
2033 1595 2201 1669 dirige

604 1688 658 1743 in
688 1697 964 1758 conspectu
1012 1696 1101 1743 tuo
1152 1687 1287 1742 uiam
1315 1702 1502 1741 meam.
1552 1687 1665 1743 [loc
1715 1696 1822 1755 est,
1874 1689 2016 1743 viam
2050 1697 2198 1743 tuam

609 1791 818 1837 rectam
847 1779 934 1836 tae
965 1789 1188 1851 propter
1219 1779 1472 1836 inimicos
1497 1795 1672 1847 meos,
1717 1781 1809 1852 qui
1868 1780 2199 1838 insidiantur
2227 1775 2276 1836 B

608 1874 764 1931 mihi.
796 1873 929 1944 Quae
951 1882 1034 1930 est
1058 1881 1238 1930 autem
1270 1873 1375 1929 ista
1401 1873 1532 1930 via?
1554 1874 1741 1931 Lectio
1761 1874 2197 1946 Scripturarmn,

609 1968 714 2025 hoc
743 1979 849 2035 est,
883 1983 952 2025 ne
983 1969 1037 2024 in
1065 1967 1371 2037 Scripturis
1406 1968 1532 2037 tuis,
1564 1985 1661 2040 per
1689 1984 1824 2041 quas
1861 1969 2074 2040 ingredi
2105 1985 2201 2025 cu-

605 2062 698 2133 pio
729 2062 782 2117 in
810 2060 1116 2116 Ecclesiam
1147 2069 1316 2127 tuam,
1347 2075 1622 2117 corruam.
1669 2061 1862 2118 Omnis
1907 2063 2056 2119 enim
2109 2063 2200 2135 qui

609 2157 752 2212 male
779 2153 1035 2226 intelligit
1061 2154 1393 2225 Scripturas,
1419 2155 1472 2210 in
1498 2157 1583 2210 via
1625 2156 1722 2212 Dei
1757 2157 1991 2213 corruit.

681 2247 944 2313 Quoniam
959 2263 1066 2303 non
1083 2257 1156 2302 est
1180 2249 1236 2302 in
1255 2263 1345 2302 ore
1365 2263 1543 2303 eorum
1556 2250 1768 2305 ueritas.
1796 2249 2192 2308 Describuntur

608 2340 877 2409 haeretici,
910 2340 1240 2397 describitur
1292 2339 1379 2395 vir
1419 2341 1808 2412 sanguinarius
1851 2351 1906 2398 et
1941 2342 2185 2412 dolosus,

604 2450 767 2508 quem
794 2433 1202 2490 abominabitur
1232 2433 1518 2492 Dominus.
1553 2432 1679 2490 Non
1707 2443 1780 2491 est
1811 2437 1864 2490 in
1898 2453 1985 2492 ore
2021 2452 2200 2492 eorum

609 2531 819 2587 ueritas.
853 2533 969 2588 Non
1001 2533 1212 2590 habent
1239 2533 1515 2590 Christum
1547 2535 1830 2591 veritatem
1863 2535 1916 2591 in
1956 2550 2052 2591 ore
2077 2549 2196 2604 suo,

603 2626 730 2695 quia
779 2641 878 2682 nec
909 2627 961 2682 in
1009 2627 1177 2685 corde
1215 2628 1440 2684 habent.
1475 2627 1576 2683 Cor
1630 2646 1809 2684 eorum
1872 2647 2061 2684 vanum
2102 2639 2198 2684 est.

603 2717 795 2774 Melius
847 2719 1080 2776 habetur
1125 2721 1180 2776 in
1221 2722 1452 2778 Hebraeo
1500 2724 1789 2780 ἐπίϐουλον.
1853 2724 1993 2781 Vere
2051 2725 2198 2780 enim

607 2812 898 2868 insidiatur
932 2829 1028 2871 cor
1073 2816 1459 2874 hmreticorum
1508 2820 1764 2876 omnibus
1789 2836 1928 2891 quos
1973 2820 2196 2892 decipit.

677 2907 986 2981 Sepulcrum
1026 2921 1205 2982 patens
1237 2923 1314 2968 est
1344 2923 1522 2986 guttur
1555 2932 1753 2971 eorum.
1787 2915 2037 2972 Infelices
2076 2927 2203 2971 sunt

604 2997 872 3067 haeretici,
904 3003 994 3073 qui
1025 3004 1278 3074 sepulcra
1319 3014 1447 3060 sunt
1473 3006 1756 3073 dealbata,
1793 3008 1951 3078 plena
1983 3007 2199 3062 ossibus

602 3102 962 3151 mortuorum.
988 3095 1304 3169 Sepulcrum
1316 3109 1495 3171 patens
1505 3112 1580 3156 est
1602 3111 1986 3172 guttureorum.
2006 3101 2194 3166 Arius,

603 3185 935 3260 Eunomius,
976 3201 1032 3246 et
1058 3191 1246 3247 caueri
1285 3192 1526 3250 haeretici
1570 3195 1786 3265 linguas
1829 3197 2054 3266 sagittas
2100 3195 2198 3251 ha-
2225 3169 2270 3234 ο

603 3279 734 3338 bent
780 3299 794 3339 :
845 3284 1029 3342 lances
1071 3300 1198 3343 suas
1245 3288 1561 3359 sepulcrum
1614 3288 1834 3346 habent.
1886 3290 2197 3362 Sepulcrum

601 3387 782 3447 patens
807 3389 880 3433 est
903 3388 1084 3450 guttur
1114 3397 1310 3436 eorum.
1344 3380 1414 3436 Et
1443 3391 1592 3438 recte
1623 3382 1779 3450 dixit,
1815 3394 1994 3454 patens
2022 3399 2196 3454 quau-

601 3468 908 3544 doeumque
935 3474 1084 3530 enim
1116 3475 1231 3530 vult
1263 3474 1457 3545 aliquis
1482 3475 1744 3546 deceptus
1772 3478 2007 3543 intrare,
2041 3494 2200 3548 para.

601 3569 691 3616 tus
737 3571 820 3618 est
861 3563 1191 3630 hmreticus,
1227 3573 1282 3620 et
1309 3566 1556 3635 suscipit.
1605 3566 1908 3638 Numquam
1953 3569 2196 3625 hazretici

597 3655 858 3711 claudunt
897 3672 960 3712 os
988 3671 1178 3723 suum,
1225 3657 1322 3713 sed
1353 3672 1573 3730 semper
1610 3659 1862 3730 aperiunt
1909 3676 1972 3716 os
2012 3677 2195 3721 suum.

599 3747 821 3821 Linguis
847 3755 953 3803 suis
977 3747 1158 3805 dolose
1181 3750 1424 3821 agebant.
1449 3750 1610 3807 Aliud
1635 3751 1689 3807 in
1718 3753 1884 3808 corde
1912 3755 2193 3822 tenebant,

601 3841 749 3897 aliud
781 3843 836 3897 in
867 3856 1120 3898 sermone
1151 3841 1570 3913 pollicebantur.
1603 3843 1868 3902 Pietatem
1900 3848 2198 3917 loqueban-

602 3943 710 4001 tur,
742 3945 795 3990 et
821 3937 1154 4007 impietatem
1181 3937 1454 3993 celabant.
1485 3936 1759 3995 Christum
1790 3940 2110 4012 loquuntur,
2144 3953 2199 3998 ct

598 4027 882 4083 occultant
936 4029 1353 4086 Antichristum.
1411 4031 1607 4088 Sciunt
1656 4033 1803 4089 enim
1855 4037 1998 4106 quod
2035 4050 2198 4092 nemo

597 4120 771 4194 possit
821 4120 1044 4188 induci,
1093 4124 1140 4179 si
1198 4124 1475 4193 proferant
1524 4127 1946 4185 Antichristum.
1997 4129 2196 4187 Lucem

600 4213 888 4284 proferunt
911 4255 927 4281 ,
957 4224 1017 4270 ut
1045 4215 1227 4271 celent
1253 4218 1510 4274 tenebras
1531 4261 1545 4286 ,
1576 4230 1636 4275 ut
1663 4235 1758 4291 per
1788 4221 1966 4277 lucem
1995 4221 2200 4278 ducant

598 4303 665 4358 ad
697 4305 975 4362 tenebras.
997 4305 1190 4362 Judica
1220 4310 1366 4378 illos,
1396 4309 1558 4366 Deus.
1593 4312 1786 4369 Sciunt
1833 4323 1886 4370 te
1919 4315 2159 4384 judicem
2179 4359 2194 4382 ,

598 4397 779 4452 sciunt
803 4407 854 4453 te
882 4400 1156 4470 respicere
1185 4416 1274 4457 res
1297 4401 1582 4460 humanas.
1619 4404 1726 4473 Qui
1766 4405 2114 4476 iudicaturus
2142 4407 2197 4464 in

598 4491 705 4546 line
735 4505 832 4560 es,
872 4493 1035 4550 etiam
1069 4495 1121 4551 in
1173 4498 1434 4567 prmsenti
1478 4497 1683 4568 iudica.
1724 4497 1827 4567 Qui
1866 4500 2196 4570 generaliter

2297 593 2402 632 eos.
2425 575 2545 632 Non
2575 575 2742 649 dixit,
2774 577 2916 634 unde
2945 594 3042 635 eos
3069 578 3311 650 expellat
3341 597 3353 633 :
3393 580 3460 637 de
3497 581 3649 637 caelo
3679 596 3771 638 eos
3796 599 3870 638 ex-

2297 669 2498 740 pellat,
2545 670 2614 726 de
2649 678 2795 727 terra
2837 685 2933 727 eos
2975 672 3212 742 expellat
3254 691 3266 728 :
3309 672 3452 730 unde
3498 689 3601 730 eos
3663 677 3870 744 expellat

2298 761 2577 833 Scriptura
2601 778 2710 818 non
2759 762 2930 819 dicit:
2959 763 3056 820 sed
3093 766 3384 844 ὑπερϐατὸν
3414 775 3538 832 est,
3587 775 3647 822 et
3678 767 3872 845 ὕστερον

2298 858 2560 935 πρότερον.
2596 857 2866 912 Debemus
2896 872 3026 929 ergo
3058 858 3246 929 legere
3277 877 3291 914 :
3322 859 3625 916 Secundum
3657 863 3872 916 multitu-

2299 952 2470 1006 dinem
2498 951 2821 1022 impietatum
2851 968 3029 1007 eorum
3051 953 3250 1024 expelle
3277 970 3386 1009 eos.
3414 953 3570 1022 Quod
3603 955 3762 1024 dicit,
3789 955 3870 1012 hoc

2299 1052 2416 1100 est:
2445 1043 2528 1100 Ab
2553 1045 2927 1116 impietatibus
2949 1045 3061 1101 suis
3086 1045 3271 1102 multis
3300 1056 3525 1118 propter
3555 1058 3704 1104 tuam
3732 1050 3873 1105 mise—

2301 1143 2588 1198 ricordiam
2621 1143 2832 1213 expelle
2861 1159 2992 1210 eos,
3040 1143 3142 1200 hoc
3166 1153 3282 1213 est,
3327 1159 3434 1200 non
3465 1145 3575 1200 sint
3611 1145 3664 1200 in
3713 1146 3870 1203 multis

2302 1237 2674 1308 impietatibus
2721 1238 2856 1293 suis.
2918 1238 3106 1294 Potest
3154 1245 3208 1292 et
3258 1239 3420 1293 aliter
3470 1239 3812 1306 interpretari
3857 1256 3870 1294 :

2299 1330 2567 1400 Quoniam
2600 1331 2896 1402 plurimum
2927 1331 3077 1400 impii
3110 1330 3332 1386 fuerunt
3359 1339 3416 1385 et
3455 1330 3752 1386 noluerunt
3794 1330 3872 1386 de-

2301 1423 2486 1480 cidere
2508 1440 2537 1478 a
2562 1423 2981 1495 cogitationibus
3004 1424 3147 1489 suis,
3175 1432 3231 1478 et
3261 1423 3576 1493 impietates
3605 1423 3872 1491 impietati-

2305 1516 2402 1572 bus
2427 1524 2645 1586 augent,
2673 1524 2727 1571 et
2749 1515 2991 1587 quotidie
3020 1523 3378 1586 congregant,
3401 1524 3457 1570 et
3484 1516 3673 1586 plures
3695 1515 3875 1570 habent

2303 1610 2638 1680 impietates,
2663 1619 2955 1680 propterea
2981 1609 3197 1680 expelle
3220 1624 3337 1665 eos.
3365 1608 3557 1665 Unde?
3579 1609 3665 1664 Ab
3694 1625 3752 1666 ea
3774 1624 3871 1680 quae

2304 1702 2679 1760 haereditatem
2711 1702 3080 1774 consequitur.
3113 1702 3192 1758 Tu
3241 1701 3461 1772 expelle
3501 1716 3603 1758 eos
3643 1701 3791 1769 inde,
3828 1709 3874 1756 ut

2303 1797 2559 1867 quoniam
2590 1795 2751 1852 ﬁdem
2783 1810 2893 1851 non
2921 1795 3123 1850 habent
3165 1796 3462 1863 Ecclesiae,
3507 1811 3581 1851 ne
3609 1805 3873 1850 versentur

2306 1892 2358 1947 in
2389 1907 2472 1947 ea.
2507 1892 2764 1960 Quoniam
2788 1891 3123 1944 irritarerunt
3150 1900 3216 1957 te,
3248 1888 3486 1944 nomine.
3512 1888 3622 1956 Tu,
3651 1889 3869 1956 Domine,

2305 2001 2401 2057 per
2431 1996 2681 2041 naturam
2727 1984 2906 2039 dulcis
2937 1997 2996 2039 es
3017 2025 3032 2049 ,
3065 1983 3160 2038 sed
3203 1983 3537 2054 quicumque
3583 1991 3872 2052 peceatores

2303 2085 2432 2134 sunt
2471 2085 2526 2134 et
2558 2077 2834 2143 haeretici,
2860 2087 3110 2132 naturam
3144 2084 3253 2132 tua:
3278 2075 3599 2132 dulcedinis
3631 2073 3765 2130 vitio
3793 2087 3873 2128 suo

2304 2179 2524 2227 vertunt
2553 2170 2607 2225 in
2637 2170 3078 2228 amaritudinem.

2375 2263 2443 2318 Et
2461 2264 2698 2319 [tutentur
2728 2281 2900 2318 omnes
2930 2264 3016 2333 qui
3041 2270 3252 2334 sperant
3281 2263 3335 2318 in
3357 2272 3422 2319 te.
3444 2262 3534 2319 Illi
3569 2271 3804 2334 pereant,
3828 2267 3871 2316 et

2303 2355 2941 2412 ccclesiasticilzetcntur.
2969 2354 3035 2410 In
3057 2366 3302 2411 wternum
3325 2355 3680 2410 exsultabant.
3702 2354 3806 2421 Hic,
3828 2356 3870 2407 in

2303 2457 2548 2506 ceternum
2569 2490 2584 2516 ,
2615 2463 2721 2504 non
2755 2447 2823 2503 de
2847 2448 3109 2519 prmsenti
3149 2447 3351 2504 saaculo
3376 2447 3645 2504 debemus
3688 2447 3867 2509 dicere,

2303 2540 2399 2598 sed
2421 2541 2489 2598 de
2505 2541 2708 2596 futuro.
2727 2541 2972 2611 Denique
2990 2555 3096 2595 non
3117 2539 3275 2607 dixit,
3296 2541 3352 2595 in
3375 2540 3580 2596 saeculo
3602 2539 3866 2606 exsultant,

2305 2633 2402 2690 sed
2437 2634 2790 2696 exsultabant,
2820 2633 2889 2688 de
2920 2632 3100 2688 futuro
3131 2631 3350 2688 dicitur.
3388 2633 3483 2689 llic
3500 2634 3650 2689 enim
3682 2631 3867 2686 tristitia

2303 2736 2409 2797 est,
2442 2727 2515 2782 ibi
2538 2744 2667 2783 vero
2689 2727 2898 2782 laetitia.
2925 2725 3179 2782 Haeretici
3201 2726 3269 2783 de
3297 2727 3554 2798 praesenti
3580 2727 3774 2790 rident,
3791 2721 3865 2778 sed

2304 2821 2358 2875 in
2397 2820 2578 2876 futuro
2610 2821 2887 2892 lugebunt.
2932 2820 3042 2876 Nos
3069 2835 3201 2875 vero
3225 2820 3278 2874 in
3309 2821 3565 2890 praisenti
3617 2819 3864 2890 lugemus,

2303 2923 2364 2971 ut
2392 2915 2444 2971 in
2477 2916 2661 2972 futuro
2693 2917 2989 2973 rideamus.
3019 2914 3084 2970 In
3107 2924 3354 2971 (sternunt
3381 2915 3731 2970 exsultabant.
3757 2912 3866 2981 Quae

2303 3013 2404 3067 erit
2433 3012 2722 3068 exsultatio
2749 3021 3066 3068 sanctorum
3093 3008 3370 3065 virorum?
3392 3006 3461 3064 Et
3487 3006 3794 3062 inhabitabis
3826 3006 3866 3056 in

2303 3105 2394 3158 eis.
2419 3103 2629 3160 Felices
2649 3112 2812 3159 erunt
2831 3103 2922 3175 qui
2943 3101 3218 3159 Christum
3242 3101 3511 3172 hospitem
3544 3099 3745 3156 habere
3771 3111 3866 3154 me-

2303 3197 2564 3253 rebuntur
2619 3196 2850 3252 :felices
2881 3197 2972 3267 qui
3019 3194 3431 3250 tabernaculum
3481 3193 3688 3249 Christi
3714 3197 3865 3248 erunt.

2373 3287 2441 3342 Et
2482 3289 2838 3360 gloriabuntur
2885 3289 2939 3343 in
2988 3297 3035 3343 te
3088 3303 3262 3342 omnes
3305 3287 3393 3358 qui
3437 3287 3672 3357 diligunt
3710 3299 3863 3339 nomen

2303 3391 2471 3438 tuum.
2499 3383 2838 3452 Quicumque
2885 3379 3062 3452 diligit
3106 3381 3276 3436 Deum
3305 3421 3319 3446 ,
3353 3379 3678 3450 gloriabitur
3706 3378 3755 3433 in
3784 3377 3868 3430 Do-

2301 3474 2473 3529 mino.
2512 3475 2614 3541 Qui
2643 3474 2886 3547 diligunt.
2929 3471 3048 3529 Non
3081 3471 3236 3540 dixit,
3265 3471 3357 3544 qui
3384 3473 3611 3538 timent,
3642 3471 3764 3538 sed,
3797 3466 3866 3539 qui

2301 3565 2545 3637 diligunt.
2591 3566 2928 3637 Ubicumque
2981 3565 3126 3621 enim
3181 3564 3342 3619 timor
3376 3573 3499 3630 est,
3548 3563 3628 3619 ibi
3660 3579 3761 3619 non
3803 3567 3866 3614 est

2299 3657 2537 3714 dilectio.
2581 3658 2820 3729 Perfecta
2850 3659 3049 3730 quippe
3092 3657 3302 3712 dilectio
3349 3659 3493 3729 foras
3539 3658 3699 3711 mittit
3743 3656 3866 3708 timo-

2299 3767 2426 3805 rem.
2493 3751 2818 3819 Quicumque
2863 3751 2999 3805 enim
3068 3750 3300 3821 diligunt
3368 3765 3573 3806 nomen
3629 3747 3864 3810 Domini,

2303 3843 2378 3900 illi
2407 3844 2807 3913 gloriabuntur.
2837 3842 3235 3901 Gloriabuutur.
3271 3841 3476 3897 Futura
3497 3850 3585 3898 est
3615 3837 3865 3898 beatitudo

2303 3949 2487 3994 nostra
2523 3955 2537 3993 :
2573 3947 2742 3993 totum
2773 3939 2916 4008 quod
2947 3938 3286 4009 promittitur
3307 3937 3375 3993 de
3418 3937 3606 3992 futuro
3637 3945 3738 3993 est.
3783 3931 3863 3989 Alii

2299 4039 2549 4102 regnent;
2574 4031 2665 4087 alii
2697 4032 3044 4102 possideant;
3073 4031 3166 4086 alii
3190 4032 3519 4102 glorientur.
3546 4031 3664 4088 Nos
3689 4031 3771 4086 hic
3790 4043 3863 4081 su-

2301 4140 2422 4180 mus
2466 4125 2691 4190 miseri,
2747 4135 2804 4180 ut
2857 4134 3044 4195 postea
3093 4124 3279 4181 felices
3337 4126 3536 4181 simus.
3593 4125 3862 4196 Sequamur

2298 4217 2576 4275 Christum
2607 4219 2894 4275 Dominum
2931 4230 3203 4275 nostrum.
3238 4219 3341 4287 Qui
3364 4220 3492 4275 dicit
3515 4237 3570 4275 se
3597 4221 3653 4274 in
3684 4218 3862 4274 Christo

2301 4312 2525 4379 credere,
2552 4312 2699 4368 debet
2721 4312 2980 4384 quomodo
3009 4312 3103 4367 ille
3124 4311 3442 4380 ambulauit,
3474 4322 3520 4367 et
3547 4314 3660 4384 ipse
3684 4313 3751 4366 sic
3773 4325 3860 4364 am-

2301 4406 2498 4462 bulare.
2523 4405 2772 4463 Christus
2798 4408 2893 4463 Dei
2907 4407 3082 4463 Filius
3102 4422 3208 4462 non
3223 4409 3440 4463 venitut
3461 4407 3860 4468 ministrarelur,

2300 4499 2398 4555 sed
2435 4509 2495 4555 ut
2526 4501 2882 4556 ministraret.
2919 4500 3033 4556 Non
3071 4501 3221 4556 venit
3253 4510 3311 4556 ut
3338 4501 3666 4572 imperaret,
3700 4498 3786 4556 sed
3817 4503 3861 4550 ut

588 4584 931 4657 iudicaturus
972 4603 1066 4657 es,
1107 4604 1254 4646 nunc
1296 4605 1363 4646 ex
1410 4560 1570 4661 parte
1589 4590 1794 4662 judica.
1843 4560 1944 4659 Qui
1979 4601 2188 4661 patrem
2219 4560 2272 4621 Ῑ)
2298 4594 2550 4649 serviret.
2593 4591 2712 4648 Non
2742 4593 2896 4648 venit
2924 4601 2981 4647 ut
3013 4593 3326 4648 lavarentur
3359 4560 3434 4648 illi
3465 4560 3666 4663 pedes,
3709 4589 3794 4647 sed
3817 4595 3862 4642 ut

593 4679 802 4736 sentire
829 4680 1044 4750 nolunt,
1067 4684 1305 4739 sentiant
1325 4683 1594 4754 judicem.
1625 4681 1818 4740 Judica
1849 4683 1996 4751 illos,
2023 4684 2190 4741 Deus.
2297 4683 2505 4741 lavaret
2547 4685 2714 4756 pedes
2765 4684 3172 4756 discipulorum.
3209 4684 3327 4742 Non
3353 4685 3507 4742 venit
3539 4697 3599 4740 ut
3626 4684 3858 4746 crederet,

590 4772 806 4842 Quare?
831 4791 936 4848 qua
959 4776 1030 4832 de
1049 4776 1251 4833 causa?
1280 4776 1540 4848 Sequitur
1571 4793 1586 4832 :
2299 4776 2396 4832 sed
2423 4787 2480 4830 ut
2513 4777 2836 4833 caederetur.
2886 4775 3003 4831 Non
3049 4777 3198 4832 dedit
3233 4777 3468 4847 alapam,
3513 4777 3613 4833 sed
3661 4773 3857 4844 accepit.

665 4866 917 4924 Decidant
939 4886 971 4924 a
1001 4869 1400 4940 cogitationibus
1420 4870 1551 4924 suis.
1581 4867 1638 4925 Si
1667 4869 1815 4925 enim
1845 4871 1898 4923 in
1929 4871 2190 4940 prmscnti
2297 4867 2414 4924 Non
2438 4868 2733 4936 cruciﬁxit,
2766 4869 2862 4926 sed
2887 4870 3180 4925 cruciﬁxus
3207 4879 3310 4926 est.
3343 4869 3460 4925 Non
3490 4871 3634 4926 alios
3663 4866 3858 4927 occidit.

589 4961 894 5018 reddideris
925 4962 1034 5018 illis
1057 4963 1204 5034 quod
1228 4972 1531 5030 merentur,
1576 4963 1844 5035 incipiunt
1870 4964 2126 5021 recedere
2161 4980 2191 5019 a
2299 4961 2396 5016 sed
2420 4961 2536 5030 ipse
2568 4975 2760 5030 passus
2783 4971 2884 5017 est.
2917 4961 3129 5031 Pauper
3154 4962 3276 5030 fuit,
3309 4973 3368 5018 ut
3394 4977 3495 5019 nos
3517 4964 3714 5020 divites
3741 4960 3859 5014 lacc-

589 5053 749 5110 malis
778 5053 1205 5125 cogitationibus
1233 5054 1348 5109 suis
1381 5069 1397 5109 :
1433 5053 1688 5124 quamdiu
1718 5064 1771 5110 te
1795 5054 2037 5124 judicem
2080 5071 2189 5110 non
2299 5064 2404 5111 ret.
2449 5055 2544 5110 Ille
2565 5059 2774 5126 accepit
2804 5071 2904 5126 pro
2937 5057 3095 5112 nobis
3126 5057 3360 5128 plagam,
3388 5067 3448 5114 ut
3482 5074 3582 5114 nos
3614 5049 3854 5116 verberati

588 5145 854 5209 sentiunt,
889 5161 999 5204 non
1030 5146 1243 5201 timent.
1279 5145 1538 5201 Decidant
1569 5164 1600 5201 a
1629 5148 2026 5222 cogitationibus
2056 5149 2184 5204 suis.
2299 5163 2406 5205 non
2445 5148 2782 5205 doleremus.
2815 5148 3281 5220 Quotiescumque
3326 5150 3608 5219 caedimur,
3642 5148 3853 5221 praebea-

589 5235 820 5310 Egregie
856 5239 1026 5308 dixit,
1069 5257 1101 5294 a
1141 5241 1538 5314 cogitationibus
1567 5243 1700 5296 suis.
1745 5243 2002 5310 Quotidie
2040 5243 2187 5298 enim
2299 5259 2420 5300 mus
2477 5245 2755 5299 maxillam
2791 5287 2806 5311 ,
2867 5243 3097 5299 dorsum
3155 5259 3497 5315 opponamus
3534 5289 3548 5313 ,
3615 5244 3855 5300 imitemur

589 5333 838 5390 hzcrelici
866 5336 1160 5393 immutant
1190 5337 1443 5408 dogmata
1476 5351 1596 5394 sua.
1637 5338 1880 5410 Denique
1913 5339 1961 5393 si
1991 5337 2072 5393 vir
2099 5352 2190 5393 ec-
2296 5337 2594 5396 Christum.
2649 5338 2753 5407 Qui
2799 5338 3061 5406 creditur,
3123 5339 3403 5394 Christum
3455 5340 3700 5394 imitatur
3744 5328 3853 5401 :qui

585 5427 938 5485 elesiasticus
969 5427 1039 5486 de
1071 5429 1368 5500 Scripturis
1397 5430 1646 5488 eruditus
1677 5431 2024 5487 contenderit
2050 5445 2186 5486 con-
2296 5432 2477 5501 caedit,
2513 5431 2930 5487 Antichristum.
2961 5431 3075 5487 Hoc
3101 5439 3274 5486 tutum
3321 5447 3493 5503 quare
3523 5432 3679 5488 dico?
3717 5427 3776 5485 Ut
3809 5423 3851 5476 in

584 5528 670 5578 tra
715 5536 833 5589 eos,
863 5531 918 5579 et
946 5522 1246 5596 Scripturis
1265 5526 1472 5580 sanctis
1500 5523 1817 5595 coarguerit
1843 5537 1940 5579 eos
1961 5565 1975 5590 ,
2003 5522 2187 5580 statim
2297 5525 2554 5599 prmsenti
2584 5524 2785 5580 saeculo
2811 5522 2955 5595 quod
2989 5524 3359 5592 sustinemus,
3391 5541 3492 5596 pro
3522 5525 3735 5582 Christo
3762 5518 3850 5589 glo-

585 5616 902 5688 requirunt,
930 5619 1205 5691 quomodo
1237 5621 1382 5677 aliud
1415 5636 1614 5678 novum
1647 5619 1842 5692 dogma
1885 5617 2182 5689 reperiant.
2293 5621 2572 5680 riticemus
2603 5634 2800 5676 nomen
2835 5618 3070 5674 Domini.
3106 5619 3240 5674 Dum
3287 5621 3579 5690 loquimur,
3604 5619 3724 5675 dum
3760 5627 3848 5668 am-

582 5712 700 5769 Non
761 5727 1013 5786 quaerunt
1072 5718 1348 5789 quomodo
1396 5718 1700 5784 salventur,
1761 5714 1861 5774 sed
1910 5712 2186 5788 quomodo
2288 5717 2564 5786 bulamus,
2613 5723 2844 5786 repente
2873 5711 3268 5770 subtrahimur.
3299 5713 3416 5785 Ego
3453 5714 3570 5785 ipse
3599 5712 3686 5785 qui
3725 5702 3848 5764 vobis

579 5817 858 5876 superent.
892 5810 1188 5882 Propterea
1240 5827 1384 5873 nunc
1419 5811 1574 5871 dixit.
1628 5808 1900 5868 Decidant
1953 5823 1982 5862 a
2023 5810 2179 5881 cogi-
2287 5810 2448 5869 hodie
2475 5810 2703 5881 loquor,
2741 5808 2828 5866 die
2844 5807 3091 5868 crastina
3129 5807 3218 5879 qui
3247 5807 3316 5866 de
3351 5823 3454 5884 me,
3486 5807 3722 5868 futurum
3765 5796 3847 5863 sit,
