3980 6370
135 372 232 429 855

1038 364 1472 425 ΒΒΕἫΑΒΠῙΜ
1514 365 1580 423 IN
1619 363 1950 426 PSALMOS.
1994 365 2243 426 I‘SALM.
2289 366 2399 423 VII.

3303 369 3409 428 εει

135 483 327 542 nescio.
351 481 405 538 Si
433 479 790 536 veneritlevis
809 479 1088 547 febricula,
1111 483 1202 538 ubi
1222 491 1306 538 est
1328 483 1426 538 ista
1451 483 1591 538 vox?
1615 481 1716 539 Ubi
1740 483 1796 544 Α
1821 482 2053 538 animam
2082 499 2258 540 meam
2289 498 2408 554 quae
2437 489 2523 539 est
2550 482 2870 538 conturbata
2897 479 3276 551 vehementer,
3307 499 3414 540 non

137 587 214 634 est
241 574 517 646 superbia?
545 573 789 643 Repente
813 575 1044 629 vertitur
1062 573 1116 629 in
1147 574 1410 631 cinerem.
1430 575 1568 642 Quid
1590 574 1708 646 glo-

134 668 297 723 riatur
327 676 466 721 terra
496 672 550 718 et
594 664 767 719 cinis?
809 663 1122 720 Secundum
1154 667 1402 736 corporis
1431 676 1706 734 naturam,

137 773 266 820 terra
297 769 348 816 et
388 758 528 814 cinis
574 773 783 813 sumus.
817 758 986 814 Terra
1027 773 1120 827 es,
1153 767 1209 814 et
1251 759 1305 814 in
1338 767 1540 814 terram
1569 758 1703 825 ibis;

137 865 187 912 et
223 863 358 910 terra
387 849 656 922 gloriatur
699 861 888 907 contra
929 850 1193 907 factorem
1221 866 1398 907 suum.
1429 851 1705 921 Sequitur.

206 947 455 1015 Quoniam
487 955 542 1001 tu
570 945 838 1002 benedices
858 949 1030 1018 justo.
1073 945 1131 1001 In
1163 944 1400 1002 futurum
1441 959 1574 1017 ergo
1603 944 1709 1001 dif-

137 1045 298 1101 fertur
320 1041 616 1098 beatitudo.

208 1135 441 1206 Domine,
472 1143 526 1189 ut
556 1143 702 1190 scuto
727 1135 872 1190 bona:
893 1133 1192 1202 uoluntatis,
1221 1142 1330 1192 etc.
1357 1133 1515 1206 Apud
1536 1148 1709 1191 saecu-

138 1231 237 1288 lum
278 1229 416 1285 aliud
446 1238 532 1285 est
561 1238 798 1298 scutum,
826 1229 973 1285 aliud
1019 1245 1224 1286 corona
1273 1247 1286 1284 :
1346 1230 1487 1302 apud
1536 1231 1704 1285 Deum

136 1337 256 1379 vero
287 1321 399 1392 ipse
428 1329 510 1376 est
535 1330 770 1387 scutum,
804 1321 921 1393 ipse
951 1329 1037 1377 est
1056 1331 1112 1377 et
1137 1336 1360 1388 corona,
1392 1320 1548 1393 quasi
1582 1336 1707 1376 scu-

137 1426 238 1471 tum
266 1415 518 1486 protegit,
548 1413 706 1485 quasi
731 1415 875 1469 Deus
916 1424 1138 1471 coronat
1165 1457 1179 1482 ,
1214 1415 1329 1486 ipse
1355 1423 1441 1470 est
1485 1422 1703 1470 scutum

136 1517 382 1574 nostrum,
415 1508 536 1578 ipse
560 1519 643 1564 est
670 1515 725 1564 et
745 1523 946 1563 corona
973 1519 1157 1564 nostra
1186 1527 1198 1561 :
1227 1517 1282 1563 et
1303 1509 1372 1564 ob
1401 1507 1505 1564 hoc
1530 1508 1662 1564 dicit
1689 1524 1704 1563 :

135 1603 359 1670 Domine,
392 1613 446 1658 ut
487 1612 639 1658 scuto
671 1603 817 1658 bona:
844 1603 1122 1659 uoluntatis
1150 1612 1250 1658 tua:
1288 1604 1547 1658 coronasti
1586 1619 1702 1657 nos.

138 1698 404 1755 Protexisti
455 1713 562 1753 nos
604 1707 760 1754 scuto
811 1708 904 1753 tuo
931 1740 946 1767 ,
980 1707 1036 1754 et
1063 1699 1330 1768 protectio
1370 1707 1456 1754 tua
1501 1711 1704 1752 corona

133 1800 306 1847 nostra
331 1791 450 1859 fuit,
477 1791 581 1848 hoc
601 1800 706 1860 est,
731 1806 935 1848 corona
958 1802 1139 1849 nostra
1163 1803 1376 1848 scutum
1401 1801 1551 1847 tuum
1580 1792 1702 1858 fuit,

1815 575 1999 646 eripis,
2034 592 2142 631 non
2168 576 2419 647 corrigis,
2455 590 2561 632 non
2592 575 2891 632 emendas?

1883 666 2222 740 Convertere,
2265 669 2523 738 Domine,
2552 679 2603 725 et
2632 671 2776 742 eripe
2819 670 3049 725 animam
3079 668 3266 726 meam.
3298 668 3414 726 Nisi

1810 759 2048 817 animam
2079 773 2322 818 nostram
2354 769 2485 818 ante
2512 762 2854 819 converterit
2880 803 2895 829 ,
2937 778 3045 818 non
3088 777 3208 818 eam
3239 769 3416 833 potest

1809 869 2006 912 eruere
2035 855 2104 911 de
2124 855 2391 927 periculo.
2422 854 2524 912 Vel
2553 856 2684 913 illud
2711 875 2724 910 :
2763 856 3010 928 Domine,
3039 857 3129 929 qui
3162 857 3412 914 avertisti

1808 948 2021 1003 vultum
2057 957 2209 1004 tuum
2235 963 2262 1003 a
2295 948 2453 1005 nobis
2479 991 2495 1018 ,
2525 959 2851 1008 convertere
2877 961 2934 1008 et
2975 965 3077 1009 nos
3108 950 3297 1010 videre
3326 950 3409 1008 di-

1809 1056 1998 1112 gnare,
2030 1049 2087 1097 et
2111 1057 2246 1097 erue
2271 1042 2507 1098 animam
2533 1051 2798 1102 nostram.

1885 1135 2146 1202 Quoniam
2175 1151 2281 1190 non
2307 1145 2382 1190 est
2421 1137 2475 1190 in
2521 1147 2684 1193 morte
2721 1139 2810 1207 qui
2849 1155 3042 1195 memor
3063 1140 3134 1196 sit
3163 1138 3260 1196 tui.
3287 1137 3405 1196 Non

1810 1226 1954 1283 enim
1987 1227 2185 1282 mortui
2216 1227 2516 1285 laudabunt
2547 1237 2620 1298 te,
2655 1230 2916 1299 Domine,
2950 1233 3048 1289 sed
3079 1247 3178 1288 nos
3204 1233 3294 1304 qui
3325 1234 3407 1288 vi-

1810 1328 2008 1375 ventes
2055 1322 2274 1386 sumus',
2317 1320 2446 1392 quia
2469 1337 2577 1378 non
2606 1331 2689 1377 est
2736 1322 2881 1380 Deus
2909 1333 3271 1392 mortuorum,
3312 1325 3407 1381 sed

1812 1410 2087 1468 vivorum.
2117 1412 2187 1468 In
2216 1415 2421 1485 inferno
2450 1424 2620 1470 autem
2651 1417 2766 1486 quis
2793 1416 3117 1486 conﬁtebitur
3137 1417 3263 1472 tibi?
3289 1416 3406 1474 Non

1809 1523 1910 1579 pro
1958 1508 2305 1578 impossibili,
2361 1509 2458 1565 sed
2509 1524 2607 1580 pro
2649 1525 2775 1566 raro
2823 1509 3026 1581 posuit.
3065 1510 3120 1565 lu
3150 1509 3406 1566 omnibus

1809 1598 1953 1655 enim
1983 1600 2079 1656 Dei
2105 1600 2322 1671 judiciis
2347 1600 2652 1658 delectatur
2695 1611 2944 1672 sanctus,
2972 1609 3029 1658 et
3053 1601 3239 1657 laudat
3261 1601 3410 1672 judi-

1810 1693 1890 1748 cia
1913 1693 2053 1763 ejus.

1881 1783 2137 1840 Laborari
2158 1787 2207 1840 in
2229 1787 2423 1858 gemitu
2451 1804 2582 1844 meo.
2613 1787 2871 1845 Miserere
2896 1788 3025 1856 mei,
3055 1787 3182 1860 quia
3211 1787 3329 1845 haec
3354 1796 3410 1845 et

134 1885 182 1941 id
215 1895 313 1955 est,
347 1893 534 1941 nostra
562 1884 812 1941 victoria.
848 1887 1060 1942 Corona
1091 1886 1236 1942 cnim
1265 1885 1496 1941 victoria
1535 1885 1708 1941 inter-
1737 1862 1783 1922 Β
1811 1878 1928 1935 haec
1953 1896 2072 1951 quae
2098 1891 2422 1952 sequuntur.
2455 1883 2580 1938 feci.
2611 1882 2817 1938 Lavabo
2849 1899 2942 1954 per
2978 1883 3216 1955 singulas
3240 1893 3411 1939 noctes

132 1988 382 2050 pretatur.
417 1980 637 2037 Gratias
660 1995 884 2051 agamus
908 1981 1040 2048 Deo,
1072 1989 1128 2037 et
1148 1981 1506 2052 deprecemur
1528 1981 1702 2050 illum,

132 2080 185 2128 ut
211 2072 257 2126 in
289 2072 422 2128 bona
453 2071 736 2128 voluntate
762 2088 858 2128 sua
900 2073 1016 2144 ipse
1063 2073 1134 2129 sit
1163 2083 1374 2129 scutum
1409 2084 1462 2129 et
1505 2089 1708 2130 corona

131 2175 322 2235 nostra,
353 2174 412 2222 ut
438 2183 735 2238 numquam
765 2165 1084 2223 recedamus
1113 2167 1180 2223 ab
1211 2181 1297 2234 eo,
1331 2176 1391 2222 ut
1416 2182 1710 2237 sequamur

133 2258 288 2329 illum,
319 2269 370 2316 et
389 2261 639 2318 dicamus
660 2276 782 2317 cum
806 2260 1040 2318 Jeremia
1074 2279 1086 2316 :
1115 2261 1180 2316 Et
1204 2271 1316 2332 post
1339 2271 1385 2316 te
1405 2263 1708 2333 subsequens

134 2367 225 2405 non
271 2353 503 2409 laboraui
525 2395 541 2422 ,
574 2353 817 2424 Domine,
851 2365 907 2409 ut
929 2364 1076 2410 scuto
1117 2355 1262 2410 bona:
1302 2355 1580 2410 voluntatis
1607 2364 1711 2411 tum

134 2448 375 2502 coronasti
401 2465 501 2503 nos
532 2447 552 2522 (
587 2446 779 2503 Thren.
815 2448 880 2521 ι).
909 2449 1076 2505 Scuto
1105 2449 1476 2520 protegimur,
1501 2456 1557 2506 et
1585 2464 1710 2506 cum

135 2537 340 2607 perlecti
369 2538 657 2608 fuerimus,
684 2554 1028 2596 coronamur.

656 2653 801 2710 PSA
821 2653 1032 2711 LMUS
1072 2654 1168 2711 VI.

136 2765 369 2843 In‘ﬁnem
407 2789 511 2841 pro
542 2772 855 2826 carminibus
893 2789 986 2842 pro
1031 2782 1209 2826 octava
1239 2771 1469 2843 psalmus
1516 2770 1710 2826 David.

197 2839 296 2898 Iste
321 2839 722 2899 ctundecimus
753 2839 1017 2913 psalmus,
1049 2860 1147 2914 pro
1177 2839 1370 2899 octava
1399 2844 1712 2913 inscriptio-

197 2929 310 2970 nem
342 2916 584 2984 habent,
628 2916 1052 2970 resurrectionis
1078 2958 1092 2982 ,
1137 2924 1191 2970 et
1223 2915 1558 2984 poenitentiae
1583 2955 1598 2980 ,
1650 2929 1714 2970 ac

199 3000 288 3055 per
314 2985 414 3058 hoc
434 2986 639 3041 salutis
666 2995 866 3042 nostra:
894 2987 1220 3058 mysterium
1254 2988 1621 3058 continentes.
1658 2986 1715 3040 In

199 3072 296 3128 quo
322 3057 623 3113 humanum
653 3072 825 3128 genus
855 3057 1113 3124 postulat,
1148 3067 1200 3112 ut
1230 3057 1570 3128 corrigantur
1594 3058 1711 3127 qui-

200 3126 310 3181 dem
340 3139 391 3184 et
415 3126 737 3198 judiceniur
771 3143 802 3182 a
833 3129 969 3193 Deo,
995 3129 1091 3184 sed
1121 3144 1228 3182 non
1255 3129 1310 3182 in
1344 3126 1422 3183 ira
1448 3137 1502 3182 et
1543 3126 1716 3182 iniu-

201 3214 314 3254 rurc
335 3201 476 3268 ejus.
515 3200 756 3271 Longum
797 3207 884 3255 est
930 3201 999 3256 de
1028 3208 1374 3271 sacramento
1417 3199 1576 3268 hujus
1609 3215 1712 3253 nu-

1813 1971 1997 2027 tectum
2032 1990 2222 2027 meum.
2269 1974 2372 2042 Qui
2401 1975 2650 2046 quotidie
2694 1975 2953 2047 lacrymis
2984 1983 3215 2031 stratum
3248 1977 3408 2047 rigat,

1811 2079 1918 2121 non
1942 2073 2122 2134 potest
2149 2065 2205 2120 in
2235 2066 2570 2137 cogitatione
2591 2065 2712 2137 ejus
2741 2065 3030 2122 libidinum
3064 2079 3260 2138 pompa
3289 2081 3412 2122 sur-

1811 2174 2030 2229 repere.
2099 2158 2168 2213 In
2219 2160 2465 2232 lacrymis
2514 2161 2654 2224 meis
2705 2168 2929 2216 stratum
2989 2176 3157 2216 meum
3203 2161 3406 2235 rigabo.

1811 2249 2025 2318 Quanta
2054 2250 2344 2306 multitudo
2375 2253 2770 2323 lacrymarum,
2811 2261 2871 2308 ut
2916 2260 3149 2308 stratum
3185 2251 3304 2322 ejus
3329 2252 3409 2308 la-

1813 2343 2015 2414 crymis
2047 2342 2276 2413 rigatum
2310 2344 2398 2399 sit.

1884 2436 2145 2492 Turbatus
2182 2448 2255 2492 est
2285 2455 2316 2491 a
2347 2437 2524 2508 furore
2548 2439 2728 2494 oculus
2766 2454 2925 2494 meus.
2961 2437 3064 2496 Ubi
3095 2446 3221 2494 sunt
3250 2438 3412 2494 amici

1814 2528 2048 2585 litteras?
2074 2527 2232 2586 Certe
2259 2530 2452 2586 oculus
2489 2531 2594 2587 iste
2633 2544 2936 2601 corporeus
2970 2529 3044 2586 ibi
3086 2530 3154 2585 ab
3194 2530 3274 2585 ira
3305 2545 3414 2585 non

1813 2622 2193 2688 conturbatur,
2225 2622 2327 2677 nisi
2356 2621 2498 2677 forte
2521 2622 2573 2678 in
2603 2630 2812 2677 tantam
2841 2620 3049 2677 rabiem
3077 2621 3415 2690 extollimur,

1814 2717 2070 2772 utvultus
2100 2730 2319 2787 quoque
2354 2715 2526 2771 nostri
2567 2725 2624 2772 et
2646 2730 2737 2771 ora
2769 2724 3069 2771 mutentur.
3103 2713 3199 2769 llle
3233 2715 3416 2784 itaque

1815 2809 2063 2866 turbatur
2111 2810 2303 2865 oculus
2342 2825 2355 2864 :
2395 2810 2489 2880 qui
2518 2808 2565 2865 si
2614 2808 3014 2864 scandalizatus
3045 2806 3230 2878 fuerit,
3259 2822 3418 2864 erue-

1818 2912 1925 2959 tur.
1983 2903 2100 2958 Non
2150 2910 2332 2958 autem
2381 2902 2459 2956 ait
2489 2917 2508 2957 :
2538 2901 2621 2958 Ab
2668 2901 2746 2956 ira
2793 2916 2917 2958 mea
2943 2901 3197 2957 turbatur
3221 2900 3412 2956 oculus

1815 3012 1971 3053 meus
2003 3014 2016 3053 :
2047 2997 2164 3065 sed,
2195 2996 2262 3051 ab
2293 2997 2372 3051 ira
2401 3004 2510 3050 tua.
2542 2994 2588 3050 Ο
2618 2995 2759 3050 Deus
2784 3033 2800 3062 ,
2834 3010 2930 3065 per
2955 3010 3118 3066 quem
3149 2993 3415 3066 supplicia

1816 3091 1951 3147 mihi
1980 3091 2150 3146 timeo
2177 3097 2476 3160 praeparata
2505 3107 2517 3141 :
2552 3088 2767 3144 turbata
2793 3095 2878 3142 est
2900 3101 3066 3142 mens
3089 3101 3232 3155 mea,
3257 3094 3312 3142 et
3335 3095 3416 3142 to-

1819 3192 1928 3239 tum
1960 3182 2140 3238 cordis
2182 3181 2293 3236 mei
2319 3179 2621 3251 principale
2654 3180 3010 3235 contremuit.
3039 3177 3333 3232 Inveteraui
3360 3179 3415 3232 in

203 3271 326 3324 meri
344 3248 499 3340 plura
514 3248 764 3340 exempla
787 3270 1220 3326 revocare.0cto
1239 3270 1432 3324 animae
1453 3248 1712 3340 ingressa:
1739 3248 1784 3310 Ο
1819 3276 2050 3330 omnibus
2079 3274 2305 3329 inimicis
2336 3274 2484 3328 meis.
2525 3271 2643 3328 Non
2687 3287 2826 3328 nova
2870 3271 3160 3328 adversum
3187 3285 3276 3328 me
3309 3270 3416 3325 ini-

202 3351 320 3396 sunt
347 3346 398 3396 in
427 3347 635 3397 Arcam
667 3342 800 3411 Noe,
834 3357 960 3410 qum
989 3343 1040 3396 in
1071 3343 1277 3397 diluvio
1307 3342 1529 3396 salvata:
1561 3351 1709 3396 sunt.

200 3412 426 3468 Octavus
459 3413 612 3468 ﬁlius
635 3413 789 3468 Jesse
820 3414 986 3467 David
1019 3413 1140 3479 fuit,
1174 3412 1266 3483 qui
1306 3421 1362 3467 et
1390 3412 1715 3481 desperatur

202 3497 229 3536 a
260 3495 438 3552 patre,
478 3493 536 3540 et
582 3501 610 3538 a
640 3485 752 3540 Deo
778 3485 927 3539 solus
954 3485 1191 3554 eligitur.
1223 3485 1432 3539 Octavo
1475 3485 1564 3538 die
1608 3485 1717 3539 cir-

203 3556 581 3610 cutnciduntur
604 3557 982 3625 primogenita,
1011 3565 1068 3609 et
1090 3555 1369 3610 immunda
1391 3569 1514 3610 esse
1537 3554 1716 3610 desis-

205 3635 334 3681 tunt.
379 3627 684 3682 Zacharias
709 3642 925 3696 quoque
952 3634 1106 3696 pater
1145 3625 1373 3681 Joannis
1397 3637 1588 3681 octava
1628 3625 1718 3681 die

204 3699 634 3754 circumcisionis
664 3697 760 3752 ﬁlii
791 3698 874 3752 sui
912 3698 1171 3768 loquitur.
1197 3697 1264 3751 Et
1297 3706 1420 3768 post
1449 3697 1565 3752 dies
1591 3707 1718 3752 octo

204 3769 308 3841 sive
343 3785 438 3825 sex
485 3770 810 3841 (utrumque
841 3768 988 3824 enim
1027 3770 1078 3823 in
1110 3767 1346 3841 diversis
1372 3768 1719 3841 evangelistis

206 3838 414 3912 legitur)
447 3838 726 3895 Dominus
754 3840 1259 3912 trausformaturin
1284 3847 1467 3894 monte
1494 3881 1508 3906 ,
1542 3848 1601 3894 ut
1639 3839 1721 3912 sic

207 3911 522 3966 octonarius
548 3913 600 3965 in
623 3920 779 3966 sexto
805 3925 1031 3966 numero
1053 3911 1418 3976 contineatur,
1446 3911 1721 3979 quomodo

205 3997 338 4038 nunc
359 3984 411 4038 iu
433 3992 598 4039 sexto
620 3982 857 4052 psalmo,
883 3982 1167 4053 inscriptio
1190 3983 1409 4052 ponitur
1433 3982 1718 4052 ogdoadis.

208 4119 442 4190 Domine,
476 4138 546 4176 ne
571 4121 623 4176 in
647 4124 828 4194 furore
855 4129 942 4176 tuo
968 4136 1161 4192 arguas
1189 4135 1290 4186 me,
1317 4128 1422 4175 etc.
1448 4117 1725 4175 Pmnitcn-

144 4210 224 4267 tia:
250 4215 493 4283 psalmus
519 4223 625 4284 est,
659 4226 713 4271 et
743 4230 852 4270 non
883 4213 1165 4271 emendari
1197 4212 1400 4269 refutat
1421 4222 1474 4268 et
1495 4211 1720 4282 corripi,

146 4305 230 4360 sed
257 4305 307 4362 in
337 4308 534 4365 furore
562 4317 617 4364 et
646 4310 697 4364 in
729 4309 833 4376 ira,
862 4310 992 4380 quia
1017 4307 1267 4364 inﬁrmus
1298 4307 1390 4372 sit,
1419 4314 1476 4362 et
1512 4305 1726 4361 turbata

143 4395 246 4453 sint
270 4414 387 4456 ossa
423 4402 567 4473 ejus.
601 4402 667 4457 Et
697 4401 992 4472 aliquando
1022 4401 1175 4472 prius
1207 4399 1359 4455 furor
1391 4405 1493 4465 est,
1546 4407 1599 4453 et
1627 4411 1729 4468 po-

146 4496 256 4545 stea
280 4491 388 4559 ira;
413 4493 514 4551 sed
539 4494 777 4550 maxime
800 4508 967 4549 unum
982 4499 1087 4549 est.
1113 4491 1319 4547 Tamen
1341 4488 1561 4547 furorin
1589 4504 1728 4560 pra:-

145 4582 300 4651 senli,
341 4584 422 4640 ira
446 4586 504 4640 in
529 4584 734 4642 futuro.

1815 3369 1942 3424 mici
1976 3367 2116 3424 bella
2140 3374 2370 3437 gerunt,
2398 3379 2553 3420 meus
2584 3364 2758 3419 hostis
2787 3365 3162 3433 antiquusest.
3196 3361 3368 3417 Aliter
3401 3376 3414 3416 :

1816 3460 2166 3516 Pubertatem
2215 3459 2336 3529 ejus
2379 3457 2618 3514 hominis
2666 3457 2758 3526 qui
2798 3463 3095 3512 renovatur
3140 3453 3210 3510 de
3239 3453 3330 3509 die
3357 3452 3414 3508 iu

1817 3553 1982 3619 diem,
2033 3567 2140 3608 non
2196 3567 2419 3622 possum
2463 3550 2764 3621 consequi:
2796 3550 2922 3620 quia
2951 3557 3194 3605 veterem
3231 3546 3412 3603 bomi-

1819 3661 1944 3702 nem
1971 3661 2097 3701 cum
2127 3646 2274 3700 vitiis
2301 3652 2356 3700 et
2382 3643 2840 3714 concupiscentiis
2869 3643 2989 3713 ejus
3017 3641 3252 3698 inimicis
3283 3641 3420 3698 meis

1821 3738 2109 3795 adversum
2142 3753 2228 3794 me
2260 3745 2423 3809 porto
2445 3735 2832 3808 pugnantibus.

1894 3833 2155 3889 Discedite
2203 3850 2235 3886 a
2285 3847 2365 3886 me
2417 3847 2592 3886 omnes
2617 3833 2706 3901 qui
2737 3829 3022 3904 operamini
3069 3829 3422 3902 iniquitatem.

1823 3924 2120 3995 Postquam
2151 3925 2269 3996 ipse
2292 3923 2730 3980 misericordiam
2753 3930 3082 3980 consecutus
3127 3932 3232 3991 est,
3262 3932 3425 3980 caete-

1823 4032 1917 4074 ros
1945 4017 2130 4083 docet,
2164 4017 2250 4072 vel
2276 4015 2622 4084 cohortatur,
2653 4025 2708 4071 ut
2733 4031 2762 4070 a
2785 4029 2844 4072 se
2873 4015 3094 4072 abeant.
3124 4015 3242 4072 Non
3263 4016 3424 4086 jeuim

1824 4109 1943 4165 vult
1963 4110 2274 4180 iniquorum
2303 4108 2508 4166 habere
2530 4109 2892 4166 consortium.
2933 4109 3110 4167 Simul
3153 4119 3334 4167 autem
3374 4118 3431 4166 et

1827 4199 1960 4257 illud
2005 4202 2300 4258 notandum
2345 4211 2450 4271 est,
2507 4203 2651 4274 quod
2677 4201 2789 4273 jam
2839 4204 3092 4274 superius
3141 4203 3426 4259 diximus:

1829 4293 1977 4365 quod
1999 4309 2108 4350 nou
2141 4308 2236 4350 eos
2257 4294 2350 4364 qui
2396 4293 2612 4365 operati
2645 4303 2772 4350 sunt
2802 4292 3182 4366 iniquitatem;
3215 4293 3312 4351 sed
3335 4293 3431 4366 qui

1831 4397 2148 4458 operantur,
2177 4402 2206 4442 a
2239 4401 2298 4444 se
2316 4385 2508 4457 jubeat
2531 4385 2808 4444 recedere.

1905 4479 2287 4536 Convertuntur
2308 4490 2354 4536 et
2384 4479 2683 4536 erubescant
2705 4480 2859 4536 ualde
2878 4478 3138 4537 velociter.
3162 4479 3278 4537 Non
3301 4494 3434 4537 con-

1833 4583 1919 4631 tra
1948 4575 2226 4641 inimicos,
2257 4574 2356 4631 sed
2387 4589 2485 4646 pro
2533 4575 2774 4632 inimicis
2802 4585 2926 4632 orat
2959 4594 2972 4633 :
3006 4586 3064 4632 ut
3114 4585 3437 4633 convertano

160 4666 162 4668 ’
216 4673 461 4732 Miserere
482 4677 866 4750 mei,Dominc.
885 4678 1003 4736 Vox
1022 4677 1308 4735 Ecelesim.
1327 4674 1727 4744 Misereremei,
1755 4637 1808 4700 Β
1837 4674 1926 4722 ιιιι⁹
1950 4674 2005 4722 οι
2034 4666 2362 4722 erlibcscam
2387 4680 2416 4720 3
2446 4667 2683 4738 peccalis
2707 4665 2822 4724 SUiS
2849 4684 2862 4722 ε
2893 4676 2947 4724 el
2969 4667 3296 4725 erubescant
3325 4683 3433 4725 non

147 4763 265 4834 quia
293 4768 462 4825 miser
493 4785 637 4825 sum.
667 4770 735 4826 Et
764 4772 883 4842 ipse
919 4769 1354 4827 misericordiam
1383 4767 1481 4824 Dei
1504 4768 1730 4832 invenit.

149 4858 234 4926 qui
271 4875 328 4916 se
371 4864 638 4920 miserum
675 4865 991 4922 conﬁtetur.
1027 4864 1284 4930 Quoniam
1313 4863 1552 4932 inﬁrmas
1591 4877 1731 4929 sum,

147 4966 269 5006 sana
314 4972 424 5024 me,
455 4955 700 5013 Domine.
729 4961 806 5014 Ac
838 4961 883 5014 si
925 4957 1071 5014 dicat
1113 4975 1126 5013 :
1185 4958 1433 5013 inﬁrmus
1464 4971 1584 5012 sum
1634 4970 1732 5027 pro

149 5057 363 5114 peccato
395 5068 410 5106 :
438 5065 571 5108 sana
600 5067 711 5119 me,
733 5051 858 5123 quia
891 5050 1134 5107 medicus
1162 5065 1245 5106 es.
1271 5049 1384 5122 Ego
1404 5065 1524 5105 sum
1553 5063 1733 5119 aegro-

151 5147 254 5209 lus,
275 5152 331 5199 tu
362 5160 422 5202 es
447 5146 708 5203 medicus.
735 5147 849 5219 Ego
872 5147 1047 5204 habeo
1076 5146 1464 5214 inﬁrmitatem,
1493 5153 1547 5200 tu
1570 5145 1736 5202 habes

151 5238 451 5294 sanitatem.
475 5239 592 5311 Ego
612 5256 734 5298 sum
767 5241 1015 5298 inﬁrmus
1045 5254 1146 5311 per
1185 5247 1490 5310 peccatum,
1525 5247 1579 5293 tu
1607 5252 1737 5296 sana

153 5337 245 5398 per
271 5331 722 5390 misericordiam.

226 5423 484 5490 Quoniam
520 5428 826 5484 conturbata
869 5437 986 5484 sunt
1036 5426 1210 5482 omnia
1257 5441 1374 5482 ossa
1412 5440 1546 5481 mea.
1585 5425 1663 5479 Ac
1692 5423 1739 5479 si

155 5509 292 5570 dicat
323 5535 336 5572 :
367 5531 559 5575 omnes
582 5519 830 5587 virtutes,
849 5535 969 5590 qua:
993 5535 1115 5575 ossa
1144 5517 1457 5590 appellavit,
1482 5515 1536 5570 in
1566 5515 1741 5585 primo

156 5602 372 5664 homine
401 5619 756 5683 transgressa:
786 5621 950 5679 sunt,
983 5614 1102 5669 sive
1127 5612 1375 5683 perditae.
1408 5610 1601 5665 Anima
1630 5624 1743 5663 mea

158 5698 338 5755 exinde
385 5703 591 5760 turbata
639 5713 733 5762 est.
789 5704 895 5762 Per
945 5705 1322 5779 paenitentiam
1377 5713 1434 5760 ut
1485 5699 1746 5759 emende-

147 5805 284 5850 mur.

214 5887 282 5944 Et
332 5901 410 5961 tu,
469 5893 722 5969 Domine,
756 5911 1038 5970 usquequo.
1085 5893 1436 5969 Subauditur,
1467 5905 1746 5968 usquequo

1838 4758 2056 4826 leviter,
2087 4757 2186 4815 sed
2208 4758 2603 4816 vehementer:
2636 4772 2740 4814 nec
2767 4758 3132 4816 recrastioato
3163 4769 3430 4830 tempore,

1832 4849 1930 4908 sed
1959 4850 2092 4906 cito.

2411 4919 2728 4981 PSALMUS
2766 4922 2878 4981 VII.

1838 5033 2086 5092 Psolmns
2134 5034 2342 5104 David,
2389 5051 2539 5104 quem
2584 5035 2807 5091 cantavit
2847 5033 3072 5091 Domino
3124 5049 3219 5104 pro
3270 5033 3436 5092 verbis

1913 5106 2074 5162 Chusi
2099 5106 2197 5176 ﬁlii
2217 5106 2429 5161 Jemini.
2466 5107 2739 5178 Plerique,
2769 5117 2825 5163 et
2847 5106 3088 5178 maxime
3117 5106 3181 5178 ,hi
3210 5107 3301 5173 qui
3324 5107 3434 5162 lle-

1911 5179 2044 5233 braei
2071 5179 2340 5234 sermonis
2387 5177 2667 5234 scientiam
2707 5193 2818 5234 non
2857 5177 3081 5245 habent,
3113 5177 3256 5233 hunc
3285 5178 3434 5249 psal-

1913 5265 2062 5305 mum
2091 5249 2426 5320 arbitrantur
2448 5265 2516 5305 eo
2547 5259 2793 5320 tempore
2836 5262 2958 5304 esse
2982 5258 3297 5320 cantatum,
3327 5265 3435 5316 quo

1915 5320 2077 5376 Chusi
2097 5319 2240 5374 ﬁlius
2269 5318 2718 5388 Arachi,amicus
2744 5319 2937 5383 David,
2964 5318 3434 5377 destruxiteonsi-

1803 5412 1826 5426 -
1915 5391 2046 5446 lium
2079 5391 2404 5462 Achitophel
2431 5410 2444 5445 :
2475 5401 2532 5448 et
2557 5392 2625 5446 ad
2648 5406 2777 5462 eum
2805 5391 3027 5446 nuntios
3051 5392 3201 5448 misit
3230 5433 3247 5459 ,
3279 5405 3350 5446 ne
3379 5391 3434 5462 in

1919 5477 2103 5546 eremo
2130 5462 2541 5546 ultr'a_sederet,
2567 5461 2662 5517 sed
2693 5461 2881 5546 procul
2905 5462 3136 5546 fugeret,
3154 5477 3236 5546 _ne
3256 5461 3438 5546 oppri-

1915 5542 2157 5590 meretur
2185 5549 2215 5588 a
2243 5534 2376 5589 lilio.
2409 5533 2610 5589 Verum
2637 5533 2916 5589 sciendum
2962 5541 3045 5587 est
3083 5533 3439 5589 vehementer

1915 5620 2122 5662 errare.
2158 5605 2428 5673 Primum,
2466 5603 2610 5675 quod
2643 5619 2840 5675 nomen
2884 5601 3052 5660 Cbusi
3095 5619 3192 5674 per
3232 5604 3440 5675 ranteclt

1917 5679 2154 5733 litteram
2179 5677 2442 5747 scriptum
2473 5674 2615 5747 est:
2661 5674 2752 5747 hic
2798 5689 2928 5731 vero
2957 5689 3054 5744 per
3079 5677 3180 5747 sin.
3223 5674 3441 5747 Deinde

1918 5748 2063 5820 quod
2093 5743 2386 5820 numquam
2420 5744 2586 5801 David
2614 5746 2704 5814 qui
2726 5744 2862 5820 Joab
2890 5743 3186 5820 et’cteteris
3207 5743 3441 5800 ducibus

1918 5814 2190 5876 exercitus
2238 5814 2320 5888 sui
2368 5825 2726 5888 praeceperat,
2759 5817 2948 5874 dicens
2981 5833 2994 5870 :
3025 5814 3236 5888 Parcite
3279 5831 3441 5884 puero

1921 5890 2202 5947 Abessalon
2251 5887 2316 5963 (ll
2346 5885 2478 5961 Reg.
2511 5885 2692 5960 xviri),
2741 5888 2809 5948 de
2856 5895 3036 5948 morte
3073 5886 3168 5947 ﬁlii
3197 5885 3447 5960 loquere.
