3980 6366
133 300 236 374 θεν

133 514 285 571 corda
317 513 513 569 ardent
558 511 806 577 libidine,
857 511 1036 580 vitiis,
1076 522 1135 568 et
1182 503 1582 583 passionibus':
1628 509 1720 566 isti

133 608 250 665 victi
276 616 400 664 sunt
427 620 460 662 ιι
486 605 728 663 diabolo.
763 604 1003 677 Sagittas
1037 620 1160 662 suas
1186 606 1494 661 ardentibus
1523 604 1717 674 e/j‘ecit.

133 701 351 758 Pulchre
375 698 536 766 dixit,
568 697 890 754 ardentibus
921 706 937 753 ι
967 710 1076 754 non
1104 699 1280 762 dixit,
1324 697 1537 754 arsuris
1565 713 1581 754 :
1616 695 1721 753 hoc

133 806 232 862 est,
275 794 365 866 qui
405 793 588 849 arsuri
635 803 765 849 sunt
805 793 1024 865 sagittis
1068 793 1285 863 ipsius:
1319 791 1416 849 sed
1455 804 1722 863 quorum-

133 904 354 961 cumque
395 888 563 946 corda
606 888 804 944 ardere
829 887 1052 953 viderit,
1104 884 1232 944 illos
1277 886 1535 959 percutit.
1577 884 1720 941 Dicit

134 981 270 1040 enim
304 981 595 1054 Apostolus
633 981 892 1038 ardentes
936 982 1139 1038 habere
1165 979 1443 1038 diabolum
1491 980 1719 1052 sagittas

133 1075 339 1149 (Ephes.
372 1074 471 1148 Vl);
505 1075 639 1132 Ecce
665 1075 909 1149 partariit
947 1075 1298 1146 iniustitiam,
1346 1077 1583 1147 concepit
1620 1073 1715 1130 do-

133 1172 305 1237 lorem,
336 1180 385 1225 et
410 1169 606 1243 peperit
649 1168 994 1240 iniquitatem.
1040 1166 1300 1225 Diabolus
1328 1167 1409 1224 sic
1453 1164 1717 1238 concipit,

130 1262 203 1323 sic
230 1264 481 1336 parturit,
509 1263 591 1320 sic
619 1264 808 1329 nutrit,
841 1262 923 1320 sic
966 1262 1198 1319 exaltat.
1253 1259 1453 1317 Lat-am
1490 1260 1718 1335 operuit,

130 1368 175 1415 et
202 1356 381 1427 effodit
405 1370 544 1425 eum,
577 1364 623 1411 et
648 1354 832 1411 incidit
859 1356 914 1411 in
937 1344 1139 1428 foveam
1160 1368 1317 1428 quam
1344 1354 1491 1427 fecit.
1526 1348 1723 1409 Diaboo

133 1450 213 1507 lus
232 1449 347 1521 ipse
380 1459 465 1505 est
492 1449 665 1515 lacus,
688 1448 811 1520 ipse
845 1457 931 1505 est
949 1447 1137 1505 l‘ovea.
1160 1446 1359 1503 Lucum
1373 1446 1594 1519 aperuit.
1615 1446 1724 1504 Sed

131 1544 377 1617 quoniam
406 1552 514 1599 non
547 1551 724 1613 potest
754 1554 948 1614 nquam
979 1542 1268 1599 continere
1295 1539 1594 1598 secundum
1634 1537 1725 1597 Je-

130 1637 350 1694 remiam
379 1650 393 1691 z
420 1643 707 1707 propterea
732 1636 888 1691 lacus
908 1634 1055 1690 illius
1088 1646 1283 1690 versus
1308 1636 1461 1690 estin
1486 1631 1723 1689 foveam.

129 1729 311 1786 Omnia
335 1724 692 1786 conciliabula
714 1727 1119 1799 haereticorum,
1147 1727 1321 1784 foveae
1345 1722 1550 1783 diaboli
1574 1732 1723 1784 sunt.

1070 292 1505 367 sunttantum
1536 305 1604 366 m
1642 300 1979 366 rsticuos.
2020 301 2270 368 psam.
2300 300 2450 365 svnt.

134 421 325 481 emittit
348 420 597 494 sagittas,
627 414 828 492 quibus
851 428 950 475 nos
977 420 1269 491 percutiat.
1299 419 1540 489 Quorum
1572 419 1719 475 enim
1748 418 1796 482 Α

1936 421 1989 474 ui
2020 432 2120 491 pro
2150 420 2515 477 torcularibus
2553 428 2913 491 prmttotatur,
2954 419 3063 477 hoc
3090 419 3330 476 ostendit
3365 422 3420 474 in

1894 491 2165 617 Tritltitate
2207 502 2612 548 sacramentum
2666 492 3094 550 resurrectionis
3151 492 3421 548 Ecclesiae

1891 575 1994 618 con
2023 578 2187 620 meri.

1896 697 2117 755 Domine
2167 698 2423 756 Dominus
2473 707 2666 757 noster.
2718 698 2878 757 Prius
2938 713 3138 757 nomen
3202 681 3425 752 Domini

1821 795 1964 869 apud
1997 794 2259 853 llebrteos
2284 803 2521 867 quatuor
2548 794 2853 851 litterarum
2885 801 3002 861 est,
3026 791 3152 868 jod,
3187 792 3271 859 Ite,
3298 806 3417 858 van,

1822 887 1887 943 Ite
1914 903 1933 944 :
1958 887 2101 961 quod
2134 888 2359 959 proprie
2393 884 2489 944 Del
2519 886 2845 943 vocabulum
2869 893 3068 941 sonat:
3101 893 3158 941 et
3184 882 3291 955 legi
3316 896 3424 951 po-

1821 986 2128 1048 test‘ttuo,
2181 988 2238 1036 et
2288 979 2504 1036 llebrml
2557 978 2775 1059 ἆρῤητον
2803 1021 2818 1047 ,
2864 979 2919 1035 id
2970 986 3092 1045 cst,
3141 975 3419 1033 inell‘abile

1821 1074 2141 1146 opinantur.
2187 1073 2498 1131 Secundum
2549 1089 2683 1130 vero
2713 1089 2941 1141 sponsi,
2974 1073 3219 1129 omnium
3268 1087 3419 1127 com-

1822 1182 1988 1224 mune
2031 1175 2146 1231 est,
2193 1166 2343 1237 quod
2387 1181 2535 1240 saepe
2590 1176 2649 1223 et
2706 1167 2764 1223 in
2820 1166 3135 1222 hominibus
3181 1166 3423 1237 poniturt

1826 1259 1996 1325 Quam
2012 1257 2324 1315 admirabile
2358 1270 2434 1314 est
2474 1276 2660 1314 nomen
2697 1269 2844 1314 tuum
2888 1261 2943 1315 in
2971 1260 3210 1315 uniuersa
3260 1273 3419 1313 terra.

1824 1352 1981 1420 Quod
2021 1364 2126 1423 pro
2162 1352 2323 1408 nobis
2360 1351 2527 1409 homo
2576 1352 2753 1410 factus
2794 1366 2892 1422 es,
2944 1352 3089 1426 quod
3139 1362 3426 1422 mortuus,

1824 1438 1970 1516 quod
1993 1446 2372 1512 resurrexisti,
2400 1444 2457 1503 in
2481 1448 2698 1504 cunctis
2721 1442 2981 1519 gentibus
3011 1456 3097 1505 est
3119 1448 3416 1519 vulgatum.

1901 1537 2163 1606 Quoniam
2183 1540 2379 1596 elevata
2404 1552 2482 1597 est
2512 1541 2902 1615 inegniﬁcentia
2944 1551 3036 1597 tua
3063 1556 3217 1613 super
3243 1539 3421 1596 stelas.

1827 1630 1983 1701 Quod
2012 1643 2138 1705 post
2163 1636 2628 1691 resurrectionem
2658 1632 2828 1690 emlos
2848 1642 2971 1690 cum
3000 1633 3282 1704 triumpho
3310 1632 3428 1703 glo-

1829 1725 1927 1783 riae
1956 1727 2350 1784 conscendiSIi.

130 1820 231 1879 Sed
259 1820 407 1892 quod
434 1821 688 1892 superius
715 1820 1120 1892 praterivimtts
1148 1836 1165 1875 :
1210 1819 1467 1876 Scrutaris
1492 1820 1653 1874 corda
1680 1827 1726 1873 et
1753 1808 1806 1874 Β
1902 1816 1989 1874 Ea:
2016 1836 2105 1876 ore
2142 1820 2431 1891 infantium
2475 1832 2524 1876 et
2559 1823 2863 1878 laetentium
2894 1822 3164 1896 perfeciin
3197 1820 3430 1877 laudent.

128 1928 267 1969 renes
301 1913 467 1982 Deus,
498 1916 704 1987 justum
728 1911 1055 1985 adjutoriam
1080 1924 1252 1965 meum
1272 1927 1305 1964 a
1332 1907 1444 1965 Deo
1474 1924 1493 1964 :
1523 1909 1577 1965 in
1618 1908 1727 1966 ile-

128 2007 268 2064 brtco
292 2008 366 2063 ita
395 2007 659 2076 scriptum
689 2013 774 2061 est
806 2022 819 2059 :
855 2004 1112 2060 Seratans
1142 2004 1302 2058 corda
1328 2012 1378 2059 et
1406 2012 1555 2058 renes
1583 2001 1724 2057 Deus

121 2103 290 2172 justas
316 2116 336 2155 :
371 2108 433 2155 ut
461 2106 651 2170 postea
676 2106 1041 2170 consequatur
1070 2114 1085 2151 :
1124 2095 1460 2169 Adjutorium
1494 2111 1667 2150 meum
1692 2110 1727 2150 a

128 2191 255 2259 Deo,
279 2193 369 2263 qui
396 2192 567 2248 salvos
597 2190 722 2262 facit
766 2199 936 2246 rectos
963 2189 1141 2245 corde.
1175 2187 1446 2259 Numquid
1474 2186 1728 2242 irascetur

134 2300 219 2357 per
234 2284 471 2357 singulos
491 2282 642 2338 dies?
662 2282 851 2338 Melius
873 2296 972 2353 pro
994 2280 1099 2338 hoc
1127 2281 1179 2336 in
1202 2278 1431 2337 llebrtco
1452 2279 1686 2336 habetur
1707 2295 1723 2334 :

131 2374 484 2431 Comminatur
504 2378 556 2429 in
589 2374 730 2429 omni
756 2372 863 2438 die,
896 2373 1041 2445 quod
1069 2372 1261 2443 Aquila
1302 2384 1520 2444 quoque
1548 2378 1726 2427 trans-

130 2469 261 2524 tulit.
309 2468 383 2525 Et
432 2467 661 2539 pulchre
703 2468 827 2522 ait:
876 2465 1217 2522 Comminans
1247 2470 1295 2520 et
1343 2464 1640 2537 infrindens
1668 2463 1724 2518 in

136 2564 264 2617 omni
290 2562 400 2617 die.
427 2561 529 2631 Qui
557 2561 704 2617 enim
738 2571 961 2631 propter
990 2559 1305 2631 patientiam
1333 2570 1487 2613 suam
1521 2557 1594 2612 ita
1624 2555 1721 2613 de-

130 2653 246 2710 licta
276 2669 389 2711 non
421 2654 582 2725 punit
610 2668 626 2707 :
666 2653 823 2725 quasi
853 2653 1025 2708 iratus
1054 2661 1109 2709 et
1144 2652 1533 2721 comminatus,
1576 2646 1724 2707 diem

129 2746 345 2802 ultionis
377 2753 692 2817 exspectat,
737 2753 797 2800 ut
836 2753 984 2802 metu
1018 2746 1259 2818 corrigat
1292 2744 1723 2817 delinquentem.

130 2840 502 2913 Exsequamur
530 2839 807 2896 ordinem.

189 2931 526 2989 Convertetttr
550 2931 703 2987 dolor
720 2935 840 3006 ejus
866 2932 923 2988 in
946 2938 1107 3003 caput
1133 2934 1271 3006 ejus,
1297 2938 1404 2989 elo.
1424 2925 1724 3000 Quomodo

126 3026 167 3082 si
193 3027 391 3099 aliquis
422 3022 609 3081 mittat
635 3024 690 3081 in
720 3026 891 3081 altum
922 3025 1177 3097 lapidem,
1200 3033 1260 3082 et
1279 3038 1387 3080 non
1414 3023 1486 3080 sit
1512 3030 1724 3089 cautus,

126 3127 175 3174 et
202 3118 332 3191 lapis
361 3119 581 3174 venerit
613 3118 668 3173 in
702 3124 865 3189 caput
886 3117 1032 3189 ejus,
1064 3132 1168 3174 suo
1207 3117 1436 3173 vulnere
1462 3116 1723 3174 vulnera-

127 3219 209 3267 tur
234 3188 362 3268 :isic
394 3219 455 3268 et
485 3209 741 3266 diabolus
768 3188 1039 3267 occiditur
1060 3222 1161 3266 sua
1198 3209 1477 3280 superbia,
1509 3206 1721 3266 exalta-
1742 3188 1798 3259 C

131 3315 231 3376 tur,
261 3317 316 3364 et
340 3306 578 3364 corruit.
608 3304 769 3360 Modo
796 3305 1041 3361 exaltare
1064 3306 1183 3359 vult
1200 3313 1387 3375 caput,
1415 3310 1468 3360 et
1492 3317 1601 3358 non
1624 3318 1726 3373 po-

129 3406 228 3456 test
254 3415 269 3457 :
296 3399 560 3471 quoniam
589 3405 942 3453 conversetur
968 3397 1128 3452 dolor
1161 3395 1282 3467 ejus
1309 3396 1363 3451 in
1392 3403 1558 3468 caput
1581 3395 1722 3465 ejus,

129 3500 178 3545 et
226 3491 508 3562 deprimet
560 3489 734 3545 illum.
800 3484 1066 3545 Diabolus
1124 3480 1422 3545 secundum
1480 3488 1724 3559 regulam

129 3580 530 3652 Scripturarum
553 3579 726 3636 lectus
746 3591 833 3636 est
859 3580 914 3635 in
941 3580 1140 3637 Genesi
1170 3594 1187 3636 :
1219 3580 1335 3650 ipse
1353 3587 1438 3635 est
1473 3579 1722 3650 coluber,

129 3673 236 3746 ipse
257 3686 519 3747 serpens,
552 3674 642 3746 qui
675 3674 1000 3746 loquebatur
1019 3675 1088 3731 ad
1114 3674 1282 3730 Evam
1312 3689 1328 3730 ε
1358 3673 1616 3746 quoniam
1643 3682 1726 3730 to.

132 3774 209 3823 tus
235 3777 404 3826 terrae
434 3768 631 3824 lueret.
663 3769 875 3824 Ctetera
906 3767 1160 3825 animalia
1194 3766 1324 3825 licet
1362 3768 1639 3826 ambulent
1672 3769 1725 3826 in

129 3866 262 3918 terra
287 3861 454 3936 (Gen.
483 3863 593 3932 tu),
618 3869 804 3917 tamen
834 3874 942 3917 non
971 3874 1133 3917 omne
1157 3870 1361 3933 corpus
1386 3863 1442 3917 in
1475 3872 1623 3918 terra
1643 3861 1728 3933 jae

130 3967 249 4009 cens
276 3954 487 4011 habent
518 3969 534 4009 :
564 3954 692 4010 licet
733 3950 970 4011 habeant
1011 3954 1179 4025 pedes
1223 3956 1277 4010 in
1327 3964 1494 4025 terra,
1541 3962 1725 4012 tamen

133 4045 280 4102 aliam
302 4055 522 4119 partem
548 4046 799 4118 corporis
814 4058 1035 4103 sursum
1060 4045 1286 4104 habent.
1314 4048 1586 4104 Caeterum
1612 4047 1730 4103 dia-

134 4134 304 4207 boias,
330 4139 440 4196 hoc
469 4147 577 4205 est,
608 4150 837 4211 serpens
873 4146 930 4195 et
969 4138 1195 4194 coluber
1232 4141 1505 4211 antiquus,
1534 4154 1729 4197 secun-

135 4231 254 4288 dum
284 4233 483 4289 lsaiam
518 4240 664 4289 tatus
690 4232 745 4288 in
777 4241 921 4290 terra
950 4242 1039 4289 est
1077 4231 1238 4304 (lsai.
1270 4235 1385 4304 xw)
1412 4242 1430 4291 ξ
1471 4243 1527 4289 et
1567 4241 1731 4305 caput

133 4332 185 4380 et
211 4326 480 4397 reliquum
509 4341 708 4397 corpus
754 4325 962 4397 aequale
1010 4324 1198 4380 habet.
1231 4322 1540 4381 Revertetur
1578 4323 1731 4380 dolor

132 4415 240 4485 ejus
279 4416 334 4471 in
357 4425 518 4486 caput
549 4419 663 4489 ejus
689 4424 740 4470 et
768 4416 824 4470 in
846 4417 1082 4471 verticem
1118 4416 1285 4486 ipsius
1328 4412 1584 4487 iniquitas
1615 4419 1728 4485 ejus

134 4508 417 4565 descendet.
453 4508 584 4565 Vide
605 4508 731 4580 quid
753 4508 932 4565 dicat:
954 4512 1010 4565 el
1032 4508 1088 4564 in
1109 4517 1273 4579 caput
1298 4508 1505 4579 eius,et
1528 4509 1582 4564 in
1604 4523 1732 4565 ver-

1830 1908 1985 1967 Licet
2007 1925 2105 1983 per
2131 1913 2406 1969 seniorum
2439 1911 2837 1985 Prophetarum
2876 1917 3222 1985 doctrinam,
3261 1916 3432 1971 multa

1829 2005 1938 2059 sint
1971 2017 2092 2077 qua:
2125 2004 2340 2061 Domini
2372 2006 2689 2062 contineant
2734 2005 2954 2064 laudem
2989 2026 3001 2062 :
3058 2018 3240 2065 tamen
3280 2004 3429 2063 hunc

1829 2096 2163 2154 versiculum
2192 2100 2246 2154 in
2278 2098 2579 2172 Evabgclio
2619 2103 2954 2174 completum
3000 2104 3121 2174 ipse
3161 2103 3430 2159 Dominus

1827 2205 1952 2248 esse
1975 2191 2213 2247 declarat
2234 2232 2253 2260 ,
2276 2191 2641 2251 clamantibus
2673 2196 2856 2267 pueris
2884 2214 2896 2252 :
2931 2196 3145 2252 Osanna
3172 2195 3286 2267 ﬁlio
3318 2196 3426 2251 lla-

1829 2284 1915 2339 vid
1962 2283 2179 2357 (Matth.
2225 2283 2361 2359 nt).
2409 2283 2634 2360 PrOpter
2663 2289 2903 2346 inimicos
2941 2300 3076 2345 tuos.
3120 2288 3201 2346 Ad
3228 2289 3433 2345 couin-

1829 2376 2039 2432 sionem
2069 2376 2410 2434 Judzrorum.
2445 2377 2514 2436 Ut
2537 2380 2776 2438 destruas
2804 2382 3069 2437 inimicum
3106 2393 3156 2439 et
3185 2381 3429 2451 ultorem,

1831 2469 2195 2539 llasreticum,
2224 2473 2318 2544 qui
2356 2488 2482 2529 cum
2513 2475 2758 2544 nequitia
2781 2490 2880 2530 sua
2916 2475 3201 2547 impugnat
3238 2475 3435 2531 Eccle-

1829 2567 2007 2634 sium,
2058 2564 2359 2625 defendere
2383 2580 2503 2625 eam
2534 2570 2718 2625 tamen
2752 2568 3072 2623 assimulat.

1903 2654 2164 2728 Quoniam
2212 2660 2392 2717 videbo
2452 2661 2604 2717 caelos
2654 2679 2811 2732 opera
2864 2662 3149 2733 digitorum
3200 2669 3435 2717 tuorum.

1826 2748 2012 2810 Cestos
2030 2751 2346 2824 Seripturas
2373 2752 2739 2824 intelligimus
2768 2765 2992 2811 sanctas
3017 2773 3031 2810 :
3064 2769 3185 2826 quae
3212 2769 3311 2824 per
3336 2754 3433 2809 Dei

1827 2842 2054 2916 digitum
2081 2886 2096 2912 ,
2137 2844 2243 2900 hoc
2268 2854 2386 2914 est,
2422 2860 2521 2912 per
2543 2845 2806 2916 Spiritum
2847 2856 3101 2902 sanctum
3137 2850 3265 2902 sunt
3298 2859 3430 2916 pro-

1826 2934 1972 2991 latae.
2006 2934 2266 3003 Quoniam
2291 2936 2469 2992 videbo
2508 2936 2664 2993 cazlos
2706 2955 2864 3008 opera
2893 2938 3175 3011 digitorum
3199 2948 3427 2994 tuorum.

1826 3026 1930 3097 Qui
1958 3041 2019 3084 se
2045 3024 2294 3085 visurum
2325 3042 2449 3085 esse
2490 3029 2794 3100 promittit,
2822 3028 3057 3088 necdum
3096 3040 3430 3100 praesentem

1828 3116 2001 3175 videt.
2032 3114 2266 3188 Videbo,
2308 3118 2513 3190 inquit.
2548 3119 2702 3176 Tunc
2748 3120 2897 3175 enim
2945 3122 3112 3176 etiam
3157 3123 3430 3177 rationem

1826 3210 2011 3282 operis
2043 3209 2163 3282 ejus
2188 3220 2522 3282 cursumque
2556 3224 2907 3283 cognoscam.
2938 3210 3114 3268 Aliter
3139 3210 3288 3269 videt
3331 3228 3432 3283 gu-

1826 3306 2087 3362 bernator
2116 3304 2301 3362 navim
2330 3322 2343 3357 :
2371 3302 2536 3361 aliter
2564 3304 2812 3361 medicus
2832 3314 3195 3377 aegrotantem
3220 3347 3236 3373 ,
3266 3302 3432 3360 aliter

1827 3396 2100 3468 picturam
2150 3397 2353 3467 pictor,
2399 3412 2566 3468 quam
2618 3395 2999 3466 imperitorum
3046 3397 3215 3452 rudes
3263 3396 3425 3452 oculi.

1827 3488 2036 3546 Lunam
2079 3500 2129 3547 et
2178 3489 2357 3546 stellas
2374 3498 2496 3561 qua:
2532 3499 2592 3544 tu
2630 3487 2865 3560 fundasti
2900 3504 2919 3545 :
2954 3486 3256 3545 Ecclesiam
3282 3532 3297 3557 ,
3344 3488 3431 3545 vel

1827 3581 2086 3640 doctores
2113 3581 2257 3653 ejus.

1902 3674 2044 3742 Quid
2070 3685 2144 3730 est
2174 3673 2328 3728 homo
2365 3673 2504 3743 quod
2532 3687 2729 3727 memor
2769 3688 2822 3726 es
2861 3673 3021 3743 ejus?
3049 3671 3222 3739 Quale
3265 3673 3432 3729 tueri-

1831 3776 1943 3824 tum
1972 3776 2082 3823 stat
2112 3766 2351 3824 hominis
2376 3808 2391 3832 ,
2440 3774 2500 3821 ut
2529 3779 2739 3822 memor
2764 3763 2883 3836 ejus
2928 3766 3124 3830 factus,
3167 3780 3266 3837 pro
3312 3767 3432 3837 ejus

1831 3859 2212 3932 redemptione
2242 3858 2512 3929 suscipias
2556 3872 2801 3915 carnem.
2833 3850 2937 3913 Aut
2959 3852 3136 3913 Filius
3175 3844 3438 3929 hominis,

1828 3952 2076 4024 quoniam
2111 3952 2288 4008 visitas
2325 3966 2465 4007 eum.
2513 3948 2691 4006 Filius
2736 3949 2873 4017 Dei,
2917 3948 3094 4006 factus
3137 3958 3224 4006 cst
3258 3950 3434 4007 Filius

1832 4044 2072 4102 hominis
2107 4063 2121 4101 :
2160 4043 2215 4101 id
2242 4050 2359 4113 est,
2393 4040 2568 4100 Filius
2597 4042 2826 4114 virginis
2851 4036 3038 4099 Marias
3072 4062 3085 4098 :
3119 4042 3211 4114 qui
3239 4042 3435 4099 visita-

1832 4139 1970 4195 tavit
1997 4153 2201 4211 corpus
2230 4136 2561 4194 humilitatis
2583 4146 2810 4206 nostris,
2838 4136 2981 4209 quod
3026 4150 3312 4193 assumere
3350 4144 3438 4193 est

1830 4230 2107 4304 dignatus.

1908 4322 2191 4379 Minorasti
2211 4337 2329 4378 eum
2354 4322 2515 4396 paulo
2546 4322 2715 4377 minus
2752 4320 2816 4376 ab
2847 4320 3069 4394 angelis.
3100 4314 3158 4376 ln
3202 4316 3440 4379 Hebraeo

1833 4427 1934 4487 pro
1959 4428 2028 4473 eo
2053 4415 2196 4487 quod
2224 4424 2311 4471 est
2332 4458 2346 4481 ,
2378 4417 2443 4471 ab
2466 4414 2694 4487 angelis,
2718 4417 2808 4487 qui
2842 4414 3100 4471 dicuntur
3132 4427 3434 4485 nucum,

1837 4507 2005 4563 Deum
2028 4508 2230 4577 habet,
2253 4506 2363 4563 hoc
2388 4517 2471 4563 est
2497 4520 2722 4566 uentu.
2747 4506 2904 4565 Hunc
2935 4508 3115 4564 locum
3141 4507 3444 4578 Apostolus

135 4600 290 4657 licem
311 4600 530 4672 capitis.
560 4601 696 4656 Ctnn
725 4599 909 4658 autem
941 4599 1200 4673 iniquitas
1228 4610 1398 4671 caput
1427 4600 1643 4669 premit,
1674 4607 1734 4657 et
1754 4583 1812 4646 Ῑ)
1838 4602 1891 4657 in
1914 4599 2161 4672 Epistola
2189 4600 2256 4657 ad
2278 4601 2543 4658 llebrteos
2565 4612 2730 4673 super
2757 4598 2980 4659 Christo
3011 4603 3436 4674 interpretatur.

133 4695 392 4752 verticem
427 4696 644 4765 premit,
672 4696 762 4753 nisi
791 4696 877 4752 est
911 4696 1154 4766 potentia
1185 4694 1430 4751 diaboli?
1470 4692 1577 4748 Iste
1609 4693 1732 4751 linis

136 4783 354 4843 diaboli.
388 4787 696 4844 Revertatur
726 4786 881 4843 dolor
907 4788 1089 4860 efasin
1119 4793 1277 4857 caput
1299 4788 1437 4857 ejus,
1467 4792 1517 4838 et
1546 4785 1601 4838 in
1622 4797 1737 4839 ver-

140 4877 283 4933 ticem
302 4880 473 4951 ipsius
493 4881 745 4951 iniquitas
766 4882 885 4953 ejus
911 4881 1210 4936 descendet.

206 4969 508 5042 Canﬁtebor
522 4972 747 5028 Domino
766 4973 1052 5028 secundum
1061 4968 1325 5044 justitiam
1347 4970 1478 5040 eius.
1500 4970 1606 5038 Qui
1630 4980 1739 5026 non

139 5063 389 5131 permisit
416 5066 676 5123 timentes
699 5081 762 5121 se
784 5063 1050 5136 dispendi.
1080 5063 1151 5118 Et
1174 5064 1397 5137 psallam
1416 5064 1615 5121 nomini
1631 5062 1742 5119 Do-

136 5156 265 5211 mini
289 5157 555 5213 altissimi.
584 5160 683 5226 Qui
714 5174 813 5215 nos
838 5175 868 5214 a
900 5156 1156 5215 lamentis
1188 5158 1443 5229 tristitiae,
1473 5158 1527 5213 in
1544 5156 1740 5229 gaudia

141 5249 481 5320 sempiterna
507 5251 781 5322 perduxit.

690 5360 1015 5422 PSALMUS
1057 5358 1194 5420 Vill.

144 5452 212 5509 In
240 5456 401 5530 [inciti
428 5464 527 5527 pro
557 5458 930 5521 torcularibus,
972 5456 1206 5530 psalmus
1249 5452 1438 5530 David.
1471 5452 1606 5510 Tres
1644 5464 1743 5523 pro

210 5527 587 5585 torculetilms
626 5530 820 5597 psalmi
867 5527 1213 5584 diversarum
1258 5527 1541 5597 hominum
1600 5538 1741 5594 pra.

209 5598 535 5669 scribuntur
575 5617 591 5654 :
630 5595 847 5669 David,
890 5597 1110 5669 Asaph,
1146 5598 1385 5653 ﬁliorum
1421 5595 1603 5651 Cltore
1626 5636 1641 5659 ,
1685 5602 1742 5651 et

211 5668 403 5743 quira'd
449 5669 770 5743 mysterium
800 5664 1064 5725 Ecclesia:
1094 5664 1374 5739 pertinent
1405 5687 1419 5731 ς
1455 5675 1738 5743 ρτοιι-ιιοτοξ

217 5734 481 5794 octavum
508 5734 566 5796 ξι
590 5743 986 5811 octogesimum
1010 5734 1303 5796 immotum
1333 5734 1541 5795 tenent.
1574 5734 1738 5811 Quod

215 5816 403 5866 mecm
422 5806 812 5883 octogesimus,
838 5809 1035 5868 tertius
1054 5817 1347 5869 extremus
1358 5820 1449 5869 est
1468 5806 1737 5881 psalmus,

1841 4692 2000 4767 (ﬂeo.
2034 4692 2118 4766 ιι).
2148 4690 2331 4748 Gloria
2352 4702 2400 4749 et
2429 4694 2622 4748 honore
2648 4695 2910 4750 coronasti
2938 4712 3075 4750 eum.
3104 4690 3290 4752 Gloria
3316 4710 3441 4754 cum

1842 4787 1898 4843 in
1924 4787 2048 4856 ejus
2076 4785 2348 4842 descensu
2378 4784 2535 4843 inl‘eri
2564 4787 2920 4853 claruerunt;
2962 4787 3171 4843 honore
3210 4801 3333 4844 cum
3362 4789 3447 4845 vi-

1842 4875 2210 4936 citmmtem:
2248 4888 2489 4944 corona,
2530 4888 2658 4933 cum
2710 4876 3083 4934 circumdatus
3124 4889 3447 4935 sanctorum

1844 4971 2051 5038 ebura,
2082 4970 2428 5041 triumphans
2457 4968 2617 5027 rediit
2646 4984 2713 5028 ex
2754 4968 2994 5027 inferno.
3030 4970 3100 5026 Et
3131 4970 3446 5029 constituisti

1848 5080 1963 5123 eum
1982 5078 2137 5137 super
2159 5080 2337 5135 opera,
2369 5066 2478 5122 etc.
2506 5062 2579 5122 υι
2594 5063 2707 5121 sint
2734 5064 2783 5122 ei
2808 5063 3058 5136 subjecta
3086 5067 3294 5137 printer
3316 5080 3444 5123 cum

1843 5160 1935 5231 qui
1962 5157 2060 5214 illa
2090 5158 2195 5214 sibi
2225 5156 2481 5228 subjecit.

1916 5251 2110 5306 Omnia
2126 5251 2393 5324 subjeeisti
2431 5246 2647 5322 pedibus
2693 5254 2826 5326 ejus.
2856 5243 2995 5307 Cum
3024 5249 3351 5307 ascenderet
3380 5242 3449 5309 ad

1844 5345 2037 5402 ctelos.
2084 5343 2215 5399 Oves
2261 5352 2311 5397 et
2358 5340 2507 5400 boves
2565 5345 2850 5400 universas.
2900 5344 3129 5400 Animas
3190 5350 3449 5414 'sanclas,

1843 5436 2079 5493 fructum
2095 5430 2978 5507 innocentiaoperanteansuper
2991 5445 3037 5491 et
3049 5446 3237 5507 pecora
3252 5434 3446 5508 campi.

1846 5532 2129 5589 Inferioris
2154 5529 2339 5585 meriti
2370 5529 2646 5585 homines.

1927 5621 2173 5678 Volttcres
2202 5616 2335 5675 creti.
2371 5620 2475 5689 Qui
2498 5634 2599 5690 per
2625 5618 2937 5691 superbiam
2961 5662 2976 5688 ,
3002 5608 3348 5692 iniquitatem
3392 5622 3446 5677 in

1846 5716 2067 5772 excelso
2092 5714 2409 5783 loquuntur.
2443 5709 2515 5766 Et
2544 5712 2711 5784 pisces
2739 5712 2926 5780 maris,
2957 5714 3046 5785 qui
3075 5713 3445 5784 perambulant

1845 5807 2054 5863 sanitas
2077 5803 2267 5861 maris.
2290 5801 2397 5873 Qui
2420 5808 2517 5874 per
2537 5803 2764 5861 nimiam
2790 5804 3162 5863 curiositatem
3188 5819 3297 5861 non
3326 5820 3461 5864 con-‘
