3980 6298
567 227 671 289 859

1351 215 1698 279 APPENDIX
1739 215 1832 274 AD
1871 209 2118 272 TOMUM
2163 205 2519 269 SEPTIMUM
2557 207 2615 268 S.
2670 201 3077 267 HIEBONYMI.

3766 201 3859 264 840

571 345 897 415 templantes
927 339 1174 400 etelestia
1201 355 1214 392 :
1246 338 1388 394 inter
1405 335 1572 408 hujus
1602 332 1790 392 saeculi
1817 331 2012 388 ﬂuctus
2059 346 2160 401 pu—
2189 328 2235 389 Α
2267 326 2516 399 quamvis
2543 326 2596 381 in
2625 323 2922 396 semetipsa
2945 324 3099 395 plura
3124 319 3251 377 sint.
3280 313 3380 376 Vel
3399 318 3856 415 narraboomnia

571 449 688 496 tant
720 455 842 495 esse
871 438 1036 493 vitam
1064 443 1348 490 aeternam.

645 531 865 589 Domine
894 528 1146 583 Dominus
1179 536 1371 590 noster,
1396 540 1550 596 quam
1591 521 1895 576 admirabile
1937 527 2032 587 est,
2054 525 2162 573 etc.

571 627 652 685 De
679 622 1018 683 beatitudine
1061 618 1288 692 incipit,
1341 619 1428 676 vel
1459 619 1528 675 de
1554 617 1714 673 laude
1759 625 1814 672 et
1858 615 1912 670 in
1945 614 2163 669 laudem

573 718 918 776 terminatur.
977 714 1095 769 l-loc
1158 712 1464 768 admiratur
1535 710 1829 773 Ecclesia,
1889 705 2164 778 quomodo

570 809 741 868 sancti
771 803 1062 862 voluntarii
1095 819 1194 875 pro
1221 803 1444 860 nomine
1469 797 1675 858 Christi
1725 800 2040 871 patiuntur,
2075 798 2163 854 vel

571 898 847 974 quomodo
877 913 1066 954 sumus
1089 911 1282 954 omnes
1303 908 1334 950 a
1359 893 1621 951 Creatore
1652 890 1839 947 mundi
1867 889 2159 960 redempti.

1066 1035 1090 1099 ῐτ
1138 1029 1456 1090 PSALMUS
1493 1027 1590 1084 1X.

571 1127 641 1188 In
667 1128 825 1202 ﬁnem
859 1143 956 1202 pro
991 1123 1756 1202 abscondit_is_ﬁlii,__psalmus
1784 1120 1975 1202 Dauid.
2014 1123 2166 1202 Licet

646 1195 988 1274 Aquila'pro
1045 1197 1357 1274 absconditis
1407 1195 1534 1274 ﬁlii,
1574 1196 2010 1274 "adolesccntiam
2063 1195 2165 1263 ﬁlii

642 1265 946 1343 posuerit:
967 1283 1144 1343 tamen
1172 1266 1451 1343 sciendum
1483 1267 1540 1321 in
1573 1267 1802 1343 Hebr-reo
1825 1265 2036 1343 haberi,
2068 1281 2162 1335 pro

643 1338 808 1399 morte
849 1340 967 1412 ﬁlii.
999 1342 1241 1412 Denique
1285 1350 1337 1412 et
1373 1339 1734 1412 Symmachus
1770 1338 2162 1412 in_h_unc_mo-

645 1417 772 1471 dum
815 1407 1121 1480 transtulit,
1153 1407 1250 1481 pro
1268 1407 1484 1464 victoria
1522 1410 1585 1464 de
1612 1416 1775 1481 morte
1818 1407 1942 1481 ﬁlii.
1989 1409 2160 1464 Totus

643 1488 811 1558 igitur
850 1486 1092 1556 psalmus
1129 1480 1615 1558 per_trojiologjam
1643 1480 1710 1534 ad
1739 1480 1948 1558 _Chri_sti
1992 1481 2162 1549 perti-

641 1550 736 1614 n'ct
766 1550 1191 1613 sacramentum.
1224 1550 1380 1608 Unde
1409 1562 1464 1607 et
1489 1550 1851 1620 Septuaginta
1882 1550 2154 1622 interpre-

647 1639 764 1696 tes,
805 1627 1010 1684 Christi
1040 1625 1352 1698 passioucm
1400 1634 1456 1678 et
1503 1623 2156 1698 resurrectionem,_qu:e

644 1694 826 1770 ignota
855 1698 1001 1770 prius
1024 1694 1226 1753 mundo
1254 1694 1353 1750 fuit
1372 1736 1388 1762 ,
1416 1710 1513 1770 per
1523 1695 1752 1770 verbum
1777 1694 2157 1770 absconsionis

646 1765 827 1827 c'elare
853 1765 1184 1834 voluerunt,
1213 1782 1282 1821 ue
1310 1780 1339 1819 a
1366 1765 1623 1836 gentibus
1653 1765 1747 1819 illo
1790 1773 2036 1836 tempore
2077 1766 2158 1819 fa-

651 1844 758 1899 cile
797 1849 1140 1897 nosceretur.
1185 1838 1282 1894 Hic
1325 1837 1394 1892 de
1422 1837 1527 1892 isto
1552 1838 1663 1891 ﬁlio
1709 1836 1851 1906 quod
1908 1839 2160 1904 superius

649 1915 813 1979 dixit,
847 1927 954 1968 non
987 1911 1053 1966 de
1082 1909 1179 1964 illo
1208 1908 1626 1964 llliosecundum
1651 1907 1932 1963 historiam
1963 1909 2159 1975 David,

647 1985 702 2041 id
725 1995 806 2040 est
827 1983 1131 2038 Abessalon
1160 1981 1293 2037 dicit
1322 1999 1335 2036 :
1378 1981 1534 2050 cujus
1560 1994 1726 2050 opera
1774 1995 1880 2033 non
1927 1980 2156 2043 occulta,

645 2057 744 2112 sed
766 2055 1050 2112 manifesta
1073 2063 1129 2110 et
1156 2053 1298 2107 mala
1322 2051 1542 2108 fuerunt
1568 2059 1757 2106 contra
1786 2058 1991 2120 patrem
2016 2069 2030 2106 :
2063 2051 2160 2106 sed

646 2130 752 2184 hoc
787 2127 854 2182 de
879 2123 1172 2196 Unigenito
1211 2123 1306 2180 Dei
1350 2125 1518 2192 patris
1559 2123 1910 2196 iutelligitur._
1943 2121 2160 2196 Scimus

647 2200 786 2254 duos
836 2191 1121 2266 adventus,
1179 2191 1410 2264 primum
1438 2203 1493 2250 et
1534 2192 1858 2266 secundum.
1891 2191 1948 2266 ln
1983 2195 2162 2263 primo

648 2271 928 2335 adventu,
961 2278 1017 2324 et
1053 2266 1378 2321 manifestus
1408 2277 1463 2321 et
1508 2265 1956 2335 occultusvenit.
1994 2266 2164 2320 Mani-

649 2341 819 2396 festus
847 2334 1042 2407 carne,
1071 2346 1125 2393 et
1146 2337 1394 2392 occultus
1416 2336 1724 2391 divinitate.
1744 2334 1811 2388 Et
1840 2337 1894 2389 in
1921 2336 2163 2391 secundo

649 2411 882 2467 adventu
903 2452 918 2474 ,
949 2420 1002 2466 et
1024 2409 1271 2465 occultus
1293 2417 1347 2462 et
1381 2407 1702 2462 manifestus
1728 2407 1936 2462 veniet.
1966 2407 2163 2462 Occul-

651 2490 764 2551 tus,
797 2483 924 2553 quia
957 2481 1232 2553 nescimus
1261 2478 1405 2534 diem
1451 2477 1881 2553 nequeboram.
1903 2477 2165 2553 Manifes-

651 2547 760 2619 tus,
791 2547 917 2622 quia
939 2551 1148 2608 videbit
1169 2565 1292 2606 eum
1318 2550 1497 2605 omnis
1525 2547 1747 2622 oculus.)
1773 2547 1844 2622 Et
1868 2549 1976 2622 alio
1999 2550 2160 2622 modo

649 2619 894 2679 occultus
915 2668 930 2694 ,
959 2623 1084 2693 quia
1115 2622 1391 2694 nescimus
1415 2621 1687 2694 occultum
1730 2619 1994 2694 judicium
2025 2621 2119 2676 Dei
2147 2639 2159 2674 :

651 2697 756 2750 hoc
793 2704 878 2751 est
896 2692 922 2760 ,’
943 2692 1068 2764 quia
1098 2693 1365 2764 repudiati
1401 2701 1531 2748 sunt
1567 2692 1772 2760 Judaei,
1803 2693 1994 2748 electa:
2037 2702 2164 2748 sunt

651 2711 756 2750 IIOC
793 2711 913 2760 εει,
985 2711 1068 2748 Illa
1098 2711 1365 2764 repudiati
1401 2711 1531 2748 511111.
1567 2711 1772 2760 δυαωι,
1803 2711 1994 2748 ειεοιῑθ
2037 2711 2164 2748 sunt

649 2776 863 2838 gentes.
914 2711 1091 2822 Δίων
1133 2782 1147 2818 :
1199 2763 1456 2838 Videmus
1510 2773 1729 2820 sanctos
1776 2765 2166 2838 tribulari,_et

652 2835 930 2894 nescimus
973 2852 1039 2890 an
1097 2851 1199 2906 pro
1229 2836 1587 2906 probatione,
1639 2851 1708 2890 an
1755 2850 1852 2905 pro
1901 2835 2163 2892 emenda-

654 2910 802 2966 tione
826 2951 840 2976 ,
871 2917 929 2963 ut
958 2909 1024 2963 ad
1055 2908 1252 2963 melius
1293 2916 1504 2963 crescat
1547 2921 1733 2963 eorum
1776 2907 1971 2977 gloria.
2004 2906 2167 2962 Vide-

653 2997 773 3037 mus
799 2981 935 3036 alios
964 2979 1241 3044 tribulari,
1289 2994 1519 3050 quorum
1552 2993 1712 3050 pinna
1742 2977 1828 3032 hic
1860 2979 2082 3050 incipit,
2111 2986 2166 3033 et

654 3053 708 3108 in
741 3054 922 3108 futuro
952 3066 1075 3107 cum
1102 3050 1234 3119 ipsis
1263 3049 1571 3121 permanet.
1603 3049 1862 3106 Videmus
1892 3049 2031 3104 alios
2065 3063 2165 3105 nec

2270 419 2543 475 mirabilia
2578 431 2701 486 tua,
2746 433 2855 474 non
2903 416 2999 472 illa
3032 423 3241 471 tantum
3271 413 3416 485 quod
3459 413 3675 469 mortui
3716 427 3857 470 resu-

2269 511 2556 579 scitantur,
2590 509 2722 567 caeci
2772 507 3182 574 illuminantur,
3227 506 3316 562 vel
3370 514 3604 572 caetera;
3664 506 3765 563 sed
3814 517 3859 563 et

2269 605 2415 677 quod
2457 621 2553 676 per
2594 614 2648 661 te
2668 605 2864 660 animae
2903 602 3164 675 perditae,
3211 601 3374 658 saluti
3403 602 3706 674 insperatae
3749 602 3858 660 red-

2269 697 2491 754 duntur.

2344 789 2585 846 Lmtabar
2632 800 2680 846 et
2729 789 3000 847 exsultabo
3038 790 3095 844 in
3137 795 3206 845 te.
3251 786 3521 856 Laetabor,
3570 785 3629 842 in
3670 801 3787 857 spc,
3813 797 3859 844 et

2269 882 2583 948 exsultabo,
2625 882 2680 939 in
2719 899 2778 940 re
2809 900 2821 937 :
2859 883 3011 954 juxta
3045 881 3176 938 illud
3207 880 3487 952 Apostoli:
3527 879 3640 948 Qui
3677 881 3859 951 gloria-

2271 985 2378 1042 tur,
2411 975 2463 1031 in
2491 977 2722 1032 Domino
2747 977 3013 1048 glorietur
3043 974 3128 1049 (ll
3149 973 3270 1031 Cor.
3303 972 3396 1045 x),
3422 972 3489 1027 Et
3511 973 3748 1045 psallam
3775 991 3860 1028 no-

2268 1067 2395 1121 mini
2411 1077 2521 1138 tua,
2545 1067 2610 1122 Al
2617 1068 2835 1124 tissime.
2862 1067 3126 1140 Psallam,
3143 1080 3308 1137 opere
3320 1065 3658 1135 compleam,
3679 1067 3859 1120 nomini

2269 1168 2376 1214 tuo.
2417 1158 2627 1215 Nomen
2669 1159 2845 1216 Patris
2889 1159 3058 1215 Filius
3104 1169 3224 1225 est,
3266 1156 3588 1213 Altissimus
3630 1156 3750 1228 ipse
3789 1167 3858 1214 est

2268 1251 2432 1308 Deus.
2468 1252 2584 1322 Vel,
2618 1254 2837 1324 psallam
2866 1254 3062 1308 nomini
3093 1262 3180 1308 tuo
3202 1269 3221 1308 :
3252 1251 3342 1308 hic
3372 1253 3487 1308 laus
3512 1267 3647 1308 cum
3681 1267 3853 1322 opere.

2339 1343 2404 1400 In
2431 1346 2768 1402 convertenda
2789 1347 3058 1401 inimicum
3095 1362 3263 1401 meum
3303 1355 3610 1400 retrorsum.
3644 1345 3855 1412 Qualem

2266 1437 2542 1496 inimicum
2565 1481 2581 1508 ,
2613 1439 2665 1496 id
2711 1449 2832 1506 est,
2874 1439 3149 1496 diabolum
3177 1458 3190 1495 :
3219 1439 3346 1511 quia
3390 1439 3662 1496 Dominus
3687 1440 3815 1495 dixit
3842 1458 3853 1496 :

2271 1533 2416 1590 Vade
2426 1544 2583 1603 retro,
2603 1535 2804 1591 Satana
2817 1533 3013 1607 (Marc.
3031 1534 3174 1607 νηί).
3194 1536 3335 1591 Ante
3353 1535 3652 1591 adventum
3665 1533 3854 1590 Christi

2262 1625 2512 1682 diabolus
2537 1626 2647 1681 dux
2677 1625 2890 1683 itineris
2934 1626 3125 1684 mortis
3165 1626 3266 1682 fuit
3296 1643 3311 1684 :
3343 1626 3439 1683 sed
3484 1636 3683 1698 postea
3723 1634 3852 1682 retro

2191 1727 2238 1788 Β
2268 1717 2567 1775 Ecclesiam
2602 1735 2865 1791 sequens,
2901 1729 2986 1777 est
3022 1721 3178 1792 quasi
3204 1721 3379 1777 canis.
3413 1719 3573 1778 Unde
3617 1719 3746 1776 alibi
3785 1720 3855 1776 di-

2265 1811 2337 1866 cit
2367 1828 2380 1864 :
2407 1810 2485 1865 Tu
2513 1819 2745 1867 conteres
2785 1823 2943 1882 caput
2973 1813 3119 1868 illius
3141 1854 3157 1879 ,
3194 1822 3242 1868 et
3271 1812 3363 1868 ille
3384 1814 3693 1870 calcaneum
3723 1824 3853 1868 tuum

2264 1904 2551 1959 observabit
2573 1903 2788 1978 (Genes.
2824 1907 2907 1976 nt)
2939 1923 2954 1961 :
2989 1906 3091 1962 hoc
3112 1915 3226 1974 est,
3253 1905 3415 1962 linem
3449 1907 3582 1962 vita:
3613 1907 3856 1962 uniuscu-

2258 1997 2478 2069 jusque.
2513 1999 2708 2055 Mulier
2736 1998 2980 2057 Ecclesia
3004 2044 3018 2070 ,
3051 2014 3276 2070 serpens
3307 1998 3589 2055 diabolus.
3617 1997 3853 2070 Inﬁrma-

2266 2089 2458 2143 bnntur
2478 2098 2526 2144 ct
2548 2090 2788 2162 peribunt
2811 2107 2843 2144 a
2865 2091 3001 2162 facie
3022 2099 3132 2145 tua.
3163 2090 3317 2161 lmpii
3350 2091 3542 2161 utique
3569 2091 3642 2147 ab
3680 2090 3852 2159 impie-

2267 2187 2377 2237 tate
2406 2196 2503 2236 sua
2537 2182 2811 2251 peribunt.
2853 2181 2945 2238 Vel
2977 2183 3119 2237 sicut
3156 2182 3413 2252 superius
3453 2180 3597 2237 dixit
3628 2181 3848 2252 singula-

2265 2273 2418 2342 riter,
2454 2275 2524 2329 ita
2554 2285 2610 2330 et
2651 2275 2740 2330 hic
2781 2275 3067 2343 pluraliter
3089 2316 3104 2344 ,
3135 2275 3184 2330 id
3224 2282 3341 2343 est,
3369 2288 3567 2331 omnes
3606 2273 3848 2330 satellites

2265 2379 2400 2422 suos
2430 2367 2650 2424 insimul
2678 2367 3124 2439 comprehendit,
3158 2369 3247 2438 qui
3279 2367 3506 2439 perituri
3538 2377 3672 2424 sunt
3701 2367 3750 2422 in
3775 2366 3848 2424 die

2262 2459 2472 2530 judicii.
2497 2461 2677 2528 Quare
2699 2460 3152 2517 inﬁrmabuntur?
3173 2460 3298 2532 quia
3333 2461 3481 2531 prius
3507 2460 3689 2516 fortes
3712 2468 3850 2515 erant

2267 2564 2491 2627 propter
2513 2565 2733 2626 peccata
2764 2564 2946 2612 nostra
2975 2571 2990 2612 :
3016 2555 3111 2611 sed
3132 2554 3295 2610 modo
3320 2554 3619 2610 infirmitas
3643 2553 3736 2608 Dei
3762 2566 3847 2606 nos

2267 2648 2396 2705 fecit
2436 2649 2624 2716 fortes,
2669 2658 2722 2705 et
2753 2650 2876 2706 illos
2923 2649 3209 2705 infirmos:
3246 2657 3306 2704 ut
3333 2647 3468 2704 dicit
3516 2647 3844 2720 Apostolus:

2270 2738 2422 2806 Quod
2445 2743 2710 2813 inﬁrmum
2733 2753 2807 2798 est
2834 2742 2950 2808 Dei,
2968 2745 3156 2815 fortius
3181 2751 3255 2798 est
3278 2743 3579 2798 hominibus
3595 2742 3639 2813 (l
3661 2741 3839 2809 Com).

2345 2833 2607 2901 Quoniam
2639 2837 2807 2906 fecisti
2822 2836 3085 2907 judicium
3111 2851 3304 2890 meum.
3339 2834 3453 2891 Vox
3487 2834 3768 2900 Ecclesia,
3793 2846 3846 2886 ac

2267 2925 2316 2980 si
2349 2926 2495 2980 dicat
2527 2942 2542 2982 :
2576 2927 2777 2998 Aperte
2816 2938 3006 2999 gentes
3035 2927 3281 2998 elegisti,
3320 2935 3374 2983 et
3413 2925 3641 2984 Judaeos
3681 2941 3846 2997 repro-

2269 3016 2428 3073 basti.
2470 3020 2697 3086 Quando
2738 3020 2906 3089 dicit,
2948 3021 3216 3091 judicium
3243 3035 3410 3074 meum
3441 3031 3464 3076 :
3504 3019 3598 3076 hic
3647 3025 3846 3090 apparet

651 3124 899 3180 tribulari
922 3166 937 3191 ,
968 3137 1071 3180 nec
1100 3111 1352 3192 iniuriam
1383 3123 1492 3192 pati
1528 3139 1539 3176 :
1573 3121 1673 3176 scd
1707 3135 1870 3192 sanos
1899 3135 2162 3190 corpore,
2191 3114 2238 3179 C
2269 3113 2416 3183 quod
2449 3113 2688 3169 Ecclesia
2719 3129 2785 3169 ex
2823 3113 3075 3185 gentibus
3102 3114 3273 3169 venit.
3315 3111 3387 3167 Et
3421 3129 3640 3169 causam
3679 3128 3842 3166 meam.

653 3195 840 3252 lzetitia
864 3191 1167 3265 temporali
1184 3191 1436 3265 omnibus
1458 3192 1760 3265 abundare.
1789 3191 2046 3265 lsti_tales
2076 3207 2165 3261 pe-

653 3267 876 3323 riculosi
905 3263 1034 3322 sunt
1060 3265 1221 3336 :quia
1252 3264 1526 3322 credimus
1547 3264 1690 3336 quod
1721 3264 1866 3332 ipsos
1890 3263 2032 3318 Deus
2060 3278 2170 3318 non

653 3339 866 3404 visitat,
911 3338 1037 3408 quia
1069 3335 1177 3392 nan
1229 3346 1358 3392 sunt
1399 3336 1549 3408 digni
1572 3335 1814 3408 visitari,
1847 3344 1904 3390 ut
1933 3343 2173 3408 postmo-

656 3409 784 3466 dum
813 3407 1078 3490 Silléjiﬂp
1129 3408 1442 3490 puniantur.
1488 3407 1601 3490 Iste
1622 3407 1865 3490 psalmus
1913 3414 2079 3490 totius.
2116 3407 2168 3490 in

655 3497 887 3552 persona
932 3477 1196 3535 Ecclesia:
1241 3495 1338 3549 per
1371 3477 1700 3549 prophetam
1735 3477 1804 3532 de
1832 3477 2174 3534 Antichristo

653 3563 926 3610 cantatur.

581 3692 594 3730 ς
654 3667 949 3743 Conﬁtebor
971 3667 1095 3738 tibi,
1131 3664 1380 3736 Domine,
1412 3677 1516 3724 etc.
1549 3665 1667 3724 Vox
1698 3666 1978 3724 Ecclesire.
2010 3665 2175 3724 Trina

582 3768 861 3827 confessio
883 3765 974 3822 hic
996 3774 1156 3822 sonat
1183 3781 1197 3819 :
1229 3764 1282 3820 id
1312 3771 1426 3832 est,
1455 3771 1824 3834 peccatorum,
1849 3771 2173 3834 martyrum,

583 3862 963 3919 confessorum
1009 3875 1023 3914 :
1069 3857 1364 3931 gratiarum
1419 3856 1597 3924 actio,
1649 3857 1770 3912 sive
1821 3856 1977 3924 laus,
2024 3863 2082 3910 ut
2123 3856 2175 3910 in

583 3951 881 4024 Evangelio
920 3965 935 4004 :
977 3951 1238 4021 Conﬁteor
1297 3950 1420 4019 tibi,
1474 3949 1638 4006 Pater
1696 3948 1918 4005 Domine
1967 3949 2078 4004 creti
2133 3957 2178 4003 ct

583 4054 733 4100 terra:
775 4042 994 4116 (Matth.
1035 4045 1138 4114 xl),
1173 4052 1227 4099 et
1244 4042 1335 4099 hic
1371 4044 1516 4098 trina
1553 4042 1777 4099 dilectio
1809 4043 2129 4114 intelligitur
2163 4060 2175 4097 :

585 4137 640 4196 id
671 4149 793 4206 est,
825 4138 1022 4210 diliges
1051 4138 1347 4194 Dominum
1376 4138 1544 4194 Deum
1577 4145 1729 4193 tuum
1761 4153 1826 4193 ex
1859 4145 1972 4193 toto
2016 4137 2181 4193 corde

583 4239 706 4287 tuo:
739 4238 794 4288 et
823 4245 893 4288 ex
921 4238 1038 4287 tota
1079 4229 1260 4286 anima
1303 4239 1428 4300 tua,
1459 4239 1516 4285 et
1555 4244 1622 4286 ex
1664 4229 1792 4286 totis
1827 4227 2033 4285 viribus
2074 4229 2181 4286 tuis

584 4319 806 4393 (Matth.
835 4321 992 4394 χιιι).
1017 4321 1264 4378 Narrabo
1283 4322 1460 4378 omnia
1481 4321 1742 4378 mirabilia
1764 4332 1872 4377 tua.
1898 4323 2183 4391 Quomodo

583 4414 747 4484 dicit,
785 4428 844 4471 se
873 4414 1056 4472 omnia
1083 4415 1353 4472 mirabilia
1383 4416 1480 4473 Dei
1514 4431 1739 4474 narrare
1774 4434 1785 4470 :
1831 4417 1956 4488 quia
1998 4418 2184 4475 nullus

2273 3206 2351 3260 Ac
2380 3206 2424 3260 si
2453 3204 2602 3260 dicat
2627 3206 2892 3262 Ecclesia.
2920 3204 3169 3262 Causasti
3200 3221 3297 3276 pro
3326 3219 3414 3262 me
3452 3216 3652 3262 contra
3679 3204 3848 3260 adver-

2275 3301 2474 3368 sarios,
2519 3309 2574 3356 et
2603 3300 2890 3357 vindicasti
2929 3317 3048 3368 me;
3104 3310 3159 3357 et
3205 3299 3386 3356 iecisti
3435 3315 3662 3356 causam
3695 3310 3844 3354 meant

2276 3393 2496 3450 bonam.
2523 3394 2718 3450 Sedisti
2743 3412 2897 3466 super
2921 3395 3188 3450 thronum.
3210 3394 3466 3452 Thronus
3493 3395 3742 3451 Graecum
3760 3397 3842 3452 est.

2275 3487 2468 3544 Latine
2497 3489 2697 3546 sedes:
2737 3489 2862 3561 quia
2912 3489 3285 3563 unusquisque
3323 3496 3545 3546 sanctus
3583 3487 3738 3544 sedes
3765 3480 3845 3538 Doi

2277 3593 2399 3638 est:
2445 3591 2503 3639 ut
2544 3583 2663 3654 ipse
2688 3585 2782 3640 ait.
2814 3581 3009 3640 Caelum
3043 3586 3171 3640 mihi
3209 3585 3353 3640 sedes
3393 3594 3468 3639 est
3507 3581 3667 3655 (Isai.
3695 3578 3842 3644 sxw).

2279 3675 2347 3730 Et
2375 3674 2550 3734 alibi:
2585 3675 2772 3731 Anima
2801 3677 2938 3748 justi
2958 3676 3107 3732 sedes
3143 3685 3216 3731 est
3252 3675 3522 3746 sapientia:
3553 3675 3710 3745 (δίῳ.
3749 3667 3844 3737 vn).

2279 3763 2420 3822 Dicit
2487 3783 2628 3822 unus
2681 3768 2912 3824 thronus
2957 3784 3023 3824 ex
3068 3769 3233 3840 ipsis,
3283 3767 3334 3824 id
3368 3776 3475 3835 est,
3517 3765 3753 3823 Paulus:
3782 3760 3845 3812 An

2280 3859 2688 3928 experimentum
2721 3863 2832 3932 ejus
2862 3861 3091 3932 quatritis
3109 3903 3124 3930 ,
3155 3859 3245 3931 qui
3271 3858 3326 3912 in
3355 3875 3433 3912 me
3461 3856 3698 3929 loquitur
3722 3849 3846 3907 Clari-

2281 3962 2392 4006 stus
2415 3952 2433 4024 (
2456 3951 2501 4007 ll
2529 3952 2650 4008 Car.
2681 3954 2836 4025 xm)?
2870 3953 2974 4020 Qui
3005 3954 3220 4024 judicas
3259 3955 3581 4024 inanitatem.
3614 3952 3721 4007 lloc
3746 3952 3842 4011 est,

2278 4042 2550 4114 justitiam
2576 4059 2592 4098 :
2630 4043 2890 4113 iudicasti
2915 4045 3067 4117 justc
3099 4055 3156 4102 tu
3194 4045 3376 4114 Pater,
3408 4059 3633 4102 causam
3663 4052 3841 4099 meam,

2285 4145 2343 4191 ut
2368 4151 2454 4191 me
2503 4137 2864 4194 resuscitares
2905 4153 2920 4194 :
2972 4138 3098 4210 quia
3143 4137 3348 4210 injuste
3400 4153 3490 4196 me
3535 4134 3842 4194 tradiderunt

2288 4229 2477 4286 morti.

2357 4322 2652 4396 Increpasti
2701 4334 2897 4397 gentes.
2962 4324 3067 4382 Per
3125 4325 3548 4397 praedicatores,
3597 4322 3686 4395 qui
3727 4313 3842 4375 idola
3916 4347 3917 4350 η

2287 4415 2586 4474 adorabant
2605 4458 2620 4485 ,
2654 4417 2797 4491 ligna
2819 4427 2876 4475 et
2907 4417 3135 4490 lapides.
3163 4417 3230 4473 Et
3261 4419 3413 4491 periit
3443 4418 3656 4489 impius.
3685 4410 3844 4470 Diabe

584 4507 749 4565 homo
773 4517 1077 4580 potestnec
1105 4508 1314 4578 videre,
1345 4523 1448 4566 nec
1471 4510 1944 4582 comprehendere
1968 4510 2176 4568 Deum?
2207 4509 2258 4573 D
2282 4508 2367 4566 lus
2406 4511 2496 4582 qui
2547 4510 2601 4566 in
2643 4509 2777 4582 ipsis
2808 4510 2968 4582 lignis
3009 4511 3099 4567 vel
3132 4509 3404 4581 lapidibus
3431 4510 3693 4566 adoratur
3722 4523 3732 4558 :
3768 4497 3834 4555 vel
3913 4497 3915 4523 λ

580 4603 716 4660 Nam
740 4603 920 4660 omnia
943 4602 1215 4660 mirabilia
1237 4604 1392 4660 Deisi
1422 4619 1652 4662 narrare
1673 4605 1903 4662 velimus
1927 4606 2181 4677 impossi-

581 4695 692 4753 bile
718 4706 822 4754 est.
859 4697 968 4753 Cur
998 4713 1107 4754 non
1147 4698 1485 4768 possumus?
1529 4698 1654 4769 quia
1685 4699 1797 4754 alio
1843 4698 1967 4754 loco
1995 4699 2129 4754 dicit
2160 4713 2180 4754 :

585 4786 945 4846 Pronuntiabo
983 4790 1158 4846 omnia
1172 4790 1384 4863 judicia
1427 4788 1604 4858 (Paul.
1638 4790 1816 4861 xvnt).
1848 4789 1958 4846 Nec
2001 4792 2177 4861 ipsum

584 4889 769 4952 potest
793 4881 974 4938 facere
997 4882 1182 4938 homo.
1215 4881 1501 4948 Quomodo
1529 4896 1636 4937 non
1670 4883 1888 4952 potest?
1917 4884 2046 4954 quia
2076 4884 2182 4941 Do-

583 4971 765 5029 minus
785 4973 918 5029 dicit
947 4992 958 5027 :
1006 4973 1197 5028 Omnia
1224 4989 1559 5044 quiscumque
1589 4973 1770 5030 audivi
1797 4993 1828 5028 (ι
1860 4974 2020 5030 Patre
2043 4994 2176 5045 meo,

587 5076 711 5122 nota
751 5066 850 5138 feci
878 5066 1020 5121 vobis
1051 5065 1237 5138 (Joan.
1283 5067 1396 5137 xv).
1427 5065 1539 5122 Sed
1581 5082 1752 5138 quare
1783 5084 1893 5124 non
1937 5073 2182 5126 narravit

585 5156 730 5214 diem
748 5156 943 5228 judicii
970 5199 986 5225 ,
1014 5157 1109 5214 scd
1146 5157 1324 5217 dixit:
1360 5156 1486 5212 Non
1520 5168 1597 5214 est
1624 5169 1847 5215 rostrum
1884 5178 2032 5218 nosse
2058 5172 2182 5218 tem-

585 5267 716 5325 pora
737 5253 816 5306 vel
844 5260 1107 5307 momenta
1127 5294 1144 5320 ,
1177 5268 1292 5323 quia
1325 5250 1488 5306 Pater
1516 5255 1687 5324 posuit
1713 5256 1768 5309 in
1806 5274 1901 5312 sua
1931 5267 2182 5328 potestate

585 5341 786 5415 (Actor.
813 5343 912 5415 tt)?
959 5341 1069 5401 Sed
1100 5344 1156 5400 in
1191 5343 1294 5401 hoc
1335 5344 1569 5400 solvitur
1617 5345 1736 5402 haec
1763 5349 2028 5420 qumstio,
2056 5363 2179 5405 cum

585 5437 899 5508 subiunxit,
927 5439 1111 5494 omnia
1138 5436 1342 5510 judicia
1370 5457 1385 5496 :
1417 5449 1606 5511 postea
1629 5441 1790 5508 dicit,
1820 5445 1937 5500 oris
1965 5445 2040 5499 tui
2072 5459 2086 5500 :
2117 5459 2180 5501 ac

585 5528 634 5586 si
657 5529 806 5585 dicat
824 5529 1085 5601 propheta
1111 5531 1199 5588 vel
1221 5533 1595 5604 unusquisque
1617 5542 1874 5592 sanctus:
1905 5536 2177 5604 Quantum

585 5637 676 5678 me
708 5619 978 5691 docuisti,
1015 5632 1226 5681 tantum
1253 5623 1486 5682 narrabo
1517 5641 1532 5684 :
1562 5627 1687 5698 quia
1718 5627 1764 5682 si
1807 5636 2015 5684 tantum
2048 5643 2178 5684 nar-

589 5729 680 5771 ras
707 5723 972 5783 quantum
1005 5714 1298 5789 intelligis,
1327 5720 1510 5777 omnia
1541 5719 1812 5778 mirabilia
1834 5721 1933 5779 Dei
1963 5735 2174 5793 narras,

2286 4617 2384 4674 per
2439 4600 2899 4675 praedicationem
2963 4603 3334 4674 Apostolicam
3388 4605 3686 4676 increpata:
3743 4599 3843 4653 sunt
3911 4623 3913 4676 Ι

2286 4703 2479 4766 gentes
2500 4739 2514 4763 ,
2544 4704 2600 4752 et
2629 4696 2698 4752 ab
2729 4695 2897 4768 impio
2928 4694 3104 4752 factus
3139 4705 3225 4752 est
3257 4696 3428 4768 prius.
3455 4695 3659 4752 Nomen
3699 4697 3840 4745 eorum

2288 4787 2472 4842 delesti
2512 4789 2567 4842 in
2606 4799 2874 4844 aeternum.
2917 4787 2974 4844 Id
3005 4799 3129 4857 est,
3163 4789 3479 4846 memoriam
3517 4799 3720 4846 eorum.
3747 4777 3840 4835 Non

2287 4880 2682 4936 memorabitur
2722 4883 2775 4938 in
2809 4882 2893 4938 his
2930 4882 3070 4939 ultra
3119 4897 3315 4939 nomen
3359 4882 3698 4953 impietatis:
3737 4869 3837 4943 quia

2288 4972 2579 5028 credentes
2629 4973 2683 5029 in
2729 4982 2781 5031 te
2823 4985 3156 5045 acceperunt
3194 4989 3394 5031 nomen
3445 4984 3596 5030 tuum
3637 4975 3834 5028 novum,

2288 5069 2430 5140 quod
2467 5069 2828 5126 benedicetur
2855 5070 2909 5126 in
2938 5071 3120 5127 terris.

2357 5161 2572 5217 Inimici
2601 5162 2897 5237 defecerunt
2938 5164 3150 5235 framcte
3192 5163 3245 5218 in
3273 5163 3450 5234 ﬁnem.
3479 5159 3644 5231 Quasi
3683 5155 3832 5212 dicat!

2287 5269 2442 5310 arma
2466 5255 2704 5324 diaboli,
2729 5272 2849 5328 qua:
2872 5265 3030 5314 erant
3061 5257 3440 5328 peccatoribus
3468 5255 3703 5312 membra
3731 5254 3829 5303 sua,

2290 5365 2387 5420 per
2421 5364 2560 5420 quos
2582 5349 2832 5408 diabolus
2871 5351 3009 5408 alios
3040 5351 3493 5424 persequebatur,
3537 5341 3828 5407 deiecerunt.
3893 5387 3903 5424 η

2289 5443 2390 5499 Vel
2423 5445 2583 5499 aliter
2610 5460 2627 5500 :
2656 5443 2868 5503 Inimici
2897 5446 3210 5503 deiecerunt
3252 5447 3485 5513 framea,
3516 5441 3666 5516 quasi
3691 5435 3826 5491 dicat,
3895 5431 3903 5516 1

2287 5535 2356 5592 de
2387 5538 2620 5608 framea,
2643 5539 2786 5610 quod
2827 5549 2912 5598 est
2937 5539 3162 5596 verbum
3194 5539 3319 5608 Dei,
3357 5541 3409 5596 in
3451 5539 3630 5596 futuro
3663 5519 3827 5604 judicio

2288 5628 2571 5702 deficient,
2594 5634 2810 5705 quando
2833 5649 2929 5707 per
2944 5619 3122 5706 ipsum
3145 5634 3370 5691 verbum
3394 5619 3822 5705 judicandierunb

2288 5724 2358 5781 Et
2403 5727 2632 5783 civitates
2687 5745 2866 5786 eorum
2913 5727 3238 5785 destruaisti.
3291 5727 3350 5785 ld
3407 5735 3492 5785 est
3539 5719 3820 5799 peccatores.
