  <div class='ocr_page' id='page_1' title='image "/cluster/home/n/w/nwhite01/storage/ocr_20150623/26/uva.x000826568/428.png"; bbox 0 0 3980 6352; ppageno 0'>
   <div class='ocr_carea' id='block_1_1' title="bbox 163 308 2470 375">
    <p class='ocr_par' dir='ltr' id='par_1_1' title="bbox 163 308 2470 375">
     <span class='ocr_line' id='line_1_1' title="bbox 163 308 2470 375; baseline 0 -4"><span class='ocrx_word' id='word_1_1' title='bbox 163 316 253 375; x_wconf 74' lang='grc' dir='ltr'><strong>ειι</strong></span> <span class='ocrx_word' id='word_1_2' title='bbox 1124 308 1557 370; x_wconf 70' lang='lat' dir='ltr'><strong>BREVIARIUM</strong></span> <span class='ocrx_word' id='word_1_3' title='bbox 1600 312 1665 369; x_wconf 82' lang='lat' dir='ltr'><strong>IN</strong></span> <span class='ocrx_word' id='word_1_4' title='bbox 1705 309 2039 372; x_wconf 78' lang='lat' dir='ltr'><strong>PSALMOS.</strong></span> <span class='ocrx_word' id='word_1_5' title='bbox 2084 309 2334 373; x_wconf 78' lang='lat' dir='ltr'><strong>PSALM.</strong></span> <span class='ocrx_word' id='word_1_6' title='bbox 2377 315 2470 374; x_wconf 85' lang='lat' dir='ltr'><strong>IX.</strong></span> 
     </span>
    </p>
   </div>
   <div class='ocr_carea' id='block_1_2' title="bbox 182 422 1825 497">
    <p class='ocr_par' dir='ltr' id='par_1_2' title="bbox 182 422 1825 497">
     <span class='ocr_line' id='line_1_2' title="bbox 182 422 1825 497; baseline 0.002 -15"><span class='ocrx_word' id='word_1_7' title='bbox 182 430 311 496; x_wconf 78' lang='lat' dir='ltr'><strong>Quot</strong></span> <span class='ocrx_word' id='word_1_8' title='bbox 326 430 452 481; x_wconf 85' lang='lat' dir='ltr'><strong>sunt</strong></span> <span class='ocrx_word' id='word_1_9' title='bbox 478 422 612 480; x_wconf 87' lang='lat' dir='ltr'><strong>vitia</strong></span> <span class='ocrx_word' id='word_1_10' title='bbox 642 431 992 495; x_wconf 77' lang='lat' dir='ltr'><strong>peccatorum</strong></span> <span class='ocrx_word' id='word_1_11' title='bbox 1011 468 1024 494; x_wconf 89' lang='lat'><strong>,</strong></span> <span class='ocrx_word' id='word_1_12' title='bbox 1050 435 1214 483; x_wconf 74' lang='lat' dir='ltr'><strong>tanta:</strong></span> <span class='ocrx_word' id='word_1_13' title='bbox 1242 437 1297 484; x_wconf 90' lang='lat' dir='ltr'><strong>et</strong></span> <span class='ocrx_word' id='word_1_14' title='bbox 1325 428 1599 497; x_wconf 88' lang='lat' dir='ltr'><strong>civitates,</strong></span> <span class='ocrx_word' id='word_1_15' title='bbox 1643 428 1750 487; x_wconf 93' lang='lat' dir='ltr'><strong>hoc</strong></span> <span class='ocrx_word' id='word_1_16' title='bbox 1775 434 1825 494; x_wconf 78' lang='grc' dir='ltr'><strong>Α</strong></span> 
     </span>
    </p>
   </div>
   <div class='ocr_carea' id='block_1_3' title="bbox 184 517 1757 593">
    <p class='ocr_par' dir='ltr' id='par_1_3' title="bbox 184 517 1757 593">
     <span class='ocr_line' id='line_1_3' title="bbox 184 517 1757 593; baseline 0.002 -16"><span class='ocrx_word' id='word_1_17' title='bbox 184 530 291 588; x_wconf 85' lang='grc' dir='ltr'>εει,</span> <span class='ocrx_word' id='word_1_18' title='bbox 320 517 674 588; x_wconf 81' lang='lat' dir='ltr'><strong>munitiones,</strong></span> <span class='ocrx_word' id='word_1_19' title='bbox 709 519 763 575; x_wconf 92' lang='lat' dir='ltr'><strong>in</strong></span> <span class='ocrx_word' id='word_1_20' title='bbox 794 520 994 592; x_wconf 86' lang='lat' dir='ltr'><strong>quibus</strong></span> <span class='ocrx_word' id='word_1_21' title='bbox 1041 520 1295 579; x_wconf 85' lang='lat' dir='ltr'><strong>diabolus</strong></span> <span class='ocrx_word' id='word_1_22' title='bbox 1332 525 1634 593; x_wconf 88' lang='lat' dir='ltr'><strong>regnabat:</strong></span> <span class='ocrx_word' id='word_1_23' title='bbox 1691 540 1757 581; x_wconf 90' lang='lat' dir='ltr'><strong>ac</strong></span> 
     </span>
    </p>
   </div>
   <div class='ocr_carea' id='block_1_4' title="bbox 185 611 1490 686">
    <p class='ocr_par' dir='ltr' id='par_1_4' title="bbox 185 611 1490 686">
     <span class='ocr_line' id='line_1_4' title="bbox 185 611 1490 686; baseline -0.001 -16"><span class='ocrx_word' id='word_1_24' title='bbox 185 614 227 670; x_wconf 91' lang='lat' dir='ltr'><strong>si</strong></span> <span class='ocrx_word' id='word_1_25' title='bbox 247 613 416 669; x_wconf 90' lang='lat' dir='ltr'><strong>dicat:</strong></span> <span class='ocrx_word' id='word_1_26' title='bbox 446 611 773 668; x_wconf 81' lang='lat' dir='ltr'><strong>Defecerunt</strong></span> <span class='ocrx_word' id='word_1_27' title='bbox 802 629 898 684; x_wconf 90' lang='lat' dir='ltr'><strong>per</strong></span> <span class='ocrx_word' id='word_1_28' title='bbox 920 622 1044 670; x_wconf 91' lang='lat' dir='ltr'><strong>tuos</strong></span> <span class='ocrx_word' id='word_1_29' title='bbox 1074 615 1490 686; x_wconf 79' lang='lat' dir='ltr'><strong>prtrdicatorcs.</strong></span> 
     </span>
    </p>
   </div>
   <div class='ocr_carea' id='block_1_5' title="bbox 247 705 1758 768">
    <p class='ocr_par' dir='ltr' id='par_1_5' title="bbox 247 705 1758 768">
     <span class='ocr_line' id='line_1_5' title="bbox 247 705 1758 768; baseline 0.005 -8"><span class='ocrx_word' id='word_1_30' title='bbox 247 705 403 760; x_wconf 91' lang='lat' dir='ltr'><strong>Periit</strong></span> <span class='ocrx_word' id='word_1_31' title='bbox 430 706 676 760; x_wconf 80' lang='lat' dir='ltr'><strong>memoria</strong></span> <span class='ocrx_word' id='word_1_32' title='bbox 706 722 884 762; x_wconf 91' lang='lat' dir='ltr'><strong>eorum</strong></span> <span class='ocrx_word' id='word_1_33' title='bbox 913 724 1031 762; x_wconf 89' lang='lat' dir='ltr'><strong>cum</strong></span> <span class='ocrx_word' id='word_1_34' title='bbox 1057 709 1253 764; x_wconf 78' lang='lat' dir='ltr'><strong>sonitu.</strong></span> <span class='ocrx_word' id='word_1_35' title='bbox 1287 709 1465 767; x_wconf 85' lang='lat' dir='ltr'><strong>Sonus</strong></span> <span class='ocrx_word' id='word_1_36' title='bbox 1491 709 1758 768; x_wconf 74' lang='lat' dir='ltr'><strong>doctrina:</strong></span> 
     </span>
    </p>
   </div>
   <div class='ocr_carea' id='block_1_6' title="bbox 184 796 1757 874">
    <p class='ocr_par' dir='ltr' id='par_1_6' title="bbox 184 796 1757 874">
     <span class='ocr_line' id='line_1_6' title="bbox 184 796 1757 874; baseline 0.002 -18"><span class='ocrx_word' id='word_1_37' title='bbox 184 798 404 865; x_wconf 89' lang='lat' dir='ltr'><strong>illorum,</strong></span> <span class='ocrx_word' id='word_1_38' title='bbox 432 797 517 854; x_wconf 87' lang='lat' dir='ltr'><strong>vel</strong></span> <span class='ocrx_word' id='word_1_39' title='bbox 543 796 928 857; x_wconf 64' lang='lat' dir='ltr'><strong>basreticorum</strong></span> <span class='ocrx_word' id='word_1_40' title='bbox 958 800 1098 857; x_wconf 91' lang='lat' dir='ltr'><strong>mala</strong></span> <span class='ocrx_word' id='word_1_41' title='bbox 1130 816 1254 857; x_wconf 91' lang='lat' dir='ltr'><strong>cum</strong></span> <span class='ocrx_word' id='word_1_42' title='bbox 1283 801 1418 873; x_wconf 82' lang='lat' dir='ltr'><strong>ipsis</strong></span> <span class='ocrx_word' id='word_1_43' title='bbox 1447 802 1630 874; x_wconf 87' lang='lat' dir='ltr'><strong>periit.</strong></span> <span class='ocrx_word' id='word_1_44' title='bbox 1658 802 1757 859; x_wconf 86' lang='lat' dir='ltr'><strong>Vel</strong></span> 
     </span>
    </p>
   </div>
   <div class='ocr_carea' id='block_1_7' title="bbox 180 890 1760 965">
    <p class='ocr_par' dir='ltr' id='par_1_7' title="bbox 180 890 1760 965">
     <span class='ocr_line' id='line_1_7' title="bbox 180 890 1760 965; baseline -0.002 -15"><span class='ocrx_word' id='word_1_45' title='bbox 180 907 292 950; x_wconf 88' lang='lat' dir='ltr'><strong>cum</strong></span> <span class='ocrx_word' id='word_1_46' title='bbox 329 890 535 958; x_wconf 89' lang='lat' dir='ltr'><strong>sonitu,</strong></span> <span class='ocrx_word' id='word_1_47' title='bbox 588 890 644 947; x_wconf 89' lang='lat' dir='ltr'><strong>id</strong></span> <span class='ocrx_word' id='word_1_48' title='bbox 675 902 790 961; x_wconf 90' lang='lat' dir='ltr'><strong>est,</strong></span> <span class='ocrx_word' id='word_1_49' title='bbox 845 907 875 948; x_wconf 91' lang='lat' dir='ltr'><strong>a</strong></span> <span class='ocrx_word' id='word_1_50' title='bbox 922 893 1313 965; x_wconf 68' lang='lat' dir='ltr'><strong>prtedicatione</strong></span> <span class='ocrx_word' id='word_1_51' title='bbox 1352 893 1655 965; x_wconf 80' lang='lat' dir='ltr'><strong>Evangelii.</strong></span> <span class='ocrx_word' id='word_1_52' title='bbox 1690 892 1760 948; x_wconf 89' lang='lat' dir='ltr'><strong>Et</strong></span> 
     </span>
    </p>
   </div>
   <div class='ocr_carea' id='block_1_8' title="bbox 182 983 1758 1057">
    <p class='ocr_par' dir='ltr' id='par_1_8' title="bbox 182 983 1758 1057">
     <span class='ocr_line' id='line_1_8' title="bbox 182 983 1758 1057; baseline 0.001 -17"><span class='ocrx_word' id='word_1_53' title='bbox 182 983 418 1040; x_wconf 82' lang='lat' dir='ltr'><strong>Dominus</strong></span> <span class='ocrx_word' id='word_1_54' title='bbox 445 983 500 1037; x_wconf 85' lang='lat' dir='ltr'><strong>in</strong></span> <span class='ocrx_word' id='word_1_55' title='bbox 528 990 781 1038; x_wconf 68' lang='lat' dir='ltr'><strong>aeternum</strong></span> <span class='ocrx_word' id='word_1_56' title='bbox 814 993 1099 1055; x_wconf 81' lang='lat' dir='ltr'><strong>permanet.</strong></span> <span class='ocrx_word' id='word_1_57' title='bbox 1135 985 1203 1041; x_wconf 86' lang='lat' dir='ltr'><strong>Et</strong></span> <span class='ocrx_word' id='word_1_58' title='bbox 1239 986 1357 1057; x_wconf 86' lang='lat' dir='ltr'><strong>ipse</strong></span> <span class='ocrx_word' id='word_1_59' title='bbox 1391 995 1445 1043; x_wconf 89' lang='lat' dir='ltr'><strong>et</strong></span> <span class='ocrx_word' id='word_1_60' title='bbox 1470 985 1553 1042; x_wconf 87' lang='lat' dir='ltr'><strong>sui</strong></span> <span class='ocrx_word' id='word_1_61' title='bbox 1582 986 1758 1042; x_wconf 82' lang='lat' dir='ltr'><strong>sancti</strong></span> 
     </span>
    </p>
   </div>
   <div class='ocr_carea' id='block_1_9' title="bbox 182 1075 1762 1148">
    <p class='ocr_par' dir='ltr' id='par_1_9' title="bbox 182 1075 1762 1148">
     <span class='ocr_line' id='line_1_9' title="bbox 182 1075 1762 1148; baseline 0.003 -15"><span class='ocrx_word' id='word_1_62' title='bbox 182 1091 293 1133; x_wconf 90' lang='lat' dir='ltr'><strong>cum</strong></span> <span class='ocrx_word' id='word_1_63' title='bbox 315 1075 733 1134; x_wconf 88' lang='lat' dir='ltr'><strong>tumultuatione</strong></span> <span class='ocrx_word' id='word_1_64' title='bbox 761 1090 858 1133; x_wconf 91' lang='lat' dir='ltr'><strong>sua</strong></span> <span class='ocrx_word' id='word_1_65' title='bbox 895 1078 1180 1148; x_wconf 88' lang='lat' dir='ltr'><strong>peribunt,</strong></span> <span class='ocrx_word' id='word_1_66' title='bbox 1210 1078 1264 1135; x_wconf 92' lang='lat' dir='ltr'><strong>in</strong></span> <span class='ocrx_word' id='word_1_67' title='bbox 1293 1080 1493 1136; x_wconf 60' lang='lat' dir='ltr'><strong>saecula</strong></span> <span class='ocrx_word' id='word_1_68' title='bbox 1527 1079 1762 1137; x_wconf 90' lang='lat' dir='ltr'><strong>Domino</strong></span> 
     </span>
    </p>
   </div>
   <div class='ocr_carea' id='block_1_10' title="bbox 182 1173 1397 1245">
    <p class='ocr_par' dir='ltr' id='par_1_10' title="bbox 182 1173 1397 1245">
     <span class='ocr_line' id='line_1_10' title="bbox 182 1173 1397 1245; baseline 0 -15"><span class='ocrx_word' id='word_1_69' title='bbox 182 1181 540 1245; x_wconf 85' lang='lat' dir='ltr'><strong>permanente,</strong></span> <span class='ocrx_word' id='word_1_70' title='bbox 572 1180 631 1229; x_wconf 94' lang='lat' dir='ltr'><strong>ut</strong></span> <span class='ocrx_word' id='word_1_71' title='bbox 655 1173 914 1239; x_wconf 79' lang='lat' dir='ltr'><strong>diximus,</strong></span> <span class='ocrx_word' id='word_1_72' title='bbox 946 1181 1001 1230; x_wconf 91' lang='lat' dir='ltr'><strong>et</strong></span> <span class='ocrx_word' id='word_1_73' title='bbox 1027 1173 1142 1230; x_wconf 88' lang='lat' dir='ltr'><strong>suis</strong></span> <span class='ocrx_word' id='word_1_74' title='bbox 1169 1175 1397 1231; x_wconf 86' lang='lat' dir='ltr'><strong>sanctis.</strong></span> 
     </span>
    </p>
   </div>
   <div class='ocr_carea' id='block_1_11' title="bbox 246 1264 1766 1338">
    <p class='ocr_par' dir='ltr' id='par_1_11' title="bbox 246 1264 1766 1338">
     <span class='ocr_line' id='line_1_11' title="bbox 246 1264 1766 1338; baseline 0.002 -18"><span class='ocrx_word' id='word_1_75' title='bbox 246 1264 453 1320; x_wconf 76' lang='lat' dir='ltr'><strong>Paravit</strong></span> <span class='ocrx_word' id='word_1_76' title='bbox 478 1264 535 1320; x_wconf 89' lang='lat' dir='ltr'><strong>in</strong></span> <span class='ocrx_word' id='word_1_77' title='bbox 564 1265 789 1332; x_wconf 87' lang='lat' dir='ltr'><strong>iudicio,</strong></span> <span class='ocrx_word' id='word_1_78' title='bbox 811 1273 919 1322; x_wconf 86' lang='lat' dir='ltr'><strong>etc.</strong></span> <span class='ocrx_word' id='word_1_79' title='bbox 952 1264 1126 1323; x_wconf 90' lang='lat' dir='ltr'><strong>Omne</strong></span> <span class='ocrx_word' id='word_1_80' title='bbox 1150 1266 1294 1323; x_wconf 91' lang='lat' dir='ltr'><strong>enim</strong></span> <span class='ocrx_word' id='word_1_81' title='bbox 1318 1266 1586 1338; x_wconf 87' lang='lat' dir='ltr'><strong>judicium</strong></span> <span class='ocrx_word' id='word_1_82' title='bbox 1615 1266 1766 1323; x_wconf 85' lang='lat' dir='ltr'><strong>dedit</strong></span> 
     </span>
    </p>
   </div>
   <div class='ocr_carea' id='block_1_12' title="bbox 184 1358 1766 1431">
    <p class='ocr_par' dir='ltr' id='par_1_12' title="bbox 184 1358 1766 1431">
     <span class='ocr_line' id='line_1_12' title="bbox 184 1358 1766 1431; baseline 0 -16"><span class='ocrx_word' id='word_1_83' title='bbox 184 1358 327 1415; x_wconf 82' lang='lat' dir='ltr'><strong>Filio.</strong></span> <span class='ocrx_word' id='word_1_84' title='bbox 365 1358 575 1414; x_wconf 80' lang='lat' dir='ltr'><strong>Paravit</strong></span> <span class='ocrx_word' id='word_1_85' title='bbox 603 1360 659 1413; x_wconf 84' lang='lat' dir='ltr'><strong>in</strong></span> <span class='ocrx_word' id='word_1_86' title='bbox 675 1358 880 1431; x_wconf 87' lang='lat' dir='ltr'><strong>judicio</strong></span> <span class='ocrx_word' id='word_1_87' title='bbox 908 1358 1083 1414; x_wconf 80' lang='lat' dir='ltr'><strong>sedem</strong></span> <span class='ocrx_word' id='word_1_88' title='bbox 1110 1375 1305 1414; x_wconf 86' lang='lat' dir='ltr'><strong>suam:</strong></span> <span class='ocrx_word' id='word_1_89' title='bbox 1337 1358 1390 1415; x_wconf 88' lang='lat' dir='ltr'><strong>id</strong></span> <span class='ocrx_word' id='word_1_90' title='bbox 1430 1368 1541 1427; x_wconf 88' lang='lat' dir='ltr'><strong>est,</strong></span> <span class='ocrx_word' id='word_1_91' title='bbox 1580 1359 1766 1415; x_wconf 82' lang='lat' dir='ltr'><strong>Eccle-</strong></span> 
     </span>
    </p>
   </div>
   <div class='ocr_carea' id='block_1_13' title="bbox 184 1451 1767 1524">
    <p class='ocr_par' dir='ltr' id='par_1_13' title="bbox 184 1451 1767 1524">
     <span class='ocr_line' id='line_1_13' title="bbox 184 1451 1767 1524; baseline 0 -17"><span class='ocrx_word' id='word_1_92' title='bbox 184 1451 339 1507; x_wconf 83' lang='lat' dir='ltr'><strong>siam:</strong></span> <span class='ocrx_word' id='word_1_93' title='bbox 369 1452 438 1508; x_wconf 90' lang='lat' dir='ltr'><strong>de</strong></span> <span class='ocrx_word' id='word_1_94' title='bbox 463 1466 566 1522; x_wconf 88' lang='lat' dir='ltr'><strong>qua</strong></span> <span class='ocrx_word' id='word_1_95' title='bbox 600 1451 718 1523; x_wconf 91' lang='lat' dir='ltr'><strong>ipse</strong></span> <span class='ocrx_word' id='word_1_96' title='bbox 740 1451 1005 1522; x_wconf 83' lang='lat' dir='ltr'><strong>indicabit</strong></span> <span class='ocrx_word' id='word_1_97' title='bbox 1031 1452 1220 1509; x_wconf 91' lang='lat' dir='ltr'><strong>orbem</strong></span> <span class='ocrx_word' id='word_1_98' title='bbox 1245 1460 1437 1521; x_wconf 83' lang='lat' dir='ltr'><strong>teme,</strong></span> <span class='ocrx_word' id='word_1_99' title='bbox 1465 1452 1608 1524; x_wconf 91' lang='lat' dir='ltr'><strong>quod</strong></span> <span class='ocrx_word' id='word_1_100' title='bbox 1639 1459 1767 1508; x_wconf 89' lang='lat' dir='ltr'><strong>sunt</strong></span> 
     </span>
    </p>
   </div>
   <div class='ocr_carea' id='block_1_14' title="bbox 183 1542 1761 1617">
    <p class='ocr_par' dir='ltr' id='par_1_14' title="bbox 183 1542 1761 1617">
     <span class='ocr_line' id='line_1_14' title="bbox 183 1542 1761 1617; baseline -0.001 -18"><span class='ocrx_word' id='word_1_101' title='bbox 183 1559 358 1599; x_wconf 88' lang='lat' dir='ltr'><strong>omnes</strong></span> <span class='ocrx_word' id='word_1_102' title='bbox 397 1552 608 1617; x_wconf 80' lang='lat' dir='ltr'><strong>gentes.</strong></span> <span class='ocrx_word' id='word_1_103' title='bbox 656 1542 723 1599; x_wconf 88' lang='lat' dir='ltr'><strong>In</strong></span> <span class='ocrx_word' id='word_1_104' title='bbox 762 1545 1007 1615; x_wconf 70' lang='lat' dir='ltr'><strong>aequitate</strong></span> <span class='ocrx_word' id='word_1_105' title='bbox 1038 1543 1298 1615; x_wconf 82' lang='lat' dir='ltr'><strong>iudicabit</strong></span> <span class='ocrx_word' id='word_1_106' title='bbox 1327 1543 1571 1617; x_wconf 82' lang='lat' dir='ltr'><strong>populos.</strong></span> <span class='ocrx_word' id='word_1_107' title='bbox 1605 1543 1761 1611; x_wconf 85' lang='lat' dir='ltr'><strong>Quod</strong></span> 
     </span>
    </p>
   </div>
   <div class='ocr_carea' id='block_1_15' title="bbox 179 1635 1765 1708">
    <p class='ocr_par' dir='ltr' id='par_1_15' title="bbox 179 1635 1765 1708">
     <span class='ocr_line' id='line_1_15' title="bbox 179 1635 1765 1708; baseline -0.001 -15"><span class='ocrx_word' id='word_1_108' title='bbox 179 1646 255 1694; x_wconf 88' lang='lat' dir='ltr'><strong>est</strong></span> <span class='ocrx_word' id='word_1_109' title='bbox 282 1638 528 1708; x_wconf 74' lang='lat' dir='ltr'><strong>aequitas,</strong></span> <span class='ocrx_word' id='word_1_110' title='bbox 554 1637 660 1694; x_wconf 92' lang='lat' dir='ltr'><strong>hoc</strong></span> <span class='ocrx_word' id='word_1_111' title='bbox 690 1645 776 1695; x_wconf 88' lang='lat' dir='ltr'><strong>est</strong></span> <span class='ocrx_word' id='word_1_112' title='bbox 801 1647 858 1693; x_wconf 87' lang='lat' dir='ltr'><strong>et</strong></span> <span class='ocrx_word' id='word_1_113' title='bbox 881 1637 1118 1708; x_wconf 89' lang='lat' dir='ltr'><strong>justitia,</strong></span> <span class='ocrx_word' id='word_1_114' title='bbox 1147 1637 1200 1692; x_wconf 88' lang='lat' dir='ltr'><strong>id</strong></span> <span class='ocrx_word' id='word_1_115' title='bbox 1228 1644 1334 1706; x_wconf 91' lang='grc' dir='ltr'>εει,</span> <span class='ocrx_word' id='word_1_116' title='bbox 1368 1637 1639 1697; x_wconf 86' lang='lat' dir='ltr'><strong>Christus.</strong></span> <span class='ocrx_word' id='word_1_117' title='bbox 1663 1635 1765 1693; x_wconf 89' lang='lat' dir='ltr'><strong>Vel</strong></span> 
     </span>
    </p>
   </div>
   <div class='ocr_carea' id='block_1_16' title="bbox 180 1729 1765 1802">
    <p class='ocr_par' dir='ltr' id='par_1_16' title="bbox 180 1729 1765 1802">
     <span class='ocr_line' id='line_1_16' title="bbox 180 1729 1765 1802; baseline 0.001 -17"><span class='ocrx_word' id='word_1_118' title='bbox 180 1730 361 1786; x_wconf 85' lang='lat' dir='ltr'><strong>iterato</strong></span> <span class='ocrx_word' id='word_1_119' title='bbox 390 1730 603 1787; x_wconf 84' lang='lat' dir='ltr'><strong>scilicet</strong></span> <span class='ocrx_word' id='word_1_120' title='bbox 640 1731 876 1788; x_wconf 89' lang='lat' dir='ltr'><strong>adventu</strong></span> <span class='ocrx_word' id='word_1_121' title='bbox 909 1744 1031 1787; x_wconf 91' lang='lat' dir='ltr'><strong>cum</strong></span> <span class='ocrx_word' id='word_1_122' title='bbox 1072 1729 1237 1801; x_wconf 90' lang='lat' dir='ltr'><strong>iustis</strong></span> <span class='ocrx_word' id='word_1_123' title='bbox 1264 1731 1512 1802; x_wconf 85' lang='lat' dir='ltr'><strong>praemia,</strong></span> <span class='ocrx_word' id='word_1_124' title='bbox 1545 1729 1765 1801; x_wconf 90' lang='lat' dir='ltr'><strong>iniustis</strong></span> 
     </span>
    </p>
   </div>
   <div class='ocr_carea' id='block_1_17' title="bbox 176 1823 797 1896">
    <p class='ocr_par' dir='ltr' id='par_1_17' title="bbox 176 1823 797 1896">
     <span class='ocr_line' id='line_1_17' title="bbox 176 1823 797 1896; baseline -0.002 -16"><span class='ocrx_word' id='word_1_125' title='bbox 176 1823 433 1881; x_wconf 84' lang='lat' dir='ltr'><strong>infernum</strong></span> <span class='ocrx_word' id='word_1_126' title='bbox 468 1832 527 1882; x_wconf 92' lang='lat' dir='ltr'><strong>et</strong></span> <span class='ocrx_word' id='word_1_127' title='bbox 553 1839 797 1896; x_wconf 80' lang='lat' dir='ltr'><strong>ptenam.</strong></span> 
     </span>
    </p>
   </div>
   <div class='ocr_carea' id='block_1_18' title="bbox 241 1918 1761 1993">
    <p class='ocr_par' dir='ltr' id='par_1_18' title="bbox 241 1918 1761 1993">
     <span class='ocr_line' id='line_1_18' title="bbox 241 1918 1761 1993; baseline 0.001 -19"><span class='ocrx_word' id='word_1_128' title='bbox 241 1919 306 1974; x_wconf 85' lang='lat' dir='ltr'><strong>Et</strong></span> <span class='ocrx_word' id='word_1_129' title='bbox 354 1921 529 1992; x_wconf 77' lang='lat' dir='ltr'><strong>[actus</strong></span> <span class='ocrx_word' id='word_1_130' title='bbox 575 1926 649 1975; x_wconf 86' lang='lat' dir='ltr'><strong>est</strong></span> <span class='ocrx_word' id='word_1_131' title='bbox 700 1918 955 1975; x_wconf 84' lang='lat' dir='ltr'><strong>Dominus</strong></span> <span class='ocrx_word' id='word_1_132' title='bbox 1008 1920 1269 1993; x_wconf 80' lang='lat' dir='ltr'><strong>refugium</strong></span> <span class='ocrx_word' id='word_1_133' title='bbox 1324 1920 1565 1991; x_wconf 82' lang='lat' dir='ltr'><strong>pauperi.</strong></span> <span class='ocrx_word' id='word_1_134' title='bbox 1612 1918 1761 1976; x_wconf 85' lang='lat' dir='ltr'><strong>Inter</strong></span> 
     </span>
    </p>
   </div>
   <div class='ocr_carea' id='block_1_19' title="bbox 176 2009 1762 2085">
    <p class='ocr_par' dir='ltr' id='par_1_19' title="bbox 176 2009 1762 2085">
     <span class='ocr_line' id='line_1_19' title="bbox 176 2009 1762 2085; baseline -0.001 -18"><span class='ocrx_word' id='word_1_135' title='bbox 176 2026 458 2085; x_wconf 83' lang='lat' dir='ltr'><strong>pauperem</strong></span> <span class='ocrx_word' id='word_1_136' title='bbox 488 2018 545 2068; x_wconf 88' lang='lat' dir='ltr'><strong>et</strong></span> <span class='ocrx_word' id='word_1_137' title='bbox 570 2010 971 2078; x_wconf 84' lang='lat' dir='ltr'><strong>adversarium,</strong></span> <span class='ocrx_word' id='word_1_138' title='bbox 1000 2012 1106 2067; x_wconf 91' lang='lat' dir='ltr'><strong>hoc</strong></span> <span class='ocrx_word' id='word_1_139' title='bbox 1134 2020 1241 2080; x_wconf 96' lang='grc' dir='ltr'>εει,</span> <span class='ocrx_word' id='word_1_140' title='bbox 1269 2009 1569 2078; x_wconf 90' lang='lat' dir='ltr'><strong>diabolum,</strong></span> <span class='ocrx_word' id='word_1_141' title='bbox 1595 2009 1762 2080; x_wconf 79' lang='lat' dir='ltr'><strong>juch</strong></span> 
     </span>
    </p>
   </div>
   <div class='ocr_carea' id='block_1_20' title="bbox 174 2103 1762 2177">
    <p class='ocr_par' dir='ltr' id='par_1_20' title="bbox 174 2103 1762 2177">
     <span class='ocr_line' id='line_1_20' title="bbox 174 2103 1762 2177; baseline -0.002 -16"><span class='ocrx_word' id='word_1_142' title='bbox 174 2107 273 2162; x_wconf 89' lang='lat' dir='ltr'><strong>erit</strong></span> <span class='ocrx_word' id='word_1_143' title='bbox 292 2105 447 2163; x_wconf 85' lang='lat' dir='ltr'><strong>Cbris</strong></span> <span class='ocrx_word' id='word_1_144' title='bbox 457 2114 577 2162; x_wconf 90' lang='lat' dir='ltr'><strong>tus:</strong></span> <span class='ocrx_word' id='word_1_145' title='bbox 597 2107 687 2177; x_wconf 90' lang='lat' dir='ltr'><strong>qui</strong></span> <span class='ocrx_word' id='word_1_146' title='bbox 706 2104 972 2176; x_wconf 90' lang='lat' dir='ltr'><strong>iudicabit</strong></span> <span class='ocrx_word' id='word_1_147' title='bbox 994 2105 1136 2162; x_wconf 89' lang='lat' dir='ltr'><strong>inter</strong></span> <span class='ocrx_word' id='word_1_148' title='bbox 1155 2103 1461 2161; x_wconf 85' lang='lat' dir='ltr'><strong>Ecclesiam</strong></span> <span class='ocrx_word' id='word_1_149' title='bbox 1489 2112 1546 2159; x_wconf 89' lang='lat' dir='ltr'><strong>et</strong></span> <span class='ocrx_word' id='word_1_150' title='bbox 1567 2103 1762 2160; x_wconf 88' lang='lat' dir='ltr'><strong>adver-</strong></span> 
     </span>
    </p>
   </div>
   <div class='ocr_carea' id='block_1_21' title="bbox 175 2195 1765 2268">
    <p class='ocr_par' dir='ltr' id='par_1_21' title="bbox 175 2195 1765 2268">
     <span class='ocr_line' id='line_1_21' title="bbox 175 2195 1765 2268; baseline -0.003 -14"><span class='ocrx_word' id='word_1_151' title='bbox 175 2198 395 2268; x_wconf 87' lang='lat' dir='ltr'><strong>sarium,</strong></span> <span class='ocrx_word' id='word_1_152' title='bbox 425 2200 536 2256; x_wconf 94' lang='lat' dir='ltr'><strong>hoc</strong></span> <span class='ocrx_word' id='word_1_153' title='bbox 562 2206 682 2265; x_wconf 87' lang='lat' dir='ltr'><strong>est,</strong></span> <span class='ocrx_word' id='word_1_154' title='bbox 714 2197 1014 2254; x_wconf 91' lang='lat' dir='ltr'><strong>diabolum.</strong></span> <span class='ocrx_word' id='word_1_155' title='bbox 1046 2196 1204 2255; x_wconf 91' lang='lat' dir='ltr'><strong>Unde</strong></span> <span class='ocrx_word' id='word_1_156' title='bbox 1245 2205 1302 2253; x_wconf 91' lang='lat' dir='ltr'><strong>et</strong></span> <span class='ocrx_word' id='word_1_157' title='bbox 1340 2197 1393 2252; x_wconf 92' lang='lat' dir='ltr'><strong>iu</strong></span> <span class='ocrx_word' id='word_1_158' title='bbox 1438 2195 1765 2268; x_wconf 80' lang='lat' dir='ltr'><strong>Apocalypsi</strong></span> 
     </span>
    </p>
   </div>
   <div class='ocr_carea' id='block_1_22' title="bbox 174 2287 1767 2360">
    <p class='ocr_par' dir='ltr' id='par_1_22' title="bbox 174 2287 1767 2360">
     <span class='ocr_line' id='line_1_22' title="bbox 174 2287 1767 2360; baseline -0.002 -13"><span class='ocrx_word' id='word_1_159' title='bbox 174 2290 397 2349; x_wconf 89' lang='lat' dir='ltr'><strong>dicitur:</strong></span> <span class='ocrx_word' id='word_1_160' title='bbox 436 2292 545 2360; x_wconf 85' lang='lat' dir='ltr'><strong>Qui</strong></span> <span class='ocrx_word' id='word_1_161' title='bbox 576 2301 659 2349; x_wconf 90' lang='lat' dir='ltr'><strong>est</strong></span> <span class='ocrx_word' id='word_1_162' title='bbox 690 2298 977 2348; x_wconf 86' lang='lat' dir='ltr'><strong>accusator</strong></span> <span class='ocrx_word' id='word_1_163' title='bbox 1016 2289 1247 2346; x_wconf 80' lang='lat' dir='ltr'><strong>fratrum</strong></span> <span class='ocrx_word' id='word_1_164' title='bbox 1290 2298 1629 2345; x_wconf 89' lang='lat' dir='ltr'><strong>nostrorum.</strong></span> <span class='ocrx_word' id='word_1_165' title='bbox 1663 2287 1767 2345; x_wconf 91' lang='lat' dir='ltr'><strong>Vel</strong></span> 
     </span>
    </p>
   </div>
   <div class='ocr_carea' id='block_1_23' title="bbox 174 2381 1768 2457">
    <p class='ocr_par' dir='ltr' id='par_1_23' title="bbox 174 2381 1768 2457">
     <span class='ocr_line' id='line_1_23' title="bbox 174 2381 1768 2457; baseline -0.003 -16"><span class='ocrx_word' id='word_1_166' title='bbox 174 2384 243 2441; x_wconf 88' lang='lat' dir='ltr'><strong>illi</strong></span> <span class='ocrx_word' id='word_1_167' title='bbox 276 2400 549 2457; x_wconf 88' lang='lat' dir='ltr'><strong>pauperes</strong></span> <span class='ocrx_word' id='word_1_168' title='bbox 568 2427 582 2453; x_wconf 91' lang='lat'><strong>,</strong></span> <span class='ocrx_word' id='word_1_169' title='bbox 610 2384 704 2455; x_wconf 93' lang='lat' dir='ltr'><strong>qui</strong></span> <span class='ocrx_word' id='word_1_170' title='bbox 740 2393 964 2456; x_wconf 90' lang='lat' dir='ltr'><strong>propter</strong></span> <span class='ocrx_word' id='word_1_171' title='bbox 988 2398 1114 2440; x_wconf 91' lang='lat' dir='ltr'><strong>eum</strong></span> <span class='ocrx_word' id='word_1_172' title='bbox 1146 2397 1416 2455; x_wconf 85' lang='lat' dir='ltr'><strong>pauperes</strong></span> <span class='ocrx_word' id='word_1_173' title='bbox 1444 2382 1603 2450; x_wconf 85' lang='lat' dir='ltr'><strong>lacti,</strong></span> <span class='ocrx_word' id='word_1_174' title='bbox 1626 2381 1768 2437; x_wconf 89' lang='lat' dir='ltr'><strong>divi-</strong></span> 
     </span>
    </p>
   </div>
   <div class='ocr_carea' id='block_1_24' title="bbox 174 2475 1766 2550">
    <p class='ocr_par' dir='ltr' id='par_1_24' title="bbox 174 2475 1766 2550">
     <span class='ocr_line' id='line_1_24' title="bbox 174 2475 1766 2550; baseline -0.001 -16"><span class='ocrx_word' id='word_1_175' title='bbox 174 2478 268 2536; x_wconf 87' lang='lat' dir='ltr'><strong>tias</strong></span> <span class='ocrx_word' id='word_1_176' title='bbox 295 2496 417 2537; x_wconf 88' lang='lat' dir='ltr'><strong>suas</strong></span> <span class='ocrx_word' id='word_1_177' title='bbox 461 2480 521 2536; x_wconf 92' lang='lat' dir='ltr'><strong>in</strong></span> <span class='ocrx_word' id='word_1_178' title='bbox 565 2480 719 2537; x_wconf 89' lang='lat' dir='ltr'><strong>cibos</strong></span> <span class='ocrx_word' id='word_1_179' title='bbox 748 2478 1083 2534; x_wconf 91' lang='lat' dir='ltr'><strong>distribuunt</strong></span> <span class='ocrx_word' id='word_1_180' title='bbox 1106 2491 1431 2550; x_wconf 88' lang='lat' dir='ltr'><strong>pauperum.</strong></span> <span class='ocrx_word' id='word_1_181' title='bbox 1459 2475 1684 2549; x_wconf 80' lang='lat' dir='ltr'><strong>Adjutor</strong></span> <span class='ocrx_word' id='word_1_182' title='bbox 1710 2477 1766 2532; x_wconf 89' lang='lat' dir='ltr'><strong>in</strong></span> 
     </span>
    </p>
   </div>
   <div class='ocr_carea' id='block_1_25' title="bbox 175 2566 1765 2643">
    <p class='ocr_par' dir='ltr' id='par_1_25' title="bbox 175 2566 1765 2643">
     <span class='ocr_line' id='line_1_25' title="bbox 175 2566 1765 2643; baseline -0.002 -17"><span class='ocrx_word' id='word_1_183' title='bbox 175 2571 664 2643; x_wconf 82' lang='lat' dir='ltr'><strong>opportunitatibus.</strong></span> <span class='ocrx_word' id='word_1_184' title='bbox 698 2570 931 2643; x_wconf 84' lang='lat' dir='ltr'><strong>Adiutor</strong></span> <span class='ocrx_word' id='word_1_185' title='bbox 962 2579 1051 2627; x_wconf 90' lang='lat' dir='ltr'><strong>est</strong></span> <span class='ocrx_word' id='word_1_186' title='bbox 1077 2567 1339 2626; x_wconf 66' lang='lat' dir='ltr'><strong>Ecclesia:</strong></span> <span class='ocrx_word' id='word_1_187' title='bbox 1388 2583 1523 2625; x_wconf 62' lang='lat' dir='ltr'><strong>suae.</strong></span> <span class='ocrx_word' id='word_1_188' title='bbox 1557 2566 1627 2623; x_wconf 87' lang='lat' dir='ltr'><strong>In</strong></span> <span class='ocrx_word' id='word_1_189' title='bbox 1668 2569 1765 2623; x_wconf 84' lang='lat' dir='ltr'><strong>tri-</strong></span> 
     </span>
    </p>
   </div>
   <div class='ocr_carea' id='block_1_26' title="bbox 178 2663 1764 2738">
    <p class='ocr_par' dir='ltr' id='par_1_26' title="bbox 178 2663 1764 2738">
     <span class='ocr_line' id='line_1_26' title="bbox 178 2663 1764 2738; baseline -0.001 -17"><span class='ocrx_word' id='word_1_190' title='bbox 178 2666 445 2725; x_wconf 83' lang='lat' dir='ltr'><strong>bulatione.</strong></span> <span class='ocrx_word' id='word_1_191' title='bbox 472 2666 704 2735; x_wconf 84' lang='lat' dir='ltr'><strong>Quando</strong></span> <span class='ocrx_word' id='word_1_192' title='bbox 725 2674 1095 2738; x_wconf 90' lang='lat' dir='ltr'><strong>opportunum</strong></span> <span class='ocrx_word' id='word_1_193' title='bbox 1125 2674 1231 2735; x_wconf 91' lang='lat' dir='ltr'><strong>est,</strong></span> <span class='ocrx_word' id='word_1_194' title='bbox 1256 2672 1317 2720; x_wconf 91' lang='lat' dir='ltr'><strong>ut</strong></span> <span class='ocrx_word' id='word_1_195' title='bbox 1335 2663 1413 2720; x_wconf 87' lang='lat' dir='ltr'><strong>ait</strong></span> <span class='ocrx_word' id='word_1_196' title='bbox 1437 2663 1764 2734; x_wconf 86' lang='lat' dir='ltr'><strong>Apostolus.</strong></span> 
     </span>
    </p>
   </div>
   <div class='ocr_carea' id='block_1_27' title="bbox 176 2752 1769 2832">
    <p class='ocr_par' dir='ltr' id='par_1_27' title="bbox 176 2752 1769 2832">
     <span class='ocr_line' id='line_1_27' title="bbox 176 2752 1769 2832; baseline -0.004 -16"><span class='ocrx_word' id='word_1_197' title='bbox 176 2759 366 2818; x_wconf 86' lang='lat' dir='ltr'><strong>Fidelis</strong></span> <span class='ocrx_word' id='word_1_198' title='bbox 392 2762 547 2818; x_wconf 89' lang='lat' dir='ltr'><strong>Deus</strong></span> <span class='ocrx_word' id='word_1_199' title='bbox 586 2760 678 2832; x_wconf 86' lang='lat' dir='ltr'><strong>qui</strong></span> <span class='ocrx_word' id='word_1_200' title='bbox 724 2774 833 2816; x_wconf 90' lang='lat' dir='ltr'><strong>non</strong></span> <span class='ocrx_word' id='word_1_201' title='bbox 864 2758 1102 2831; x_wconf 89' lang='lat' dir='ltr'><strong>patietur</strong></span> <span class='ocrx_word' id='word_1_202' title='bbox 1127 2771 1227 2813; x_wconf 86' lang='lat' dir='ltr'><strong>vos</strong></span> <span class='ocrx_word' id='word_1_203' title='bbox 1274 2755 1472 2813; x_wconf 88' lang='lat' dir='ltr'><strong>tentari</strong></span> <span class='ocrx_word' id='word_1_204' title='bbox 1517 2769 1683 2826; x_wconf 89' lang='lat' dir='ltr'><strong>supra</strong></span> <span class='ocrx_word' id='word_1_205' title='bbox 1715 2752 1769 2810; x_wconf 87' lang='lat' dir='ltr'><strong>id</strong></span> 
     </span>
    </p>
   </div>
   <div class='ocr_carea' id='block_1_28' title="bbox 171 2846 1772 2924">
    <p class='ocr_par' dir='ltr' id='par_1_28' title="bbox 171 2846 1772 2924">
     <span class='ocr_line' id='line_1_28' title="bbox 171 2846 1772 2924; baseline -0.003 -17"><span class='ocrx_word' id='word_1_206' title='bbox 171 2851 303 2922; x_wconf 89' lang='lat' dir='ltr'><strong>quod</strong></span> <span class='ocrx_word' id='word_1_207' title='bbox 331 2852 567 2924; x_wconf 89' lang='lat' dir='ltr'><strong>potestis</strong></span> <span class='ocrx_word' id='word_1_208' title='bbox 593 2868 608 2907; x_wconf 91' lang='lat'><strong>:</strong></span> <span class='ocrx_word' id='word_1_209' title='bbox 638 2851 736 2909; x_wconf 90' lang='lat' dir='ltr'><strong>sed</strong></span> <span class='ocrx_word' id='word_1_210' title='bbox 763 2848 929 2907; x_wconf 79' lang='lat' dir='ltr'><strong>faciet</strong></span> <span class='ocrx_word' id='word_1_211' title='bbox 950 2859 1073 2907; x_wconf 89' lang='lat' dir='ltr'><strong>cum</strong></span> <span class='ocrx_word' id='word_1_212' title='bbox 1110 2848 1413 2906; x_wconf 87' lang='lat' dir='ltr'><strong>tentatione</strong></span> <span class='ocrx_word' id='word_1_213' title='bbox 1441 2846 1610 2903; x_wconf 90' lang='lat' dir='ltr'><strong>etiam</strong></span> <span class='ocrx_word' id='word_1_214' title='bbox 1642 2861 1772 2918; x_wconf 90' lang='lat' dir='ltr'><strong>pro-</strong></span> 
     </span>
    </p>
   </div>
   <div class='ocr_carea' id='block_1_29' title="bbox 171 2938 1769 3016">
    <p class='ocr_par' dir='ltr' id='par_1_29' title="bbox 171 2938 1769 3016">
     <span class='ocr_line' id='line_1_29' title="bbox 171 2938 1769 3016; baseline 0.001 -20"><span class='ocrx_word' id='word_1_215' title='bbox 171 2953 404 3015; x_wconf 87' lang='lat' dir='ltr'><strong>ventum,</strong></span> <span class='ocrx_word' id='word_1_216' title='bbox 432 2954 503 3001; x_wconf 91' lang='lat' dir='ltr'><strong>ut</strong></span> <span class='ocrx_word' id='word_1_217' title='bbox 534 2943 755 3016; x_wconf 82' lang='lat' dir='ltr'><strong>possitis</strong></span> <span class='ocrx_word' id='word_1_218' title='bbox 777 2943 1053 3000; x_wconf 89' lang='lat' dir='ltr'><strong>sustinere</strong></span> <span class='ocrx_word' id='word_1_219' title='bbox 1084 2960 1098 2998; x_wconf 92' lang='lat'><strong>:</strong></span> <span class='ocrx_word' id='word_1_220' title='bbox 1139 2957 1209 3000; x_wconf 91' lang='lat' dir='ltr'><strong>ne</strong></span> <span class='ocrx_word' id='word_1_221' title='bbox 1232 2957 1360 2999; x_wconf 91' lang='lat' dir='ltr'><strong>cum</strong></span> <span class='ocrx_word' id='word_1_222' title='bbox 1386 2938 1769 3013; x_wconf 89' lang='lat' dir='ltr'><strong>peccatoribus</strong></span> 
     </span>
    </p>
   </div>
   <div class='ocr_carea' id='block_1_30' title="bbox 169 3033 1467 3109">
    <p class='ocr_par' dir='ltr' id='par_1_30' title="bbox 169 3033 1467 3109">
     <span class='ocr_line' id='line_1_30' title="bbox 169 3033 1467 3109; baseline -0.002 -19"><span class='ocrx_word' id='word_1_223' title='bbox 169 3035 220 3091; x_wconf 89' lang='lat' dir='ltr'><strong>in</strong></span> <span class='ocrx_word' id='word_1_224' title='bbox 247 3038 517 3109; x_wconf 89' lang='lat' dir='ltr'><strong>supplicio</strong></span> <span class='ocrx_word' id='word_1_225' title='bbox 541 3036 862 3094; x_wconf 88' lang='lat' dir='ltr'><strong>damnemur</strong></span> <span class='ocrx_word' id='word_1_226' title='bbox 890 3044 1100 3092; x_wconf 67' lang='lat' dir='ltr'><strong>aeterno</strong></span> <span class='ocrx_word' id='word_1_227' title='bbox 1131 3033 1189 3108; x_wconf 90' lang='grc' dir='ltr'>(ι</span> <span class='ocrx_word' id='word_1_228' title='bbox 1219 3034 1341 3091; x_wconf 88' lang='lat' dir='ltr'><strong>Cor.</strong></span> <span class='ocrx_word' id='word_1_229' title='bbox 1374 3035 1467 3105; x_wconf 73' lang='grc' dir='ltr'>κ).</span> 
     </span>
    </p>
   </div>
   <div class='ocr_carea' id='block_1_31' title="bbox 238 3127 1769 3203">
    <p class='ocr_par' dir='ltr' id='par_1_31' title="bbox 238 3127 1769 3203">
     <span class='ocr_line' id='line_1_31' title="bbox 238 3127 1769 3203; baseline -0.001 -18"><span class='ocrx_word' id='word_1_230' title='bbox 238 3129 457 3203; x_wconf 69' lang='lat' dir='ltr'><strong>Sprrent</strong></span> <span class='ocrx_word' id='word_1_231' title='bbox 491 3131 546 3186; x_wconf 90' lang='lat' dir='ltr'><strong>in</strong></span> <span class='ocrx_word' id='word_1_232' title='bbox 574 3142 643 3186; x_wconf 87' lang='lat' dir='ltr'><strong>te.</strong></span> <span class='ocrx_word' id='word_1_233' title='bbox 667 3129 727 3187; x_wconf 91' lang='lat' dir='ltr'><strong>1d</strong></span> <span class='ocrx_word' id='word_1_234' title='bbox 752 3138 870 3198; x_wconf 86' lang='lat' dir='ltr'><strong>est,</strong></span> <span class='ocrx_word' id='word_1_235' title='bbox 898 3146 1009 3186; x_wconf 91' lang='lat' dir='ltr'><strong>non</strong></span> <span class='ocrx_word' id='word_1_236' title='bbox 1038 3130 1093 3185; x_wconf 93' lang='lat' dir='ltr'><strong>in</strong></span> <span class='ocrx_word' id='word_1_237' title='bbox 1120 3142 1215 3198; x_wconf 93' lang='lat' dir='ltr'><strong>se,</strong></span> <span class='ocrx_word' id='word_1_238' title='bbox 1249 3128 1348 3185; x_wconf 90' lang='lat' dir='ltr'><strong>sed</strong></span> <span class='ocrx_word' id='word_1_239' title='bbox 1376 3127 1436 3184; x_wconf 91' lang='lat' dir='ltr'><strong>in</strong></span> <span class='ocrx_word' id='word_1_240' title='bbox 1469 3135 1543 3196; x_wconf 92' lang='lat' dir='ltr'><strong>te,</strong></span> <span class='ocrx_word' id='word_1_241' title='bbox 1575 3134 1634 3184; x_wconf 90' lang='lat' dir='ltr'><strong>et</strong></span> <span class='ocrx_word' id='word_1_242' title='bbox 1660 3142 1769 3183; x_wconf 89' lang='lat' dir='ltr'><strong>non</strong></span> 
     </span>
    </p>
   </div>
   <div class='ocr_carea' id='block_1_32' title="bbox 3351 320 3459 379">
    <p class='ocr_par' dir='ltr' id='par_1_32' title="bbox 3351 320 3459 379">
     <span class='ocr_line' id='line_1_32' title="bbox 3351 320 3459 379; baseline 0.009 -1"><span class='ocrx_word' id='word_1_243' title='bbox 3351 320 3459 379; x_wconf 61' lang='lat'><strong>842</strong></span> 
     </span>
    </p>
   </div>
   <div class='ocr_carea' id='block_1_33' title="bbox 1927 430 3460 504">
    <p class='ocr_par' dir='ltr' id='par_1_33' title="bbox 1927 430 3460 504">
     <span class='ocr_line' id='line_1_33' title="bbox 1927 430 3460 504; baseline 0.004 -18"><span class='ocrx_word' id='word_1_244' title='bbox 1927 430 2179 490; x_wconf 78' lang='lat' dir='ltr'><strong>Miserere</strong></span> <span class='ocrx_word' id='word_1_245' title='bbox 2199 434 2298 488; x_wconf 88' lang='lat' dir='ltr'><strong>mei</strong></span> <span class='ocrx_word' id='word_1_246' title='bbox 2312 477 2329 504; x_wconf 85' lang='lat'><strong>,</strong></span> <span class='ocrx_word' id='word_1_247' title='bbox 2359 432 2603 489; x_wconf 85' lang='lat' dir='ltr'><strong>Domine.</strong></span> <span class='ocrx_word' id='word_1_248' title='bbox 2639 432 2755 489; x_wconf 81' lang='lat' dir='ltr'><strong>Vox</strong></span> <span class='ocrx_word' id='word_1_249' title='bbox 2779 433 3041 491; x_wconf 72' lang='lat' dir='ltr'><strong>Ecclesiae</strong></span> <span class='ocrx_word' id='word_1_250' title='bbox 3068 452 3080 488; x_wconf 87' lang='lat'><strong>:</strong></span> <span class='ocrx_word' id='word_1_251' title='bbox 3121 433 3259 491; x_wconf 86' lang='lat' dir='ltr'><strong>Vide</strong></span> <span class='ocrx_word' id='word_1_252' title='bbox 3286 437 3460 492; x_wconf 81' lang='lat' dir='ltr'><strong>humi-</strong></span> 
     </span>
    </p>
   </div>
   <div class='ocr_carea' id='block_1_34' title="bbox 1859 526 3463 601">
    <p class='ocr_par' dir='ltr' id='par_1_34' title="bbox 1859 526 3463 601">
     <span class='ocr_line' id='line_1_34' title="bbox 1859 526 3463 601; baseline 0.003 -20"><span class='ocrx_word' id='word_1_253' title='bbox 1859 526 2062 583; x_wconf 90' lang='lat' dir='ltr'><strong>litatem</strong></span> <span class='ocrx_word' id='word_1_254' title='bbox 2106 545 2270 584; x_wconf 88' lang='lat' dir='ltr'><strong>meam</strong></span> <span class='ocrx_word' id='word_1_255' title='bbox 2308 528 2373 585; x_wconf 88' lang='lat' dir='ltr'><strong>de</strong></span> <span class='ocrx_word' id='word_1_256' title='bbox 2415 530 2645 585; x_wconf 87' lang='lat' dir='ltr'><strong>inimicis</strong></span> <span class='ocrx_word' id='word_1_257' title='bbox 2691 531 2818 585; x_wconf 86' lang='lat' dir='ltr'><strong>meis</strong></span> <span class='ocrx_word' id='word_1_258' title='bbox 2847 546 2866 584; x_wconf 90' lang='lat'><strong>:</strong></span> <span class='ocrx_word' id='word_1_259' title='bbox 2911 531 3000 601; x_wconf 87' lang='lat' dir='ltr'><strong>qui</strong></span> <span class='ocrx_word' id='word_1_260' title='bbox 3038 531 3241 587; x_wconf 74' lang='lat' dir='ltr'><strong>exultas</strong></span> <span class='ocrx_word' id='word_1_261' title='bbox 3278 548 3358 586; x_wconf 89' lang='lat' dir='ltr'><strong>me</strong></span> <span class='ocrx_word' id='word_1_262' title='bbox 3398 532 3463 586; x_wconf 86' lang='lat' dir='ltr'><strong>de</strong></span> 
     </span>
    </p>
   </div>
   <div class='ocr_carea' id='block_1_35' title="bbox 1861 619 3461 695">
    <p class='ocr_par' dir='ltr' id='par_1_35' title="bbox 1861 619 3461 695">
     <span class='ocr_line' id='line_1_35' title="bbox 1861 619 3461 695; baseline 0.002 -21"><span class='ocrx_word' id='word_1_263' title='bbox 1861 620 2025 691; x_wconf 85' lang='lat' dir='ltr'><strong>portis</strong></span> <span class='ocrx_word' id='word_1_264' title='bbox 2052 622 2268 689; x_wconf 89' lang='lat' dir='ltr'><strong>mortis,</strong></span> <span class='ocrx_word' id='word_1_265' title='bbox 2296 628 2405 677; x_wconf 90' lang='lat' dir='ltr'><strong>etc.</strong></span> <span class='ocrx_word' id='word_1_266' title='bbox 2434 619 2617 677; x_wconf 75' lang='lat' dir='ltr'><strong>Porta:</strong></span> <span class='ocrx_word' id='word_1_267' title='bbox 2650 621 2843 678; x_wconf 89' lang='lat' dir='ltr'><strong>mortis</strong></span> <span class='ocrx_word' id='word_1_268' title='bbox 2883 631 3013 678; x_wconf 92' lang='lat' dir='ltr'><strong>sunt</strong></span> <span class='ocrx_word' id='word_1_269' title='bbox 3049 622 3228 678; x_wconf 87' lang='lat' dir='ltr'><strong>studia</strong></span> <span class='ocrx_word' id='word_1_270' title='bbox 3260 638 3461 695; x_wconf 90' lang='lat' dir='ltr'><strong>paren-</strong></span> 
     </span>
    </p>
   </div>
   <div class='ocr_carea' id='block_1_36' title="bbox 1862 712 3466 786">
    <p class='ocr_par' dir='ltr' id='par_1_36' title="bbox 1862 712 3466 786">
     <span class='ocr_line' id='line_1_36' title="bbox 1862 712 3466 786; baseline 0.003 -20"><span class='ocrx_word' id='word_1_271' title='bbox 1862 721 2008 780; x_wconf 89' lang='lat' dir='ltr'><strong>tum,</strong></span> <span class='ocrx_word' id='word_1_272' title='bbox 2037 714 2129 784; x_wconf 90' lang='lat' dir='ltr'><strong>qui</strong></span> <span class='ocrx_word' id='word_1_273' title='bbox 2158 712 2411 769; x_wconf 84' lang='lat' dir='ltr'><strong>colebant</strong></span> <span class='ocrx_word' id='word_1_274' title='bbox 2439 712 2688 770; x_wconf 82' lang='lat' dir='ltr'><strong>diversos</strong></span> <span class='ocrx_word' id='word_1_275' title='bbox 2717 712 2850 770; x_wconf 89' lang='lat' dir='ltr'><strong>deos</strong></span> <span class='ocrx_word' id='word_1_276' title='bbox 2899 712 3319 771; x_wconf 75' lang='lat' dir='ltr'><strong>daemoniorum.</strong></span> <span class='ocrx_word' id='word_1_277' title='bbox 3354 714 3466 786; x_wconf 91' lang='lat' dir='ltr'><strong>Ipsi</strong></span> 
     </span>
    </p>
   </div>
   <div class='ocr_carea' id='block_1_37' title="bbox 1862 806 3463 879">
    <p class='ocr_par' dir='ltr' id='par_1_37' title="bbox 1862 806 3463 879">
     <span class='ocr_line' id='line_1_37' title="bbox 1862 806 3463 879; baseline 0.002 -18"><span class='ocrx_word' id='word_1_278' title='bbox 1862 814 2021 861; x_wconf 86' lang='lat' dir='ltr'><strong>erant</strong></span> <span class='ocrx_word' id='word_1_279' title='bbox 2064 814 2239 876; x_wconf 74' lang='lat' dir='ltr'><strong>porta:</strong></span> <span class='ocrx_word' id='word_1_280' title='bbox 2287 806 2516 874; x_wconf 90' lang='lat' dir='ltr'><strong>mortis,</strong></span> <span class='ocrx_word' id='word_1_281' title='bbox 2565 821 2798 879; x_wconf 90' lang='lat' dir='ltr'><strong>quorum</strong></span> <span class='ocrx_word' id='word_1_282' title='bbox 2847 807 3095 865; x_wconf 88' lang='lat' dir='ltr'><strong>doctrina</strong></span> <span class='ocrx_word' id='word_1_283' title='bbox 3126 808 3195 864; x_wconf 91' lang='lat' dir='ltr'><strong>ad</strong></span> <span class='ocrx_word' id='word_1_284' title='bbox 3228 816 3463 865; x_wconf 90' lang='lat' dir='ltr'><strong>mortem</strong></span> 
     </span>
    </p>
   </div>
   <div class='ocr_carea' id='block_1_38' title="bbox 1862 899 3461 971">
    <p class='ocr_par' dir='ltr' id='par_1_38' title="bbox 1862 899 3461 971">
     <span class='ocr_line' id='line_1_38' title="bbox 1862 899 3461 971; baseline 0.003 -15"><span class='ocrx_word' id='word_1_285' title='bbox 1862 899 2110 958; x_wconf 85' lang='lat' dir='ltr'><strong>ducebat.</strong></span> <span class='ocrx_word' id='word_1_286' title='bbox 2147 901 2361 958; x_wconf 83' lang='lat' dir='ltr'><strong>Aliter:</strong></span> <span class='ocrx_word' id='word_1_287' title='bbox 2395 901 2578 958; x_wconf 75' lang='lat' dir='ltr'><strong>Porta:</strong></span> <span class='ocrx_word' id='word_1_288' title='bbox 2613 902 2804 959; x_wconf 90' lang='lat' dir='ltr'><strong>mortis</strong></span> <span class='ocrx_word' id='word_1_289' title='bbox 2828 944 2845 971; x_wconf 89' lang='lat'><strong>,</strong></span> <span class='ocrx_word' id='word_1_290' title='bbox 2896 902 3281 961; x_wconf 64' lang='lat' dir='ltr'><strong>haereticorum</strong></span> <span class='ocrx_word' id='word_1_291' title='bbox 3325 903 3461 961; x_wconf 91' lang='lat' dir='ltr'><strong>doc-</strong></span> 
     </span>
    </p>
   </div>
   <div class='ocr_carea' id='block_1_39' title="bbox 1863 993 3468 1067">
    <p class='ocr_par' dir='ltr' id='par_1_39' title="bbox 1863 993 3468 1067">
     <span class='ocr_line' id='line_1_39' title="bbox 1863 993 3468 1067; baseline 0.005 -18"><span class='ocrx_word' id='word_1_292' title='bbox 1863 993 2034 1061; x_wconf 87' lang='lat' dir='ltr'><strong>trina,</strong></span> <span class='ocrx_word' id='word_1_293' title='bbox 2076 993 2144 1051; x_wconf 93' lang='lat' dir='ltr'><strong>de</strong></span> <span class='ocrx_word' id='word_1_294' title='bbox 2190 995 2387 1067; x_wconf 90' lang='lat' dir='ltr'><strong>quibus</strong></span> <span class='ocrx_word' id='word_1_295' title='bbox 2434 996 2613 1066; x_wconf 91' lang='lat' dir='ltr'><strong>portis</strong></span> <span class='ocrx_word' id='word_1_296' title='bbox 2661 997 2900 1054; x_wconf 85' lang='lat' dir='ltr'><strong>cxaltata</strong></span> <span class='ocrx_word' id='word_1_297' title='bbox 2952 1007 3039 1055; x_wconf 89' lang='lat' dir='ltr'><strong>est</strong></span> <span class='ocrx_word' id='word_1_298' title='bbox 3084 999 3371 1057; x_wconf 86' lang='lat' dir='ltr'><strong>Ecclesia:</strong></span> <span class='ocrx_word' id='word_1_299' title='bbox 3410 1008 3468 1057; x_wconf 89' lang='lat' dir='ltr'><strong>et</strong></span> 
     </span>
    </p>
   </div>
   <div class='ocr_carea' id='block_1_40' title="bbox 1864 1074 3468 1162">
    <p class='ocr_par' dir='ltr' id='par_1_40' title="bbox 1864 1074 3468 1162">
     <span class='ocr_line' id='line_1_40' title="bbox 1864 1074 3468 1162; baseline 0.005 -21"><span class='ocrx_word' id='word_1_300' title='bbox 1864 1086 2031 1141; x_wconf 89' lang='lat' dir='ltr'><strong>missa</strong></span> <span class='ocrx_word' id='word_1_301' title='bbox 2059 1096 2145 1143; x_wconf 90' lang='lat' dir='ltr'><strong>est</strong></span> <span class='ocrx_word' id='word_1_302' title='bbox 2176 1088 2230 1143; x_wconf 94' lang='lat' dir='ltr'><strong>in</strong></span> <span class='ocrx_word' id='word_1_303' title='bbox 2262 1095 2450 1159; x_wconf 90' lang='lat' dir='ltr'><strong>portas</strong></span> <span class='ocrx_word' id='word_1_304' title='bbox 2476 1087 2606 1143; x_wconf 74' lang='lat' dir='ltr'><strong>ﬁlia:</strong></span> <span class='ocrx_word' id='word_1_305' title='bbox 2633 1087 2787 1158; x_wconf 91' lang='lat' dir='ltr'><strong>Sion,</strong></span> <span class='ocrx_word' id='word_1_306' title='bbox 2813 1104 2935 1161; x_wconf 65' lang='lat' dir='ltr'><strong>quae</strong></span> <span class='ocrx_word' id='word_1_307' title='bbox 2958 1099 3087 1146; x_wconf 89' lang='lat' dir='ltr'><strong>sunt</strong></span> <span class='ocrx_word' id='word_1_308' title='bbox 3110 1074 3284 1162; x_wconf 66' lang='lat' dir='ltr'><strong>portae</strong></span> <span class='ocrx_word' id='word_1_309' title='bbox 3313 1092 3468 1149; x_wconf 63' lang='lat' dir='ltr'><strong>vita}.</strong></span> 
     </span>
    </p>
   </div>
   <div class='ocr_carea' id='block_1_41' title="bbox 1864 1177 3465 1253">
    <p class='ocr_par' dir='ltr' id='par_1_41' title="bbox 1864 1177 3465 1253">
     <span class='ocr_line' id='line_1_41' title="bbox 1864 1177 3465 1253; baseline 0.003 -19"><span class='ocrx_word' id='word_1_310' title='bbox 1864 1177 2017 1234; x_wconf 90' lang='lat' dir='ltr'><strong>Sicut</strong></span> <span class='ocrx_word' id='word_1_311' title='bbox 2043 1194 2142 1249; x_wconf 90' lang='lat' dir='ltr'><strong>per</strong></span> <span class='ocrx_word' id='word_1_312' title='bbox 2172 1179 2371 1235; x_wconf 90' lang='lat' dir='ltr'><strong>malam</strong></span> <span class='ocrx_word' id='word_1_313' title='bbox 2403 1179 2707 1237; x_wconf 88' lang='lat' dir='ltr'><strong>doctrinam</strong></span> <span class='ocrx_word' id='word_1_314' title='bbox 2744 1181 2901 1252; x_wconf 88' lang='lat' dir='ltr'><strong>quasi</strong></span> <span class='ocrx_word' id='word_1_315' title='bbox 2929 1188 3118 1253; x_wconf 88' lang='lat' dir='ltr'><strong>portas</strong></span> <span class='ocrx_word' id='word_1_316' title='bbox 3159 1183 3352 1240; x_wconf 88' lang='lat' dir='ltr'><strong>mortis</strong></span> <span class='ocrx_word' id='word_1_317' title='bbox 3378 1184 3465 1239; x_wconf 81' lang='lat' dir='ltr'><strong>in-</strong></span> 
     </span>
    </p>
   </div>
   <div class='ocr_carea' id='block_1_42' title="bbox 1868 1270 3470 1342">
    <p class='ocr_par' dir='ltr' id='par_1_42' title="bbox 1868 1270 3470 1342">
     <span class='ocr_line' id='line_1_42' title="bbox 1868 1270 3470 1342; baseline 0.004 -17"><span class='ocrx_word' id='word_1_318' title='bbox 1868 1270 2197 1342; x_wconf 80' lang='lat' dir='ltr'><strong>telligimus,</strong></span> <span class='ocrx_word' id='word_1_319' title='bbox 2244 1287 2367 1342; x_wconf 79' lang='lat' dir='ltr'><strong>qua:</strong></span> <span class='ocrx_word' id='word_1_320' title='bbox 2413 1286 2517 1328; x_wconf 90' lang='lat' dir='ltr'><strong>nos</strong></span> <span class='ocrx_word' id='word_1_321' title='bbox 2560 1272 2629 1328; x_wconf 89' lang='lat' dir='ltr'><strong>ad</strong></span> <span class='ocrx_word' id='word_1_322' title='bbox 2670 1273 2950 1329; x_wconf 90' lang='lat' dir='ltr'><strong>interitum</strong></span> <span class='ocrx_word' id='word_1_323' title='bbox 2997 1273 3249 1331; x_wconf 90' lang='lat' dir='ltr'><strong>ducunt:</strong></span> <span class='ocrx_word' id='word_1_324' title='bbox 3299 1276 3371 1331; x_wconf 88' lang='lat' dir='ltr'><strong>ita</strong></span> <span class='ocrx_word' id='word_1_325' title='bbox 3413 1286 3470 1333; x_wconf 89' lang='lat' dir='ltr'><strong>et</strong></span> 
     </span>
    </p>
   </div>
   <div class='ocr_carea' id='block_1_43' title="bbox 1868 1362 3465 1439">
    <p class='ocr_par' dir='ltr' id='par_1_43' title="bbox 1868 1362 3465 1439">
     <span class='ocr_line' id='line_1_43' title="bbox 1868 1362 3465 1439; baseline 0.005 -22"><span class='ocrx_word' id='word_1_326' title='bbox 1868 1372 2055 1434; x_wconf 90' lang='lat' dir='ltr'><strong>portas</strong></span> <span class='ocrx_word' id='word_1_327' title='bbox 2076 1364 2199 1420; x_wconf 69' lang='lat' dir='ltr'><strong>vita:</strong></span> <span class='ocrx_word' id='word_1_328' title='bbox 2228 1362 2581 1437; x_wconf 78' lang='lat' dir='ltr'><strong>intelligimus</strong></span> <span class='ocrx_word' id='word_1_329' title='bbox 2609 1365 2784 1422; x_wconf 88' lang='lat' dir='ltr'><strong>bonos</strong></span> <span class='ocrx_word' id='word_1_330' title='bbox 2814 1365 3222 1437; x_wconf 68' lang='lat' dir='ltr'><strong>praedicatores,</strong></span> <span class='ocrx_word' id='word_1_331' title='bbox 3246 1369 3339 1439; x_wconf 86' lang='lat' dir='ltr'><strong>qui</strong></span> <span class='ocrx_word' id='word_1_332' title='bbox 3365 1383 3465 1425; x_wconf 89' lang='lat' dir='ltr'><strong>nos</strong></span> 
     </span>
    </p>
   </div>
   <div class='ocr_carea' id='block_1_44' title="bbox 1868 1458 3320 1527">
    <p class='ocr_par' dir='ltr' id='par_1_44' title="bbox 1868 1458 3320 1527">
     <span class='ocr_line' id='line_1_44' title="bbox 1868 1458 3320 1527; baseline 0.003 -14"><span class='ocrx_word' id='word_1_333' title='bbox 1868 1471 1967 1527; x_wconf 90' lang='lat' dir='ltr'><strong>per</strong></span> <span class='ocrx_word' id='word_1_334' title='bbox 1987 1473 2141 1513; x_wconf 90' lang='lat' dir='ltr'><strong>suam</strong></span> <span class='ocrx_word' id='word_1_335' title='bbox 2165 1459 2473 1515; x_wconf 89' lang='lat' dir='ltr'><strong>doctrinam</strong></span> <span class='ocrx_word' id='word_1_336' title='bbox 2503 1458 2570 1514; x_wconf 90' lang='lat' dir='ltr'><strong>ad</strong></span> <span class='ocrx_word' id='word_1_337' title='bbox 2600 1459 2767 1516; x_wconf 89' lang='lat' dir='ltr'><strong>vitam</strong></span> <span class='ocrx_word' id='word_1_338' title='bbox 2798 1468 3063 1516; x_wconf 86' lang='lat' dir='ltr'><strong>aeternam</strong></span> <span class='ocrx_word' id='word_1_339' title='bbox 3093 1461 3320 1518; x_wconf 90' lang='lat' dir='ltr'><strong>ducunt.</strong></span> 
     </span>
    </p>
   </div>
   <div class='ocr_carea' id='block_1_45' title="bbox 1939 1549 3467 1626">
    <p class='ocr_par' dir='ltr' id='par_1_45' title="bbox 1939 1549 3467 1626">
     <span class='ocr_line' id='line_1_45' title="bbox 1939 1549 3467 1626; baseline 0.003 -20"><span class='ocrx_word' id='word_1_340' title='bbox 1939 1549 2241 1607; x_wconf 77' lang='lat' dir='ltr'><strong>Exsultabo</strong></span> <span class='ocrx_word' id='word_1_341' title='bbox 2267 1553 2323 1608; x_wconf 89' lang='lat' dir='ltr'><strong>in</strong></span> <span class='ocrx_word' id='word_1_342' title='bbox 2350 1552 2573 1608; x_wconf 85' lang='lat' dir='ltr'><strong>salutari</strong></span> <span class='ocrx_word' id='word_1_343' title='bbox 2598 1562 2709 1608; x_wconf 87' lang='lat' dir='ltr'><strong>tuo.</strong></span> <span class='ocrx_word' id='word_1_344' title='bbox 2742 1551 3066 1622; x_wconf 79' lang='lat' dir='ltr'><strong>Exsultabo,</strong></span> <span class='ocrx_word' id='word_1_345' title='bbox 3098 1551 3150 1608; x_wconf 92' lang='lat' dir='ltr'><strong>id</strong></span> <span class='ocrx_word' id='word_1_346' title='bbox 3179 1562 3300 1625; x_wconf 85' lang='lat' dir='ltr'><strong>est,</strong></span> <span class='ocrx_word' id='word_1_347' title='bbox 3332 1568 3467 1626; x_wconf 85' lang='lat' dir='ltr'><strong>gatt-</strong></span> 
     </span>
    </p>
   </div>
   <div class='ocr_carea' id='block_1_46' title="bbox 1869 1642 3007 1716">
    <p class='ocr_par' dir='ltr' id='par_1_46' title="bbox 1869 1642 3007 1716">
     <span class='ocr_line' id='line_1_46' title="bbox 1869 1642 3007 1716; baseline 0.002 -17"><span class='ocrx_word' id='word_1_348' title='bbox 1869 1642 2010 1700; x_wconf 86' lang='lat' dir='ltr'><strong>dcbo</strong></span> <span class='ocrx_word' id='word_1_349' title='bbox 2038 1663 2050 1698; x_wconf 87' lang='lat'><strong>:</strong></span> <span class='ocrx_word' id='word_1_350' title='bbox 2083 1642 2150 1698; x_wconf 88' lang='lat' dir='ltr'><strong>In</strong></span> <span class='ocrx_word' id='word_1_351' title='bbox 2179 1644 2403 1701; x_wconf 88' lang='lat' dir='ltr'><strong>salutari</strong></span> <span class='ocrx_word' id='word_1_352' title='bbox 2432 1652 2543 1716; x_wconf 85' lang='lat' dir='ltr'><strong>tuo,</strong></span> <span class='ocrx_word' id='word_1_353' title='bbox 2571 1645 2623 1699; x_wconf 91' lang='lat' dir='ltr'><strong>in</strong></span> <span class='ocrx_word' id='word_1_354' title='bbox 2645 1642 2867 1702; x_wconf 85' lang='lat' dir='ltr'><strong>Christo</strong></span> <span class='ocrx_word' id='word_1_355' title='bbox 2893 1654 3007 1702; x_wconf 90' lang='lat' dir='ltr'><strong>tuo.</strong></span> 
     </span>
    </p>
   </div>
   <div class='ocr_carea' id='block_1_47' title="bbox 1943 1734 3474 1811">
    <p class='ocr_par' dir='ltr' id='par_1_47' title="bbox 1943 1734 3474 1811">
     <span class='ocr_line' id='line_1_47' title="bbox 1943 1734 3474 1811; baseline 0.005 -21"><span class='ocrx_word' id='word_1_356' title='bbox 1943 1734 2134 1807; x_wconf 69' lang='lat' dir='ltr'><strong>Inﬁxae</strong></span> <span class='ocrx_word' id='word_1_357' title='bbox 2163 1746 2286 1792; x_wconf 89' lang='lat' dir='ltr'><strong>sunt</strong></span> <span class='ocrx_word' id='word_1_358' title='bbox 2327 1746 2503 1811; x_wconf 83' lang='lat' dir='ltr'><strong>gentes</strong></span> <span class='ocrx_word' id='word_1_359' title='bbox 2531 1737 2585 1791; x_wconf 90' lang='lat' dir='ltr'><strong>in</strong></span> <span class='ocrx_word' id='word_1_360' title='bbox 2621 1738 2832 1793; x_wconf 86' lang='lat' dir='ltr'><strong>interitu</strong></span> <span class='ocrx_word' id='word_1_361' title='bbox 2876 1753 3027 1809; x_wconf 86' lang='lat' dir='ltr'><strong>quem</strong></span> <span class='ocrx_word' id='word_1_362' title='bbox 3055 1741 3311 1810; x_wconf 80' lang='lat' dir='ltr'><strong>fecerunt.</strong></span> <span class='ocrx_word' id='word_1_363' title='bbox 3356 1737 3474 1797; x_wconf 85' lang='lat' dir='ltr'><strong>Hoc</strong></span> 
     </span>
    </p>
   </div>
   <div class='ocr_carea' id='block_1_48' title="bbox 1795 1828 3470 1902">
    <p class='ocr_par' dir='ltr' id='par_1_48' title="bbox 1795 1828 3470 1902">
     <span class='ocr_line' id='line_1_48' title="bbox 1795 1828 3470 1902; baseline -0.002 -11"><span class='ocrx_word' id='word_1_364' title='bbox 1795 1829 1844 1891; x_wconf 88' lang='grc' dir='ltr'><strong>Β</strong></span> <span class='ocrx_word' id='word_1_365' title='bbox 1873 1837 1979 1896; x_wconf 88' lang='grc' dir='ltr'>εει,</span> <span class='ocrx_word' id='word_1_366' title='bbox 2001 1828 2056 1885; x_wconf 94' lang='lat' dir='ltr'><strong>in</strong></span> <span class='ocrx_word' id='word_1_367' title='bbox 2085 1829 2248 1886; x_wconf 88' lang='lat' dir='ltr'><strong>malis</strong></span> <span class='ocrx_word' id='word_1_368' title='bbox 2273 1830 2532 1900; x_wconf 87' lang='lat' dir='ltr'><strong>operibus</strong></span> <span class='ocrx_word' id='word_1_369' title='bbox 2558 1845 2680 1902; x_wconf 68' lang='lat' dir='ltr'><strong>quae</strong></span> <span class='ocrx_word' id='word_1_370' title='bbox 2702 1831 2975 1899; x_wconf 83' lang='lat' dir='ltr'><strong>iecerunt,</strong></span> <span class='ocrx_word' id='word_1_371' title='bbox 3004 1830 3077 1887; x_wconf 91' lang='lat' dir='ltr'><strong>ibi</strong></span> <span class='ocrx_word' id='word_1_372' title='bbox 3110 1830 3294 1888; x_wconf 69' lang='lat' dir='ltr'><strong>inﬁxae</strong></span> <span class='ocrx_word' id='word_1_373' title='bbox 3320 1843 3470 1902; x_wconf 88' lang='lat' dir='ltr'><strong>sunt,</strong></span> 
     </span>
    </p>
   </div>
   <div class='ocr_carea' id='block_1_49' title="bbox 1864 1921 3472 1996">
    <p class='ocr_par' dir='ltr' id='par_1_49' title="bbox 1864 1921 3472 1996">
     <span class='ocr_line' id='line_1_49' title="bbox 1864 1921 3472 1996; baseline 0 -16"><span class='ocrx_word' id='word_1_374' title='bbox 1864 1923 1934 1980; x_wconf 92' lang='lat' dir='ltr'><strong>de</strong></span> <span class='ocrx_word' id='word_1_375' title='bbox 1982 1922 2182 1995; x_wconf 89' lang='lat' dir='ltr'><strong>quibus</strong></span> <span class='ocrx_word' id='word_1_376' title='bbox 2232 1921 2545 1992; x_wconf 79' lang='lat' dir='ltr'><strong>iudicandae</strong></span> <span class='ocrx_word' id='word_1_377' title='bbox 2590 1930 2739 1979; x_wconf 91' lang='lat' dir='ltr'><strong>sunt.</strong></span> <span class='ocrx_word' id='word_1_378' title='bbox 2798 1921 2867 1978; x_wconf 86' lang='lat' dir='ltr'><strong>In</strong></span> <span class='ocrx_word' id='word_1_379' title='bbox 2919 1923 3106 1995; x_wconf 85' lang='lat' dir='ltr'><strong>laqueo</strong></span> <span class='ocrx_word' id='word_1_380' title='bbox 3158 1925 3261 1979; x_wconf 85' lang='lat' dir='ltr'><strong>isto</strong></span> <span class='ocrx_word' id='word_1_381' title='bbox 3317 1939 3472 1996; x_wconf 87' lang='lat' dir='ltr'><strong>quem</strong></span> 
     </span>
    </p>
   </div>
   <div class='ocr_carea' id='block_1_50' title="bbox 1864 2013 3472 2088">
    <p class='ocr_par' dir='ltr' id='par_1_50' title="bbox 1864 2013 3472 2088">
     <span class='ocr_line' id='line_1_50' title="bbox 1864 2013 3472 2088; baseline 0.001 -18"><span class='ocrx_word' id='word_1_382' title='bbox 1864 2013 2268 2082; x_wconf 81' lang='lat' dir='ltr'><strong>absconderant,</strong></span> <span class='ocrx_word' id='word_1_383' title='bbox 2299 2021 2406 2070; x_wconf 89' lang='lat' dir='ltr'><strong>etc.</strong></span> <span class='ocrx_word' id='word_1_384' title='bbox 2441 2013 2578 2083; x_wconf 88' lang='lat' dir='ltr'><strong>Quia</strong></span> <span class='ocrx_word' id='word_1_385' title='bbox 2610 2015 2989 2087; x_wconf 88' lang='lat' dir='ltr'><strong>unusquisque</strong></span> <span class='ocrx_word' id='word_1_386' title='bbox 3023 2016 3279 2088; x_wconf 89' lang='lat' dir='ltr'><strong>laqueum</strong></span> <span class='ocrx_word' id='word_1_387' title='bbox 3309 2031 3472 2088; x_wconf 89' lang='lat' dir='ltr'><strong>quem</strong></span> 
     </span>
    </p>
   </div>
   <div class='ocr_carea' id='block_1_51' title="bbox 1865 2105 3376 2179">
    <p class='ocr_par' dir='ltr' id='par_1_51' title="bbox 1865 2105 3376 2179">
     <span class='ocr_line' id='line_1_51' title="bbox 1865 2105 3376 2179; baseline 0.001 -17"><span class='ocrx_word' id='word_1_388' title='bbox 1865 2107 2024 2163; x_wconf 88' lang='lat' dir='ltr'><strong>alteri</strong></span> <span class='ocrx_word' id='word_1_389' title='bbox 2047 2114 2206 2178; x_wconf 88' lang='lat' dir='ltr'><strong>parat</strong></span> <span class='ocrx_word' id='word_1_390' title='bbox 2229 2106 2296 2162; x_wconf 91' lang='lat' dir='ltr'><strong>ad</strong></span> <span class='ocrx_word' id='word_1_391' title='bbox 2327 2105 2658 2174; x_wconf 87' lang='lat' dir='ltr'><strong>cadendum,</strong></span> <span class='ocrx_word' id='word_1_392' title='bbox 2688 2106 2808 2178; x_wconf 89' lang='lat' dir='ltr'><strong>ipse</strong></span> <span class='ocrx_word' id='word_1_393' title='bbox 2834 2108 2986 2179; x_wconf 89' lang='lat' dir='ltr'><strong>prius</strong></span> <span class='ocrx_word' id='word_1_394' title='bbox 3013 2109 3069 2163; x_wconf 92' lang='lat' dir='ltr'><strong>in</strong></span> <span class='ocrx_word' id='word_1_395' title='bbox 3100 2122 3170 2164; x_wconf 92' lang='lat' dir='ltr'><strong>eo</strong></span> <span class='ocrx_word' id='word_1_396' title='bbox 3194 2108 3376 2165; x_wconf 88' lang='lat' dir='ltr'><strong>cadet.</strong></span> 
     </span>
    </p>
   </div>
   <div class='ocr_carea' id='block_1_52' title="bbox 1939 2197 3461 2272">
    <p class='ocr_par' dir='ltr' id='par_1_52' title="bbox 1939 2197 3461 2272">
     <span class='ocr_line' id='line_1_52' title="bbox 1939 2197 3461 2272; baseline 0.001 -19"><span class='ocrx_word' id='word_1_397' title='bbox 1939 2197 2285 2272; x_wconf 87' lang='lat' dir='ltr'><strong>Cognoscetur</strong></span> <span class='ocrx_word' id='word_1_398' title='bbox 2309 2197 2566 2253; x_wconf 87' lang='lat' dir='ltr'><strong>Dominus</strong></span> <span class='ocrx_word' id='word_1_399' title='bbox 2600 2198 2809 2271; x_wconf 88' lang='lat' dir='ltr'><strong>judicia</strong></span> <span class='ocrx_word' id='word_1_400' title='bbox 2836 2199 3057 2270; x_wconf 82' lang='lat' dir='ltr'><strong>faciens.</strong></span> <span class='ocrx_word' id='word_1_401' title='bbox 3086 2198 3461 2271; x_wconf 84' lang='lat' dir='ltr'><strong>Cognoscetur,</strong></span> 
     </span>
    </p>
   </div>
   <div class='ocr_carea' id='block_1_53' title="bbox 1866 2291 3463 2363">
    <p class='ocr_par' dir='ltr' id='par_1_53' title="bbox 1866 2291 3463 2363">
     <span class='ocr_line' id='line_1_53' title="bbox 1866 2291 3463 2363; baseline 0.001 -14"><span class='ocrx_word' id='word_1_402' title='bbox 1866 2292 1974 2349; x_wconf 91' lang='lat' dir='ltr'><strong>hoc</strong></span> <span class='ocrx_word' id='word_1_403' title='bbox 1993 2302 2100 2360; x_wconf 88' lang='lat' dir='ltr'><strong>est,</strong></span> <span class='ocrx_word' id='word_1_404' title='bbox 2128 2292 2198 2348; x_wconf 88' lang='lat' dir='ltr'><strong>ad</strong></span> <span class='ocrx_word' id='word_1_405' title='bbox 2222 2291 2514 2363; x_wconf 88' lang='lat' dir='ltr'><strong>iudicium.</strong></span> <span class='ocrx_word' id='word_1_406' title='bbox 2563 2291 2632 2347; x_wconf 88' lang='lat' dir='ltr'><strong>In</strong></span> <span class='ocrx_word' id='word_1_407' title='bbox 2676 2292 2919 2362; x_wconf 86' lang='lat' dir='ltr'><strong>operibus</strong></span> <span class='ocrx_word' id='word_1_408' title='bbox 2960 2309 3212 2349; x_wconf 88' lang='lat' dir='ltr'><strong>manuum</strong></span> <span class='ocrx_word' id='word_1_409' title='bbox 3248 2311 3463 2350; x_wconf 87' lang='lat' dir='ltr'><strong>suarum</strong></span> 
     </span>
    </p>
   </div>
   <div class='ocr_carea' id='block_1_54' title="bbox 1868 2384 3470 2458">
    <p class='ocr_par' dir='ltr' id='par_1_54' title="bbox 1868 2384 3470 2458">
     <span class='ocr_line' id='line_1_54' title="bbox 1868 2384 3470 2458; baseline 0.002 -19"><span class='ocrx_word' id='word_1_410' title='bbox 1868 2384 2269 2457; x_wconf 82' lang='lat' dir='ltr'><strong>comprehensus</strong></span> <span class='ocrx_word' id='word_1_411' title='bbox 2289 2394 2365 2440; x_wconf 85' lang='lat' dir='ltr'><strong>est</strong></span> <span class='ocrx_word' id='word_1_412' title='bbox 2382 2393 2643 2458; x_wconf 86' lang='lat' dir='ltr'><strong>peccator.</strong></span> <span class='ocrx_word' id='word_1_413' title='bbox 2661 2385 2798 2452; x_wconf 85' lang='lat' dir='ltr'><strong>Quia</strong></span> <span class='ocrx_word' id='word_1_414' title='bbox 2822 2385 3195 2457; x_wconf 88' lang='lat' dir='ltr'><strong>unusquisque</strong></span> <span class='ocrx_word' id='word_1_415' title='bbox 3211 2396 3470 2457; x_wconf 87' lang='lat' dir='ltr'><strong>peccator</strong></span> 
     </span>
    </p>
   </div>
   <div class='ocr_carea' id='block_1_55' title="bbox 1868 2478 3471 2552">
    <p class='ocr_par' dir='ltr' id='par_1_55' title="bbox 1868 2478 3471 2552">
     <span class='ocr_line' id='line_1_55' title="bbox 1868 2478 3471 2552; baseline 0.002 -17"><span class='ocrx_word' id='word_1_416' title='bbox 1868 2479 1990 2550; x_wconf 88' lang='lat' dir='ltr'><strong>ipse</strong></span> <span class='ocrx_word' id='word_1_417' title='bbox 2025 2478 2136 2535; x_wconf 86' lang='lat' dir='ltr'><strong>sibi</strong></span> <span class='ocrx_word' id='word_1_418' title='bbox 2165 2493 2351 2537; x_wconf 89' lang='lat' dir='ltr'><strong>secum</strong></span> <span class='ocrx_word' id='word_1_419' title='bbox 2380 2487 2561 2551; x_wconf 88' lang='lat' dir='ltr'><strong>portat</strong></span> <span class='ocrx_word' id='word_1_420' title='bbox 2598 2489 2653 2536; x_wconf 91' lang='lat' dir='ltr'><strong>et</strong></span> <span class='ocrx_word' id='word_1_421' title='bbox 2682 2480 2874 2547; x_wconf 88' lang='lat' dir='ltr'><strong>funes,</strong></span> <span class='ocrx_word' id='word_1_422' title='bbox 2907 2489 2962 2536; x_wconf 93' lang='lat' dir='ltr'><strong>et</strong></span> <span class='ocrx_word' id='word_1_423' title='bbox 2990 2480 3240 2552; x_wconf 90' lang='lat' dir='ltr'><strong>vincula,</strong></span> <span class='ocrx_word' id='word_1_424' title='bbox 3275 2492 3329 2538; x_wconf 87' lang='lat' dir='ltr'><strong>et</strong></span> <span class='ocrx_word' id='word_1_425' title='bbox 3358 2491 3471 2539; x_wconf 83' lang='lat' dir='ltr'><strong>tor-</strong></span> 
     </span>
    </p>
   </div>
   <div class='ocr_carea' id='block_1_56' title="bbox 1868 2570 3469 2640">
    <p class='ocr_par' dir='ltr' id='par_1_56' title="bbox 1868 2570 3469 2640">
     <span class='ocr_line' id='line_1_56' title="bbox 1868 2570 3469 2640; baseline 0.003 -12"><span class='ocrx_word' id='word_1_426' title='bbox 1868 2581 2076 2640; x_wconf 89' lang='lat' dir='ltr'><strong>menta,</strong></span> <span class='ocrx_word' id='word_1_427' title='bbox 2112 2570 2258 2628; x_wconf 90' lang='lat' dir='ltr'><strong>unde</strong></span> <span class='ocrx_word' id='word_1_428' title='bbox 2298 2570 2567 2629; x_wconf 88' lang='lat' dir='ltr'><strong>sustineat</strong></span> <span class='ocrx_word' id='word_1_429' title='bbox 2592 2572 2757 2628; x_wconf 89' lang='lat' dir='ltr'><strong>mala.</strong></span> <span class='ocrx_word' id='word_1_430' title='bbox 2788 2571 2923 2628; x_wconf 91' lang='lat' dir='ltr'><strong>Nam</strong></span> <span class='ocrx_word' id='word_1_431' title='bbox 2963 2572 3029 2630; x_wconf 89' lang='lat' dir='ltr'><strong>ab</strong></span> <span class='ocrx_word' id='word_1_432' title='bbox 3069 2574 3196 2631; x_wconf 89' lang='lat' dir='ltr'><strong>aliis</strong></span> <span class='ocrx_word' id='word_1_433' title='bbox 3239 2590 3350 2632; x_wconf 91' lang='lat' dir='ltr'><strong>non</strong></span> <span class='ocrx_word' id='word_1_434' title='bbox 3378 2586 3469 2633; x_wconf 91' lang='lat' dir='ltr'><strong>est</strong></span> 
     </span>
    </p>
   </div>
   <div class='ocr_carea' id='block_1_57' title="bbox 1869 2663 3465 2739">
    <p class='ocr_par' dir='ltr' id='par_1_57' title="bbox 1869 2663 3465 2739">
     <span class='ocr_line' id='line_1_57' title="bbox 1869 2663 3465 2739; baseline 0.003 -19"><span class='ocrx_word' id='word_1_435' title='bbox 1869 2678 2099 2721; x_wconf 89' lang='lat' dir='ltr'><strong>necesse</strong></span> <span class='ocrx_word' id='word_1_436' title='bbox 2125 2663 2427 2735; x_wconf 67' lang='lat' dir='ltr'><strong>praaparari</strong></span> <span class='ocrx_word' id='word_1_437' title='bbox 2454 2663 2602 2720; x_wconf 90' lang='lat' dir='ltr'><strong>unde</strong></span> <span class='ocrx_word' id='word_1_438' title='bbox 2647 2673 2995 2737; x_wconf 88' lang='lat' dir='ltr'><strong>torqueatur,</strong></span> <span class='ocrx_word' id='word_1_439' title='bbox 3043 2680 3166 2723; x_wconf 91' lang='lat' dir='ltr'><strong>cum</strong></span> <span class='ocrx_word' id='word_1_440' title='bbox 3197 2664 3315 2739; x_wconf 89' lang='lat' dir='ltr'><strong>ipse</strong></span> <span class='ocrx_word' id='word_1_441' title='bbox 3361 2668 3465 2726; x_wconf 90' lang='lat' dir='ltr'><strong>sibi</strong></span> 
     </span>
    </p>
   </div>
   <div class='ocr_carea' id='block_1_58' title="bbox 1870 2756 2976 2829">
    <p class='ocr_par' dir='ltr' id='par_1_58' title="bbox 1870 2756 2976 2829">
     <span class='ocr_line' id='line_1_58' title="bbox 1870 2756 2976 2829; baseline 0.004 -19"><span class='ocrx_word' id='word_1_442' title='bbox 1870 2764 2143 2827; x_wconf 71' lang='lat' dir='ltr'><strong>praeparet</strong></span> <span class='ocrx_word' id='word_1_443' title='bbox 2168 2772 2291 2828; x_wconf 66' lang='lat' dir='ltr'><strong>qua:</strong></span> <span class='ocrx_word' id='word_1_444' title='bbox 2319 2756 2385 2813; x_wconf 90' lang='lat' dir='ltr'><strong>ad</strong></span> <span class='ocrx_word' id='word_1_445' title='bbox 2409 2771 2627 2828; x_wconf 76' lang='lat' dir='ltr'><strong>ptenam</strong></span> <span class='ocrx_word' id='word_1_446' title='bbox 2658 2757 2976 2829; x_wconf 86' lang='lat' dir='ltr'><strong>pertinent:</strong></span> 
     </span>
    </p>
   </div>
   <div class='ocr_carea' id='block_1_59' title="bbox 1940 2846 3470 2927">
    <p class='ocr_par' dir='ltr' id='par_1_59' title="bbox 1940 2846 3470 2927">
     <span class='ocr_line' id='line_1_59' title="bbox 1940 2846 3470 2927; baseline 0.007 -24"><span class='ocrx_word' id='word_1_447' title='bbox 1940 2846 2322 2904; x_wconf 80' lang='lat' dir='ltr'><strong>Convertuntur</strong></span> <span class='ocrx_word' id='word_1_448' title='bbox 2349 2858 2643 2921; x_wconf 85' lang='lat' dir='ltr'><strong>peceatores</strong></span> <span class='ocrx_word' id='word_1_449' title='bbox 2686 2850 2742 2904; x_wconf 88' lang='lat' dir='ltr'><strong>in</strong></span> <span class='ocrx_word' id='word_1_450' title='bbox 2772 2850 3057 2923; x_wconf 82' lang='lat' dir='ltr'><strong>infernum.</strong></span> <span class='ocrx_word' id='word_1_451' title='bbox 3094 2852 3150 2909; x_wconf 90' lang='lat' dir='ltr'><strong>Id</strong></span> <span class='ocrx_word' id='word_1_452' title='bbox 3180 2862 3295 2924; x_wconf 89' lang='lat' dir='ltr'><strong>est,</strong></span> <span class='ocrx_word' id='word_1_453' title='bbox 3340 2856 3470 2927; x_wconf 86' lang='lat' dir='ltr'><strong>quia</strong></span> 
     </span>
    </p>
   </div>
   <div class='ocr_carea' id='block_1_60' title="bbox 1870 2941 3471 3011">
    <p class='ocr_par' dir='ltr' id='par_1_60' title="bbox 1870 2941 3471 3011">
     <span class='ocr_line' id='line_1_60' title="bbox 1870 2941 3471 3011; baseline 0.003 -12"><span class='ocrx_word' id='word_1_454' title='bbox 1870 2943 2017 2999; x_wconf 88' lang='lat' dir='ltr'><strong>ultra</strong></span> <span class='ocrx_word' id='word_1_455' title='bbox 2061 2941 2225 2999; x_wconf 87' lang='lat' dir='ltr'><strong>ﬁnem</strong></span> <span class='ocrx_word' id='word_1_456' title='bbox 2274 2941 2463 2999; x_wconf 70' lang='lat' dir='ltr'><strong>steculi</strong></span> <span class='ocrx_word' id='word_1_457' title='bbox 2493 2943 2680 3000; x_wconf 82' lang='lat' dir='ltr'><strong>vivere</strong></span> <span class='ocrx_word' id='word_1_458' title='bbox 2727 2943 2940 3011; x_wconf 87' lang='lat' dir='ltr'><strong>volunt,</strong></span> <span class='ocrx_word' id='word_1_459' title='bbox 2990 2956 3386 3005; x_wconf 84' lang='lat' dir='ltr'><strong>convertantur</strong></span> <span class='ocrx_word' id='word_1_460' title='bbox 3415 2948 3471 3004; x_wconf 92' lang='lat' dir='ltr'><strong>in</strong></span> 
     </span>
    </p>
   </div>
   <div class='ocr_carea' id='block_1_61' title="bbox 1872 3032 3471 3108">
    <p class='ocr_par' dir='ltr' id='par_1_61' title="bbox 1872 3032 3471 3108">
     <span class='ocr_line' id='line_1_61' title="bbox 1872 3032 3471 3108; baseline 0.004 -18"><span class='ocrx_word' id='word_1_461' title='bbox 1872 3035 2170 3092; x_wconf 74' lang='lat' dir='ltr'><strong>infernum.</strong></span> <span class='ocrx_word' id='word_1_462' title='bbox 2227 3032 2418 3090; x_wconf 82' lang='lat' dir='ltr'><strong>Omnes</strong></span> <span class='ocrx_word' id='word_1_463' title='bbox 2464 3043 2641 3108; x_wconf 88' lang='lat' dir='ltr'><strong>gentes</strong></span> <span class='ocrx_word' id='word_1_464' title='bbox 2688 3050 2807 3106; x_wconf 74' lang='lat' dir='ltr'><strong>qua:</strong></span> <span class='ocrx_word' id='word_1_465' title='bbox 2855 3035 3234 3093; x_wconf 86' lang='lat' dir='ltr'><strong>obliviscuntur</strong></span> <span class='ocrx_word' id='word_1_466' title='bbox 3284 3038 3471 3096; x_wconf 88' lang='lat' dir='ltr'><strong>Deum.</strong></span> 
     </span>
    </p>
   </div>
   <div class='ocr_carea' id='block_1_62' title="bbox 1876 3125 3473 3199">
    <p class='ocr_par' dir='ltr' id='par_1_62' title="bbox 1876 3125 3473 3199">
     <span class='ocr_line' id='line_1_62' title="bbox 1876 3125 3473 3199; baseline 0.003 -14"><span class='ocrx_word' id='word_1_467' title='bbox 1876 3128 1994 3185; x_wconf 86' lang='lat' dir='ltr'><strong>Hoc</strong></span> <span class='ocrx_word' id='word_1_468' title='bbox 2022 3135 2130 3196; x_wconf 88' lang='grc' dir='ltr'>εει,</span> <span class='ocrx_word' id='word_1_469' title='bbox 2161 3126 2256 3198; x_wconf 90' lang='lat' dir='ltr'><strong>qui</strong></span> <span class='ocrx_word' id='word_1_470' title='bbox 2293 3126 2485 3183; x_wconf 90' lang='lat' dir='ltr'><strong>dicunt</strong></span> <span class='ocrx_word' id='word_1_471' title='bbox 2522 3125 2667 3198; x_wconf 90' lang='lat' dir='ltr'><strong>quod</strong></span> <span class='ocrx_word' id='word_1_472' title='bbox 2691 3127 2839 3184; x_wconf 87' lang='lat' dir='ltr'><strong>Deus</strong></span> <span class='ocrx_word' id='word_1_473' title='bbox 2866 3127 3247 3199; x_wconf 84' lang='lat' dir='ltr'><strong>obliviscatur,</strong></span> <span class='ocrx_word' id='word_1_474' title='bbox 3280 3139 3338 3188; x_wconf 92' lang='lat' dir='ltr'><strong>et</strong></span> <span class='ocrx_word' id='word_1_475' title='bbox 3364 3146 3473 3189; x_wconf 90' lang='lat' dir='ltr'><strong>non</strong></span> 
     </span>
    </p>
   </div>
   <div class='ocr_carea' id='block_1_63' title="bbox 179 3220 3475 3297">
    <p class='ocr_par' dir='ltr' id='par_1_63' title="bbox 179 3220 3475 3297">
     <span class='ocr_line' id='line_1_63' title="bbox 179 3220 3475 3297; baseline 0.002 -21"><span class='ocrx_word' id='word_1_476' title='bbox 179 3221 227 3277; x_wconf 92' lang='lat' dir='ltr'><strong>in</strong></span> <span class='ocrx_word' id='word_1_477' title='bbox 252 3223 713 3297; x_wconf 87' lang='lat' dir='ltr'><strong>concupiscentiis</strong></span> <span class='ocrx_word' id='word_1_478' title='bbox 738 3222 944 3280; x_wconf 84' lang='lat' dir='ltr'><strong>steculi.</strong></span> <span class='ocrx_word' id='word_1_479' title='bbox 977 3223 1080 3290; x_wconf 88' lang='lat' dir='ltr'><strong>Qtti</strong></span> <span class='ocrx_word' id='word_1_480' title='bbox 1105 3230 1355 3278; x_wconf 85' lang='lat' dir='ltr'><strong>noverant</strong></span> <span class='ocrx_word' id='word_1_481' title='bbox 1384 3235 1568 3276; x_wconf 87' lang='lat' dir='ltr'><strong>nomen</strong></span> <span class='ocrx_word' id='word_1_482' title='bbox 1598 3230 1761 3275; x_wconf 90' lang='lat' dir='ltr'><strong>tuum.</strong></span> <span class='ocrx_word' id='word_1_483' title='bbox 1797 3222 1844 3288; x_wconf 90' lang='lat' dir='ltr'>C</span> <span class='ocrx_word' id='word_1_484' title='bbox 1876 3222 2078 3280; x_wconf 87' lang='lat' dir='ltr'><strong>habeat</strong></span> <span class='ocrx_word' id='word_1_485' title='bbox 2115 3236 2301 3278; x_wconf 90' lang='lat' dir='ltr'><strong>curam</strong></span> <span class='ocrx_word' id='word_1_486' title='bbox 2348 3221 2417 3277; x_wconf 91' lang='lat' dir='ltr'><strong>de</strong></span> <span class='ocrx_word' id='word_1_487' title='bbox 2460 3221 2628 3278; x_wconf 91' lang='lat' dir='ltr'><strong>rebus</strong></span> <span class='ocrx_word' id='word_1_488' title='bbox 2673 3222 2819 3290; x_wconf 90' lang='lat' dir='ltr'><strong>suis,</strong></span> <span class='ocrx_word' id='word_1_489' title='bbox 2867 3220 2973 3292; x_wconf 88' lang='lat' dir='ltr'><strong>ipsi</strong></span> <span class='ocrx_word' id='word_1_490' title='bbox 3021 3223 3414 3281; x_wconf 86' lang='lat' dir='ltr'><strong>obliviscantur</strong></span> <span class='ocrx_word' id='word_1_491' title='bbox 3444 3243 3475 3283; x_wconf 90' lang='lat' dir='ltr'><strong>a</strong></span> 
     </span>
    </p>
   </div>
   <div class='ocr_carea' id='block_1_64' title="bbox 174 3311 1767 3388">
    <p class='ocr_par' dir='ltr' id='par_1_64' title="bbox 174 3311 1767 3388">
     <span class='ocr_line' id='line_1_64' title="bbox 174 3311 1767 3388; baseline -0.001 -20"><span class='ocrx_word' id='word_1_492' title='bbox 174 3312 293 3372; x_wconf 81' lang='lat' dir='ltr'><strong>Sive</strong></span> <span class='ocrx_word' id='word_1_493' title='bbox 348 3316 696 3388; x_wconf 83' lang='lat' dir='ltr'><strong>potentiam,</strong></span> <span class='ocrx_word' id='word_1_494' title='bbox 754 3316 871 3372; x_wconf 87' lang='lat' dir='ltr'><strong>sive</strong></span> <span class='ocrx_word' id='word_1_495' title='bbox 924 3312 1387 3388; x_wconf 88' lang='lat' dir='ltr'><strong>magniﬁcentiam</strong></span> <span class='ocrx_word' id='word_1_496' title='bbox 1445 3321 1614 3368; x_wconf 90' lang='lat' dir='ltr'><strong>tuam.</strong></span> <span class='ocrx_word' id='word_1_497' title='bbox 1664 3311 1767 3367; x_wconf 90' lang='lat' dir='ltr'><strong>Vel</strong></span> 
     </span>
    </p>
   </div>
   <div class='ocr_carea' id='block_1_65' title="bbox 170 3406 1769 3478">
    <p class='ocr_par' dir='ltr' id='par_1_65' title="bbox 170 3406 1769 3478">
     <span class='ocr_line' id='line_1_65' title="bbox 170 3406 1769 3478; baseline -0.002 -14"><span class='ocrx_word' id='word_1_498' title='bbox 170 3423 364 3467; x_wconf 87' lang='lat' dir='ltr'><strong>nomen</strong></span> <span class='ocrx_word' id='word_1_499' title='bbox 395 3419 600 3468; x_wconf 88' lang='lat' dir='ltr'><strong>tuum:</strong></span> <span class='ocrx_word' id='word_1_500' title='bbox 647 3409 702 3466; x_wconf 90' lang='lat' dir='ltr'><strong>id</strong></span> <span class='ocrx_word' id='word_1_501' title='bbox 744 3418 851 3477; x_wconf 87' lang='lat' dir='ltr'><strong>est,</strong></span> <span class='ocrx_word' id='word_1_502' title='bbox 878 3408 1078 3465; x_wconf 88' lang='lat' dir='ltr'><strong>Filium</strong></span> <span class='ocrx_word' id='word_1_503' title='bbox 1110 3415 1282 3464; x_wconf 92' lang='lat' dir='ltr'><strong>tuum.</strong></span> <span class='ocrx_word' id='word_1_504' title='bbox 1316 3406 1503 3476; x_wconf 88' lang='lat' dir='ltr'><strong>Quare</strong></span> <span class='ocrx_word' id='word_1_505' title='bbox 1543 3412 1769 3478; x_wconf 89' lang='lat' dir='ltr'><strong>propter</strong></span> 
     </span>
    </p>
   </div>
   <div class='ocr_carea' id='block_1_66' title="bbox 175 3498 1767 3576">
    <p class='ocr_par' dir='ltr' id='par_1_66' title="bbox 175 3498 1767 3576">
     <span class='ocr_line' id='line_1_66' title="bbox 175 3498 1767 3576; baseline -0.003 -19"><span class='ocrx_word' id='word_1_506' title='bbox 175 3501 271 3559; x_wconf 89' lang='lat' dir='ltr'><strong>hoc</strong></span> <span class='ocrx_word' id='word_1_507' title='bbox 315 3504 460 3576; x_wconf 88' lang='lat' dir='ltr'><strong>quod</strong></span> <span class='ocrx_word' id='word_1_508' title='bbox 515 3502 800 3575; x_wconf 87' lang='lat' dir='ltr'><strong>sequitur:</strong></span> <span class='ocrx_word' id='word_1_509' title='bbox 833 3501 1098 3570; x_wconf 82' lang='lat' dir='ltr'><strong>Quoniam</strong></span> <span class='ocrx_word' id='word_1_510' title='bbox 1147 3517 1250 3556; x_wconf 90' lang='lat' dir='ltr'><strong>non</strong></span> <span class='ocrx_word' id='word_1_511' title='bbox 1279 3498 1594 3571; x_wconf 84' lang='lat' dir='ltr'><strong>dereliquisti</strong></span> <span class='ocrx_word' id='word_1_512' title='bbox 1620 3512 1767 3570; x_wconf 69' lang='lat' dir='ltr'><strong>quie-</strong></span> 
     </span>
    </p>
   </div>
   <div class='ocr_carea' id='block_1_67' title="bbox 172 3590 1769 3667">
    <p class='ocr_par' dir='ltr' id='par_1_67' title="bbox 172 3590 1769 3667">
     <span class='ocr_line' id='line_1_67' title="bbox 172 3590 1769 3667; baseline -0.003 -17"><span class='ocrx_word' id='word_1_513' title='bbox 172 3607 332 3653; x_wconf 86' lang='lat' dir='ltr'><strong>rentes</strong></span> <span class='ocrx_word' id='word_1_514' title='bbox 364 3607 446 3666; x_wconf 87' lang='lat' dir='ltr'><strong>te,</strong></span> <span class='ocrx_word' id='word_1_515' title='bbox 484 3596 734 3653; x_wconf 89' lang='lat' dir='ltr'><strong>Domine.</strong></span> <span class='ocrx_word' id='word_1_516' title='bbox 767 3594 896 3653; x_wconf 89' lang='lat' dir='ltr'><strong>Ideo</strong></span> <span class='ocrx_word' id='word_1_517' title='bbox 935 3604 1162 3667; x_wconf 87' lang='lat' dir='ltr'><strong>sperant</strong></span> <span class='ocrx_word' id='word_1_518' title='bbox 1192 3596 1245 3651; x_wconf 92' lang='lat' dir='ltr'><strong>in</strong></span> <span class='ocrx_word' id='word_1_519' title='bbox 1279 3603 1332 3649; x_wconf 91' lang='lat' dir='ltr'><strong>te</strong></span> <span class='ocrx_word' id='word_1_520' title='bbox 1362 3610 1376 3648; x_wconf 93' lang='lat'><strong>:</strong></span> <span class='ocrx_word' id='word_1_521' title='bbox 1412 3601 1473 3648; x_wconf 91' lang='lat' dir='ltr'><strong>ut</strong></span> <span class='ocrx_word' id='word_1_522' title='bbox 1508 3590 1638 3647; x_wconf 91' lang='lat' dir='ltr'><strong>illud</strong></span> <span class='ocrx_word' id='word_1_523' title='bbox 1665 3609 1678 3645; x_wconf 91' lang='lat'><strong>:</strong></span> <span class='ocrx_word' id='word_1_524' title='bbox 1711 3590 1769 3647; x_wconf 88' lang='lat' dir='ltr'><strong>Si</strong></span> 
     </span>
    </p>
   </div>
   <div class='ocr_carea' id='block_1_68' title="bbox 171 3682 1767 3762">
    <p class='ocr_par' dir='ltr' id='par_1_68' title="bbox 171 3682 1767 3762">
     <span class='ocr_line' id='line_1_68' title="bbox 171 3682 1767 3762; baseline -0.004 -18"><span class='ocrx_word' id='word_1_525' title='bbox 171 3703 361 3762; x_wconf 88' lang='lat' dir='ltr'><strong>corpus</strong></span> <span class='ocrx_word' id='word_1_526' title='bbox 390 3690 691 3758; x_wconf 90' lang='lat' dir='ltr'><strong>occidunt,</strong></span> <span class='ocrx_word' id='word_1_527' title='bbox 726 3690 970 3745; x_wconf 89' lang='lat' dir='ltr'><strong>animam</strong></span> <span class='ocrx_word' id='word_1_528' title='bbox 999 3696 1180 3745; x_wconf 88' lang='lat' dir='ltr'><strong>autem</strong></span> <span class='ocrx_word' id='word_1_529' title='bbox 1212 3701 1321 3743; x_wconf 91' lang='lat' dir='ltr'><strong>non</strong></span> <span class='ocrx_word' id='word_1_530' title='bbox 1349 3690 1580 3757; x_wconf 89' lang='lat' dir='ltr'><strong>possunt</strong></span> <span class='ocrx_word' id='word_1_531' title='bbox 1619 3682 1767 3740; x_wconf 85' lang='lat' dir='ltr'><strong>oeci-</strong></span> 
     </span>
    </p>
   </div>
   <div class='ocr_carea' id='block_1_69' title="bbox 173 3778 1766 3856">
    <p class='ocr_par' dir='ltr' id='par_1_69' title="bbox 173 3778 1766 3856">
     <span class='ocr_line' id='line_1_69' title="bbox 173 3778 1766 3856; baseline -0.004 -17"><span class='ocrx_word' id='word_1_532' title='bbox 173 3782 313 3842; x_wconf 89' lang='lat' dir='ltr'><strong>dere.</strong></span> <span class='ocrx_word' id='word_1_533' title='bbox 344 3784 561 3842; x_wconf 86' lang='lat' dir='ltr'><strong>Tamen</strong></span> <span class='ocrx_word' id='word_1_534' title='bbox 586 3782 855 3856; x_wconf 90' lang='lat' dir='ltr'><strong>permittit</strong></span> <span class='ocrx_word' id='word_1_535' title='bbox 880 3781 1007 3839; x_wconf 90' lang='lat' dir='ltr'><strong>illos</strong></span> <span class='ocrx_word' id='word_1_536' title='bbox 1035 3778 1266 3849; x_wconf 90' lang='lat' dir='ltr'><strong>tentari,</strong></span> <span class='ocrx_word' id='word_1_537' title='bbox 1300 3779 1395 3836; x_wconf 88' lang='lat' dir='ltr'><strong>sed</strong></span> <span class='ocrx_word' id='word_1_538' title='bbox 1427 3793 1533 3835; x_wconf 91' lang='lat' dir='ltr'><strong>non</strong></span> <span class='ocrx_word' id='word_1_539' title='bbox 1563 3789 1766 3848; x_wconf 89' lang='lat' dir='ltr'><strong>usque-</strong></span> 
     </span>
    </p>
   </div>
   <div class='ocr_carea' id='block_1_70' title="bbox 172 3890 401 3948">
    <p class='ocr_par' dir='ltr' id='par_1_70' title="bbox 172 3890 401 3948">
     <span class='ocr_line' id='line_1_70' title="bbox 172 3890 401 3948; baseline 0.039 -19"><span class='ocrx_word' id='word_1_540' title='bbox 172 3890 401 3948; x_wconf 84' lang='lat' dir='ltr'><strong>quaque.</strong></span> 
     </span>
    </p>
   </div>
   <div class='ocr_carea' id='block_1_71' title="bbox 239 3962 1771 4040">
    <p class='ocr_par' dir='ltr' id='par_1_71' title="bbox 239 3962 1771 4040">
     <span class='ocr_line' id='line_1_71' title="bbox 239 3962 1771 4040; baseline -0.004 -15"><span class='ocrx_word' id='word_1_541' title='bbox 239 3968 460 4028; x_wconf 81' lang='lat' dir='ltr'><strong>Psaliite</strong></span> <span class='ocrx_word' id='word_1_542' title='bbox 488 3970 734 4027; x_wconf 89' lang='lat' dir='ltr'><strong>Domino.</strong></span> <span class='ocrx_word' id='word_1_543' title='bbox 767 3968 826 4027; x_wconf 92' lang='lat' dir='ltr'><strong>ld</strong></span> <span class='ocrx_word' id='word_1_544' title='bbox 863 3978 980 4040; x_wconf 89' lang='lat' dir='ltr'><strong>est,</strong></span> <span class='ocrx_word' id='word_1_545' title='bbox 1013 3978 1228 4027; x_wconf 88' lang='lat' dir='ltr'><strong>cantate</strong></span> <span class='ocrx_word' id='word_1_546' title='bbox 1268 3967 1529 4034; x_wconf 91' lang='lat' dir='ltr'><strong>Domino,</strong></span> <span class='ocrx_word' id='word_1_547' title='bbox 1569 3962 1771 4037; x_wconf 80' lang='lat' dir='ltr'><strong>praedi-</strong></span> 
     </span>
    </p>
   </div>
   <div class='ocr_carea' id='block_1_72' title="bbox 173 4060 1769 4139">
    <p class='ocr_par' dir='ltr' id='par_1_72' title="bbox 173 4060 1769 4139">
     <span class='ocr_line' id='line_1_72' title="bbox 173 4060 1769 4139; baseline -0.002 -21"><span class='ocrx_word' id='word_1_548' title='bbox 173 4073 317 4135; x_wconf 88' lang='lat' dir='ltr'><strong>cate,</strong></span> <span class='ocrx_word' id='word_1_549' title='bbox 346 4080 522 4139; x_wconf 87' lang='lat' dir='ltr'><strong>opere</strong></span> <span class='ocrx_word' id='word_1_550' title='bbox 546 4065 791 4137; x_wconf 90' lang='lat' dir='ltr'><strong>implete.</strong></span> <span class='ocrx_word' id='word_1_551' title='bbox 829 4064 933 4134; x_wconf 86' lang='lat' dir='ltr'><strong>Qui</strong></span> <span class='ocrx_word' id='word_1_552' title='bbox 962 4063 1158 4120; x_wconf 85' lang='lat' dir='ltr'><strong>habitat</strong></span> <span class='ocrx_word' id='word_1_553' title='bbox 1184 4064 1237 4118; x_wconf 89' lang='lat' dir='ltr'><strong>in</strong></span> <span class='ocrx_word' id='word_1_554' title='bbox 1269 4063 1422 4120; x_wconf 88' lang='lat' dir='ltr'><strong>Sion.</strong></span> <span class='ocrx_word' id='word_1_555' title='bbox 1456 4060 1619 4133; x_wconf 89' lang='lat' dir='ltr'><strong>Sion,</strong></span> <span class='ocrx_word' id='word_1_556' title='bbox 1648 4076 1769 4131; x_wconf 80' lang='lat' dir='ltr'><strong>spe-</strong></span> 
     </span>
    </p>
   </div>
   <div class='ocr_carea' id='block_1_73' title="bbox 173 4152 1771 4230">
    <p class='ocr_par' dir='ltr' id='par_1_73' title="bbox 173 4152 1771 4230">
     <span class='ocr_line' id='line_1_73' title="bbox 173 4152 1771 4230; baseline -0.002 -18"><span class='ocrx_word' id='word_1_557' title='bbox 173 4161 308 4227; x_wconf 84' lang='lat' dir='ltr'><strong>cula,</strong></span> <span class='ocrx_word' id='word_1_558' title='bbox 342 4161 397 4217; x_wconf 91' lang='lat' dir='ltr'><strong>id</strong></span> <span class='ocrx_word' id='word_1_559' title='bbox 436 4168 545 4228; x_wconf 86' lang='lat' dir='ltr'><strong>est,</strong></span> <span class='ocrx_word' id='word_1_560' title='bbox 573 4158 913 4226; x_wconf 84' lang='lat' dir='ltr'><strong>Jerusalem,</strong></span> <span class='ocrx_word' id='word_1_561' title='bbox 947 4158 1195 4230; x_wconf 46' lang='lat' dir='ltr'><strong>hociest,</strong></span> <span class='ocrx_word' id='word_1_562' title='bbox 1227 4157 1358 4212; x_wconf 86' lang='lat' dir='ltr'><strong>visio</strong></span> <span class='ocrx_word' id='word_1_563' title='bbox 1383 4155 1571 4228; x_wconf 79' lang='lat' dir='ltr'><strong>pacis:</strong></span> <span class='ocrx_word' id='word_1_564' title='bbox 1608 4152 1771 4210; x_wconf 92' lang='lat' dir='ltr'><strong>modo</strong></span> 
     </span>
    </p>
   </div>
   <div class='ocr_carea' id='block_1_74' title="bbox 174 4246 1772 4325">
    <p class='ocr_par' dir='ltr' id='par_1_74' title="bbox 174 4246 1772 4325">
     <span class='ocr_line' id='line_1_74' title="bbox 174 4246 1772 4325; baseline -0.003 -17"><span class='ocrx_word' id='word_1_565' title='bbox 174 4250 422 4312; x_wconf 84' lang='lat' dir='ltr'><strong>Ecclesia</strong></span> <span class='ocrx_word' id='word_1_566' title='bbox 447 4254 556 4311; x_wconf 63' lang='lat' dir='ltr'><strong>‘hic</strong></span> <span class='ocrx_word' id='word_1_567' title='bbox 598 4252 943 4325; x_wconf 78' lang='lat' dir='ltr'><strong>Speculatio:</strong></span> <span class='ocrx_word' id='word_1_568' title='bbox 986 4251 1112 4323; x_wconf 89' lang='lat' dir='ltr'><strong>quia</strong></span> <span class='ocrx_word' id='word_1_569' title='bbox 1142 4248 1457 4322; x_wconf 89' lang='lat' dir='ltr'><strong>speculatur</strong></span> <span class='ocrx_word' id='word_1_570' title='bbox 1492 4248 1561 4305; x_wconf 90' lang='lat' dir='ltr'><strong>de</strong></span> <span class='ocrx_word' id='word_1_571' title='bbox 1589 4246 1772 4303; x_wconf 88' lang='lat' dir='ltr'><strong>futuro</strong></span> 
     </span>
    </p>
   </div>
   <div class='ocr_carea' id='block_1_75' title="bbox 166 4339 1767 4417">
    <p class='ocr_par' dir='ltr' id='par_1_75' title="bbox 166 4339 1767 4417">
     <span class='ocr_line' id='line_1_75' title="bbox 166 4339 1767 4417; baseline -0.004 -16"><span class='ocrx_word' id='word_1_572' title='bbox 166 4344 368 4417; x_wconf 87' lang='lat' dir='ltr'><strong>iudicio</strong></span> <span class='ocrx_word' id='word_1_573' title='bbox 389 4347 511 4405; x_wconf 91' lang='lat' dir='ltr'><strong>Dei.</strong></span> <span class='ocrx_word' id='word_1_574' title='bbox 534 4345 644 4404; x_wconf 91' lang='lat' dir='ltr'><strong>Sed</strong></span> <span class='ocrx_word' id='word_1_575' title='bbox 664 4360 789 4403; x_wconf 91' lang='lat' dir='ltr'><strong>cum</strong></span> <span class='ocrx_word' id='word_1_576' title='bbox 807 4344 1023 4403; x_wconf 89' lang='lat' dir='ltr'><strong>venerit</strong></span> <span class='ocrx_word' id='word_1_577' title='bbox 1044 4343 1112 4399; x_wconf 93' lang='lat' dir='ltr'><strong>ad</strong></span> <span class='ocrx_word' id='word_1_578' title='bbox 1134 4341 1437 4399; x_wconf 83' lang='lat' dir='ltr'><strong>Jerusalem</strong></span> <span class='ocrx_word' id='word_1_579' title='bbox 1464 4339 1767 4406; x_wconf 83' lang='lat' dir='ltr'><strong>ctelestem,</strong></span> 
     </span>
    </p>
   </div>
   <div class='ocr_carea' id='block_1_76' title="bbox 172 4431 1774 4514">
    <p class='ocr_par' dir='ltr' id='par_1_76' title="bbox 172 4431 1774 4514">
     <span class='ocr_line' id='line_1_76' title="bbox 172 4431 1774 4514; baseline -0.006 -17"><span class='ocrx_word' id='word_1_580' title='bbox 172 4456 279 4498; x_wconf 90' lang='lat' dir='ltr'><strong>non</strong></span> <span class='ocrx_word' id='word_1_581' title='bbox 329 4443 440 4500; x_wconf 89' lang='lat' dir='ltr'><strong>erit</strong></span> <span class='ocrx_word' id='word_1_582' title='bbox 496 4452 628 4499; x_wconf 92' lang='lat' dir='ltr'><strong>tunc</strong></span> <span class='ocrx_word' id='word_1_583' title='bbox 675 4440 1024 4514; x_wconf 88' lang='lat' dir='ltr'><strong>speculatio,</strong></span> <span class='ocrx_word' id='word_1_584' title='bbox 1073 4437 1172 4495; x_wconf 90' lang='lat' dir='ltr'><strong>sed</strong></span> <span class='ocrx_word' id='word_1_585' title='bbox 1215 4436 1377 4492; x_wconf 70' lang='lat' dir='ltr'><strong>visio.</strong></span> <span class='ocrx_word' id='word_1_586' title='bbox 1436 4433 1592 4491; x_wconf 86' lang='lat' dir='ltr'><strong>Unde</strong></span> <span class='ocrx_word' id='word_1_587' title='bbox 1636 4431 1774 4489; x_wconf 90' lang='lat' dir='ltr'><strong>dicit</strong></span> 
     </span>
    </p>
   </div>
   <div class='ocr_carea' id='block_1_77' title="bbox 171 4528 1767 4607">
    <p class='ocr_par' dir='ltr' id='par_1_77' title="bbox 171 4528 1767 4607">
     <span class='ocr_line' id='line_1_77' title="bbox 171 4528 1767 4607; baseline -0.007 -15"><span class='ocrx_word' id='word_1_588' title='bbox 171 4536 376 4594; x_wconf 89' lang='lat' dir='ltr'><strong>Paulus</strong></span> <span class='ocrx_word' id='word_1_589' title='bbox 402 4558 416 4595; x_wconf 91' lang='lat'><strong>:</strong></span> <span class='ocrx_word' id='word_1_590' title='bbox 451 4537 719 4595; x_wconf 80' lang='lat' dir='ltr'><strong>Videmus</strong></span> <span class='ocrx_word' id='word_1_591' title='bbox 747 4551 891 4593; x_wconf 90' lang='lat' dir='ltr'><strong>nunc</strong></span> <span class='ocrx_word' id='word_1_592' title='bbox 918 4550 1016 4607; x_wconf 90' lang='lat' dir='ltr'><strong>per</strong></span> <span class='ocrx_word' id='word_1_593' title='bbox 1045 4532 1330 4605; x_wconf 90' lang='lat' dir='ltr'><strong>speculum</strong></span> <span class='ocrx_word' id='word_1_594' title='bbox 1363 4531 1417 4585; x_wconf 94' lang='lat' dir='ltr'><strong>in</strong></span> <span class='ocrx_word' id='word_1_595' title='bbox 1449 4528 1767 4599; x_wconf 82' lang='lat' dir='ltr'><strong>aenigmate,</strong></span> 
     </span>
    </p>
   </div>
   <div class='ocr_carea' id='block_1_78' title="bbox 1874 3312 3474 3386">
    <p class='ocr_par' dir='ltr' id='par_1_78' title="bbox 1874 3312 3474 3386">
     <span class='ocr_line' id='line_1_78' title="bbox 1874 3312 3474 3386; baseline 0.001 -14"><span class='ocrx_word' id='word_1_596' title='bbox 1874 3315 2106 3372; x_wconf 91' lang='lat' dir='ltr'><strong>Domino</strong></span> <span class='ocrx_word' id='word_1_597' title='bbox 2132 3331 2146 3369; x_wconf 91' lang='lat'><strong>:</strong></span> <span class='ocrx_word' id='word_1_598' title='bbox 2180 3314 2306 3386; x_wconf 91' lang='lat' dir='ltr'><strong>quia</strong></span> <span class='ocrx_word' id='word_1_599' title='bbox 2335 3328 2445 3370; x_wconf 91' lang='lat' dir='ltr'><strong>non</strong></span> <span class='ocrx_word' id='word_1_600' title='bbox 2475 3312 2663 3370; x_wconf 92' lang='lat' dir='ltr'><strong>dicunt</strong></span> <span class='ocrx_word' id='word_1_601' title='bbox 2686 3328 2876 3370; x_wconf 88' lang='lat' dir='ltr'><strong>verum</strong></span> <span class='ocrx_word' id='word_1_602' title='bbox 2900 3313 3047 3386; x_wconf 91' lang='lat' dir='ltr'><strong>quod</strong></span> <span class='ocrx_word' id='word_1_603' title='bbox 3069 3314 3218 3372; x_wconf 86' lang='lat' dir='ltr'><strong>Deus</strong></span> <span class='ocrx_word' id='word_1_604' title='bbox 3248 3315 3474 3375; x_wconf 87' lang='lat' dir='ltr'><strong>oblivis-</strong></span> 
     </span>
    </p>
   </div>
   <div class='ocr_carea' id='block_1_79' title="bbox 1870 3388 2886 3478">
    <p class='ocr_par' dir='ltr' id='par_1_79' title="bbox 1870 3388 2886 3478">
     <span class='ocr_line' id='line_1_79' title="bbox 1870 3388 2886 3478; baseline -0.003 -12"><span class='ocrx_word' id='word_1_605' title='bbox 1870 3419 2027 3466; x_wconf 88' lang='lat' dir='ltr'><strong>catur</strong></span> <span class='ocrx_word' id='word_1_606' title='bbox 2055 3388 2338 3464; x_wconf 79' lang='lat' dir='ltr'><strong>creaturas</strong></span> <span class='ocrx_word' id='word_1_607' title='bbox 2363 3419 2527 3474; x_wconf 88' lang='lat' dir='ltr'><strong>suas;</strong></span> <span class='ocrx_word' id='word_1_608' title='bbox 2556 3407 2683 3478; x_wconf 90' lang='lat' dir='ltr'><strong>quia</strong></span> <span class='ocrx_word' id='word_1_609' title='bbox 2711 3406 2886 3463; x_wconf 89' lang='lat' dir='ltr'><strong>dicit:</strong></span> 
     </span>
    </p>
   </div>
   <div class='ocr_carea' id='block_1_80' title="bbox 1948 3499 3465 3577">
    <p class='ocr_par' dir='ltr' id='par_1_80' title="bbox 1948 3499 3465 3577">
     <span class='ocr_line' id='line_1_80' title="bbox 1948 3499 3465 3577; baseline 0.003 -20"><span class='ocrx_word' id='word_1_610' title='bbox 1948 3501 2214 3571; x_wconf 85' lang='lat' dir='ltr'><strong>Quoniam</strong></span> <span class='ocrx_word' id='word_1_611' title='bbox 2244 3517 2348 3556; x_wconf 89' lang='lat' dir='ltr'><strong>non</strong></span> <span class='ocrx_word' id='word_1_612' title='bbox 2370 3500 2425 3556; x_wconf 87' lang='lat' dir='ltr'><strong>in</strong></span> <span class='ocrx_word' id='word_1_613' title='bbox 2464 3499 2619 3570; x_wconf 80' lang='lat' dir='ltr'><strong>liuent</strong></span> <span class='ocrx_word' id='word_1_614' title='bbox 2644 3501 2854 3573; x_wconf 89' lang='lat' dir='ltr'><strong>oblivio,</strong></span> <span class='ocrx_word' id='word_1_615' title='bbox 2881 3509 2990 3560; x_wconf 91' lang='lat' dir='ltr'><strong>etc.</strong></span> <span class='ocrx_word' id='word_1_616' title='bbox 3015 3502 3155 3573; x_wconf 87' lang='lat' dir='ltr'><strong>Quia</strong></span> <span class='ocrx_word' id='word_1_617' title='bbox 3186 3504 3234 3561; x_wconf 88' lang='lat' dir='ltr'><strong>si</strong></span> <span class='ocrx_word' id='word_1_618' title='bbox 3261 3503 3465 3577; x_wconf 75' lang='lat' dir='ltr'><strong>differt,</strong></span> 
     </span>
    </p>
   </div>
   <div class='ocr_carea' id='block_1_81' title="bbox 1870 3593 3151 3653">
    <p class='ocr_par' dir='ltr' id='par_1_81' title="bbox 1870 3593 3151 3653">
     <span class='ocr_line' id='line_1_81' title="bbox 1870 3593 3151 3653; baseline 0.001 -1"><span class='ocrx_word' id='word_1_619' title='bbox 1870 3609 1981 3652; x_wconf 89' lang='lat' dir='ltr'><strong>non</strong></span> <span class='ocrx_word' id='word_1_620' title='bbox 2018 3593 2204 3650; x_wconf 83' lang='lat' dir='ltr'><strong>aufert</strong></span> <span class='ocrx_word' id='word_1_621' title='bbox 2234 3609 2393 3650; x_wconf 91' lang='lat' dir='ltr'><strong>suum</strong></span> <span class='ocrx_word' id='word_1_622' title='bbox 2421 3593 2688 3651; x_wconf 81' lang='lat' dir='ltr'><strong>auxilium</strong></span> <span class='ocrx_word' id='word_1_623' title='bbox 2713 3610 2743 3650; x_wconf 91' lang='lat' dir='ltr'><strong>a</strong></span> <span class='ocrx_word' id='word_1_624' title='bbox 2773 3596 2981 3653; x_wconf 88' lang='lat' dir='ltr'><strong>sanctis</strong></span> <span class='ocrx_word' id='word_1_625' title='bbox 3011 3598 3151 3653; x_wconf 86' lang='lat' dir='ltr'><strong>suis.</strong></span> 
     </span>
    </p>
   </div>
   <div class='ocr_carea' id='block_1_82' title="bbox 1943 3685 3475 3759">
    <p class='ocr_par' dir='ltr' id='par_1_82' title="bbox 1943 3685 3475 3759">
     <span class='ocr_line' id='line_1_82' title="bbox 1943 3685 3475 3759; baseline 0.005 -17"><span class='ocrx_word' id='word_1_626' title='bbox 1943 3686 2219 3758; x_wconf 76' lang='lat' dir='ltr'><strong>Exsurge,</strong></span> <span class='ocrx_word' id='word_1_627' title='bbox 2250 3685 2495 3757; x_wconf 87' lang='lat' dir='ltr'><strong>Domine,</strong></span> <span class='ocrx_word' id='word_1_628' title='bbox 2532 3704 2635 3742; x_wconf 90' lang='lat' dir='ltr'><strong>non</strong></span> <span class='ocrx_word' id='word_1_629' title='bbox 2681 3688 2958 3759; x_wconf 75' lang='lat' dir='ltr'><strong>prtevaleat</strong></span> <span class='ocrx_word' id='word_1_630' title='bbox 3008 3688 3188 3746; x_wconf 79' lang='lat' dir='ltr'><strong>homo.</strong></span> <span class='ocrx_word' id='word_1_631' title='bbox 3223 3690 3337 3748; x_wconf 85' lang='lat' dir='ltr'><strong>Vox</strong></span> <span class='ocrx_word' id='word_1_632' title='bbox 3370 3691 3475 3750; x_wconf 87' lang='lat' dir='ltr'><strong>Ec-</strong></span> 
     </span>
    </p>
   </div>
   <div class='ocr_carea' id='block_1_83' title="bbox 1871 3778 3474 3857">
    <p class='ocr_par' dir='ltr' id='par_1_83' title="bbox 1871 3778 3474 3857">
     <span class='ocr_line' id='line_1_83' title="bbox 1871 3778 3474 3857; baseline 0.001 -19"><span class='ocrx_word' id='word_1_633' title='bbox 1871 3781 2055 3838; x_wconf 83' lang='lat' dir='ltr'><strong>clesiae</strong></span> <span class='ocrx_word' id='word_1_634' title='bbox 2096 3789 2259 3838; x_wconf 90' lang='lat' dir='ltr'><strong>sonat</strong></span> <span class='ocrx_word' id='word_1_635' title='bbox 2300 3789 2492 3837; x_wconf 92' lang='lat' dir='ltr'><strong>contra</strong></span> <span class='ocrx_word' id='word_1_636' title='bbox 2521 3778 2959 3838; x_wconf 84' lang='lat' dir='ltr'><strong>Antichristum:</strong></span> <span class='ocrx_word' id='word_1_637' title='bbox 2993 3778 3265 3857; x_wconf 71' lang='lat' dir='ltr'><strong>Exsurge,</strong></span> <span class='ocrx_word' id='word_1_638' title='bbox 3300 3783 3355 3839; x_wconf 93' lang='lat' dir='ltr'><strong>in</strong></span> <span class='ocrx_word' id='word_1_639' title='bbox 3381 3784 3474 3856; x_wconf 88' lang='lat' dir='ltr'><strong>in-</strong></span> 
     </span>
    </p>
   </div>
   <div class='ocr_carea' id='block_1_84' title="bbox 1871 3873 3471 3949">
    <p class='ocr_par' dir='ltr' id='par_1_84' title="bbox 1871 3873 3471 3949">
     <span class='ocr_line' id='line_1_84' title="bbox 1871 3873 3471 3949; baseline 0.002 -17"><span class='ocrx_word' id='word_1_640' title='bbox 1871 3875 2073 3932; x_wconf 91' lang='lat' dir='ltr'><strong>dicium</strong></span> <span class='ocrx_word' id='word_1_641' title='bbox 2100 3892 2115 3931; x_wconf 90' lang='lat'><strong>:</strong></span> <span class='ocrx_word' id='word_1_642' title='bbox 2146 3892 2248 3931; x_wconf 89' lang='lat' dir='ltr'><strong>non</strong></span> <span class='ocrx_word' id='word_1_643' title='bbox 2271 3873 2551 3947; x_wconf 61' lang='lat' dir='ltr'><strong>praevaleat</strong></span> <span class='ocrx_word' id='word_1_644' title='bbox 2573 3874 2728 3932; x_wconf 82' lang='lat' dir='ltr'><strong>homo</strong></span> <span class='ocrx_word' id='word_1_645' title='bbox 2756 3891 2775 3932; x_wconf 87' lang='lat'><strong>:</strong></span> <span class='ocrx_word' id='word_1_646' title='bbox 2808 3874 2865 3931; x_wconf 91' lang='lat' dir='ltr'><strong>id</strong></span> <span class='ocrx_word' id='word_1_647' title='bbox 2886 3885 2992 3944; x_wconf 89' lang='lat' dir='ltr'><strong>est,</strong></span> <span class='ocrx_word' id='word_1_648' title='bbox 3023 3876 3189 3933; x_wconf 89' lang='lat' dir='ltr'><strong>homo</strong></span> <span class='ocrx_word' id='word_1_649' title='bbox 3210 3887 3471 3949; x_wconf 88' lang='lat' dir='ltr'><strong>peccator</strong></span> 
     </span>
    </p>
   </div>
   <div class='ocr_carea' id='block_1_85' title="bbox 1872 3967 3474 4044">
    <p class='ocr_par' dir='ltr' id='par_1_85' title="bbox 1872 3967 3474 4044">
     <span class='ocr_line' id='line_1_85' title="bbox 1872 3967 3474 4044; baseline 0.002 -19"><span class='ocrx_word' id='word_1_650' title='bbox 1872 3968 2267 4026; x_wconf 81' lang='lat' dir='ltr'><strong>Antichristus.</strong></span> <span class='ocrx_word' id='word_1_651' title='bbox 2328 3967 2647 4025; x_wconf 82' lang='lat' dir='ltr'><strong>Judicentur</strong></span> <span class='ocrx_word' id='word_1_652' title='bbox 2687 3978 2863 4041; x_wconf 88' lang='lat' dir='ltr'><strong>gentes</strong></span> <span class='ocrx_word' id='word_1_653' title='bbox 2915 3969 2971 4024; x_wconf 89' lang='lat' dir='ltr'><strong>in</strong></span> <span class='ocrx_word' id='word_1_654' title='bbox 3017 3979 3297 4044; x_wconf 86' lang='lat' dir='ltr'><strong>conspectu</strong></span> <span class='ocrx_word' id='word_1_655' title='bbox 3359 3981 3474 4029; x_wconf 88' lang='lat' dir='ltr'><strong>tuo.</strong></span> 
     </span>
    </p>
   </div>
   <div class='ocr_carea' id='block_1_86' title="bbox 1875 4060 3475 4136">
    <p class='ocr_par' dir='ltr' id='par_1_86' title="bbox 1875 4060 3475 4136">
     <span class='ocr_line' id='line_1_86' title="bbox 1875 4060 3475 4136; baseline 0.003 -19"><span class='ocrx_word' id='word_1_656' title='bbox 1875 4061 2094 4119; x_wconf 89' lang='lat' dir='ltr'><strong>Duobus</strong></span> <span class='ocrx_word' id='word_1_657' title='bbox 2118 4060 2296 4118; x_wconf 90' lang='lat' dir='ltr'><strong>modis</strong></span> <span class='ocrx_word' id='word_1_658' title='bbox 2336 4061 2575 4132; x_wconf 90' lang='lat' dir='ltr'><strong>primum</strong></span> <span class='ocrx_word' id='word_1_659' title='bbox 2600 4061 2715 4133; x_wconf 90' lang='lat' dir='ltr'><strong>iam</strong></span> <span class='ocrx_word' id='word_1_660' title='bbox 2745 4061 2804 4119; x_wconf 91' lang='lat' dir='ltr'><strong>in</strong></span> <span class='ocrx_word' id='word_1_661' title='bbox 2833 4062 3181 4134; x_wconf 83' lang='lat' dir='ltr'><strong>praescientia</strong></span> <span class='ocrx_word' id='word_1_662' title='bbox 3210 4064 3303 4122; x_wconf 89' lang='lat' dir='ltr'><strong>Dei</strong></span> <span class='ocrx_word' id='word_1_663' title='bbox 3325 4064 3475 4136; x_wconf 86' lang='lat' dir='ltr'><strong>iudi-</strong></span> 
     </span>
    </p>
   </div>
   <div class='ocr_carea' id='block_1_87' title="bbox 1873 4152 3468 4227">
    <p class='ocr_par' dir='ltr' id='par_1_87' title="bbox 1873 4152 3468 4227">
     <span class='ocr_line' id='line_1_87' title="bbox 1873 4152 3468 4227; baseline 0.002 -17"><span class='ocrx_word' id='word_1_664' title='bbox 1873 4154 1982 4210; x_wconf 90' lang='lat' dir='ltr'><strong>cati</strong></span> <span class='ocrx_word' id='word_1_665' title='bbox 2007 4161 2154 4210; x_wconf 89' lang='lat' dir='ltr'><strong>sunt.</strong></span> <span class='ocrx_word' id='word_1_666' title='bbox 2183 4152 2403 4222; x_wconf 77' lang='lat' dir='ltr'><strong>Quare?</strong></span> <span class='ocrx_word' id='word_1_667' title='bbox 2427 4153 2564 4222; x_wconf 92' lang='lat' dir='ltr'><strong>Quia</strong></span> <span class='ocrx_word' id='word_1_668' title='bbox 2593 4153 2658 4211; x_wconf 92' lang='lat' dir='ltr'><strong>ad</strong></span> <span class='ocrx_word' id='word_1_669' title='bbox 2692 4154 2995 4212; x_wconf 88' lang='lat' dir='ltr'><strong>Ecclesiam</strong></span> <span class='ocrx_word' id='word_1_670' title='bbox 3030 4171 3139 4214; x_wconf 93' lang='lat' dir='ltr'><strong>non</strong></span> <span class='ocrx_word' id='word_1_671' title='bbox 3170 4158 3468 4227; x_wconf 89' lang='lat' dir='ltr'><strong>pertinent,</strong></span> 
     </span>
    </p>
   </div>
   <div class='ocr_carea' id='block_1_88' title="bbox 1873 4245 3473 4319">
    <p class='ocr_par' dir='ltr' id='par_1_88' title="bbox 1873 4245 3473 4319">
     <span class='ocr_line' id='line_1_88' title="bbox 1873 4245 3473 4319; baseline 0.004 -17"><span class='ocrx_word' id='word_1_672' title='bbox 1873 4245 1971 4303; x_wconf 90' lang='lat' dir='ltr'><strong>sed</strong></span> <span class='ocrx_word' id='word_1_673' title='bbox 2002 4245 2071 4302; x_wconf 89' lang='lat' dir='ltr'><strong>ad</strong></span> <span class='ocrx_word' id='word_1_674' title='bbox 2110 4245 2511 4304; x_wconf 81' lang='lat' dir='ltr'><strong>Antichristum</strong></span> <span class='ocrx_word' id='word_1_675' title='bbox 2538 4262 2552 4302; x_wconf 95' lang='lat'><strong>:</strong></span> <span class='ocrx_word' id='word_1_676' title='bbox 2582 4247 2708 4319; x_wconf 89' lang='lat' dir='ltr'><strong>quia</strong></span> <span class='ocrx_word' id='word_1_677' title='bbox 2735 4247 2946 4304; x_wconf 88' lang='lat' dir='ltr'><strong>dictum</strong></span> <span class='ocrx_word' id='word_1_678' title='bbox 2973 4257 3058 4305; x_wconf 89' lang='lat' dir='ltr'><strong>est</strong></span> <span class='ocrx_word' id='word_1_679' title='bbox 3085 4266 3097 4303; x_wconf 93' lang='lat'><strong>:</strong></span> <span class='ocrx_word' id='word_1_680' title='bbox 3140 4248 3244 4317; x_wconf 92' lang='lat' dir='ltr'><strong>Qui</strong></span> <span class='ocrx_word' id='word_1_681' title='bbox 3291 4260 3473 4308; x_wconf 87' lang='lat' dir='ltr'><strong>autem</strong></span> 
     </span>
    </p>
   </div>
   <div class='ocr_carea' id='block_1_89' title="bbox 1875 4339 3109 4416">
    <p class='ocr_par' dir='ltr' id='par_1_89' title="bbox 1875 4339 3109 4416">
     <span class='ocr_line' id='line_1_89' title="bbox 1875 4339 3109 4416; baseline 0.002 -20"><span class='ocrx_word' id='word_1_682' title='bbox 1875 4355 1984 4398; x_wconf 90' lang='lat' dir='ltr'><strong>non</strong></span> <span class='ocrx_word' id='word_1_683' title='bbox 2018 4339 2216 4411; x_wconf 89' lang='lat' dir='ltr'><strong>credit,</strong></span> <span class='ocrx_word' id='word_1_684' title='bbox 2246 4341 2358 4412; x_wconf 87' lang='lat' dir='ltr'><strong>iam</strong></span> <span class='ocrx_word' id='word_1_685' title='bbox 2382 4340 2658 4413; x_wconf 91' lang='lat' dir='ltr'><strong>iudicatus</strong></span> <span class='ocrx_word' id='word_1_686' title='bbox 2682 4349 2767 4398; x_wconf 88' lang='lat' dir='ltr'><strong>est</strong></span> <span class='ocrx_word' id='word_1_687' title='bbox 2795 4341 2980 4416; x_wconf 82' lang='lat' dir='ltr'><strong>(Joan.</strong></span> <span class='ocrx_word' id='word_1_688' title='bbox 3005 4343 3109 4414; x_wconf 88' lang='grc' dir='ltr'>ιιι).</span> 
     </span>
    </p>
   </div>
   <div class='ocr_carea' id='block_1_90' title="bbox 1949 4430 3472 4510">
    <p class='ocr_par' dir='ltr' id='par_1_90' title="bbox 1949 4430 3472 4510">
     <span class='ocr_line' id='line_1_90' title="bbox 1949 4430 3472 4510; baseline 0.002 -20"><span class='ocrx_word' id='word_1_689' title='bbox 1949 4430 2244 4505; x_wconf 85' lang='lat' dir='ltr'><strong>Constitue,</strong></span> <span class='ocrx_word' id='word_1_690' title='bbox 2274 4433 2524 4503; x_wconf 90' lang='lat' dir='ltr'><strong>Domine,</strong></span> <span class='ocrx_word' id='word_1_691' title='bbox 2570 4434 2920 4507; x_wconf 79' lang='lat' dir='ltr'><strong>iegisiatorem</strong></span> <span class='ocrx_word' id='word_1_692' title='bbox 2946 4451 3102 4509; x_wconf 86' lang='lat' dir='ltr'><strong>super</strong></span> <span class='ocrx_word' id='word_1_693' title='bbox 3124 4450 3232 4492; x_wconf 85' lang='lat' dir='ltr'><strong>eos.</strong></span> <span class='ocrx_word' id='word_1_694' title='bbox 3266 4435 3323 4493; x_wconf 90' lang='lat' dir='ltr'><strong>Id</strong></span> <span class='ocrx_word' id='word_1_695' title='bbox 3354 4445 3472 4510; x_wconf 87' lang='lat' dir='ltr'><strong>est,</strong></span> 
     </span>
    </p>
   </div>
   <div class='ocr_carea' id='block_1_91' title="bbox 1877 4526 3479 4599">
    <p class='ocr_par' dir='ltr' id='par_1_91' title="bbox 1877 4526 3479 4599">
     <span class='ocr_line' id='line_1_91' title="bbox 1877 4526 3479 4599; baseline 0.003 -17"><span class='ocrx_word' id='word_1_696' title='bbox 1877 4527 2300 4594; x_wconf 81' lang='lat' dir='ltr'><strong>Antichristum,</strong></span> <span class='ocrx_word' id='word_1_697' title='bbox 2327 4526 2421 4599; x_wconf 90' lang='lat' dir='ltr'><strong>qui</strong></span> <span class='ocrx_word' id='word_1_698' title='bbox 2445 4526 2590 4583; x_wconf 91' lang='lat' dir='ltr'><strong>lator</strong></span> <span class='ocrx_word' id='word_1_699' title='bbox 2617 4527 2756 4597; x_wconf 87' lang='lat' dir='ltr'><strong>legis</strong></span> <span class='ocrx_word' id='word_1_700' title='bbox 2785 4526 2945 4584; x_wconf 80' lang='lat' dir='ltr'><strong>malte</strong></span> <span class='ocrx_word' id='word_1_701' title='bbox 2980 4527 3244 4585; x_wconf 75' lang='lat' dir='ltr'><strong>doctrinae</strong></span> <span class='ocrx_word' id='word_1_702' title='bbox 3268 4538 3350 4586; x_wconf 92' lang='lat' dir='ltr'><strong>est</strong></span> <span class='ocrx_word' id='word_1_703' title='bbox 3370 4571 3386 4597; x_wconf 90' lang='lat'><strong>,</strong></span> <span class='ocrx_word' id='word_1_704' title='bbox 3421 4541 3479 4587; x_wconf 93' lang='lat' dir='ltr'><strong>ut</strong></span> 
     </span>
    </p>
   </div>
   <div class='ocr_carea' id='block_1_92' title="bbox 173 4617 3475 4701">
    <p class='ocr_par' dir='ltr' id='par_1_92' title="bbox 173 4617 3475 4701">
     <span class='ocr_line' id='line_1_92' title="bbox 173 4617 3475 4701; baseline -0.002 -17"><span class='ocrx_word' id='word_1_705' title='bbox 173 4638 299 4687; x_wconf 90' lang='lat' dir='ltr'><strong>tunc</strong></span> <span class='ocrx_word' id='word_1_706' title='bbox 328 4642 515 4690; x_wconf 90' lang='lat' dir='ltr'><strong>autem</strong></span> <span class='ocrx_word' id='word_1_707' title='bbox 543 4631 682 4689; x_wconf 79' lang='lat' dir='ltr'><strong>facie</strong></span> <span class='ocrx_word' id='word_1_708' title='bbox 706 4630 775 4687; x_wconf 92' lang='lat' dir='ltr'><strong>ad</strong></span> <span class='ocrx_word' id='word_1_709' title='bbox 804 4629 1001 4687; x_wconf 90' lang='lat' dir='ltr'><strong>faciem</strong></span> <span class='ocrx_word' id='word_1_710' title='bbox 1032 4627 1086 4701; x_wconf 94' lang='lat' dir='ltr'><strong>(I</strong></span> <span class='ocrx_word' id='word_1_711' title='bbox 1111 4626 1233 4683; x_wconf 90' lang='lat' dir='ltr'><strong>Cor.</strong></span> <span class='ocrx_word' id='word_1_712' title='bbox 1274 4623 1424 4697; x_wconf 80' lang='lat' dir='ltr'><strong>xm).</strong></span> <span class='ocrx_word' id='word_1_713' title='bbox 1454 4623 1770 4678; x_wconf 84' lang='lat' dir='ltr'><strong>Annuutiate</strong></span> <span class='ocrx_word' id='word_1_714' title='bbox 1795 4623 1850 4685; x_wconf 89' lang='lat' dir='ltr'><strong>D</strong></span> <span class='ocrx_word' id='word_1_715' title='bbox 1873 4620 1950 4676; x_wconf 89' lang='lat' dir='ltr'><strong>ait</strong></span> <span class='ocrx_word' id='word_1_716' title='bbox 1975 4618 2217 4676; x_wconf 85' lang='lat' dir='ltr'><strong>Paulus:</strong></span> <span class='ocrx_word' id='word_1_717' title='bbox 2249 4617 2557 4674; x_wconf 85' lang='lat' dir='ltr'><strong>Noluerunt</strong></span> <span class='ocrx_word' id='word_1_718' title='bbox 2585 4618 2836 4689; x_wconf 90' lang='lat' dir='ltr'><strong>recipere</strong></span> <span class='ocrx_word' id='word_1_719' title='bbox 2859 4619 3148 4677; x_wconf 87' lang='lat' dir='ltr'><strong>veritatem</strong></span> <span class='ocrx_word' id='word_1_720' title='bbox 3166 4661 3183 4690; x_wconf 90' lang='lat'><strong>,</strong></span> <span class='ocrx_word' id='word_1_721' title='bbox 3213 4621 3310 4678; x_wconf 89' lang='lat' dir='ltr'><strong>sed</strong></span> <span class='ocrx_word' id='word_1_722' title='bbox 3337 4636 3475 4679; x_wconf 86' lang='lat' dir='ltr'><strong>con-</strong></span> 
     </span>
    </p>
   </div>
   <div class='ocr_carea' id='block_1_93' title="bbox 168 4718 1770 4800">
    <p class='ocr_par' dir='ltr' id='par_1_93' title="bbox 168 4718 1770 4800">
     <span class='ocr_line' id='line_1_93' title="bbox 168 4718 1770 4800; baseline -0.004 -22"><span class='ocrx_word' id='word_1_723' title='bbox 168 4723 305 4781; x_wconf 86' lang='lat' dir='ltr'><strong>inler</strong></span> <span class='ocrx_word' id='word_1_724' title='bbox 330 4736 513 4800; x_wconf 83' lang='lat' dir='ltr'><strong>gentes</strong></span> <span class='ocrx_word' id='word_1_725' title='bbox 534 4726 706 4782; x_wconf 88' lang='lat' dir='ltr'><strong>studia</strong></span> <span class='ocrx_word' id='word_1_726' title='bbox 734 4728 868 4798; x_wconf 88' lang='lat' dir='ltr'><strong>ejus.</strong></span> <span class='ocrx_word' id='word_1_727' title='bbox 900 4721 1019 4779; x_wconf 82' lang='lat' dir='ltr'><strong>Vox</strong></span> <span class='ocrx_word' id='word_1_728' title='bbox 1048 4721 1326 4793; x_wconf 77' lang='lat' dir='ltr'><strong>prophctze</strong></span> <span class='ocrx_word' id='word_1_729' title='bbox 1347 4718 1610 4776; x_wconf 84' lang='lat' dir='ltr'><strong>admonet</strong></span> <span class='ocrx_word' id='word_1_730' title='bbox 1631 4731 1770 4789; x_wconf 78' lang='lat' dir='ltr'><strong>prte-</strong></span> 
     </span>
    </p>
   </div>
   <div class='ocr_carea' id='block_1_94' title="bbox 171 4810 1774 4891">
    <p class='ocr_par' dir='ltr' id='par_1_94' title="bbox 171 4810 1774 4891">
     <span class='ocr_line' id='line_1_94' title="bbox 171 4810 1774 4891; baseline -0.004 -20"><span class='ocrx_word' id='word_1_731' title='bbox 171 4814 452 4876; x_wconf 85' lang='lat' dir='ltr'><strong>dicatnres</strong></span> <span class='ocrx_word' id='word_1_732' title='bbox 479 4827 538 4875; x_wconf 90' lang='lat' dir='ltr'><strong>ut</strong></span> <span class='ocrx_word' id='word_1_733' title='bbox 563 4817 884 4891; x_wconf 78' lang='lat' dir='ltr'><strong>praedicent.</strong></span> <span class='ocrx_word' id='word_1_734' title='bbox 930 4815 1248 4871; x_wconf 87' lang='lat' dir='ltr'><strong>Annuntiate</strong></span> <span class='ocrx_word' id='word_1_735' title='bbox 1275 4813 1450 4870; x_wconf 89' lang='lat' dir='ltr'><strong>studia</strong></span> <span class='ocrx_word' id='word_1_736' title='bbox 1479 4813 1591 4883; x_wconf 84' lang='lat' dir='ltr'><strong>eius</strong></span> <span class='ocrx_word' id='word_1_737' title='bbox 1619 4827 1636 4865; x_wconf 90' lang='lat'><strong><em>:</em></strong></span> <span class='ocrx_word' id='word_1_738' title='bbox 1666 4810 1774 4866; x_wconf 89' lang='lat' dir='ltr'><strong>hoc</strong></span> 
     </span>
    </p>
   </div>
   <div class='ocr_carea' id='block_1_95' title="bbox 172 4904 1772 4981">
    <p class='ocr_par' dir='ltr' id='par_1_95' title="bbox 172 4904 1772 4981">
     <span class='ocr_line' id='line_1_95' title="bbox 172 4904 1772 4981; baseline -0.004 -16"><span class='ocrx_word' id='word_1_739' title='bbox 172 4916 285 4978; x_wconf 86' lang='lat' dir='ltr'><strong>est,</strong></span> <span class='ocrx_word' id='word_1_740' title='bbox 334 4910 635 4981; x_wconf 76' lang='lat' dir='ltr'><strong>prazdicate</strong></span> <span class='ocrx_word' id='word_1_741' title='bbox 675 4909 933 4966; x_wconf 91' lang='lat' dir='ltr'><strong>mandata</strong></span> <span class='ocrx_word' id='word_1_742' title='bbox 982 4907 1124 4979; x_wconf 88' lang='lat' dir='ltr'><strong>eius.</strong></span> <span class='ocrx_word' id='word_1_743' title='bbox 1154 4907 1409 4964; x_wconf 81' lang='lat' dir='ltr'><strong>Forsitan</strong></span> <span class='ocrx_word' id='word_1_744' title='bbox 1444 4904 1522 4962; x_wconf 90' lang='lat' dir='ltr'><strong>illi</strong></span> <span class='ocrx_word' id='word_1_745' title='bbox 1551 4904 1772 4962; x_wconf 86' lang='lat' dir='ltr'><strong>dicent:</strong></span> 
     </span>
    </p>
   </div>
   <div class='ocr_carea' id='block_1_96' title="bbox 173 4996 1777 5076">
    <p class='ocr_par' dir='ltr' id='par_1_96' title="bbox 173 4996 1777 5076">
     <span class='ocr_line' id='line_1_96' title="bbox 173 4996 1777 5076; baseline -0.002 -21"><span class='ocrx_word' id='word_1_746' title='bbox 173 4998 477 5058; x_wconf 77' lang='lat' dir='ltr'><strong>Moriemur</strong></span> <span class='ocrx_word' id='word_1_747' title='bbox 502 5002 547 5059; x_wconf 89' lang='lat' dir='ltr'><strong>si</strong></span> <span class='ocrx_word' id='word_1_748' title='bbox 574 5003 643 5059; x_wconf 89' lang='lat' dir='ltr'><strong>ad</strong></span> <span class='ocrx_word' id='word_1_749' title='bbox 671 5011 865 5076; x_wconf 86' lang='lat' dir='ltr'><strong>gentes</strong></span> <span class='ocrx_word' id='word_1_750' title='bbox 888 5000 1384 5058; x_wconf 87' lang='lat' dir='ltr'><strong>ambulaverimus:</strong></span> <span class='ocrx_word' id='word_1_751' title='bbox 1409 4999 1508 5057; x_wconf 90' lang='lat' dir='ltr'><strong>sed</strong></span> <span class='ocrx_word' id='word_1_752' title='bbox 1534 4996 1777 5069; x_wconf 87' lang='lat' dir='ltr'><strong>adiungit</strong></span> 
     </span>
    </p>
   </div>
   <div class='ocr_carea' id='block_1_97' title="bbox 172 5093 498 5164">
    <p class='ocr_par' dir='ltr' id='par_1_97' title="bbox 172 5093 498 5164">
     <span class='ocr_line' id='line_1_97' title="bbox 172 5093 498 5164; baseline 0.003 -17"><span class='ocrx_word' id='word_1_753' title='bbox 172 5093 449 5164; x_wconf 81' lang='lat' dir='ltr'><strong>propheta</strong></span> <span class='ocrx_word' id='word_1_754' title='bbox 486 5111 498 5148; x_wconf 92' lang='lat'><strong>:</strong></span> 
     </span>
    </p>
   </div>
   <div class='ocr_carea' id='block_1_98' title="bbox 247 5181 1770 5264">
    <p class='ocr_par' dir='ltr' id='par_1_98' title="bbox 247 5181 1770 5264">
     <span class='ocr_line' id='line_1_98' title="bbox 247 5181 1770 5264; baseline -0.005 -21"><span class='ocrx_word' id='word_1_755' title='bbox 247 5187 519 5255; x_wconf 85' lang='lat' dir='ltr'><strong>Quoniam</strong></span> <span class='ocrx_word' id='word_1_756' title='bbox 539 5189 804 5261; x_wconf 84' lang='lat' dir='ltr'><strong>requirens</strong></span> <span class='ocrx_word' id='word_1_757' title='bbox 824 5189 1131 5264; x_wconf 88' lang='lat' dir='ltr'><strong>sanguinem</strong></span> <span class='ocrx_word' id='word_1_758' title='bbox 1152 5201 1351 5243; x_wconf 88' lang='lat' dir='ltr'><strong>eorum.</strong></span> <span class='ocrx_word' id='word_1_759' title='bbox 1377 5184 1444 5240; x_wconf 86' lang='lat' dir='ltr'><strong>Et</strong></span> <span class='ocrx_word' id='word_1_760' title='bbox 1468 5181 1734 5239; x_wconf 90' lang='lat' dir='ltr'><strong>Dominus</strong></span> <span class='ocrx_word' id='word_1_761' title='bbox 1757 5198 1770 5235; x_wconf 92' lang='lat'><strong>:</strong></span> 
     </span>
    </p>
   </div>
   <div class='ocr_carea' id='block_1_99' title="bbox 171 5276 1777 5354">
    <p class='ocr_par' dir='ltr' id='par_1_99' title="bbox 171 5276 1777 5354">
     <span class='ocr_line' id='line_1_99' title="bbox 171 5276 1777 5354; baseline -0.003 -19"><span class='ocrx_word' id='word_1_762' title='bbox 171 5276 358 5336; x_wconf 86' lang='lat' dir='ltr'><strong>Nolite</strong></span> <span class='ocrx_word' id='word_1_763' title='bbox 405 5280 643 5339; x_wconf 87' lang='lat' dir='ltr'><strong>timere:</strong></span> <span class='ocrx_word' id='word_1_764' title='bbox 698 5283 826 5354; x_wconf 91' lang='lat' dir='ltr'><strong>quia</strong></span> <span class='ocrx_word' id='word_1_765' title='bbox 875 5283 922 5338; x_wconf 91' lang='lat' dir='ltr'><strong>si</strong></span> <span class='ocrx_word' id='word_1_766' title='bbox 971 5281 1235 5339; x_wconf 89' lang='lat' dir='ltr'><strong>occidunt</strong></span> <span class='ocrx_word' id='word_1_767' title='bbox 1271 5293 1509 5351; x_wconf 90' lang='lat' dir='ltr'><strong>corpus,</strong></span> <span class='ocrx_word' id='word_1_768' title='bbox 1539 5276 1777 5332; x_wconf 88' lang='lat' dir='ltr'><strong>animam</strong></span> 
     </span>
    </p>
   </div>
   <div class='ocr_carea' id='block_1_100' title="bbox 173 5372 1778 5452">
    <p class='ocr_par' dir='ltr' id='par_1_100' title="bbox 173 5372 1778 5452">
     <span class='ocr_line' id='line_1_100' title="bbox 173 5372 1778 5452; baseline -0.001 -23"><span class='ocrx_word' id='word_1_769' title='bbox 173 5389 285 5430; x_wconf 88' lang='lat' dir='ltr'><strong>non</strong></span> <span class='ocrx_word' id='word_1_770' title='bbox 316 5385 556 5447; x_wconf 88' lang='lat' dir='ltr'><strong>possunt</strong></span> <span class='ocrx_word' id='word_1_771' title='bbox 578 5377 831 5435; x_wconf 90' lang='lat' dir='ltr'><strong>occidere</strong></span> <span class='ocrx_word' id='word_1_772' title='bbox 870 5377 1031 5452; x_wconf 76' lang='lat' dir='ltr'><strong>(Mat.</strong></span> <span class='ocrx_word' id='word_1_773' title='bbox 1071 5376 1160 5451; x_wconf 76' lang='grc' dir='ltr'>ι).</span> <span class='ocrx_word' id='word_1_774' title='bbox 1204 5376 1525 5433; x_wconf 81' lang='lat' dir='ltr'><strong>Memoratus</strong></span> <span class='ocrx_word' id='word_1_775' title='bbox 1564 5381 1635 5429; x_wconf 87' lang='lat' dir='ltr'><strong>est</strong></span> <span class='ocrx_word' id='word_1_776' title='bbox 1663 5372 1778 5429; x_wconf 86' lang='lat' dir='ltr'><strong>Do-</strong></span> 
     </span>
    </p>
   </div>
   <div class='ocr_carea' id='block_1_101' title="bbox 174 5463 1780 5541">
    <p class='ocr_par' dir='ltr' id='par_1_101' title="bbox 174 5463 1780 5541">
     <span class='ocr_line' id='line_1_101' title="bbox 174 5463 1780 5541; baseline 0.002 -22"><span class='ocrx_word' id='word_1_777' title='bbox 174 5465 352 5521; x_wconf 86' lang='lat' dir='ltr'><strong>minus</strong></span> <span class='ocrx_word' id='word_1_778' title='bbox 378 5482 399 5523; x_wconf 92' lang='lat'><strong>:</strong></span> <span class='ocrx_word' id='word_1_779' title='bbox 433 5476 484 5521; x_wconf 88' lang='lat' dir='ltr'><strong>et</strong></span> <span class='ocrx_word' id='word_1_780' title='bbox 512 5484 610 5523; x_wconf 90' lang='lat' dir='ltr'><strong>non</strong></span> <span class='ocrx_word' id='word_1_781' title='bbox 653 5478 728 5525; x_wconf 83' lang='lat' dir='ltr'><strong>est</strong></span> <span class='ocrx_word' id='word_1_782' title='bbox 758 5468 947 5524; x_wconf 79' lang='lat' dir='ltr'><strong>oblitus</strong></span> <span class='ocrx_word' id='word_1_783' title='bbox 988 5470 1283 5525; x_wconf 89' lang='lat' dir='ltr'><strong>orationem</strong></span> <span class='ocrx_word' id='word_1_784' title='bbox 1323 5465 1590 5541; x_wconf 87' lang='lat' dir='ltr'><strong>pauperis.</strong></span> <span class='ocrx_word' id='word_1_785' title='bbox 1623 5466 1703 5521; x_wconf 85' lang='lat' dir='ltr'><strong>Ac</strong></span> <span class='ocrx_word' id='word_1_786' title='bbox 1730 5463 1780 5522; x_wconf 89' lang='lat' dir='ltr'><strong>si</strong></span> 
     </span>
    </p>
   </div>
   <div class='ocr_carea' id='block_1_102' title="bbox 174 5557 1778 5632">
    <p class='ocr_par' dir='ltr' id='par_1_102' title="bbox 174 5557 1778 5632">
     <span class='ocr_line' id='line_1_102' title="bbox 174 5557 1778 5632; baseline -0.001 -17"><span class='ocrx_word' id='word_1_787' title='bbox 174 5558 325 5616; x_wconf 91' lang='lat' dir='ltr'><strong>dicat</strong></span> <span class='ocrx_word' id='word_1_788' title='bbox 356 5560 622 5632; x_wconf 86' lang='lat' dir='ltr'><strong>propheta</strong></span> <span class='ocrx_word' id='word_1_789' title='bbox 647 5580 662 5617; x_wconf 91' lang='lat'><strong>:</strong></span> <span class='ocrx_word' id='word_1_790' title='bbox 692 5562 809 5618; x_wconf 82' lang='lat' dir='ltr'><strong>Non</strong></span> <span class='ocrx_word' id='word_1_791' title='bbox 837 5571 921 5618; x_wconf 91' lang='lat' dir='ltr'><strong>est</strong></span> <span class='ocrx_word' id='word_1_792' title='bbox 942 5562 1143 5619; x_wconf 86' lang='lat' dir='ltr'><strong>oblitus</strong></span> <span class='ocrx_word' id='word_1_793' title='bbox 1164 5560 1441 5618; x_wconf 79' lang='lat' dir='ltr'><strong>vindicare</strong></span> <span class='ocrx_word' id='word_1_794' title='bbox 1462 5557 1778 5630; x_wconf 89' lang='lat' dir='ltr'><strong>sanguinem</strong></span> 
     </span>
    </p>
   </div>
   <div class='ocr_carea' id='block_1_103' title="bbox 174 5652 1782 5725">
    <p class='ocr_par' dir='ltr' id='par_1_103' title="bbox 174 5652 1782 5725">
     <span class='ocr_line' id='line_1_103' title="bbox 174 5652 1782 5725; baseline -0.002 -16"><span class='ocrx_word' id='word_1_795' title='bbox 174 5661 453 5710; x_wconf 89' lang='lat' dir='ltr'><strong>vestrum.</strong></span> <span class='ocrx_word' id='word_1_796' title='bbox 482 5652 634 5711; x_wconf 91' lang='lat' dir='ltr'><strong>Unde</strong></span> <span class='ocrx_word' id='word_1_797' title='bbox 660 5656 778 5725; x_wconf 87' lang='lat' dir='ltr'><strong>ipse</strong></span> <span class='ocrx_word' id='word_1_798' title='bbox 800 5654 1065 5712; x_wconf 90' lang='lat' dir='ltr'><strong>Dominus</strong></span> <span class='ocrx_word' id='word_1_799' title='bbox 1090 5654 1228 5713; x_wconf 83' lang='lat' dir='ltr'><strong>dixit</strong></span> <span class='ocrx_word' id='word_1_800' title='bbox 1253 5670 1268 5708; x_wconf 91' lang='lat'><strong>:</strong></span> <span class='ocrx_word' id='word_1_801' title='bbox 1296 5653 1438 5710; x_wconf 89' lang='lat' dir='ltr'><strong>Deus</strong></span> <span class='ocrx_word' id='word_1_802' title='bbox 1464 5659 1646 5707; x_wconf 89' lang='lat' dir='ltr'><strong>autem</strong></span> <span class='ocrx_word' id='word_1_803' title='bbox 1671 5665 1782 5706; x_wconf 90' lang='lat' dir='ltr'><strong>non</strong></span> 
     </span>
    </p>
   </div>
   <div class='ocr_carea' id='block_1_104' title="bbox 173 5743 1786 5807">
    <p class='ocr_par' dir='ltr' id='par_1_104' title="bbox 173 5743 1786 5807">
     <span class='ocr_line' id='line_1_104' title="bbox 173 5743 1786 5807; baseline -0.001 -4"><span class='ocrx_word' id='word_1_804' title='bbox 173 5745 347 5803; x_wconf 87' lang='lat' dir='ltr'><strong>faciet</strong></span> <span class='ocrx_word' id='word_1_805' title='bbox 388 5745 690 5804; x_wconf 87' lang='lat' dir='ltr'><strong>vindictam</strong></span> <span class='ocrx_word' id='word_1_806' title='bbox 729 5747 1026 5804; x_wconf 87' lang='lat' dir='ltr'><strong>electorum</strong></span> <span class='ocrx_word' id='word_1_807' title='bbox 1071 5763 1296 5807; x_wconf 91' lang='lat' dir='ltr'><strong>suorum</strong></span> <span class='ocrx_word' id='word_1_808' title='bbox 1338 5744 1691 5803; x_wconf 89' lang='lat' dir='ltr'><strong>clamantium</strong></span> <span class='ocrx_word' id='word_1_809' title='bbox 1719 5743 1786 5801; x_wconf 88' lang='lat' dir='ltr'><strong>ad</strong></span> 
     </span>
    </p>
   </div>
   <div class='ocr_carea' id='block_1_105' title="bbox 177 5836 1046 5913">
    <p class='ocr_par' dir='ltr' id='par_1_105' title="bbox 177 5836 1046 5913">
     <span class='ocr_line' id='line_1_105' title="bbox 177 5836 1046 5913; baseline -0.001 -16"><span class='ocrx_word' id='word_1_810' title='bbox 177 5851 241 5897; x_wconf 86' lang='lat' dir='ltr'><strong>se</strong></span> <span class='ocrx_word' id='word_1_811' title='bbox 267 5836 365 5895; x_wconf 86' lang='lat' dir='ltr'><strong>die</strong></span> <span class='ocrx_word' id='word_1_812' title='bbox 393 5852 463 5896; x_wconf 86' lang='lat' dir='ltr'><strong>ac</strong></span> <span class='ocrx_word' id='word_1_813' title='bbox 492 5848 653 5896; x_wconf 86' lang='lat' dir='ltr'><strong>nocte</strong></span> <span class='ocrx_word' id='word_1_814' title='bbox 683 5838 841 5911; x_wconf 85' lang='lat' dir='ltr'><strong>(Luc.</strong></span> <span class='ocrx_word' id='word_1_815' title='bbox 870 5837 1046 5913; x_wconf 82' lang='lat' dir='ltr'><strong>xvut).</strong></span> 
     </span>
    </p>
   </div>
   <div class='ocr_carea' id='block_1_106' title="bbox 643 5931 1193 5997">
    <p class='ocr_par' dir='ltr' id='par_1_106' title="bbox 643 5931 1193 5997">
     <span class='ocr_line' id='line_1_106' title="bbox 643 5931 1193 5997; baseline 0.004 -5"><span class='ocrx_word' id='word_1_816' title='bbox 643 5931 920 5992; x_wconf 72' lang='grc' dir='ltr'>ΡΑτιιοι..</span> <span class='ocrx_word' id='word_1_817' title='bbox 958 5931 1193 5997; x_wconf 80' lang='lat' dir='ltr'><strong>XXVI.</strong></span> 
     </span>
    </p>
   </div>
   <div class='ocr_carea' id='block_1_107' title="bbox 1873 4709 2888 4784">
    <p class='ocr_par' dir='ltr' id='par_1_107' title="bbox 1873 4709 2888 4784">
     <span class='ocr_line' id='line_1_107' title="bbox 1873 4709 2888 4784; baseline -0.005 -13"><span class='ocrx_word' id='word_1_818' title='bbox 1873 4720 2165 4771; x_wconf 89' lang='lat' dir='ltr'><strong>senserunt</strong></span> <span class='ocrx_word' id='word_1_819' title='bbox 2191 4710 2463 4782; x_wconf 90' lang='lat' dir='ltr'><strong>iniquitati</strong></span> <span class='ocrx_word' id='word_1_820' title='bbox 2492 4710 2513 4784; x_wconf 96' lang='lat'>(</span> <span class='ocrx_word' id='word_1_821' title='bbox 2531 4709 2549 4765; x_wconf 93' lang='lat' dir='ltr'><strong>l</strong></span> <span class='ocrx_word' id='word_1_822' title='bbox 2580 4709 2766 4769; x_wconf 81' lang='lat' dir='ltr'><strong>Thess.</strong></span> <span class='ocrx_word' id='word_1_823' title='bbox 2789 4710 2888 4783; x_wconf 87' lang='grc' dir='ltr'>ιι).</span> 
     </span>
    </p>
   </div>
   <div class='ocr_carea' id='block_1_108' title="bbox 1950 4801 3476 4876">
    <p class='ocr_par' dir='ltr' id='par_1_108' title="bbox 1950 4801 3476 4876">
     <span class='ocr_line' id='line_1_108' title="bbox 1950 4801 3476 4876; baseline 0.001 -14"><span class='ocrx_word' id='word_1_824' title='bbox 1950 4804 2133 4862; x_wconf 88' lang='lat' dir='ltr'><strong>Sciant</strong></span> <span class='ocrx_word' id='word_1_825' title='bbox 2156 4810 2330 4876; x_wconf 87' lang='lat' dir='ltr'><strong>gentes</strong></span> <span class='ocrx_word' id='word_1_826' title='bbox 2358 4803 2604 4873; x_wconf 89' lang='lat' dir='ltr'><strong>quoniam</strong></span> <span class='ocrx_word' id='word_1_827' title='bbox 2628 4801 2863 4858; x_wconf 83' lang='lat' dir='ltr'><strong>homines</strong></span> <span class='ocrx_word' id='word_1_828' title='bbox 2886 4812 3031 4859; x_wconf 87' lang='lat' dir='ltr'><strong>sunt.</strong></span> <span class='ocrx_word' id='word_1_829' title='bbox 3054 4801 3191 4860; x_wconf 90' lang='lat' dir='ltr'><strong>Cum</strong></span> <span class='ocrx_word' id='word_1_830' title='bbox 3214 4805 3476 4864; x_wconf 81' lang='lat' dir='ltr'><strong>condem-</strong></span> 
     </span>
    </p>
   </div>
   <div class='ocr_carea' id='block_1_109' title="bbox 1877 4896 3474 4968">
    <p class='ocr_par' dir='ltr' id='par_1_109' title="bbox 1877 4896 3474 4968">
     <span class='ocr_line' id='line_1_109' title="bbox 1877 4896 3474 4968; baseline 0.001 -12"><span class='ocrx_word' id='word_1_831' title='bbox 1877 4908 2020 4956; x_wconf 77' lang='lat' dir='ltr'><strong>nata:</strong></span> <span class='ocrx_word' id='word_1_832' title='bbox 2043 4896 2268 4966; x_wconf 82' lang='lat' dir='ltr'><strong>iuerint,</strong></span> <span class='ocrx_word' id='word_1_833' title='bbox 2304 4905 2433 4953; x_wconf 92' lang='lat' dir='ltr'><strong>tunc</strong></span> <span class='ocrx_word' id='word_1_834' title='bbox 2460 4905 2797 4968; x_wconf 88' lang='lat' dir='ltr'><strong>cognoscent</strong></span> <span class='ocrx_word' id='word_1_835' title='bbox 2822 4896 2950 4968; x_wconf 91' lang='lat' dir='ltr'><strong>quia</strong></span> <span class='ocrx_word' id='word_1_836' title='bbox 2982 4911 3134 4968; x_wconf 77' lang='lat' dir='ltr'><strong>Spem</strong></span> <span class='ocrx_word' id='word_1_837' title='bbox 3165 4898 3217 4953; x_wconf 93' lang='lat' dir='ltr'><strong>in</strong></span> <span class='ocrx_word' id='word_1_838' title='bbox 3248 4898 3474 4960; x_wconf 87' lang='lat' dir='ltr'><strong>homine</strong></span> 
     </span>
    </p>
   </div>
   <div class='ocr_carea' id='block_1_110' title="bbox 1879 4987 3479 5064">
    <p class='ocr_par' dir='ltr' id='par_1_110' title="bbox 1879 4987 3479 5064">
     <span class='ocr_line' id='line_1_110' title="bbox 1879 4987 3479 5064; baseline 0.003 -16"><span class='ocrx_word' id='word_1_839' title='bbox 1879 5000 2209 5064; x_wconf 88' lang='lat' dir='ltr'><strong>posuerunt,</strong></span> <span class='ocrx_word' id='word_1_840' title='bbox 2257 4999 2308 5047; x_wconf 90' lang='lat' dir='ltr'><strong>et</strong></span> <span class='ocrx_word' id='word_1_841' title='bbox 2360 5003 2471 5046; x_wconf 93' lang='lat' dir='ltr'><strong>non</strong></span> <span class='ocrx_word' id='word_1_842' title='bbox 2524 4987 2581 5045; x_wconf 93' lang='lat' dir='ltr'><strong>in</strong></span> <span class='ocrx_word' id='word_1_843' title='bbox 2637 4989 2811 5046; x_wconf 89' lang='lat' dir='ltr'><strong>Deum</strong></span> <span class='ocrx_word' id='word_1_844' title='bbox 2845 5029 2860 5058; x_wconf 91' lang='lat'><strong>,</strong></span> <span class='ocrx_word' id='word_1_845' title='bbox 2913 4990 3009 5061; x_wconf 91' lang='lat' dir='ltr'><strong>qui</strong></span> <span class='ocrx_word' id='word_1_846' title='bbox 3059 4991 3210 5048; x_wconf 92' lang='lat' dir='ltr'><strong>solus</strong></span> <span class='ocrx_word' id='word_1_847' title='bbox 3258 4992 3479 5053; x_wconf 86' lang='lat' dir='ltr'><strong>salvare</strong></span> 
     </span>
    </p>
   </div>
   <div class='ocr_carea' id='block_1_111' title="bbox 1882 5093 2086 5158">
    <p class='ocr_par' dir='ltr' id='par_1_111' title="bbox 1882 5093 2086 5158">
     <span class='ocr_line' id='line_1_111' title="bbox 1882 5093 2086 5158; baseline -0.01 -16"><span class='ocrx_word' id='word_1_848' title='bbox 1882 5093 2086 5158; x_wconf 86' lang='lat' dir='ltr'><strong>potest.</strong></span> 
     </span>
    </p>
   </div>
   <div class='ocr_carea' id='block_1_112' title="bbox 1957 5175 3479 5253">
    <p class='ocr_par' dir='ltr' id='par_1_112' title="bbox 1957 5175 3479 5253">
     <span class='ocr_line' id='line_1_112' title="bbox 1957 5175 3479 5253; baseline 0.004 -20"><span class='ocrx_word' id='word_1_849' title='bbox 1957 5176 2026 5233; x_wconf 88' lang='lat' dir='ltr'><strong>Ut</strong></span> <span class='ocrx_word' id='word_1_850' title='bbox 2054 5176 2200 5247; x_wconf 89' lang='lat' dir='ltr'><strong>quid,</strong></span> <span class='ocrx_word' id='word_1_851' title='bbox 2231 5175 2474 5244; x_wconf 89' lang='lat' dir='ltr'><strong>Domine,</strong></span> <span class='ocrx_word' id='word_1_852' title='bbox 2503 5175 2760 5233; x_wconf 86' lang='lat' dir='ltr'><strong>recessisti</strong></span> <span class='ocrx_word' id='word_1_853' title='bbox 2809 5175 2999 5248; x_wconf 82' lang='lat' dir='ltr'><strong>longe?</strong></span> <span class='ocrx_word' id='word_1_854' title='bbox 3031 5175 3211 5246; x_wconf 90' lang='lat' dir='ltr'><strong>Quare</strong></span> <span class='ocrx_word' id='word_1_855' title='bbox 3250 5178 3479 5253; x_wconf 86' lang='lat' dir='ltr'><strong>elongas</strong></span> 
     </span>
    </p>
   </div>
   <div class='ocr_carea' id='block_1_113' title="bbox 1881 5269 3476 5331">
    <p class='ocr_par' dir='ltr' id='par_1_113' title="bbox 1881 5269 3476 5331">
     <span class='ocr_line' id='line_1_113' title="bbox 1881 5269 3476 5331; baseline 0.001 -2"><span class='ocrx_word' id='word_1_856' title='bbox 1881 5272 2124 5329; x_wconf 84' lang='lat' dir='ltr'><strong>salutare</strong></span> <span class='ocrx_word' id='word_1_857' title='bbox 2173 5280 2325 5329; x_wconf 91' lang='lat' dir='ltr'><strong>tuum</strong></span> <span class='ocrx_word' id='word_1_858' title='bbox 2369 5285 2493 5327; x_wconf 90' lang='lat' dir='ltr'><strong>eum</strong></span> <span class='ocrx_word' id='word_1_859' title='bbox 2548 5285 2651 5328; x_wconf 90' lang='lat' dir='ltr'><strong>nos</strong></span> <span class='ocrx_word' id='word_1_860' title='bbox 2698 5269 3019 5326; x_wconf 82' lang='lat' dir='ltr'><strong>inﬂammati</strong></span> <span class='ocrx_word' id='word_1_861' title='bbox 3050 5286 3240 5328; x_wconf 89' lang='lat' dir='ltr'><strong>sumus</strong></span> <span class='ocrx_word' id='word_1_862' title='bbox 3278 5273 3347 5330; x_wconf 91' lang='lat' dir='ltr'><strong>ab</strong></span> <span class='ocrx_word' id='word_1_863' title='bbox 3376 5290 3476 5331; x_wconf 78' lang='lat' dir='ltr'><strong>ex-</strong></span> 
     </span>
    </p>
   </div>
   <div class='ocr_carea' id='block_1_114' title="bbox 1882 5367 3482 5445">
    <p class='ocr_par' dir='ltr' id='par_1_114' title="bbox 1882 5367 3482 5445">
     <span class='ocr_line' id='line_1_114' title="bbox 1882 5367 3482 5445; baseline -0.001 -16"><span class='ocrx_word' id='word_1_864' title='bbox 1882 5370 2223 5445; x_wconf 87' lang='lat' dir='ltr'><strong>spectatione</strong></span> <span class='ocrx_word' id='word_1_865' title='bbox 2275 5370 2542 5426; x_wconf 87' lang='lat' dir='ltr'><strong>adventus</strong></span> <span class='ocrx_word' id='word_1_866' title='bbox 2593 5367 2713 5425; x_wconf 81' lang='lat' dir='ltr'><strong>tui‘i</strong></span> <span class='ocrx_word' id='word_1_867' title='bbox 2751 5367 2915 5425; x_wconf 87' lang='lat' dir='ltr'><strong>Unde</strong></span> <span class='ocrx_word' id='word_1_868' title='bbox 2963 5367 3232 5427; x_wconf 87' lang='lat' dir='ltr'><strong>Dominus</strong></span> <span class='ocrx_word' id='word_1_869' title='bbox 3260 5369 3398 5427; x_wconf 83' lang='lat' dir='ltr'><strong>dixit</strong></span> <span class='ocrx_word' id='word_1_870' title='bbox 3425 5371 3482 5428; x_wconf 91' lang='lat' dir='ltr'><strong>in</strong></span> 
     </span>
    </p>
   </div>
   <div class='ocr_carea' id='block_1_115' title="bbox 1886 5462 3487 5539">
    <p class='ocr_par' dir='ltr' id='par_1_115' title="bbox 1886 5462 3487 5539">
     <span class='ocr_line' id='line_1_115' title="bbox 1886 5462 3487 5539; baseline -0.001 -15"><span class='ocrx_word' id='word_1_871' title='bbox 1886 5466 2181 5539; x_wconf 81' lang='lat' dir='ltr'><strong>Evangelio</strong></span> <span class='ocrx_word' id='word_1_872' title='bbox 2205 5483 2219 5522; x_wconf 90' lang='lat'><strong>:</strong></span> <span class='ocrx_word' id='word_1_873' title='bbox 2247 5464 2362 5522; x_wconf 87' lang='lat' dir='ltr'><strong>Nisi</strong></span> <span class='ocrx_word' id='word_1_874' title='bbox 2389 5464 2626 5522; x_wconf 81' lang='lat' dir='ltr'><strong>breviati</strong></span> <span class='ocrx_word' id='word_1_875' title='bbox 2656 5463 2893 5520; x_wconf 89' lang='lat' dir='ltr'><strong>fuissent</strong></span> <span class='ocrx_word' id='word_1_876' title='bbox 2911 5463 3031 5519; x_wconf 90' lang='lat' dir='ltr'><strong>dies</strong></span> <span class='ocrx_word' id='word_1_877' title='bbox 3056 5462 3157 5533; x_wconf 90' lang='lat' dir='ltr'><strong>illi,</strong></span> <span class='ocrx_word' id='word_1_878' title='bbox 3184 5478 3292 5520; x_wconf 89' lang='lat' dir='ltr'><strong>non</strong></span> <span class='ocrx_word' id='word_1_879' title='bbox 3326 5463 3487 5523; x_wconf 90' lang='lat' dir='ltr'><strong>ﬁeret</strong></span> 
     </span>
    </p>
   </div>
   <div class='ocr_carea' id='block_1_116' title="bbox 1886 5554 3489 5634">
    <p class='ocr_par' dir='ltr' id='par_1_116' title="bbox 1886 5554 3489 5634">
     <span class='ocr_line' id='line_1_116' title="bbox 1886 5554 3489 5634; baseline -0.001 -17"><span class='ocrx_word' id='word_1_880' title='bbox 1886 5561 2036 5618; x_wconf 89' lang='lat' dir='ltr'><strong>salva</strong></span> <span class='ocrx_word' id='word_1_881' title='bbox 2064 5560 2245 5617; x_wconf 89' lang='lat' dir='ltr'><strong>omnis</strong></span> <span class='ocrx_word' id='word_1_882' title='bbox 2270 5573 2403 5616; x_wconf 90' lang='lat' dir='ltr'><strong>caro</strong></span> <span class='ocrx_word' id='word_1_883' title='bbox 2425 5556 2644 5634; x_wconf 75' lang='lat' dir='ltr'><strong>(Matth.</strong></span> <span class='ocrx_word' id='word_1_884' title='bbox 2675 5555 2858 5625; x_wconf 72' lang='lat' dir='ltr'><strong>xstv).</strong></span> <span class='ocrx_word' id='word_1_885' title='bbox 2884 5554 3125 5631; x_wconf 85' lang='lat' dir='ltr'><strong>Despicis</strong></span> <span class='ocrx_word' id='word_1_886' title='bbox 3150 5559 3205 5613; x_wconf 87' lang='lat' dir='ltr'><strong>in</strong></span> <span class='ocrx_word' id='word_1_887' title='bbox 3232 5568 3489 5632; x_wconf 85' lang='lat' dir='ltr'><strong>opportu-</strong></span> 
     </span>
    </p>
   </div>
   <div class='ocr_carea' id='block_1_117' title="bbox 1885 5650 3493 5729">
    <p class='ocr_par' dir='ltr' id='par_1_117' title="bbox 1885 5650 3493 5729">
     <span class='ocr_line' id='line_1_117' title="bbox 1885 5650 3493 5729; baseline 0.001 -18"><span class='ocrx_word' id='word_1_888' title='bbox 1885 5655 2159 5720; x_wconf 87' lang='lat' dir='ltr'><strong>nitatibus.</strong></span> <span class='ocrx_word' id='word_1_889' title='bbox 2186 5662 2296 5712; x_wconf 91' lang='lat' dir='ltr'><strong>etc.</strong></span> <span class='ocrx_word' id='word_1_890' title='bbox 2325 5653 2482 5710; x_wconf 83' lang='lat' dir='ltr'><strong>&#39;I‘unc</strong></span> <span class='ocrx_word' id='word_1_891' title='bbox 2506 5650 2768 5709; x_wconf 89' lang='lat' dir='ltr'><strong>videntur</strong></span> <span class='ocrx_word' id='word_1_892' title='bbox 2798 5651 3106 5724; x_wconf 89' lang='lat' dir='ltr'><strong>despicere,</strong></span> <span class='ocrx_word' id='word_1_893' title='bbox 3139 5652 3359 5725; x_wconf 87' lang='lat' dir='ltr'><strong>quando</strong></span> <span class='ocrx_word' id='word_1_894' title='bbox 3393 5669 3493 5729; x_wconf 35' lang='lat' dir='ltr'><strong>ope</strong></span> 
     </span>
    </p>
   </div>
   <div class='ocr_carea' id='block_1_118' title="bbox 1891 5743 3496 5820">
    <p class='ocr_par' dir='ltr' id='par_1_118' title="bbox 1891 5743 3496 5820">
     <span class='ocr_line' id='line_1_118' title="bbox 1891 5743 3496 5820; baseline 0.001 -14"><span class='ocrx_word' id='word_1_895' title='bbox 1891 5756 2191 5820; x_wconf 89' lang='lat' dir='ltr'><strong>portunum</strong></span> <span class='ocrx_word' id='word_1_896' title='bbox 2238 5756 2458 5819; x_wconf 87' lang='lat' dir='ltr'><strong>tempus</strong></span> <span class='ocrx_word' id='word_1_897' title='bbox 2488 5753 2573 5803; x_wconf 89' lang='lat' dir='ltr'><strong>est</strong></span> <span class='ocrx_word' id='word_1_898' title='bbox 2600 5743 2867 5802; x_wconf 73' lang='lat' dir='ltr'><strong>Ecclesia:</strong></span> <span class='ocrx_word' id='word_1_899' title='bbox 2915 5754 2976 5801; x_wconf 90' lang='lat' dir='ltr'><strong>ut</strong></span> <span class='ocrx_word' id='word_1_900' title='bbox 3017 5744 3269 5819; x_wconf 88' lang='lat' dir='ltr'><strong>adiuvet,</strong></span> <span class='ocrx_word' id='word_1_901' title='bbox 3302 5756 3496 5807; x_wconf 86' lang='lat' dir='ltr'><strong>etnon</strong></span> 
     </span>
    </p>
   </div>
   <div class='ocr_carea' id='block_1_119' title="bbox 1894 5836 3500 5911">
    <p class='ocr_par' dir='ltr' id='par_1_119' title="bbox 1894 5836 3500 5911">
     <span class='ocr_line' id='line_1_119' title="bbox 1894 5836 3500 5911; baseline 0.002 -12"><span class='ocrx_word' id='word_1_902' title='bbox 1894 5842 2078 5899; x_wconf 86' lang='lat' dir='ltr'><strong>statim</strong></span> <span class='ocrx_word' id='word_1_903' title='bbox 2107 5840 2349 5900; x_wconf 91' lang='lat' dir='ltr'><strong>occurrit</strong></span> <span class='ocrx_word' id='word_1_904' title='bbox 2380 5839 2461 5899; x_wconf 91' lang='lat' dir='ltr'><strong>illi</strong></span> <span class='ocrx_word' id='word_1_905' title='bbox 2498 5838 2554 5898; x_wconf 91' lang='lat' dir='ltr'><strong>in</strong></span> <span class='ocrx_word' id='word_1_906' title='bbox 2602 5836 2981 5897; x_wconf 85' lang='lat' dir='ltr'><strong>tribulatione.</strong></span> <span class='ocrx_word' id='word_1_907' title='bbox 3018 5839 3236 5911; x_wconf 78' lang='lat' dir='ltr'><strong>Quare?</strong></span> <span class='ocrx_word' id='word_1_908' title='bbox 3262 5851 3322 5901; x_wconf 91' lang='lat' dir='ltr'><strong>ut</strong></span> <span class='ocrx_word' id='word_1_909' title='bbox 3347 5842 3500 5903; x_wconf 88' lang='lat' dir='ltr'><strong>illam</strong></span> 
     </span>
    </p>
   </div>
   <div class='ocr_carea' id='block_1_120' title="bbox 2904 5930 2986 5996">
    <p class='ocr_par' dir='ltr' id='par_1_120' title="bbox 2904 5930 2986 5996">
     <span class='ocr_line' id='line_1_120' title="bbox 2904 5930 2986 5996; baseline 0 -3"><span class='ocrx_word' id='word_1_910' title='bbox 2904 5930 2986 5996; x_wconf 77' lang='lat'><strong>27</strong></span> 
     </span>
    </p>
   </div>
  </div>
