4034 6330
532 274 642 336 845

1320 264 1675 328 APPENDlX
1712 261 1805 320 AD
1843 252 2087 318 TOMUM
2123 248 2484 312 SEPTIMUM
2522 253 2585 314 S.
2628 252 3035 317 HIERONYMI.

3716 250 3811 313 ειι

527 394 785 446 exerceat
815 386 1117 445 secundum
1151 396 1306 438 suam
1335 381 1675 438 voluntatem
1704 396 1718 431 :
1763 374 1892 447 quia
1928 380 2137 445 quanto
2161 368 2334 430 Arus
2375 381 2463 431 est
2509 390 2524 429 :
2570 374 2697 444 quia
2732 374 2863 430 dum
2907 383 3094 446 sperat
3134 371 3299 445 longe
3339 386 3401 431 se
3434 385 3555 430 esse
3580 385 3816 443 amorte,

527 477 702 549 magis
728 476 943 542 diﬂert,
977 482 1128 530 tanto
1154 471 1329 543 magis
1370 469 1619 526 Ecclesia
1648 466 1919 527 dilatatur
1949 463 2003 518 in
2035 460 2133 517 de-

531 568 736 625 siderio
780 583 903 624 suo.

598 659 740 716 Dum
766 659 994 732 superbit
1023 656 1218 729 impius
1243 695 1257 721 ,
1288 663 1397 711 etc.
1434 653 1574 709 Dum
1615 648 1866 722 superbit
1897 647 2097 719 impius
2118 687 2134 715 ,

525 752 942 812 Antichristus:
989 747 1290 805 accenditur
1330 761 1549 820 pauper,
1600 742 1845 799 Ecclesia
1874 742 1929 797 in
1959 740 2130 797 tribu-

523 847 751 911 latione,
782 859 813 899 a
844 842 1103 913 superbia
1151 839 1325 909 ipsius
1376 836 1732 894 Antichristi.
1780 833 2135 906 Comprehen-

526 940 723 994 duntur
749 938 807 992 in
831 934 1085 1002 consiliis,
1114 943 1225 991 etc.
1260 931 1341 988 Ab
1370 929 1505 1002 ipsis
1533 929 1679 986 enim
1709 926 2134 1001 cogitationibus

524 1031 641 1089 Suis
665 1030 984 1101 alligantur,
1012 1026 1105 1099 qui
1131 1033 1323 1083 contra
1352 1023 1527 1081 Deum
1549 1031 1704 1078 sunt.

599 1122 859 1189 Quoniam
886 1119 1140 1176 laudatur
1168 1123 1411 1188 peccator
1454 1116 1511 1171 in
1561 1111 1869 1180 desideriis,
1898 1121 2009 1169 etc.
2051 1111 2137 1167 Ab

529 1214 945 1282 adulatoribus,
992 1220 1051 1268 et
1104 1225 1212 1267 non
1262 1224 1294 1264 a
1343 1208 1508 1279 justis
1561 1206 1813 1262 laudatur
1857 1212 2135 1275 peccator,

526 1316 658 1366 tunc
708 1306 929 1380 quando
983 1314 1243 1377 peccator
1301 1308 1651 1373 peccatorem
1708 1298 1935 1366 laudat,
1989 1298 2131 1353 alius

528 1400 696 1457 alium
721 1444 736 1470 ,
768 1399 897 1455 dum
925 1413 986 1454 se
1009 1395 1242 1452 invicem
1269 1392 1518 1461 laudant,
1551 1390 1830 1447 occidunt.

601 1490 943 1549 Ex'acerbavit
970 1488 1257 1544 Dominum
1281 1494 1546 1559 peccator.
1576 1484 1697 1555 Ipse
1734 1483 2132 1541 Autichristus.

530 1584 837 1643 Secundum
872 1581 1259 1637 multitudinem
1306 1579 1402 1634 ira:
1426 1592 1557 1633 sua.
1586 1575 1723 1646 Quia
1761 1574 1976 1648 ﬂagella
2016 1589 2140 1630 cor—

528 1678 795 1752 reptiunls
849 1691 959 1732 non
1016 1674 1251 1745 accepit.
1300 1671 1426 1728 Non
1475 1680 1688 1745 qureret.
1740 1668 1818 1727 Ut
1870 1684 1932 1725 se
1984 1666 2138 1738 quasi

2234 473 2361 523 tunc
2392 466 2716 538 repentinus
2740 467 2789 524 ei
2814 467 3167 538 superveniet
3191 465 3469 523 interitus.

2306 557 2455 613 Dixit
2509 558 2650 613 enim
2687 560 2740 614 in
2782 560 2938 617 corde
2962 576 3082 627 suo,
3115 558 3323 615 Oblitus
3352 568 3429 615 est
3458 556 3599 614 Deus
3628 575 3647 614 :
3692 576 3822 614 arer-

2237 650 2298 705 tit
2328 651 2515 723 faciem
2557 668 2731 722 suam,
2782 670 2847 708 ne
2888 653 3060 708 uideat
3087 668 3250 725 usque
3298 652 3353 708 in
3403 652 3582 721 ﬁnem.
3627 652 3821 709 Oblitus

2234 752 2320 798 est
2351 760 2365 798 :
2392 759 2457 799 ac
2488 743 2536 800 si
2563 743 2708 801 dicat
2736 762 2750 801 :
2780 745 2900 801 Mea
2932 754 3062 802 sunt
3091 746 3277 802 omnia
3306 745 3563 816 quamdiu
3586 745 3822 802 saeculum

2237 834 2427 905 luerit,
2468 845 2524 892 et
2570 837 2624 892 in
2648 836 2929 896 oblivione
2957 837 3181 896 tradidit
3208 838 3302 894 illa
3325 839 3473 896 Deus
3502 856 3518 893 :
3552 855 3823 910 numquam

2239 943 2373 986 usus
2405 936 2488 986 est
2514 929 2622 987 illis
2653 948 2670 987 :
2694 931 2791 988 sed
2814 947 2934 989 mea
2962 941 3111 1001 sunt,
3134 933 3264 1005 quia
3292 947 3394 1004 ego
3414 933 3558 990 Deus
3582 948 3722 989 sum.

2314 1019 2574 1093 Exsurge,
2604 1020 2844 1079 Domine.
2892 1024 3006 1082 Hoc
3040 1032 3146 1090 est,
3177 1023 3245 1079 ad
3282 1025 3569 1095 judicium.
3601 1024 3826 1082 Ecclesia

2238 1111 2372 1168 dicit
2402 1122 2590 1170 contra
2640 1114 3067 1173 Antichristum.
3116 1115 3187 1171 Et
3214 1118 3477 1175 excitetur
3507 1136 3687 1174 manus
3729 1129 3825 1174 tua.

2239 1204 2295 1260 ιιι
2325 1214 2432 1271 εει,
2462 1208 2706 1277 potentia
2743 1218 2833 1264 tua
2860 1228 2871 1262 :
2904 1209 3035 1265 dum
3066 1210 3438 1267 Antichristus
3469 1225 3531 1268 se
3561 1211 3739 1267 taliter
3758 1212 3829 1282 ja-

2240 1308 2351 1357 ctat
2377 1302 2568 1356 omnia
2612 1301 2896 1370 possidere
2931 1303 3052 1361 sine
3079 1303 3209 1360 ﬁne.
3256 1301 3344 1360 Ne
3370 1304 3688 1361 obliviscaris
3718 1322 3830 1373 pau-

2243 1408 2428 1463 perum
2470 1394 2526 1448 in
2550 1393 2728 1463 ﬁnem.
2760 1395 2893 1451 Dum
2923 1395 3018 1452 ille
3047 1411 3109 1452 se
3146 1396 3280 1453 dicit
3316 1411 3553 1470 regnare
3590 1413 3757 1470 usque
3785 1400 3829 1453 in

2241 1486 2431 1542 ﬁnem.
2464 1486 2695 1556 Pr0pter
2724 1486 2829 1545 hoc
2859 1489 3118 1559 superius
3139 1488 3298 1546 dicit.

2311 1576 2552 1635 Irritavit
2575 1580 2770 1652 impius
2798 1580 2989 1637 Deum.
3024 1580 3087 1636 ld
3120 1592 3228 1655 est,
3253 1580 3649 1639 Antichristus.
3695 1581 3830 1637 Dixit

2242 1672 2381 1724 enim
2405 1670 2461 1725 in
2489 1673 2646 1728 corde
2660 1688 2779 1741 suo,
2816 1671 2943 1728 Non
2969 1673 3195 1744 requiret
3220 1672 3382 1730 Deus.
3407 1674 3552 1731 Dicit
3574 1675 3831 1732 Antichri-

528 1774 704 1830 Deum
734 1769 1006 1825 adorent:
1040 1767 1147 1823 hoe
1172 1772 1281 1833 εει,
1312 1779 1426 1821 ιιοιι
1454 1773 1545 1821 εει
1570 1762 1770 1836 dignus
1799 1770 1857 1817 ut
1882 1759 2131 1831 requira-
2165 1759 2217 1821 B
2242 1771 2358 1819 stus
2390 1781 2403 1818 :
2434 1764 2551 1821 Non
2579 1775 2733 1822 curat
2755 1766 2900 1823 Deus
2919 1766 2989 1824 de
3022 1767 3132 1823 isto
3153 1770 3437 1839 praesenti.

536 1874 648 1933 tur,
677 1864 776 1921 sed
805 1871 863 1918 ut
889 1862 1175 1933 puniatur.

611 1955 734 2011 Non
786 1962 861 2010 est
914 1951 1052 2009 Deus
1098 1953 1154 2006 in
1206 1959 1485 2023 conspectu
1536 1951 1673 2021 ejus.
1722 1947 1862 2017 Quia
1916 1946 2051 2002 nihil
2094 1945 2144 2000 ei

534 2049 760 2122 dignum
810 2054 1094 2120 operatur.
1149 2044 1446 2117 [nquinatae
1492 2052 1615 2099 sunt
1658 2042 1755 2097 uia:
1805 2038 1987 2105 illius,
2036 2048 2143 2095 etc.

536 2143 660 2201 Non
688 2142 834 2199 enim
863 2157 960 2214 per
988 2141 1132 2197 viam
1160 2150 1367 2197 rectam
1396 2137 1646 2211 graditur
1667 2176 1684 2204 ,
1716 2149 1838 2206 quae
1872 2141 1957 2189 est
1981 2129 2142 2189 Chri«

545 2249 684 2296 stus.

610 2332 928 2403 Auferentur
951 2327 1159 2401 judicia
1204 2333 1329 2392 tua,
1363 2332 1468 2381 etc.
1502 2322 1641 2392 Quia
1668 2336 1777 2378 non
1804 2318 1981 2377 credit
2007 2319 2061 2374 in
2087 2332 2149 2375 se

535 2424 779 2479 futurum
831 2436 959 2478 esse
1012 2418 1300 2491 judicium.
1358 2416 1609 2472 Omnium
1662 2413 2035 2480 inimicorum,
2092 2420 2149 2467 et

532 2517 975 2573 Christianorum
1006 2514 1220 2585 utique,
1249 2510 1319 2567 ad
1344 2508 1688 2582 probandum
1713 2508 1808 2580 qui
1833 2522 1959 2564 eum
1988 2503 2148 2577 sequi

543 2616 931 2666 Contemnunt.

617 2702 764 2757 Dixit
795 2704 928 2756 enim
958 2701 1015 2755 in
1042 2698 1198 2755 corde
1219 2740 1234 2765 ,
1266 2706 1375 2755 etc.
1419 2696 1654 2768 Semper
1698 2693 1843 2752 enim
1891 2693 2147 2751 seducam

538 2795 828 2861 homines,
874 2804 931 2847 ut
981 2793 1034 2849 in
1088 2791 1251 2848 malis
1281 2799 1720 2861 perseverantes,
1752 2788 2021 2844 voluntati
2052 2786 2149 2843 Dei

540 2890 827 2946 resistant.
870 2884 1020 2942 Dixit
1069 2885 1230 2953 enim,
1277 2883 1382 2940 hoe
1407 2892 1523 2950 est,
1558 2881 1969 2937 Antichristus:
2014 2878 2152 2953 quid

540 2981 718 3037 dixit?
748 2978 873 3035 Non
918 2977 1157 3034 movebar
1203 2995 1237 3033 a
1279 2976 1613 3052 generatione
1662 2976 1718 3030 in
1762 2974 2150 3049 generationem

2330 1857 2492 1913 Vides
2534 1859 2783 1931 quoniam
2813 1870 2869 1917 tu
2898 1860 3125 1916 laborem
3171 1869 3221 1917 et
3263 1860 3495 1918 dolorem
3524 1864 3833 1921 consideras.

2251 1950 2526 2021 PrOpheta
2546 1951 2788 2023 loquitur
2810 1951 2879 2007 ad
2913 1952 3122 2008 Deum:
3165 1951 3302 2021 Quia
3330 1952 3716 2012 Antichristus
3742 1971 3841 2011 me-

2251 2043 2456 2101 ditatur
2502 2052 2561 2100 ut
2606 2055 2819 2112 noceat,
2863 2054 2922 2101 tu
2976 2046 3317 2104 consideras.
3371 2047 3441 2104 Ut
3464 2050 3648 2107 tradas
3671 2066 3752 2106 eos
3793 2052 3842 2105 in

2252 2152 2436 2193 manus
2458 2143 2594 2192 tuas.
2630 2136 2818 2195 Manus
2852 2138 2947 2195 Dei
2978 2138 3055 2194 illi
3087 2138 3361 2209 dicuntur,
3386 2143 3476 2213 qui
3511 2142 3717 2213 justam
3742 2142 3847 2199 vin-

2250 2228 2451 2285 dictam
2481 2229 2579 2284 Dei
2610 2239 2879 2287 exercent
2914 2247 3082 2302 super
3119 2241 3460 2303 peccatores.
3492 2234 3727 2306 Propter
3753 2235 3847 2292 hoc

2252 2338 2469 2392 manus,
2517 2324 2646 2395 quia
2692 2340 2788 2397 per
2833 2326 2957 2382 illos
2987 2328 3299 2384 vindicatur
3327 2329 3492 2385 Deus.
3539 2329 3756 2388 Aliter:
3786 2330 3848 2387 Ut

2255 2417 2438 2475 tradas
2464 2433 2561 2476 eos
2591 2418 2644 2475 in
2686 2436 2881 2477 manus
2911 2430 3055 2491 tuas,
3096 2422 3148 2479 id
3177 2433 3283 2494 est,
3325 2424 3380 2480 in
3402 2424 3669 2496 operibus
3697 2426 3807 2481 suis
3834 2443 3846 2479 :

2253 2516 2318 2566 ut
2339 2509 2488 2582 digni
2524 2513 2634 2566 sint
2665 2512 2828 2577 tradi,
2858 2515 2950 2585 qui
2984 2514 3208 2586 indigna
3249 2527 3536 2587 gesserunt
3563 2534 3578 2573 :
3607 2518 3731 2590 quia
3758 2517 3852 2591 ipsi

2251 2601 2357 2656 sibi
2384 2603 2499 2659 suis
2528 2603 2766 2660 miseriis
2790 2605 3154 2677 tradiderunt,
3177 2616 3236 2665 et
3257 2608 3465 2665 dimisit
3492 2609 3628 2666 illos
3660 2610 3716 2666 in
3740 2626 3849 2665 om-

2252 2709 2351 2751 nes
2378 2696 2542 2751 volun
2555 2704 2692 2753 tates
2720 2711 2869 2755 suas.

2328 2786 2444 2842 Tibi
2470 2788 2607 2844 enim
2633 2790 2912 2848 derelictus
2938 2802 3012 2849 est
3052 2811 3272 2867 pauper.
3325 2796 3385 2852 ld
3430 2805 3538 2867 est,
3589 2797 3850 2855 Ecclesia.

2256 2880 2339 2938 Ac
2362 2880 2410 2937 si
2443 2881 2626 2938 dicat:
2659 2883 2774 2940 Tua
2806 2892 2892 2941 est
2916 2884 2985 2941 ad
3014 2886 3351 2944 salvandum.
3404 2888 3618 2960 Pupillo
3662 2899 3720 2945 tu
3759 2891 3854 2945 eris

2251 2974 2492 3041 adiutor.
2543 2977 2786 3047 Pupillus
2829 2978 3049 3048 dicitur,
3097 2982 3187 3052 qui
3239 2998 3347 3037 non
3392 2983 3557 3039 habet
3606 2996 3853 3055 patrem:

541 3078 654 3133 sine
683 3076 861 3131 malo:
895 3074 947 3130 id
979 3083 1100 3144 est,
1144 3082 1292 3128 tanta
1324 3073 1468 3128 mala
1501 3071 1695 3128 faciam
1722 3071 1777 3125 in
1818 3085 1923 3125 una
1949 3077 2148 3141 gente,
2252 3066 2555 3137 orpbauus,
2585 3069 2676 3139 qui
2706 3085 2807 3126 nec
2839 3081 3047 3141 patrem
3076 3088 3179 3130 nec
3204 3085 3433 3131 matrem
3459 3075 3649 3133 habet.
3686 3076 3859 3147 Pupil-

544 3180 603 3227 ut
624 3180 917 3242 antequam
943 3168 1160 3224 veniam
1181 3166 1249 3221 ad
1271 3166 1501 3222 alteram
1521 3173 1764 3236 gentem,
1783 3173 1945 3219 antea
1965 3175 2143 3217 meam
2170 3151 2223 3216 ο
2251 3156 2337 3215 lus
2366 3159 2588 3229 dicitur,
2613 3161 2706 3232 qui
2740 3172 2946 3232 patrem
2975 3164 3256 3223 diabolum
3303 3184 3410 3224 non
3460 3167 3649 3239 habet,
3702 3181 3759 3225 ut
3810 3170 3857 3224 iu

545 3263 747 3320 famam
779 3261 1008 3317 audiant
1043 3269 1103 3316 et
1132 3259 1387 3315 timeant.
1434 3258 1641 3314 Aliter:
1673 3255 1791 3312 Non
1833 3254 2094 3311 movebar
2119 3269 2151 3309 a

550 3356 909 3429 generatione
945 3353 1157 3410 carnali
1199 3354 1254 3408 iu
1301 3350 1717 3424 generationem
1766 3347 2151 3419 spiritualem:

548 3448 604 3505 id
626 3456 734 3517 est,
757 3448 828 3506 de
846 3458 992 3505 terra
1016 3461 1142 3503 cum
1166 3459 1402 3516 corpore
1435 3445 1487 3497 in
1519 3441 1718 3498 cu-lum
1741 3438 2106 3495 conscendam
2134 3455 2147 3489 :

550 3543 661 3598 sine
691 3543 853 3608 malo,
883 3555 949 3596 ac
973 3539 1021 3595 si
1050 3537 1193 3593 dicat
1218 3577 1235 3603 ,
1263 3535 1386 3592 sine
1416 3534 1522 3589 ulla
1549 3532 1769 3603 injuria.
1801 3530 1937 3586 Cum
1968 3530 2154 3585 volue—

551 3635 623 3691 rit
664 3631 965 3691 ascendere
996 3628 1064 3683 ad
1093 3635 1337 3684 montem
1363 3624 1584 3691 Oliveti,
1624 3622 1889 3678 Dominus
1917 3636 2041 3676 eum
2072 3620 2155 3675 in-

554 3725 796 3783 terﬁciet
839 3720 1033 3794 spiritu
1064 3718 1175 3774 oris
1223 3714 1331 3772 sui.
1390 3714 1569 3769 Voluit
1620 3727 1758 3767 unus
1790 3713 1859 3768 de
1893 3711 2156 3767 membris

557 3818 674 3873 suis
718 3815 909 3874 Simon
957 3812 1143 3881 Magos
1191 3807 1391 3865 etclam
1444 3802 1823 3862 conscendere
1854 3843 1867 3866 .
1918 3803 2014 3859 sed
2073 3803 2158 3858 in-

558 3910 727 3966 teriit.

633 3998 800 4071 Cujus
842 4011 899 4051 os
947 3991 1305 4048 maledictione
1353 4000 1402 4046 et
1446 3987 1794 4045 amaritudine
1816 3986 2026 4060 plenum
2063 3995 2159 4041 est.

562 4094 643 4149 Ac
667 4089 713 4145 si
738 4088 920 4145 dicat:
967 4085 1069 4153 Qui
1102 4099 1162 4140 se
1205 4098 1303 4139 sua
1348 4081 1560 4154 justitia
1601 4081 1770 4151 jactat
1812 4091 1868 4135 ut
1895 4080 1962 4136 sit
1992 4078 2160 4149 Deus,

564 4180 707 4253 apud
751 4181 921 4237 Deum
968 4174 1294 4232 maledictus
1341 4184 1442 4231 est.
1496 4173 1604 4230 Sub
1653 4173 1833 4246 lingua
1861 4172 1997 4244 ejus.
2050 4170 2164 4228 Sub

567 4276 734 4336 corde
759 4274 899 4345 ejus.
934 4270 1107 4327 Labor
1134 4280 1181 4325 et
1202 4267 1376 4323 dolor.
1404 4267 1567 4323 Dolor
1587 4264 1691 4323 sibi
1717 4277 1825 4331 est,
1849 4275 1903 4322 et
1931 4265 2163 4321 aliorum

571 4376 841 4441 temperat
862 4366 1106 4422 laborem
1140 4372 1194 4419 et
1226 4361 1499 4418 dolorem.

640 4462 799 4517 Sedet
828 4460 883 4514 in
909 4456 1116 4513 insidiis
1139 4473 1257 4511 cum
1277 4455 1543 4510 diuitibus.
1582 4454 1638 4509 ltl
1667 4465 1774 4525 est,
1806 4454 2057 4512 diabolus
2080 4455 2161 4511 itt-

2256 3251 2590 3324 Evaugelio:
2623 3253 2804 3311 Nolite
2832 3271 3030 3314 vocare
3058 3259 3212 3313 vobis
3243 3269 3449 3330 patrem
3474 3276 3642 3330 super
3665 3271 3860 3318 terram

2256 3342 2489 3417 (Matth.
2513 3346 2692 3419 χχιιι).
2721 3347 2783 3402 Ει
2810 3348 2900 3418 qui
2923 3364 3031 3406 non
3061 3348 3227 3408 habet
3251 3360 3503 3422 matrem,
3529 3352 3581 3409 id
3601 3362 3711 3424 est,
3739 3370 3861 3425 gen-

2258 3435 2531 3493 tilitatem.
2558 3438 2637 3493 Ac
2666 3440 2713 3495 si
2741 3439 2889 3495 dicat
2914 3459 2929 3496 :
2961 3440 3028 3496 ad
3056 3442 3217 3499 istum
3245 3443 3355 3499 eris
3382 3444 3619 3514 adjutor.

2330 3527 2609 3585 Conterens
2627 3529 2900 3586 brachium
2918 3537 3227 3605 peccatoris.
3251 3534 3356 3593 lsta
3374 3537 3439 3594 ad
3463 3538 3861 3597 Antichristum

2258 3619 2571 3690 pertinent:
2622 3623 2746 3692 quia
2795 3622 3100 3696 confringet
3152 3628 3414 3685 Dominus
3483 3632 3860 3690 fortitudinem

2259 3712 2396 3784 ejus.
2416 3711 2488 3767 Et
2508 3714 2744 3785 maligni.
2773 3716 2890 3786 Ipse
2911 3727 2997 3774 est
3014 3720 3303 3791 malignus.
3325 3722 3596 3790 Quteretur
3615 3728 3867 3784 delictum

2260 3808 2394 3878 ejus,
2428 3823 2519 3861 nec
2546 3807 2851 3864 invenietur.
2887 3810 3000 3866 Hoc
3028 3821 3132 3880 est,
3162 3815 3230 3869 ad
3256 3818 3707 3877 emendationem
3762 3839 3867 3878 non

2261 3908 2347 3954 est
2373 3896 2569 3970 dignus
2598 3900 2804 3954 venire.
2834 3899 2903 3955 Et
2929 3901 3129 3957 aliter:
3164 3903 3279 3960 Non
3309 3905 3637 3975 invenietur,
3675 3921 3738 3967 ut
3783 3913 3870 3967 ha-

2262 3991 2390 4048 beat
2428 4000 2706 4061 peccatum
2748 4010 2761 4047 :
2808 3992 2906 4049 sed
2953 3993 3027 4051 sit
3068 3994 3209 4054 sicut
3252 3996 3399 4055 Deus
3442 4000 3538 4071 qui
3581 4016 3869 4073 peccatum

2266 4100 2372 4142 non
2401 4083 2588 4152 habet,
2615 4095 2878 4157 quantum
2908 4088 3051 4160 apud
3083 4089 3281 4162 ipsum.

2341 4178 2593 4235 Dominus
2619 4182 2855 4254 regnabit
2880 4184 2936 4237 in
2959 4193 3210 4239 teternum
3231 4187 3342 4241 sine
3386 4188 3507 4256 ﬁne.
3555 4189 3699 4258 Quia

2269 4286 2492 4343 regnum
2522 4286 2645 4328 cum
2676 4274 3093 4347 tranquillitate,
3125 4285 3184 4333 ut
3210 4278 3411 4335 Paulus
3439 4282 3516 4337 ait
3542 4301 3553 4337 :
3582 4283 3725 4342 Cum
3758 4298 3865 4344 tra-

2270 4364 2471 4422 diderit
2498 4381 2724 4438 regnum
2753 4368 2864 4423 Deo
2892 4378 2949 4426 et
2976 4368 3147 4439 Patri,
3178 4371 3397 4442 quando
3426 4374 3533 4429 erit
3557 4374 3707 4434 Deus
3750 4395 3865 4434 om-

3751 4208 3764 4249 l

3829 4212 3869 4252 lC

2272 4459 2360 4515 nia
2389 4460 2441 4514 in
2473 4461 2725 4517 omnibus
2753 4461 2806 4535 (l
2831 4462 2953 4519 Cor.
2982 4462 3097 4536 xv).
3128 4463 3392 4537 Peribitis,
3419 4480 3614 4543 gentes,
3647 4472 3716 4528 de
3739 4483 3865 4529 terra

571 4553 801 4611 sidiatur
829 4566 924 4623 per
948 4549 1195 4607 membra
1227 4547 1400 4603 suain
1429 4546 1625 4618 quibus
1656 4545 1936 4617 praesidet,
1959 4558 2014 4604 et
2046 4546 2169 4602 aliis
2194 4540 2443 4610 Dillius.
2491 4552 2593 4621 Qui
2640 4554 3031 4612 Antichristum
3088 4540 3451 4631 receperunt,
3503 4563 3764 4633 peribunt
3804 4566 3865 4621 ab

574 4654 755 4705 nocet.
792 4644 862 4700 Ut
891 4639 1169 4711 interﬁciat
1199 4640 1543 4695 innocentem.
1582 4638 1638 4694 ιιι
1674 4649 1783 4706 εει,
1806 4648 1866 4693 ιιι
1905 4639 1973 4693 de
2013 4639 2169 4694 inno-

571 4738 821 4797 centibus
849 4734 1016 4792 faciat
1038 4742 1321 4801 nocentes,
1353 4743 1409 4788 et
1432 4731 1537 4789 sibi
1561 4732 1794 4803 primum
1820 4740 2034 4787 noceat.

650 4829 806 4888 Oculi
832 4831 964 4901 ejus.
1015 4826 1070 4882 ld
1099 4838 1203 4891 est,
1246 4825 1388 4881 oculi
1423 4824 1767 4881 Antichristi.
1796 4822 1864 4879 In
1887 4839 2169 4896 pauperem

572 4927 874 5001 respiciunt.
910 4922 1024 4978 lloc
1050 4929 1166 4986 est,
1222 4920 1274 4974 in
1318 4918 1620 4974 Ecclesium
1648 4959 1663 4986 ,
1714 4933 1833 4989 qua:
1857 4928 1939 4975 est
1968 4931 2168 4989 corpus

572 5018 773 5075 Christi
814 5033 829 5071 :
871 5015 939 5070 ad
985 5010 1289 5069 nocendum
1323 5009 1562 5080 respicit,
1584 5018 1639 5065 et
1664 5026 1769 5064 non
1799 5009 1867 5064 ad
1908 5011 2170 5081 adjuvan-

571 5113 723 5169 dum.
748 5107 1113 5164 Insidiaturin
1133 5105 1356 5170 occulto,
1379 5103 1510 5158 sicut
1531 5103 1610 5158 leo
1632 5104 1684 5157 in
1714 5102 1872 5158 cubili
1896 5120 2011 5160 suo.
2045 5103 2170 5160 Dia-

570 5204 751 5269 bolus,
784 5212 840 5257 ct
869 5200 977 5266 leo,
1011 5209 1065 5254 et
1102 5197 1267 5252 draco
1317 5204 1496 5266 potest
1538 5193 1665 5250 dici.
1708 5194 1907 5262 Draco,
1950 5194 2169 5266 quando

571 5294 785 5352 occulte
827 5301 989 5347 nocet
1031 5308 1042 5343 :
1091 5298 1147 5345 et
1178 5287 1300 5357 leo,
1332 5286 1554 5358 quando
1582 5296 1773 5357 aperte
1804 5288 2166 5359 persequitur.

580 5385 649 5441 Ut
668 5383 839 5455 rapiat
869 5397 1177 5456 pauperem.
1203 5374 1258 5435 Id
1298 5389 1405 5448 est,
1430 5377 1819 5435 Christianum.

643 5476 848 5547 Rapere
871 5490 1150 5545 pauperem
1175 5515 1190 5539 ,
1218 5473 1341 5525 dum
1366 5472 1582 5528 attrahit
1608 5488 1743 5527 eum.
1774 5470 1842 5527 In
1870 5473 2051 5546 laqueo
2073 5490 2168 5530 suo

572 5568 866 5625 humiliabit
910 5584 1024 5622 eum
1052 5584 1070 5622 :
1102 5566 1370 5622 inclinabit
1399 5584 1474 5637 se,
1514 5576 1559 5622 et
1601 5566 1771 5635 cadet,
1805 5578 1910 5623 etc.
1947 5566 2170 5625 Videtur

572 5663 834 5719 inclinare
861 5674 922 5716 se
946 5662 1098 5732 quasi
1126 5659 1193 5715 ad
1219 5659 1606 5723 humilitatem,
1647 5670 1705 5715 ut
1736 5660 1986 5717 videatur
2013 5664 2166 5735 quasi

570 5755 718 5811 mitis
741 5761 795 5808 et
821 5760 1075 5820 sanctus,
1119 5762 1173 5808 et
1202 5769 1326 5809 cum
1352 5768 1414 5809 sc
1444 5751 1814 5824 inclinaverit,
1851 5762 1976 5812 tunc
2004 5769 2166 5813 casu-

2276 4648 2544 4712 Ecelesia,
2580 4649 2682 4704 huc
2710 4659 2814 4716 cst,
2852 4650 2922 4706 de
2968 4652 3253 4712 Ecclesia:
3304 4665 3565 4728 regnante
3609 4657 3863 4728 Christo,

2274 4756 2464 4819 gentes
2492 4747 2779 4804 criminum
2802 4762 2833 4802 a
2860 4764 3093 4821 corpore
3120 4751 3357 4808 humano
3383 4752 3709 4826 depereunt.

2344 4838 2675 4895 Desiderium
2714 4860 3003 4917 pauperum
3044 4845 3307 4900 exaudiuit
3348 4845 3622 4902 Dominus.
3655 4848 3714 4905 Id
3747 4859 3858 4915 est,

2275 4930 2573 4987 Ecclesiam
2615 4948 2769 4989 suam
2798 4936 3072 5015 exaudivit
3123 4937 3383 4993 Dominus
3431 4946 3493 5003 ut
3539 4940 3855 4998 vindicetur.

2273 5022 2579 5090 Exaudivit,
2608 5033 2667 5080 ut
2693 5027 2772 5081 eis
2802 5027 3062 5083 tribueret
3083 5044 3245 5100 regna
3273 5029 3557 5086 cmlorum.
3583 5030 3859 5102 Praepara-

2269 5113 2459 5168 tionem
2488 5115 2663 5171 cordis
2693 5133 2870 5174 eorum
2895 5120 3094 5175 audivit
3120 5121 3264 5175 auris
3286 5131 3394 5177 tua.
3439 5123 3552 5180 Hoc
3598 5132 3703 5189 est,
3749 5126 3855 5179 cle-

2270 5204 2473 5261 mentia
2521 5214 2633 5261 tua.
2682 5207 2857 5264 Aures
2909 5210 3121 5266 Domini
3170 5213 3362 5270 audire
3410 5214 3697 5284 dicuntur,
3743 5230 3855 5272 cum

2268 5295 2528 5353 exaudire
2572 5298 2863 5370 dignatur:
2916 5302 2972 5357 id
3022 5315 3128 5370 est,
3177 5315 3439 5362 zeteruam
3486 5308 3671 5377 vitam,
3707 5322 3852 5379 quam

2271 5384 2512 5444 Ecclesia
2539 5388 2835 5461 desiderat,
2876 5407 2999 5451 cum
3044 5410 3165 5451 eam
3214 5398 3266 5453 ei
3315 5399 3564 5456 dederit:
3618 5410 3673 5455 nl
3720 5400 3853 5471 quod

2274 5479 2552 5551 quondam
2601 5485 2948 5558 concupierat
2998 5487 3051 5543 iu
3100 5490 3237 5561 ipse,
3287 5490 3505 5550 tandem
3553 5490 3763 5549 fruatur
3806 5492 3852 5547 in

2270 5589 2475 5646 specie.

2340 5667 2592 5728 Judicare
2610 5674 2812 5748 pupillo
2834 5687 2881 5733 et
2913 5678 3115 5737 humili.
3166 5681 3269 5738 llic
3315 5682 3457 5738 enim
3504 5682 3710 5747 dative,
3753 5697 3847 5737 non

2270 5756 2580 5820 accusativo
2606 5780 2736 5824 casu
2763 5767 3004 5841 loquitur
3030 5786 3041 5826 :
3074 5771 3177 5833 hoc
3200 5783 3309 5844 est,
3341 5789 3448 5833 non
3484 5783 3546 5833 ut
3591 5773 3846 5847 pupillum
