4034 6330
307 277 417 332 845
1136 273 1564 330 BREVIARIUM
1603 271 1670 328 IN
1710 269 1966 330 PSALMC

2092 270 2336 327 PSALM.
2389 273 2434 328 Χ
2485 274 2575 329 ET
2627 275 2718 331 XI.
3515 288 3622 341 Siti

309 392 538 461 indicet,
573 391 669 446 sed
699 398 757 446 ut
781 390 1057 461 judicetur
1082 391 1288 464 pupillo
1314 399 1371 448 et
1396 390 1622 457 humili,
1673 399 1734 446 ut
1771 392 1913 447 acci-
1939 390 1986 449 Α
2023 388 2280 444 Dominus
2308 388 2364 445 in
2393 392 2598 461 templo
2633 401 2824 448 sancto
2869 407 3002 450 suo:
3034 396 3109 451 'In
3164 396 3413 453 Ecclesia
3455 416 3618 470 quam

314 485 468 556 piant
503 486 668 540 vitam
696 493 982 540 aeternam.
1018 483 1084 540 Ut
1108 501 1209 539 non
1235 494 1461 557 apponat
1491 483 1629 538 ultra
1664 486 1914 557 magniﬁ-
2017 479 2119 534 sibi
2157 479 2401 536 exhibuit
2451 493 2718 539 sanctam.
2771 483 3024 540 Dominus
3055 488 3110 540 in
3150 488 3274 543 caelo
3303 490 3454 546 sedes
3481 497 3615 565 ejus.

315 594 435 633 care
460 594 516 633 se
540 576 699 631 homo
726 593 882 647 super
903 586 1113 631 terram.
1145 576 1216 633 Ut
1249 593 1316 632 ex
1370 577 1472 631 hoc
1523 591 1629 630 non
1678 578 1918 646 erigatur
2018 573 2074 629 In
2106 575 2264 639 coelo,
2295 576 2398 632 hoc
2422 585 2527 642 est,
2559 577 2611 631 in
2639 588 2833 635 sancto
2861 579 3242 648 praedicatore.
3280 582 3435 640 Unde
3459 585 3624 641 dixit:

315 669 690 726 Antichristus
715 683 880 738 super
908 668 1114 724 electos
1151 667 1267 735 Dei,
1313 683 1490 738 neque
1535 677 1708 724 tentet
1751 669 1915 724 illos:
2019 667 2228 724 lenm
2259 669 2390 724 mihi
2421 669 2580 726 sedes
2611 680 2694 725 est
2721 670 2891 741 (Isai.
2921 674 3092 745 nvi),
3140 684 3195 730 et
3243 677 3420 732 anima
3465 678 3621 747 justi,

316 761 446 832 quia
473 777 766 832 oppressus
791 776 962 829 regno
985 760 1107 817 Filii
1138 761 1254 827 Dei,
1280 762 1513 831 amplius
1535 775 1641 817 non
1665 761 1786 816 erit.
1809 759 1920 817 Nos

319 870 535 925 quoque
563 869 786 910 oremus
818 853 1130 921 Dominum,
1161 865 1219 910 ut
1247 868 1347 908 nos
1389 853 1459 909 ab
1503 853 1623 924 ejus
1664 853 1922 924 operibus

319 947 601 1004 custodire
623 947 876 1017 dignetur
905 948 1145 1004 illaesos:
1178 957 1240 1002 ut
1284 947 1354 1002 ab
1403 960 1470 1003 eo
1520 945 1705 1016 pupilli
1755 946 1921 1012 lacti,

322 1049 536 1110 patrem
584 1038 859 1094 Christum
909 1039 1201 1096 Dominum
1248 1049 1681 1109 cognoscentes,
1748 1040 1923 1110 ipsum

321 1148 621 1205 sequamur
646 1133 774 1200 ﬁde,
803 1134 980 1204 ipsum
1010 1134 1344 1190 retineamus
1372 1133 1563 1199 corde,
1599 1134 1770 1203 ipsum
1813 1133 1926 1200 glo-

322 1227 600 1285 riﬁcamus
627 1226 680 1283 in
707 1243 907 1298 opere:
939 1227 1067 1298 quia
1092 1227 1193 1298 ipsi
1225 1238 1311 1283 est
1343 1243 1466 1284 cum
1515 1240 1720 1284 teterno
1772 1227 1930 1284 l’atre

326 1328 383 1374 et
423 1317 628 1389 Spiritu
669 1329 860 1376 sancto
891 1319 1086 1388 honor,
1117 1328 1175 1376 et
1195 1319 1369 1392 gloria
1399 1321 1450 1376 in
1478 1321 1675 1377 sarcula
1705 1320 1932 1377 sarculo-

328 1426 474 1469 rum.
508 1411 708 1466 Amen.

927 1502 1246 1561 PSALMUS
1275 1504 1344 1561 Χ.

337 1637 402 1694 In
450 1639 628 1709 ﬁnem,
662 1639 890 1707 psalmus
933 1639 1124 1695 David.
1171 1641 1420 1696 Decimus
1468 1639 1704 1710 psalmus
1744 1649 1934 1696 contra

571 1711 879 1778 hereticos,
909 1721 968 1769 et
996 1712 1139 1768 male
1165 1712 1453 1768 credentes
1480 1711 1710 1768 canitur.

413 1869 481 1924 In
508 1867 733 1922 Domino
765 1868 997 1938 conﬁdo.
1032 1867 1146 1923 Vox
1180 1868 1460 1935 Ecclesite,
1490 1877 1678 1924 contra
1724 1868 1944 1924 hmreti-

342 1976 470 2028 cos,
520 1961 635 2016 sive
676 1957 877 2014 Christi
925 1973 1116 2014 coatra
1161 1959 1462 2015 (Immones.
1507 1957 1847 2031 Transmigra
1895 1960 1948 2014 in

345 2063 571 2109 montem
597 2055 730 2108 sicut
751 2071 950 2126 passer.
978 2053 1105 2109 Vult
1126 2053 1332 2125 justum
1358 2054 1423 2108 ad
1451 2053 1666 2110 deserta
1695 2055 1946 2124 migrare,

348 2155 409 2202 ut
437 2145 511 2200 ibi
541 2160 667 2201 eum
698 2145 911 2200 facilius
939 2145 1125 2203 elidat.
1175 2145 1269 2202 Vel
1319 2147 1445 2217 quia
1496 2145 1739 2201 hmretici
1777 2145 1950 2201 dolosi

347 2249 499 2308 sunt,
546 2239 615 2296 de
661 2241 858 2311 quibus
903 2240 980 2296 ait
1027 2239 1336 2312 propheta:
1391 2239 1483 2294 Va:
1525 2241 1610 2296 his
1640 2241 1728 2310 qui
1762 2225 1955 2296 dicunt

350 2333 512 2389 dulce
554 2347 825 2402 amarum,
871 2344 927 2389 et
970 2350 1217 2390 amarum
1263 2333 1424 2390 dulce
1472 2331 1638 2405 (Isai.
1689 2333 1781 2406 v):
1835 2334 1956 2390 ideo

353 2427 546 2483 volunt
564 2427 630 2483 ad
655 2443 714 2483 se
735 2427 1000 2484 seducere
1018 2427 1246 2498 justum,
1263 2427 1506 2484 dicentes
1525 2444 1538 2480 :
1555 2427 1637 2483 Ad
1662 2442 1760 2483 nos
1785 2440 1959 2482 trans-

357 2520 553 2591 migra.
603 2520 702 2588 Qui
744 2520 1023 2591 restiondit
1056 2519 1136 2575 eis
1161 2538 1174 2572 :
1202 2519 1260 2575 In
1290 2518 1518 2575 Domino
1549 2530 1630 2573 cst
1661 2534 1785 2590 spes
1814 2534 1956 2575 mea.

355 2611 668 2681 Quomodo,
697 2612 888 2683 inquit,
919 2612 986 2667 ad
1036 2625 1246 2668 vestros
1293 2626 1529 2678 momcs,
1582 2612 1685 2669 hoc
1727 2623 1840 2678 est,
1893 2611 1960 2667 ad

358 2713 597 2761 vestram
628 2703 939 2776 superbiam
970 2703 1406 2776 transmigraho?
1436 2704 1588 2772 Quod
1631 2716 1813 2760 autem
1861 2705 1960 2771 ait,

356 2797 494 2852 sicut
539 2813 756 2868 passer:
785 2812 930 2868 smpe
959 2812 1233 2868 passerem
1272 2798 1389 2853 loco
1418 2795 1702 2868 prudentia
1731 2797 1856 2866 poni
1888 2797 1964 2851 le-

357 2891 561 2963 gimus.
591 2890 719 2946 Ideo
742 2891 828 2946 isti
849 2891 1037 2947 dicunt
1061 2907 1076 2946 :
1107 2890 1299 2946 Transi
1321 2890 1388 2946 ad
1417 2905 1518 2947 nos
1540 2890 1682 2946 sicut
1705 2889 1962 2960 prudens,

359 3001 489 3040 cum
521 3000 710 3040 eorum
742 2985 1030 3056 prudentia
1055 2984 1124 3039 sit
1154 2966 1339 3040 stulta.

440 3079 698 3145 Quoniam
719 3095 832 3133 ecce
862 3086 1152 3150 peccatores
1180 3079 1513 3132 intenderunt
1544 3093 1741 3132 arcum.
1773 3075 1828 3133 Id
1858 3085 1964 3139 est,

2022 759 2183 816 sedes
2199 761 2483 830 sapientiae
2500 761 2554 817 in
2569 764 2743 818 anima
2755 765 2904 834 justi.
2922 781 3042 837 quae
3059 767 3300 825 cmlestia
3315 771 3628 827 meditatur.

2100 853 2252 907 Oculi
2290 857 2403 926 ejus
2449 856 2502 909 in
2546 873 2824 928 pauperem
2871 861 3180 929 respiciunt.
3229 861 3382 919 Oculi
3427 863 3631 922 ChriSti

2025 955 2250 1016 aspectu
2301 948 2609 1006 divinitatis
2651 952 2717 1006 ad
2766 953 3020 1024 populum
3071 955 3431 1012 christianum
3462 961 3640 1028 respi-

2027 1038 2198 1094 ciunt.
2227 1041 2308 1096 Ad
2336 1042 2465 1112 quid
2497 1041 2837 1112 respiciunt?
2865 1044 2979 1100 Hoc
3010 1055 3113 1114 est,
3147 1047 3213 1104 ad
3244 1048 3633 1120 adjuvanduni.

2030 1127 2305 1203 Palpebrw
2330 1135 2442 1205 ejus
2468 1134 2794 1203 interrogant
2833 1136 2971 1206 ﬁlios
3011 1138 3300 1196 hominum.
3355 1141 3640 1198 Subtilitas

2030 1222 2354 1289 divinitatis,
2386 1223 2438 1279 id
2466 1234 2572 1291 est,
2602 1225 2802 1292 judicia
2836 1228 2932 1284 Del
2963 1231 3198 1297 occulta,
3228 1233 3282 1288 in
3311 1235 3508 1302 quibus
3541 1252 3642 1292 nos

2034 1314 2368 1386 interrogat:
2401 1318 2528 1387 quia
2563 1334 2660 1387 per
2691 1320 2794 1375 hoc
2823 1324 3104 1392 cognoscit
3127 1325 3257 1394 quid
3286 1326 3449 1384 habet
3479 1344 3645 1384 unus-

2034 1409 2284 1479 quisque,
2313 1408 2439 1478 qnia
2466 1409 2669 1480 judicia
2712 1411 2808 1467 Dei
2841 1414 3054 1470 occulta
3107 1425 3252 1471 sunt.
3301 1418 3453 1475 Sicut
3493 1421 3647 1476 Scri-

2037 1509 2192 1570 ptura
2243 1501 2534 1571 aliquando
2585 1503 2950 1568 obscuratur,
3008 1517 3065 1561 ut
3116 1524 3216 1564 nos
3276 1510 3643 1567 infirmitatem

2041 1601 2277 1649 nostram
2309 1609 2706 1664 cognoscamus
2730 1613 2745 1655 :
2781 1598 2977 1653 iterum
3005 1600 3328 1667 allevamur,
3355 1620 3424 1658 ne
3451 1605 3650 1677 deSpe-

2041 1702 2244 1743 remus.
2274 1688 2339 1743 Et
2357 1689 2465 1744 alio
2488 1690 2650 1746 modo
2675 1704 2688 1744 :
2725 1691 2826 1746 Per
2857 1708 3117 1764 prospera
3135 1702 3189 1750 et
3217 1697 3446 1753 adversa
3483 1700 3652 1755 inter—

1965 1776 2017 1837 B
2043 1789 2223 1850 rogat:
2243 1779 2367 1850 quia
2392 1795 2490 1851 per
2510 1780 2615 1836 hoc
2631 1783 2824 1850 probat
2850 1784 2990 1839 Deus
3010 1787 3189 1856 qualis
3213 1791 3445 1859 quisque
3471 1789 3655 1846 fuerit.

2050 1873 2169 1927 Alio
2199 1873 2397 1929 modo:
2431 1874 2692 1931 Videmus
2717 1892 2879 1932 unam
2905 1890 3126 1948 gentem
3157 1883 3440 1953 ﬂagellari,
3473 1896 3525 1940 et
3555 1886 3663 1940 sci-

2050 1980 2170 2020 mus
2198 1981 2295 2036 pro
2320 1982 2424 2036 qua
2449 1981 2611 2023 causa
2643 1969 2988 2039 ﬂagellatur:
3019 1972 3104 2026 hic
3137 1975 3427 2030 manifesta
3454 1978 3658 2046 judicia

2050 2069 2196 2112 sunt.
2231 2058 2300 2114 Et
2322 2060 2432 2115 alio
2457 2060 2658 2117 modo:
2690 2061 2948 2118 Videmus
2976 2064 3264 2136 ﬂagellari,
3296 2077 3352 2122 et
3388 2071 3664 2126 nescimus

2055 2164 2153 2219 pro
2182 2166 2290 2221 qua
2318 2165 2504 2220 causa,
2539 2161 2595 2208 et
2624 2155 2711 2208 hic
2739 2155 2950 2210 occulta
2979 2155 3204 2225 judicia,
3240 2175 3338 2229 per
3364 2161 3478 2216 ha‘e
3504 2178 3667 2232 supe-

2056 2241 2167 2295 rius
2193 2241 2606 2314 comprehensa.

2128 2331 2341 2388 Iustum
2378 2346 2423 2388 et
2448 2335 2665 2407 impium
2690 2337 2970 2409 interrogat
2998 2337 3270 2396 Dominus.
3308 2343 3362 2396 Id
3392 2356 3472 2399 est
3500 2387 3514 2409 ,
3551 2363 3669 2414 pro-

2061 2427 2172 2482 bat.
2208 2427 2312 2496 Qui
2339 2436 2509 2482 autent
2541 2430 2710 2500 diligit
2731 2431 3076 2501 iniquitatem,
3107 2435 3216 2487 odit
3240 2437 3468 2490 animum
3493 2455 3666 2495 suam.

2063 2519 2176 2576 Hoc
2205 2530 2308 2585 est,
2337 2521 2516 2590 perdit
2544 2521 2716 2576 illam.

2135 2611 2291 2666 Plaet
2311 2629 2468 2683 super
2491 2624 2786 2682 peccatores
2811 2616 3068 2688 laqueos:
3101 2618 3255 2691 ignis,
3288 2629 3392 2675 etc.
3429 2622 3538 2676 lloe
3590 2640 3679 2678 se-

2064 2704 2303 2760 cundum
2349 2703 2638 2761 historiam
2686 2706 2886 2762 factum
2939 2709 3090 2765 fuit:
3141 2712 3362 2780 quando
3414 2715 3674 2772 Deminns

2069 2797 2204 2866 pluit
2227 2797 2460 2866 sulphur
2485 2807 2543 2852 et
2571 2803 2750 2868 ignem
2779 2813 2944 2870 super
2975 2802 3292 2859 Sndnmum.
3328 2805 3397 2860 Ut
3426 2810 3502 2860 ait
3538 2825 3673 2877 apo-

2067 2888 2239 2942 stolus
2267 2887 2467 2954 ludas,
2499 2889 2553 2943 in
2586 2891 2895 2960 exemplum
2930 2893 3070 2962 ignis
3098 2897 3290 2951 :eterni
3322 2897 3517 2952 factum
3549 2900 3671 2955 fuit.

2073 2983 2226 3039 l‘luet
2254 2997 2421 3052 super
2452 2993 2787 3051 peccatores.
2840 2986 3065 3041 Duobus
3105 2989 3280 3044 modis
3329 3001 3382 3045 et
3437 2990 3679 3049 ba-retici

2071 3073 2262 3144 pluunt
2290 3073 2430 3127 mala
2460 3072 2731 3130 doctrina.
2758 3076 2823 3131 l-Jt
2848 3077 2984 3132 sient
3012 3095 3112 3131 nna
3144 3079 3326 3146 pluvia
3351 3081 3541 3152 irrigat
3569 3094 3679 3139 ter-

362 3171 610 3228 hzeretici
639 3187 734 3228 ora
765 3172 976 3227 illorum
1029 3182 1221 3226 contra
1268 3170 1568 3226 Ecclesium
1620 3169 1970 3225 intenderunt
1995 3157 2043 3221 C
2074 3179 2187 3219 ram
2214 3164 2504 3220 fecundam
2534 3174 2590 3221 et
2617 3166 2863 3222 aridam:
2895 3169 2973 3223 sic
2998 3180 3051 3222 et
3081 3185 3184 3224 una
3231 3172 3548 3240 praedicatio
3599 3188 3684 3232 cst

360 3279 576 3333 arcum,
605 3262 904 3334 potentiam
926 3261 1274 3318 verbositatis
1295 3277 1428 3317 suae.
1456 3259 1786 3316 Paraverunt
1808 3262 1970 3331 sagit-

363 3369 450 3413 tas
480 3374 637 3412 suas:
670 3358 770 3414 hoc
798 3366 901 3424 est,
937 3357 1124 3412 verba.
1156 3354 1222 3410 In
1255 3354 1521 3428 pharetra,
1546 3353 1602 3410 in
1630 3353 1963 3426 semetipsis.

362 3449 507 3518 Quia
553 3449 655 3520 ipsi
703 3459 830 3504 sunt
872 3450 1178 3520 pharetrae:
1210 3448 1296 3504 ubi
1322 3449 1493 3503 verba
1525 3448 1727 3515 inania,
1759 3457 1813 3503 et
1839 3461 1968 3502 sen-

367 3541 569 3596 tentias
593 3556 893 3596 vcnenosas
925 3556 1060 3610 quas
1097 3541 1164 3596 de
1212 3540 1506 3612 Scripturis
1550 3541 1751 3596 sanctis
1796 3542 1970 3596 conli-

365 3638 545 3700 ciunt,
574 3635 814 3690 occultas
847 3635 1099 3690 retinent.
1131 3631 1200 3688 Ut
1222 3634 1470 3706 sagittcnt
1493 3636 1546 3688 in
1567 3633 1782 3690 obscuro
1806 3643 1972 3688 rectos

367 3730 550 3782 corde.
598 3727 896 3798 Numquam
927 3727 1072 3782 enim
1102 3726 1153 3780 in
1185 3726 1304 3782 luce
1343 3735 1602 3798 pugnant,
1634 3727 1728 3780 sed
1753 3741 1971 3797 semper

369 3823 428 3876 in
465 3819 721 3876 tenebris.
755 3820 1093 3890 QuaprOpter
1119 3819 1296 3890 justus
1323 3819 1538 3874 aiebat:
1581 3818 1827 3873 Lucerna
1876 3835 1970 3889 pe-

366 3912 533 3969 dibus
575 3913 732 3978 meis,
781 3912 1001 3967 verbum
1050 3921 1221 3978 tnum,
1275 3911 1522 3968 Domine.
1558 3911 1627 3968 Ut
1647 3913 1890 3982 sagittenl
1919 3911 1974 3966 in

371 4006 593 4061 obscuro
620 4015 786 4060 rectos
813 4003 967 4059 corde
1015 4003 1198 4076 (Psal.
1226 4002 1451 4075 cxvm).
1484 4003 1554 4060 Ut
1582 4021 1703 4060 cum
1737 4004 1975 4060 viderint

373 4097 431 4153 in
461 4095 706 4153 Ecclesia
728 4096 1008 4168 imperitos
1036 4111 1300 4169 quosque,
1334 4097 1418 4153 vel
1441 4098 1738 4169 simplices,
1765 4096 1976 4168 laqueis

374 4195 582 4252 dolosis
608 4210 670 4250 ac
700 4195 931 4250 occultis
961 4195 1210 4250 illiciant.

454 4287 711 4353 Quoniam
736 4303 848 4354 qua:
874 4298 930 4340 tu
966 4287 1226 4358 perfecisti
1275 4285 1660 4341 dcstruxerunt.
1709 4285 1848 4353 Quid
1892 4293 1978 4340 est

377 4377 524 4450 quod
553 4378 770 4435 fecisti?
801 4379 1095 4434 Ecclesium
1123 4387 1268 4432 tuam
1293 4378 1348 4432 in
1380 4379 1603 4434 unitate.
1631 4376 1784 4434 Unde
1809 4377 1974 4433 dicit:

380 4470 469 4526 Ea:
493 4487 577 4524 ore
603 4471 884 4543 infantium
914 4479 960 4524 et
993 4471 1297 4525 lactentium
1322 4470 1584 4541 perfecisti
1607 4468 1814 4523 laudent
1845 4468 1977 4540 (Ps.

2070 3272 2101 3312 a
2128 3257 2263 3320 Deo,
2289 3272 2413 3327 qua:
2443 3257 2676 3313 infundit
2705 3267 2903 3314 terram
2939 3259 3161 3326 bonam,
3188 3263 3241 3317 id
3269 3271 3374 3331 est,
3405 3279 3631 3323 sanctos
3656 3283 3670 3323 :

2071 3357 2127 3404 et
2154 3358 2353 3404 terram
2386 3349 2608 3416 malam,
2639 3361 2973 3418 peccatores,
3016 3353 3213 3423 quibus
3254 3358 3530 3425 pertinent
3579 3361 3681 3415 ista

2071 3455 2190 3510 qua:
2216 3442 2750 3512 sequunturzlgnis,
2799 3444 3091 3513 cupiditas,
3141 3448 3391 3518 sulphur,
3451 3455 3683 3520 putredo

2075 3542 2441 3603 peccatorum,
2476 3534 2700 3604 spiritus
2725 3538 3112 3607 procellarum,
3145 3540 3366 3609 spiritus
3391 3553 3683 3614 tempesta-

2075 3624 2160 3681 tis.
2195 3624 2431 3694 Spiritus
2460 3625 2842 3696 proccllarum,
2879 3643 3091 3698 poenam
3132 3635 3321 3687 aeterni
3367 3633 3585 3703 jndicii,
3627 3648 3683 3693 et

2075 3715 2300 3772 verbera
2322 3714 2526 3770 indicat
2551 3725 2916 3786 peccatorum,
2947 3735 3084 3788 quos
3124 3721 3262 3791 ignis
3301 3727 3496 3790 exin-it,
3545 3737 3681 3782 tern-

2075 3816 2256 3877 pestas
2278 3807 2571 3863 eratiimat.
2598 3807 2666 3862 Et
2687 3808 3005 3878 prophetam
3033 3811 3200 3867 dicit:
3231 3813 3289 3868 In
3315 3815 3540 3872 circuitu
3565 3822 3684 3888 ejus

2076 3908 2369 3970 tempestas
2396 3897 2588 3954 valida.
2614 3898 2749 3954 Pars
2767 3901 2941 3956 calicis
2973 3919 3148 3958 eorum
3177 3905 3302 3975 (Ps.
3338 3910 3427 3978 χι)
3456 3925 3470 3962 :
3503 3909 3682 3978 Quare

2074 3991 2210 4046 dixit
2243 3991 2487 4062 partem?
2516 3991 2650 4060 Quia
2679 3993 2968 4062 unicuique
2992 4008 3090 4064 pro
3118 4006 3269 4064 parte
3290 4013 3408 4065 sua,
3441 4004 3591 4070 quasi
3613 4004 3681 4058 de

2075 4082 2264 4144 caliCe,
2292 4081 2345 4137 id
2376 4091 2478 4152 est,
2505 4082 2702 4153 justam
2737 4085 3026 4140 vindictam
3058 4089 3281 4158 recipiet
3319 4101 3476 4160 prout
3511 4099 3684 4164 gessit

2079 4176 2354 4232 miseriam
2375 4192 2526 4233 suam
2567 4193 2581 4231 :
2629 4187 2684 4233 ut
2709 4178 2785 4232 ait
2811 4178 3071 4250 propheta
3099 4197 3112 4236 :
3145 4180 3357 4238 Reddet
3389 4185 3532 4241 Deus
3561 4188 3682 4242 uni-

2077 4269 2273 4339 cuique
2295 4269 2599 4325 secundum
2632 4285 2797 4339 opera
2823 4287 2918 4327 sua
2949 4269 3080 4341 (Ps.
3113 4289 3230 4338 uti,
3259 4272 3450 4331 Jerem.
3483 4282 3632 4350 xxv).

2155 4363 2412 4429 Quoniam
2426 4367 2601 4436 justus
2629 4363 2910 4434 Dominus,
2940 4376 2986 4422 et
3003 4369 3248 4439 justitias
3278 4372 3460 4427 dilexit
3483 4389 3501 4430 :
3522 4378 3685 4446 tequi-

2081 4462 2236 4508 tatcm
2276 4456 2400 4509 vidit
2440 4457 2608 4512 vultus
2630 4461 2764 4529 ejus.
2793 4459 2928 4526 Quia
2963 4461 3255 4533 unicuique
3282 4467 3440 4534 quasi
3471 4467 3528 4521 in
3561 4485 3686 4538 spe-

380 4564 535 4635 vui).
585 4565 834 4622 llaeretici
883 4566 1164 4621 desrruere
1211 4567 1400 4620 volunt
1430 4565 1532 4619 hoc
1559 4572 1616 4619 et
1643 4563 1695 4618 in
1726 4578 1809 4631 se,
1843 4576 1892 4618 et
1927 4562 1982 4618 in
2013 4543 2061 4604 Ῐ)
2084 4546 2231 4612 culo.
2257 4561 2381 4602 Cum
2412 4550 2624 4604 venerit
2653 4547 2706 4604 ίιι
2734 4564 3031 4620 compelli“
3062 4554 3203 4624 eius.
3233 4557 3437 4615 Videbit
3483 4561 3687 4631 iniqui-

381 4656 528 4725 aliis,
563 4659 682 4728 quia
713 4659 973 4714 unitatem
1004 4659 1280 4714 scindunt.
1310 4657 1484 4714 Aliter
1509 4673 1525 4714 :
1554 4657 1725 4725 Quem
1757 4669 1812 4712 tu
1863 4672 1983 4726 per-

383 4748 583 4818 lecisti,
607 4749 883 4807 Christum
909 4751 974 4806 dc
997 4751 1200 4821 Spiritu
1225 4767 1279 4806 sa
1291 4759 1416 4806 ncto
1440 4759 1783 4820 conceptum,
1809 4748 1984 4805 ,Ιηᾱωί

386 4846 727 4904 occiderunt.
749 4846 936 4904 Justus
963 4855 1135 4903 autem
1157 4848 1280 4919 quid
1306 4848 1463 4918 fecit?
1491 4846 1626 4903 Cum
1651 4846 1988 4902 calumniari.

389 4949 480 4993 tur
507 4938 770 5008 haeretici,
804 4951 856 4996 et
885 4940 1200 5000 discordant
1232 4941 1371 4998 inter
1399 4956 1488 5007 se,
1543 4940 1648 4996 hoc
1694 4938 1990 5011 reSpondet

388 5033 640 5090 Ecclesia
662 5035 712 5090 in
739 5051 970 5106 persona
997 5036 1087 5091 Ec;
1104 5035 1269 5092 Iesias.
1296 5034 1442 5090 Inter
1462 5050 1559 5090 vos
1578 5034 1987 5099 discordamini,

386 5127 489 5184 sed
531 5127 598 5184 de
627 5128 778 5184 vobis
809 5127 1060 5185 Christus
1087 5142 1195 5184 non
1225 5135 1405 5184 tacet:
1437 5127 1563 5198 quia
1589 5127 1724 5182 dixit
1750 5144 1762 5181 :
1799 5126 1990 5181 Pacem

392 5235 560 5274 meam
599 5219 666 5275 do
713 5221 874 5288 vobis,
923 5236 1101 5293 pacem
1151 5236 1315 5274 meam
1365 5219 1599 5290 relinquo
1632 5216 1766 5273 vobis
1794 5216 1987 5289 (Joan.

393 5312 529 5385 xlv).
563 5313 628 5369 Et
657 5313 854 5368 aliter:
887 5312 1022 5382 Quid
1051 5313 1178 5372 fecit
1198 5312 1411 5384 justus?
1449 5310 1563 5368 Hoc
1608 5319 1713 5378 est,
1764 5311 1992 5368 redemit

395 5403 680 5472 mundum,
713 5414 768 5461 et
795 5403 1032 5477 scipsum
1063 5404 1214 5460 dedit
1240 5417 1339 5474 pro
1367 5403 1588 5459 mundo.

473 5496 730 5552 Dominus
748 5497 803 5551 in
827 5498 1018 5570 templo
1040 5506 1220 5551 sancto
1241 5511 1355 5550 suo.
1376 5493 1455 5550 Ac
1477 5494 1522 5550 si
1539 5492 1683 5549 dicat
1704 5492 1997 5566 prOpheta:

397 5590 679 5660 Quamvis,
711 5605 810 5647 vos
830 5590 1100 5660 han-etici,
1125 5587 1452 5646 aversemini
1483 5587 1798 5654 licclesiam,
1825 5597 2003 5644 tamen
2054 5585 2058 5591 ’

396 5683 663 5745 Domitius
689 5685 744 5740 in
779 5686 978 5755 templo
1006 5684 1133 5751 erit,
1170 5683 1271 5740 hoc
1299 5691 1406 5748 est,
1456 5683 1510 5738 in
1557 5679 1822 5738 Ecclesia.
1866 5680 2007 5735 Dicit

395 5778 739 5850 Apostolus:
775 5776 880 5834 Vos
911 5784 1042 5834 estis
1073 5775 1334 5851 templum
1367 5775 1463 5832 Dei
1495 5773 1604 5832 vivi
1638 5771 1709 5840 (ll
1747 5771 1863 5829 Cor.
1905 5771 2004 5843 VI).

2087 4647 2253 4696 tatem
2279 4655 2432 4695 suam
2455 4651 2512 4697 et
2533 4641 2649 4710 ipse
2673 4643 2931 4712 praevidet
2957 4645 3297 4717 iniquitatem
3320 4651 3562 4708 illorum.
3591 4655 3687 4709 Vel

2089 4730 2380 4805 praesentia
2420 4732 2514 4788 Dei
2566 4733 2703 4788 vidit
2749 4745 2967 4790 Sanelos
3017 4738 3082 4792 ad
3135 4742 3454 4809 regendum.
3505 4744 3692 4817 Diligit

2090 4825 2234 4881 enim
2255 4823 2556 4894 justitiam:
2590 4823 2713 4895 quia
2747 4842 3190 4898 unumquemque
3215 4833 3512 4888 St‘ClltltllIm
3551 4852 3692 4906 opus

2092 4917 2372 4991 proprium
2417 4916 2644 4988 judicat.
2698 4917 3030 4988 Equitalem
3074 4921 3212 4976 vidit
3239 4924 3421 4980 vultus
3445 4927 3602 4998 ejus:
3635 4945 3694 4986 ut

2093 5009 2295 5066 sanctis
2343 5013 2584 5080 primum,
2637 5011 3012 5080 peccatoribus
3065 5015 3262 5070 tribuat
3308 5033 3543 5085 ptenam.
3589 5025 3693 5090 Qui

2097 5118 2196 5159 nos
2239 5104 2525 5160 vocatione
2569 5121 2666 5161 sua
2715 5104 2972 5176 dignetur
2999 5105 3195 5178 dignos
3226 5108 3469 5178 ellicere,
3500 5127 3554 5168 et
3583 5131 3688 5168 non

2093 5198 2393 5254 secundum
2421 5211 2636 5269 peccata
2666 5208 2850 5254 nostra
2876 5199 3030 5256 nobis
3053 5202 3318 5272 supplicia
3350 5201 3572 5274 inlerat,
3600 5211 3692 5262 sed

2096 5292 2392 5348 secundum
2419 5308 2667 5363 magnam
2693 5293 3128 5351 misericordiam
3161 5312 3312 5351 suam
3346 5299 3557 5354 veniam
3590 5301 3698 5355 lar-

2095 5384 2306 5456 giatur:
2339 5385 2463 5453 quia
2493 5386 2594 5455 ipsi
2637 5396 2720 5442 est
2761 5401 2884 5442 cum
2927 5397 3134 5444 mterno
3182 5387 3341 5444 Patre
3387 5398 3442 5444 et
3490 5389 3698 5462 Spiritu

2100 5485 2289 5534 saneto
2320 5475 2494 5532 honor
2519 5487 2571 5532 et
2595 5477 2765 5547 gloria
2799 5477 2855 5534 in
2883 5477 3083 5532 saecula
3111 5479 3454 5535 saeculorum.
3499 5484 3696 5538 Amen.

2687 5631 3004 5693 PSALMUS
3046 5635 3135 5690 XI.

2110 5769 2176 5824 In
2211 5769 2363 5840 ﬁnem
2393 5787 2487 5842 pro
2519 5781 2718 5842 octava,
2750 5772 2979 5844 psalmus
3004 5769 3194 5828 David.
3222 5773 3327 5833 Iste
3356 5777 3596 5848 psalmus
3633 5780 3696 5837 de
