4034 6312
483 285 585 342 837

1261 270 1608 330 ΛΡΡΕΝῡΙΧ
1648 269 1741 324 AD
1780 265 2024 323 ’l'OML‘M
2065 261 2423 322 SEPTIMUM
2462 261 2524 320 S.
2569 259 2967 319 lllERONYMl.

3673 253 3778 312 8i8

478 427 502 465 _;
555 394 808 467 passione
837 390 1042 448 Christi
1069 395 1340 444 cantatur.
1368 387 1475 442 Pro
1504 393 1715 451 octava,
1743 382 1885 439 sicut
1923 394 2082 452 supe—
2109 381 2165 444 Α
2261 377 2464 434 Ponant
2493 379 2548 432 in
2587 377 2807 432 salutari
2837 392 2970 431 meo.
3006 372 3171 440 Dixit,
3205 370 3257 427 in
3286 368 3540 434 salutari,
3572 376 3630 425 et
3674 383 3782 424 non

556 465 672 522 rius
699 465 961 522 diximus.

487 542 490 546 l
557 559 773 614 Salvum
805 573 882 610 nte
913 558 1017 627 fac,
1049 551 1290 608 Domine.
1347 551 1461 607 Vox
1510 548 1713 606 Chrisli
1755 547 1820 604 ad
1870 547 2083 602 Patrem

478 669 578 726 pro
597 660 748 724 parte
768 648 946 705 carnis
971 647 1022 702 in
1050 645 1327 718 passiOne.
1359 645 1614 714 Quoniam
1643 642 1829 713 defecit
1850 649 2079 695 sanctus.

479 747 685 803 Pr.cter
716 753 790 811 te,
817 757 925 798 non
957 750 1206 812 superest
1235 739 1326 805 qui
1357 739 1528 808 possit
1557 736 1792 792 salvare.
1821 734 2085 802 Quoniam

479 841 748 895 diminuta:
772 845 890 891 sunt
921 835 1164 890 veritates
1191 850 1224 886 a
1249 831 1374 902 [iliis
1404 829 1693 885 hominum.
1725 827 1904 896 Quare
1945 824 2085 880 dixit

478 935 759 999 veritates,
789 931 918 987 dum
947 945 1056 986 non
1085 929 1294 985 scimus
1322 926 1414 998 qui
1455 934 1542 981 est
1584 923 1814 988 veritas,
1863 928 1923 975 ut
1961 918 2036 974 ait
2066 935 2080 971 :

478 1029 594 1098 Ego
619 1042 738 1084 sum
767 1026 852 1080 via
878 1032 934 1081 et
955 1025 1157 1080 veritas
1184 1021 1379 1093 (Joan.
1414 1021 1548 1091 xxv).
1587 1017 1741 1074 Sicut
1767 1015 1950 1070 multa:
1983 1012 2086 1068 Ec-

475 1119 657 1175 clesia:
702 1127 758 1174 et
807 1133 912 1173 una
961 1115 1228 1182 Ecclesia,
1277 1112 1358 1168 sic
1405 1112 1590 1166 multa:
1631 1103 2084 1176 veritates:quia

476 1214 769 1270 multorum
786 1212 1052 1285 justorum
1077 1216 1332 1282 Opera,et
1349 1205 1499 1263 multi
1523 1205 1612 1277 qui
1636 1201 2080 1259 faciuntbonum.

475 1307 584 1364 Sed
612 1322 784 1379 quare
813 1302 1132 1360 diminutm?
1162 1301 1297 1369 Quia
1323 1308 1451 1354 ante
1496 1297 1790 1353 adventum
1834 1291 2039 1349 Christi
2064 1330 2081 1358 ,

471 1399 590 1456 sive
639 1396 940 1469 prophetae,
996 1396 1116 1468 sive
1149 1393 1496 1464 patriarchte,
1525 1399 1634 1446 tam
1664 1389 1821 1446 bona:
1851 1394 2080 1450 naturae,

470 1507 632 1564 quam
657 1490 750 1562 qui
779 1504 846 1546 ex
869 1497 1022 1561 parte
1043 1486 1240 1558 dejecti
1268 1483 1528 1540 videbant
1555 1481 1792 1548 servire,
1819 1479 1872 1534 in
1897 1477 2083 1533 multis

472 1583 652 1642 modis
679 1582 932 1640 diminuti
956 1591 1152 1639 erant:
1187 1580 1314 1651 quia
1345 1590 1530 1649 caput,
1574 1577 1625 1633 id
1675 1583 1782 1641 est,
1834 1571 2040 1629 veritas
2064 1609 2082 1638 ,

471 1680 564 1752 qui
591 1688 676 1735 est
696 1676 970 1743 Christus,
1002 1675 1243 1731 nondum
1272 1682 1518 1730 venerat.
1549 1669 1790 1728 Membra
1816 1666 2083 1723 diminuta

2183 473 2342 539 dixit,
2369 472 2499 544 quid
2529 487 2724 542 ponam
2749 489 2764 524 :
2796 469 3141 538 subauditur,
3171 466 3399 522 salutem
3428 463 3690 535 gentium.
3720 461 3784 517 Et

2183 566 2363 622 adhuc
2405 564 2532 636 quid
2566 564 2798 635 ponam?
2841 560 3043 618 Contra
3089 559 3346 631 gemitum
3393 555 3633 612 laetitiam
3677 569 3692 608 :
3734 562 3786 610 et

2183 667 2371 714 contra
2404 665 2797 728 paupertatem,
2828 651 3044 709 divitias
3072 648 3405 722 spirituales.
3435 645 3787 701 Fiducialiter

2184 767 2337 823 agam
2366 749 2419 803 in
2459 765 2541 804 eo.
2579 746 2696 804 Vox
2730 745 2908 802 Patris
2947 744 3015 801 de
3045 741 3206 800 Filio.
3236 743 3314 798 Ac
3345 741 3392 798 si
3421 739 3568 796 dicat
3599 757 3614 794 :
3648 737 3784 794 Cum

2185 843 2382 900 liducia
2410 842 2591 898 omnia
2621 841 2760 897 facio
2791 855 2888 911 per
2923 853 3049 896 eum
3083 835 3244 909 :quia
3271 835 3524 892 divinitas
3552 833 3791 890 ﬁrmavit

2185 935 2579 992 humanitatem
2609 952 2624 990 :
2655 943 2714 989 ut
2738 933 3002 1004 scriptum
3030 939 3136 997 est,
3171 928 3345 987 libere
3368 929 3498 1000 egit.

2257 1028 2480 1099 Eloquia
2523 1024 2757 1094 Domini,
2806 1025 3012 1096 eloquia
3059 1033 3222 1078 casta.
3273 1021 3570 1093 Utriusque
3598 1019 3788 1077 Testa-

2187 1121 2359 1178 menti
2388 1119 2695 1176 doctrinam
2736 1117 2958 1175 insimul
2986 1113 3424 1188 comprehendit.
3456 1113 3609 1170 Tunc
3639 1121 3788 1169 casta

2187 1224 2348 1284 sunt,
2379 1213 2426 1270 si
2467 1231 2498 1270 a
2545 1214 2708 1270 bonis
2735 1210 3187 1286 praedicatoribus
3217 1206 3708 1280 incorruptibiliter
3733 1214 3788 1263 et

2186 1309 2305 1365 sine
2365 1307 2719 1379 corruptione
2763 1305 3151 1378 przedicentur.
3210 1301 3362 1358 Tunc
3410 1301 3518 1358 erit
3575 1298 3724 1356 istud
3769 1315 3783 1354 :

2190 1403 2236 1458 si
2267 1401 2485 1472 quando
2505 1399 2806 1472 prazdicant
2830 1412 2938 1454 non
2966 1405 3248 1470 parentum
3271 1394 3550 1466 provocati
3579 1407 3784 1462 amore,

2196 1511 2303 1552 non
2376 1502 2658 1570 potentum
2724 1493 2920 1549 timore
2953 1533 2970 1562 ,
3023 1507 3135 1548 non
3187 1499 3412 1562 propter
3455 1489 3600 1546 dona
3653 1503 3793 1561 prte-

2193 1589 2408 1654 sentia,
2450 1603 2559 1644 non
2608 1602 2708 1658 pro
2756 1587 2965 1642 honore
3012 1600 3174 1642 vano.
3231 1583 3408 1640 Aliter
3464 1599 3480 1645 :
3528 1581 3638 1652 Qui
3691 1597 3791 1640 nec

2187 1681 2395 1737 audent
2422 1679 2628 1738 addere
2659 1677 2864 1752 aliquid
2894 1677 3157 1750 amplius,
3183 1692 3284 1735 nec
3307 1678 3556 1734 minuere
3595 1685 3710 1732 tam
3738 1677 3791 1733 in

472 1782 649 1840 erant,
699 1785 980 1843 usquequo
1027 1777 1189 1840 caput
1235 1781 1446 1833 eorum,
1502 1762 1650 1836 quod
1692 1770 1779 1818 est
1805 1757 2070 1826 Christus,

2184 1774 2354 1832 veteri
2382 1790 2548 1846 quam
2580 1774 2636 1830 in
2667 1789 2809 1830 novo
2835 1772 3188 1830 Testamento
3211 1816 3226 1842 ,
3257 1770 3353 1828 sed
3388 1769 3632 1827 ﬁdeliter
3656 1784 3796 1842 prm-

473 1867 716 1924 advenit.

550 1962 700 2015 Vana
747 1961 907 2017 locuti
951 1968 1098 2026 sunt,
1147 1968 1257 2016 etc.
1303 1956 1544 2013 Primum
1593 1953 1816 2022 Petrus,
1863 1946 2079 2023 quando

435 2042 441 2047 ’
467 2057 633 2114 dixit:
660 2055 728 2111 Et
747 2056 792 2112 si
812 2055 1119 2128 oportuerit
1141 2069 1228 2110 me
1254 2053 1390 2110 mori
1415 2061 1614 2115 tecum,
1643 2065 1750 2104 non
1777 2058 1828 2103 te
1846 2045 2078 2118 negabo.

466 2147 729 2206 Similiter
751 2159 807 2205 et
831 2163 1022 2205 omnes
1052 2147 1304 2219 discipuli
1330 2146 1584 2202 dixerunt
1615 2141 1847 2215 (Matth.
1880 2136 2034 2210 xxvi)
2061 2153 2076 2193 :

463 2242 561 2299 sed
606 2241 660 2298 hi
691 2257 884 2298 omnes
916 2257 1051 2297 vana
1081 2239 1248 2296 locuti
1275 2249 1419 2305 sunt,
1447 2237 1574 2293 dum
1605 2233 1905 2305 adimplere
1932 2229 2079 2302 quod

467 2343 891 2407 proposuerunt,
922 2349 1030 2389 non
1063 2340 1379 2404 potuerunt.
1413 2332 1481 2386 Et
1508 2328 1772 2396 hatretici,
1808 2326 1934 2382 mali
1981 2325 2080 2381 do-

464 2439 668 2496 ctores,
701 2425 792 2497 qui
822 2425 1126 2481 doctrinam
1154 2438 1467 2496 perversam
1493 2422 1716 2489 docent,
1745 2435 1880 2475 vana
1910 2419 2079 2476 locuti

463 2527 593 2574 sunt
641 2517 1012 2588 unusquisque
1043 2515 1110 2571 ad
1139 2516 1445 2588 proximum
1471 2529 1652 2570 suum.
1683 2511 1935 2568 Christus
1967 2510 2077 2565 Do-

462 2613 663 2682 minus,
693 2611 782 2683 qui
820 2611 937 2666 haec
961 2610 1220 2682 loquitur,
1251 2619 1335 2666 est
1361 2609 1604 2666 omnium
1633 2605 1916 2680 proximus
1942 2624 1952 2660 :
1984 2604 2078 2677 qui

461 2705 589 2762 fecit
622 2703 1082 2768 misericordiam,
1117 2714 1174 2758 ut
1204 2712 1379 2759 morte
1407 2719 1504 2759 sua
1555 2702 1807 2773 alligaret
1849 2699 2076 2755 vulnera

459 2815 674 2856 nosrra.
705 2799 913 2854 Contra
941 2813 1100 2868 quem
1129 2796 1302 2853 Judaei
1334 2797 1386 2851 in
1407 2795 1722 2866 vaniloqnio
1742 2793 2078 2850 exerceban-

461 2902 569 2948 tur.
601 2891 766 2946 Labia
789 2889 978 2946 dolosa
1006 2891 1058 2944 in
1091 2890 1244 2945 corde
1274 2899 1320 2944 et
1349 2888 1504 2944 corde
1543 2888 1703 2943 locuti
1744 2899 1885 2942 sunt.
1933 2885 2077 2942 Sim-

460 2988 688 3045 machus
717 2988 790 3042 ita
824 2985 1100 3042 transtulit
1129 2984 1294 3039 Labia
1324 2983 1557 3049 lubrica,
1613 2984 1667 3038 in
1715 2980 1882 3038 corde
1928 2979 2076 3035 aliud

460 3090 566 3145 est,
600 3088 658 3136 et
697 3079 956 3150 loquitur.
1007 3076 1173 3132 Labia
1220 3077 1425 3143 dolosa,
1473 3075 1742 3146 bilingues
1791 3073 2068 3141 dicuntur,

2183 1869 2385 1925 dicant.
2430 1866 2714 1940 Argentum
2753 1867 2871 1940 igne
2895 1867 3265 1922 examinatum.
3302 1865 3416 1922 Hoc
3437 1873 3544 1933 est,
3582 1863 3791 1936 Spiritu

2181 1972 2373 2018 sancto
2417 1961 2733 2032 probatum.
2767 1960 2885 2016 Non
2931 1960 3007 2016 illi
3037 1959 3254 2031 eloquia
3290 1959 3472 2016 divina
3505 1958 3746 2031 probant
3775 1976 3791 2016 :

2180 2055 2276 2112 sed
2305 2054 2544 2126 Spiritus
2567 2063 2790 2110 sanctus
2831 2055 2954 2111 illos
2979 2053 3286 2121 illuminat,
3322 2053 3411 2125 qui
3441 2051 3558 2123 ipsa
3589 2051 3792 2123 prtedi-

2180 2159 2306 2207 cant
2338 2166 2351 2203 :
2384 2149 2526 2206 sicut
2553 2151 2611 2205 in
2642 2147 2782 2204 Isaia
2812 2147 2903 2205 ille
2923 2148 3172 2220 angelus,
3195 2146 3414 2220 quando
3438 2147 3660 2217 accepit
3686 2146 3796 2204 cal-

2181 2241 2364 2299 culum
2394 2241 2463 2298 ab
2491 2242 2675 2311 altari,
2718 2250 2773 2296 ct
2802 2241 2977 2312 tetigit
3007 2240 3145 2296 labia
3172 2239 3290 2311 ejus
3314 2285 3328 2310 ,
3361 2239 3552 2296 dicens
3595 2255 3612 2295 :
3657 2240 3796 2297 Ecce

2181 2337 2330 2409 tetigi
2360 2334 2465 2392 hoc
2495 2335 2637 2392 labia
2666 2342 2753 2390 tua
2782 2376 2798 2402 ,
2842 2341 2902 2391 et
2938 2332 3225 2391 auferetur
3261 2331 3516 2404 iniquitas
3559 2341 3654 2389 tua
3677 2375 3694 2404 ,
3742 2341 3796 2390 et

2182 2439 2463 2504 peccatum
2511 2440 2660 2486 tuum
2704 2427 3076 2485 mundabitur.
3125 2427 3232 2484 Per
3281 2435 3590 2498 argentum,
3641 2436 3794 2485 vetus

2185 2526 2602 2582 Testamentum
2632 2543 2644 2579 :
2675 2538 2772 2595 per
2803 2537 3018 2589 aurum,
3051 2537 3273 2578 novum.
3297 2520 3388 2578 Sic
3413 2531 3501 2578 est
3532 2522 3717 2580 littera
3741 2528 3795 2578 ct

2177 2620 2438 2692 spiritalis
2481 2619 2818 2685 intellectus,
2853 2618 3009 2690 quasi
3059 2633 3125 2674 ex
3168 2625 3399 2689 argento
3454 2617 3794 2689 producatur

2177 2731 2392 2772 aurum.
2445 2713 2736 2769 Probatum
2759 2722 2930 2780 τινι-ω,
2961 2713 3066 2769 hoc
3095 2719 3199 2778 est,
3233 2710 3498 2768 Ecclesia.
3539 2711 3642 2767 llla
3671 2712 3790 2768 elo-

2177 2811 2303 2880 quia
2323 2808 2506 2864 divina
2525 2807 2750 2879 probata
2775 2815 2894 2861 sunt
2920 2820 3016 2877 per
3044 2803 3306 2875 Spiritum
3324 2812 3596 2871 sanctum,
3621 2818 3789 2876 quem

2177 2901 2391 2971 accepit
2426 2900 2693 2957 Ecclesia.
2741 2899 2964 2956 Aliter:
3008 2895 3302 2954 Probatum
3341 2906 3532 2966 terrae,
3571 2895 3630 2953 id
3675 2905 3787 2960 est;

2175 2994 2426 3050 Christus
2451 2993 2717 3049 Dominus
2737 3034 2753 3060 ,
2785 2991 2878 3064 qui
2907 2993 3054 3048 venit
3079 2991 3134 3048 in
3165 2990 3502 3048 humanitate
3545 2989 3642 3048 illa
3692 3005 3790 3061 pro

2177 3096 2333 3158 parte
2373 3087 2577 3157 carnis,
2613 3103 2774 3160 quam
2822 3103 2891 3143 ex
2920 3087 3090 3144 Maria
3134 3087 3367 3159 accepit,
3392 3086 3546 3160 quasi
3579 3096 3787 3143 terram

457 3173 587 3244 quia
614 3171 827 3228 duabus
855 3169 1053 3241 linguis
1077 3171 1409 3242 loquuntur:
1445 3168 1568 3240 quia
1601 3167 1748 3223 aliud
1771 3165 1983 3232 dicunt,
2016 3173 2070 3220 et

2180 3153 2436 3239 Dominus
2457 3153 2716 3254 suscepit.
2746 3180 3039 3253 Purgatum
3058 3153 3370 3254 septuplum.
3398 3153 3619 3254 Septem
3642 3181 3788 3238 dona

456 3265 606 3321 aliud
634 3268 890 3322 retinent.
922 3263 1011 3320 Sic
1033 3262 1177 3319 labia
1199 3262 1386 3318 dolosa
1417 3264 1508 3332 qui
1535 3262 1605 3316 de
1631 3259 1800 3316 corde
1828 3259 1880 3315 in
1904 3258 2070 3314 corde

461 3359 626 3416 locuti
655 3368 784 3415 sunt
820 3358 1000 3414 mala:
1047 3372 1206 3414 secus
1253 3355 1397 3430 quod
1445 3363 1816 3426 conceperunt
1861 3353 2066 3422 corde,

460 3453 807 3524 protulerunt
835 3467 932 3509 ore
964 3452 1016 3507 in
1044 3467 1230 3522 opere.

534 3545 816 3616 Disperdat
841 3543 1096 3599 Dominus
1121 3543 1362 3597 universa
1386 3541 1524 3596 labia
1557 3541 1760 3596 dolosa.
1795 3537 2068 3610 Numquid

460 3635 842 3694 tnaledicendo
869 3634 1043 3691 dicit?
1082 3633 1198 3690 Non
1233 3651 1246 3688 :
1285 3633 1410 3705 quia
1455 3649 1562 3689 non
1591 3643 1675 3689 est
1704 3648 1822 3690 mos
1848 3642 2067 3688 sancto-

459 3745 584 3786 rum
611 3728 962 3792 maledicere,
985 3725 1080 3782 sed
1104 3725 1505 3796 pronuntiando
1535 3725 1678 3797 quod
1703 3727 2066 3791 lnturumest,

459 3821 632 3877 dixit:
669 3837 774 3876 non
801 3817 1058 3890 optando,
1087 3827 1144 3873 et
1174 3817 1270 3873 sed
1303 3816 1682 3888 prOphetando
1708 3817 1890 3888 (Joan.
1923 3815 2063 3887 vni).

463 3911 568 3978 Qui
610 3919 737 3968 sunt
783 3910 924 3964 labia
963 3908 1192 3964 dolosa?
1222 3909 1499 3976 Haeretici,
1532 3917 1587 3966 et
1631 3907 1761 3964 mali
1807 3907 2069 3979 praedica-

465 4014 637 4061 tores.
695 4003 762 4056 Et
795 4003 1024 4073 linguam
1053 4003 1459 4076 magniloqnam.
1511 4002 1568 4059 ld
1596 4013 1699 4071 est,
1725 4003 1815 4074 qui
1837 4002 2066 4074 superba

466 4098 780 4168 loquuntur.

537 4190 641 4256 Qui
696 4189 962 4256 dixerunt,
1009 4187 1244 4263 linguam
1298 4198 1529 4245 nostram
1595 4189 2064 4262 magni/icabimus.

465 4284 580 4339 lloc
606 4291 712 4349 est,
742 4281 834 4352 qui
863 4283 1186 4351 semetipsos
1214 4283 1266 4337 in
1297 4281 1528 4338 invicem
1553 4281 1795 4350 laudant,
1824 4291 1880 4339 et
1901 4296 2066 4353 opera

465 4392 565 4432 sua
593 4374 966 4448 magniﬁcam.
998 4375 1164 4429 Labia
1193 4387 1368 4432 nostra
1393 4394 1425 4430 a
1452 4378 1600 4434 nobis
1628 4387 1768 4433 sum.
1804 4381 1880 4435 Ac
1903 4379 1948 4434 si
1979 4379 2064 4436 di-

467 4479 556 4526 cat
590 4486 603 4524 :
651 4468 915 4524 Doctores
944 4474 1160 4523 nostros
1187 4483 1253 4524 cx
1295 4466 1451 4523 nobis
1481 4467 1614 4539 ipsis
1643 4469 1928 4539 habemus,
1959 4484 2064 4525 non

2172 3294 2293 3350 qua:
2325 3278 2377 3333 in
2418 3275 2640 3333 Christo
2669 3278 2886 3334 {uerunt
2932 3295 2947 3332 :
3001 3293 3109 3335 non
3149 3289 3210 3336 ut
3255 3278 3348 3336 ille
3379 3278 3784 3349 puriﬁcaretur,

2173 3371 2268 3429 sed
2295 3371 2386 3444 qui
2416 3371 2529 3442 ipsa
2558 3371 2699 3428 dona
2736 3371 3013 3442 accepturi
3045 3381 3223 3440 erant,
3247 3371 3683 3444 puriﬁcarentur.

2247 3461 2345 3530 Tu,
2381 3461 2624 3532 Domine,
2653 3463 2878 3518 servabis
2910 3479 3022 3519 nor.
3060 3463 3176 3520 Hoc
3203 3473 3306 3533 est,
3338 3464 3392 3520 in
3426 3463 3554 3530 ﬁde,
3587 3463 3786 3523 Eccle-

2171 3557 2250 3612 sia
2275 3566 2454 3628 rogat.
2500 3556 2569 3611 Et
2603 3557 2863 3613 custodiet
2905 3574 3001 3616 nos
3040 3573 3073 3611 a
3116 3559 3449 3631 generatione
3489 3559 3603 3614 hac.
3650 3556 3786 3616 Om-

2171 3650 2320 3706 nittm
2352 3649 2622 3705 malorum
2664 3650 2878 3706 turbam
2929 3649 3088 3705 simul
3117 3650 3564 3720 comprehendit,
3597 3650 3783 3707 ller-

2172 3743 2427 3810 ticorutn,
2457 3741 2896 3810 dialecticorum,
2940 3752 2996 3798 ct
3042 3742 3398 3815 reliquorum.
3428 3745 3513 3799 Ab
3544 3745 3782 3800 istorum

2171 3836 2526 3910 generatione
2579 3835 2842 3891 Dominus
2899 3837 3180 3904 separavit
3240 3835 3540 3891 Ecclesiam
3591 3849 3781 3891 suam.

2171 3929 2327 3987 Unde
2351 3935 2407 3986 et
2432 3927 2486 3984 in
2516 3928 2810 3999 Evangelio
2837 3943 2852 3986 ς
2884 3927 3011 3984 Haec
3040 3927 3225 3984 Omnia
3251 3925 3472 3984 venient
3501 3925 3781 3983 universae

2169 4021 2512 4094 generationi
2554 4021 2654 4086 illi,
2690 4038 2722 4076 a
2763 4021 3031 4092 sanguine
3067 4019 3202 4078 Abel
3243 4021 3335 4093 qui
3387 4019 3590 4077 eﬁ‘usus
3635 4025 3778 4081 est:

2171 4115 2255 4171 vel
2278 4129 2307 4169 a
2331 4114 2594 4185 sanguine
2614 4111 2886 4169 Zachariae
2909 4112 3006 4168 ﬁlii
3030 4112 3336 4180 Barachiae,
3367 4127 3530 4184 quem
3553 4110 3778 4169 occide-

2169 4207 2366 4266 derunt
2394 4207 2535 4263 inter
2562 4206 2824 4277 templum
2849 4213 2906 4264 et
2931 4205 3105 4263 altare
3126 4205 3343 4278 (Matth.
3376 4207 3560 4276 xxnt).

2243 4299 2310 4356 In
2340 4299 2562 4356 circuitu
2588 4300 2735 4372 impii
2761 4299 3047 4355 ambulant.
3091 4297 3228 4356 Cum
3268 4299 3646 4355 transtulerint
3670 4311 3773 4354 nos

2170 4397 2239 4454 de
2266 4396 2522 4468 praesenti
2546 4395 2747 4452 smculo
2772 4395 2827 4451 in
2860 4396 3126 4464 futurum,
3157 4403 3285 4452 tunc
3315 4395 3465 4466 impii
3493 4393 3627 4452 foris
3651 4409 3771 4452 am-

2171 4491 2361 4547 bulant
2381 4507 2392 4544 :
2409 4505 2510 4548 nec
2534 4497 2789 4562 poterunt
2810 4490 3013 4546 intrare
3027 4505 3150 4546 cum
3172 4489 3395 4558 sanctis,
3415 4497 3649 4560 questu,
3672 4503 3764 4544 sc-

471 4560 708 4656 a'iunfie'
740 4557 1034 4656 ‘flan9nl_
1056 4559 1203 4615 enim
1248 4560 1302 4615 i"
1335 4575 1470 4615 "3"“
1498 4560 1852 4628 νθτδθδίωωι
1876 4560 2064 4618 dicen”
2092 4550 2147 4611 Β
2171 4584 2406 4640 cundum
2446 4550 2873 4656 magnitudinem
2911 4593 3080 4653 tuam,
3117 4592 3206 4639 tua
3234 4550 3600 4640 sollicitudine
3627 4550 3763 4639 con-

470 4663 554 4712 tes
577 4673 588 4710 :
613 4653 725 4710 Nos
751 4652 849 4708 ﬁlii
871 4651 1103 4709 Abrahae
1129 4669 1338 4719 sumus,
1365 4663 1419 4709 et
1443 4654 1642 4710 nemini
1668 4670 1921 4727 umquam
1945 4670 2067 4713 ser-

466 4749 724 4806 vivimus.
781 4747 909 4814 Quis
956 4754 1128 4803 noster
1177 4756 1248 4802 est
1295 4746 1584 4802 Dominus?
1621 4748 1699 4804 Ac
1747 4748 1794 4803 si
1842 4748 2064 4805 dicant:

468 4844 686 4901 Nullum
717 4841 982 4898 habemus
1008 4840 1321 4908 Dontinum,
1354 4841 1476 4910 quia
1509 4841 1690 4897 omnia
1730 4842 1954 4898 scimus.

541 4934 764 5006 Propter
792 4932 1048 4987 miseriam
1088 4933 1335 5004 inopum,
1384 4942 1430 4987 et
1465 4934 1711 5006 gemitum
1755 4950 2056 5005 pauperum.

463 5029 586 5087 Vox
638 5027 814 5084 Patris
865 5035 970 5084 est.
1016 5027 1147 5094 Quis
1201 5035 1319 5083 crat
1368 5028 1558 5096 miser,
1605 5030 1708 5085 nisi
1766 5030 2060 5088 humanum

467 5138 640 5194 genus
679 5123 730 5176 in
762 5120 995 5186 smculo,
1026 5119 1168 5190 quod
1205 5121 1257 5176 in
1308 5121 1464 5176 istam
1509 5121 1783 5178 miseriam
1815 5125 1964 5180 venit
2007 5126 2059 5181 in

462 5231 570 5287 qua
599 5213 852 5288 gemebat
879 5211 936 5268 in
963 5214 1230 5282 peccatis?
1259 5213 1325 5268 Et
1345 5213 1575 5284 gemitus
1595 5225 1711 5270 erat
1741 5215 1792 5270 in
1820 5215 2054 5286 inferno,

461 5310 519 5364 in
539 5309 649 5364 illis
671 5307 764 5379 qui
789 5306 842 5362 in
864 5305 1042 5377 poenis
1069 5304 1403 5362 habitabant.
1428 5305 1588 5361 Nunc
1608 5324 1908 5380 exsurgant,
1932 5309 2059 5364 dicit

458 5398 740 5454 Dominus.
775 5397 888 5453 lloc
915 5405 1021 5464 est,
1045 5397 1254 5453 mittam
1283 5397 1482 5454 Filium
1515 5415 1694 5456 meum
1724 5403 1812 5471 qui
1844 5417 1940 5459 eos
1973 5418 2059 5460 re-

457 5491 648 5559 dimat,
680 5501 735 5545 et
766 5488 886 5545 illos
916 5489 1007 5560 qui
1039 5489 1094 5546 in
1117 5491 1336 5547 miseria
1365 5499 1494 5548 sunt
1516 5493 1568 5548 in
1602 5493 1828 5563 mundo,
1851 5495 1935 5552 vel
1962 5511 2056 5552 eos

453 5585 544 5652 qui
594 5583 648 5638 in
680 5579 892 5637 inferno
925 5593 1357 5641 commorantur.
1389 5586 1545 5652 Quod
1581 5586 1654 5642 ita
1687 5588 1888 5646 factum
1919 5599 2004 5646 est
2035 5607 2050 5646 :

453 5672 598 5730 Misit
652 5674 792 5728 Deus
837 5671 999 5728 Pater
1053 5675 1250 5732 Filium
1297 5691 1453 5733 suum
1499 5679 1568 5735 ad
1620 5696 1720 5738 nos
1779 5681 2046 5752 miseros,

453 5774 514 5820 ut
529 5777 629 5819 nos
651 5761 931 5832 liberaret,
956 5772 1011 5818 et
1040 5763 1183 5822 illius
1207 5777 1524 5840 paupertate
1553 5771 1748 5832 divites
1776 5788 2045 5835 essemus.

2171 4678 2422 4736 servasti.
2456 4677 2515 4733 ln
2541 4677 2775 4734 circuitu
2805 4677 2956 4749 impii
2983 4676 3264 4732 ambulant
3294 4693 3308 4730 :
3351 4677 3478 4748 quia
3516 4676 3571 4731 in
3603 4686 3765 4732 teter-

2173 4786 2296 4826 nam
2334 4770 2501 4825 vitam
2535 4783 2642 4824 non
2684 4767 3027 4840 pervenient.
3080 4769 3149 4824 Et
3175 4767 3336 4825 aliter
3373 4783 3387 4824 :
3437 4766 3572 4824 Cum
3603 4766 3761 4824 electi

2171 4861 2378 4933 recepti
2410 4858 2630 4927 fuerint,
2664 4869 2817 4916 extra
2843 4859 3066 4931 januam
3093 4857 3410 4915 clamabunt
3452 4869 3468 4912 :
3508 4857 3759 4921 Domine.

2172 4951 2428 5018 Domine,
2459 4951 2608 5024 aperi
2639 4951 2818 5008 nobis.
2865 4951 3040 5010 Aliter
3067 4970 3080 5006 :
3112 4951 3168 5008 ln
3208 4953 3436 5009 circuitu
3460 4967 3673 5021 eorum,
3708 4959 3760 5008 et

2167 5043 2378 5100 dicetur
2403 5045 2502 5102 eis.
2531 5044 2727 5101 Nescio
2749 5060 2846 5101 vos
2878 5063 2890 5100 :
2936 5045 3238 5100 Secundum
3262 5045 3588 5100 altitudinem
3619 5053 3758 5098 tuam

2166 5137 2530 5205 multiplicasti
2557 5135 2694 5208 ﬁlios
2734 5139 3022 5194 hominum.
3077 5137 3246 5194 Filios
3286 5138 3401 5194 Dei.
3449 5136 3756 5194 Secundum

2163 5228 2573 5286 multitudinem
2593 5229 2747 5301 juxta
2780 5229 3172 5287 abundantiam
3211 5229 3601 5288 misericordia:
3628 5239 3752 5298 tua),

2161 5322 2285 5392 quia
2315 5322 2707 5393 multiplicatur
2746 5322 2988 5380 Ecclesia
3011 5366 3026 5392 ,
3068 5322 3173 5380 hoc
3202 5331 3316 5390 est,
3365 5322 3434 5378 de
3479 5323 3676 5394 pietate
3703 5326 3756 5376 et

2161 5411 2540 5469 misericordia
2585 5413 2760 5486 ipsius
2812 5432 2825 5470 :
2879 5430 3001 5472 cum
3049 5414 3102 5470 in
3157 5413 3519 5471 retributione
3561 5415 3750 5469 futura:

2160 5503 2513 5563 beatitudinis
2567 5509 2833 5579 promissa
2877 5518 2966 5566 tua
3015 5508 3398 5581 percipientes,
3442 5507 3750 5565 conlormes

2157 5598 2338 5655 eﬁ'ecti
2385 5600 2588 5658 fuerint
2628 5602 2845 5674 corpori
2899 5603 3090 5675 gloria:
3129 5613 3266 5673 tute,
3316 5605 3371 5661 in
3398 5617 3506 5677 quo
3537 5601 3631 5658 tibi
3670 5606 3748 5656 est

2155 5707 2278 5749 cum
2306 5703 2513 5751 aeterno
2541 5695 2722 5766 Patre,
2748 5705 2802 5753 et
2823 5695 3029 5768 Spiritu
3060 5707 3272 5768 sancto,
3298 5697 3472 5756 honor
3499 5704 3554 5754 et
3582 5691 3744 5768 gloria

2154 5788 2212 5848 in
2241 5790 2442 5848 sarcula
2473 5789 2823 5849 seculorum.
2854 5791 3051 5852 Amen.
