3980 6362
843 70 1982 98 _________________________

255 383 353 440 849

816 495 1131 556 PSALhﬂJS
1169 493 1286 551 XII.

245 642 308 699 In
327 642 499 713 ﬁnem,
519 640 749 713 psalmus
771 637 964 713 David.
989 635 1351 713 Duodecimus
1373 633 1614 713 psalmus
1638 647 1824 690 vocem

397 706 642 770 continet
661 712 859 766 anima:
887 709 1093 776 ﬁdelis,
1123 709 1454 780 requirentis
1485 706 1678 762 Deum.

315 851 606 921 Usquequo,
653 849 892 920 Domine,
947 850 1263 906 Oblivisceris
1289 866 1366 904 me
1393 849 1448 904 in
1486 849 1680 919 ﬁnem?
1707 845 1826 902 Vox

243 944 513 1004 Ecclesiae.
545 947 624 1000 Ac
652 943 697 1000 si
724 943 871 1000 dicat
900 960 917 1002 _:
945 943 1244 1013 Quamdiu?
1273 943 1453 1012 Quare
1480 941 1536 997 in
1563 941 1723 996 linem
1745 938 1826 994 di-

242 1037 353 1095 cit?
396 1045 630 1109 quatuor
670 1035 961 1093 elementis
1010 1044 1225 1092 constat
1281 1037 1468 1101 homo,
1501 1035 1646 1106 igne,
1675 1047 1825 1100 aere,

241 1145 368 1202 aqua
400 1140 454 1186 et
499 1138 666 1186 terra.
719 1129 891 1186 Terra
922 1129 1150 1186 inferior
1187 1138 1272 1186 est
1300 1129 1368 1185 ab
1413 1127 1498 1183 his
1537 1126 1826 1193 creaturis,

242 1224 359 1296 quia
387 1223 507 1278 ﬁnis
533 1230 908 1280 creaturarum
938 1231 1083 1280 terra
1114 1230 1198 1279 est
1245 1239 1259 1277 :
1310 1222 1436 1279 ideo
1472 1220 1606 1278 dicit
1636 1220 1828 1276 Eccle-

241 1319 315 1376 sia
348 1337 362 1374 :
393 1317 467 1374 Et
492 1320 536 1375 si
568 1318 728 1375 vilior
755 1333 872 1376 sum
895 1364 910 1390 ,
943 1317 1204 1374 vilissima
1235 1319 1390 1390 quasi
1420 1325 1593 1384 terra,
1631 1330 1831 1386 uSque-

240 1427 341 1484 quo
385 1412 722 1469 oblivisceris
779 1411 906 1469 me?
943 1409 1062 1468 Non
1100 1420 1413 1483 propterea,
1463 1409 1588 1481 quia
1640 1408 1827 1468 inﬁma

239 1520 375 1572 sum,
405 1514 459 1560 et
486 1503 608 1561 linis
634 1503 864 1560 aliarum
891 1513 1268 1561 creaturarum
1295 1522 1311 1560 :
1338 1519 1446 1561 non
1475 1514 1699 1576 propter
1724 1505 1829 1562 hoc

237 1614 318 1655 me
354 1598 697 1655 obliviscaris
751 1601 806 1654 in
855 1599 1041 1655 ﬁnem.
1096 1597 1371 1670 Usquequo
1421 1601 1612 1655 avertis
1642 1599 1829 1672 faciem

238 1703 370 1749 tuam
414 1710 446 1748 a
472 1710 580 1762 me,
611 1702 671 1749 ut
716 1708 828 1750 non
875 1693 1102 1750 habeam
1152 1693 1424 1761 notitiam,
1476 1706 1657 1764 neque
1699 1692 1829 1748 illu-

235 1787 578 1844 minatiouem
627 1786 971 1860 cogitationis
1019 1796 1122 1844 tua:
1175 1797 1304 1844 ante
1353 1788 1643 1844 terminum
1701 1786 1828 1841 vita:

235 1879 410 1951 hujus.

301 1974 563 2040 Quamdiu
612 1991 806 2048 ponam
860 1975 1086 2030 consilia
1132 1976 1184 2030 in
1228 1975 1404 2030 anima
1453 1992 1588 2030 mea.
1640 1976 1824 2032 Patior

232 2064 342 2123 haec
364 2109 378 2133 ,
408 2068 623 2140 inquit,
654 2067 1015 2140 quoadusque
1043 2083 1141 2139 per
1165 2068 1412 2138 spiritale
1437 2068 1724 2124 consilium
1766 2077 1818 2124 te

231 2159 516 2232 requiram.
557 2159 804 2217 Dolorem
839 2162 893 2216 in
929 2163 1086 2217 corde
1109 2177 1220 2217 meo
1250 2177 1342 2234 per
1368 2161 1526 2216 diem.
1555 2161 1660 2218 Per
1684 2161 1819 2217 illud

228 2252 427 2310 scilicet
476 2253 662 2310 lumen
710 2255 921 2311 notitiae
970 2266 1076 2312 tua:
1123 2255 1266 2327 quod
1305 2255 1397 2310 diu
1447 2254 1816 2327 perdideram,

229 2360 488 2418 apponam
519 2347 768 2404 dolorem
799 2363 966 2421 super
1001 2349 1258 2406 tenebras
1289 2360 1637 2422 peccatorum
1668 2365 1818 2407 meo-

228 2457 344 2498 rum
377 2459 392 2498 :
424 2442 532 2500 hoc
561 2453 669 2514 est,
699 2461 854 2518 agam
879 2446 1283 2518 pmuitenliam.

297 2537 570 2612 Usquequo
629 2539 949 2596 exaltabitur
994 2541 1235 2597 inimicus
1296 2560 1436 2600 meus
1486 2561 1644 2615 super
1697 2546 1816 2599 me?

227 2629 482 2701 Quamdiu
501 2633 576 2689 ad
603 2641 656 2690 te
675 2649 973 2691 conversus
986 2651 1092 2691 non
1115 2635 1292 2704 l'uero,
1309 2635 1540 2708 erigitur
1557 2637 1820 2692 adversus

227 2738 308 2779 me
327 2724 602 2794 diabolus,
617 2728 707 2799 qui
732 2736 818 2784 est
841 2727 1060 2783 humani
1077 2729 1298 2800 generis
1315 2729 1588 2786 inimicus.
1615 2728 1822 2800 Usque-

225 2833 327 2890 quo
350 2821 679 2879 exaltabitur
700 2821 950 2880 inimicus
975 2837 1130 2879 meus
1149 2837 1313 2893 super
1331 2824 1452 2878 me?
1472 2823 1636 2890 Quasi
1651 2822 1819 2879 dicat:

227 2911 484 2982 Quamdiu
505 2916 672 2974 habet
693 2917 1040 2974 adversarius
1067 2918 1498 2975 dominationem
1521 2916 1821 2974 Ecclesiae?

225 3003 398 3078 Usque
429 3009 482 3064 in
517 3010 710 3067 linem.
743 3009 985 3082 Respice,
1013 3020 1064 3067 et
1089 3013 1280 3068 exaudi
1302 3029 1400 3082 tne,
1433 3011 1656 3066 Domine
1677 3009 1821 3065 Deus

224 3114 380 3158 meus.
408 3101 605 3160 Oratio
627 3103 892 3161 Ecclesia:
922 3117 1028 3174 est,
1057 3106 1128 3162 de
1151 3105 1328 3161 tribus
1355 3105 1604 3176 personis
1644 3112 1822 3175 potest

225 3189 447 3266 intelligi
471 3213 486 3251 :
513 3195 751 3268 Respice
773 3197 828 3254 in
863 3198 1217 3254 tribulatione
1238 3242 1253 3269 ,
1279 3197 1370 3255 vel
1396 3197 1449 3253 in
1473 3196 1680 3253 auxilio
1714 3215 1725 3251 :
1765 3205 1818 3253 et

226 3289 418 3347 exaudi
449 3291 506 3348 in
541 3291 649 3348 hoc
673 3292 819 3364 quod
847 3292 1132 3364 deprecor.

291 3381 546 3440 Illumina
590 3385 768 3441 oculos
815 3403 976 3444 meos.
1019 3387 1077 3443 ld
1124 3396 1230 3456 est,
1275 3389 1465 3445 oculos
1494 3389 1697 3446 cordis.
1736 3389 1819 3444 Ne

222 3490 459 3549 umquam
486 3478 814 3536 obdormiam
838 3482 892 3538 in
917 3495 1101 3540 morte.
1128 3483 1341 3542 Scimus
1361 3484 1484 3557 quia
1504 3501 1610 3541 non
1641 3494 1821 3557 potest

222 3568 380 3628 homo
407 3574 661 3632 dormire
691 3577 782 3648 qui
812 3578 869 3634 in
897 3587 1172 3637 tormento
1199 3587 1305 3648 est,
1333 3580 1426 3636 sed
1453 3579 1694 3636 dormire
1723 3593 1820 3650 pro

222 3679 375 3727 nocte
421 3670 517 3727 illa
569 3670 748 3742 ponit.
798 3671 953 3729 Unde
1009 3674 1262 3745 superius
1310 3673 1388 3729 ait
1437 3691 1449 3728 :
1504 3673 1650 3729 Mors
1701 3672 1820 3727 sine

221 3772 392 3820 morte
410 3804 428 3833 ,
457 3773 516 3822 et
545 3763 792 3821 deiectus
823 3765 939 3820 sine
968 3763 1206 3822 deiectu.
1242 3765 1308 3820 Et
1335 3763 1595 3820 Dominus
1623 3761 1821 3819 dormi-

219 3856 292 3912 vit
318 3857 370 3914 in
404 3860 559 3923 navi,
587 3873 711 3914 cum
743 3860 1038 3916 suscitatur
1072 3875 1101 3913 a
1141 3858 1446 3929 discipulis.
1485 3857 1817 3922 Notandum,

217 3952 356 4022 quod
387 3953 655 4009 Dominus
680 3953 1011 4020 dormiebat.
1036 3953 1254 4024 quando
1279 3952 1413 4008 ﬁdes
1442 3951 1816 4024 apostolorum

220 4044 508 4104 titubabat.
551 4047 863 4120 Unicuique
908 4049 1172 4104 Dominus
1201 4062 1301 4120 pro
1329 4047 1433 4104 ﬁde
1471 4062 1566 4102 sua
1597 4045 1816 4117 vigilat,

220 4145 272 4193 et
293 4154 388 4208 per
419 4140 588 4198 [idem
609 4140 900 4215 excitatur.
929 4140 998 4196 Et
1023 4141 1066 4196 si
1091 4155 1199 4196 non
1229 4140 1458 4196 habetur
1481 4139 1638 4208 ﬁdes,
1664 4137 1816 4209 quasi

220 4227 457 4290 dormire
483 4233 724 4290 videtur.
756 4232 912 4291 Unde
943 4233 1072 4288 dicit
1107 4251 1120 4288 :
1155 4233 1344 4289 Excita
1374 4233 1534 4288 ﬁdem
1571 4242 1741 4298 tuam,
1764 4240 1820 4287 et

223 4329 346 4381 tunc
372 4327 612 4383 suscitas
639 4326 942 4383 Christum.
971 4327 1191 4400 Respice
1217 4370 1231 4394 ,
1275 4337 1322 4381 et
1354 4326 1546 4381 exaudi
1572 4341 1671 4391 me,
1707 4324 1818 4379 Do-

221 4419 356 4473 mine
376 4419 514 4475 Deus
542 4437 702 4476 meus.
730 4420 984 4476 Illumina
1005 4423 1183 4477 oculos
1208 4438 1368 4489 meos,
1395 4437 1459 4476 ne
1479 4437 1718 4491 umquam
1740 4419 1822 4474 ob-

221 4506 478 4565 dormiam
503 4516 560 4566 in
584 4523 768 4568 morte.
795 4513 874 4568 Tu
906 4529 967 4570 es
994 4513 1141 4570 enim
1179 4514 1270 4569 lux
1302 4528 1430 4570 vera
1455 4529 1579 4585 quae
1618 4513 1822 4568 illumi-

221 4615 322 4656 nas
359 4618 582 4660 omnem
615 4604 892 4661 hominem
925 4607 1232 4663 venientem
1275 4607 1328 4661 in
1363 4605 1508 4660 hunc
1536 4604 1816 4660 mundum.

221 4691 300 4751 Tu
351 4697 501 4753 enim
554 4697 834 4753 illuminas
872 4699 1059 4754 oculos
1102 4699 1288 4755 cordis
1331 4697 1538 4766 nostri,
1601 4713 1670 4752 ne
1717 4676 1897 4752 nosD

220 4797 441 4847 :cterna:
471 4794 662 4848 mortis
690 4791 920 4864 obrepat
943 4808 1188 4850 somnus.
1225 4793 1524 4867 Nequando
1550 4793 1689 4849 dicat
1718 4793 1820 4848 ini-

221 4882 410 4949 micus,
458 4893 568 4940 etc.
621 4883 936 4955 Nequando,
990 4885 1094 4941 hoc
1132 4895 1238 4954 est,
1287 4887 1338 4941 in
1371 4885 1555 4942 futuro
1581 4885 1810 4958 judicio,

221 4975 359 5030 dicat
389 4978 631 5034 inimicus
660 4995 802 5034 meus
820 5021 835 5045 ,
863 4979 1113 5052 praeualui
1159 4980 1408 5035 adversus
1433 4995 1551 5035 eum
1580 4997 1598 5035 :
1630 4979 1682 5035 id
1709 4988 1813 5048 est,

219 5067 410 5126 seduxi
442 5085 567 5128 eum
601 5083 659 5129 ut
688 5073 1022 5145 deciperem.
1064 5073 1144 5130 Ac
1185 5074 1232 5130 si
1263 5072 1408 5130 dicat
1448 5093 1464 5130 :
1500 5074 1555 5130 Si
1584 5089 1686 5131 nos
1718 5089 1819 5146 po-

221 5167 329 5216 test
357 5161 706 5222 adversarius
732 5167 784 5222 in
813 5180 1008 5223 somno
1036 5164 1372 5223 inﬁdelitatis
1393 5166 1663 5234 invenire,
1688 5176 1818 5224 tunc

223 5256 492 5324 praavalet
517 5272 680 5332 super
708 5274 826 5338 nos.

293 5348 655 5410 Exsultabunt
691 5358 734 5410 si
784 5365 956 5412 motus
994 5361 1163 5430 fuero.
1206 5355 1313 5427 Ipsi
1368 5368 1604 5426 quorum
1653 5352 1821 5425 pedes

222 5447 357 5502 moti
393 5465 407 5502 :
439 5449 564 5518 quia
595 5453 649 5508 in
677 5455 908 5511 veritate
939 5455 1035 5512 Dei
1083 5470 1190 5511 non
1221 5461 1494 5511 steterunt
1515 5495 1530 5520 ,
1550 5452 1623 5508 -si
1671 5467 1823 5510 meos

224 5543 419 5612 pedes,
452 5542 556 5603 hoc
593 5557 698 5615 est,
737 5563 952 5614 sensus.
976 5550 1045 5605 de
1085 5548 1191 5605 ﬁde
1233 5547 1504 5606 catholica
1548 5546 1827 5618 potuerint

222 5635 492 5708 elungare
523 5655 536 5692 :
566 5650 706 5707 tunc
735 5643 1091 5699 exsultabunt
1133 5659 1147 5698 :
1190 5642 1242 5698 id
1270 5651 1376 5711 est,
1401 5639 1735 5713 gaudebunt,
1766 5648 1827 5695 ut

224 5730 305 5785 ait
326 5730 604 5802 Propheta
643 5750 665 5790 :
713 5733 822 5791 Mei
845 5747 1021 5791 autem
1047 5753 1176 5809 pene
1195 5736 1321 5790 moti
1356 5742 1476 5790 sunt
1499 5735 1698 5808 pedes:
1729 5731 1826 5790 sed

226 5836 330 5895 ego
357 5825 411 5880 in
441 5837 534 5882 tua
563 5830 932 5887 misericordia
955 5845 1138 5903 spero,
1163 5839 1216 5886 ut
1241 5831 1488 5886 stabiliar
1511 5830 1565 5885 in
1587 5827 1715 5883 ﬁde.

307 5915 611 5974 Exsultabit
647 5938 734 5978 cor
763 5941 933 5981 meum
971 5926 1026 5979 in
1047 5922 1263 5978 salutari
1310 5933 1400 5979 tuo
1441 5940 1461 5979 :
1506 5923 1563 5980 In
1597 5921 1826 5978 Domino

1057 373 1493 434 DREVIARIUM
1535 371 1602 432 IN
1641 367 1978 431 PSALMOS.
2021 368 2270 427 PSALM.
2314 369 2406 426 XII
2438 369 2530 428 ET
2560 369 2699 427 Xlll.

1853 489 1910 552 Α
1931 486 2060 544 Jesu
2101 487 2346 544 Christo.
2398 487 2629 543 Cantabo
2674 485 2898 542 Domino
2925 530 2940 554 ,
2972 484 3025 542 id
3054 493 3140 542 est
3178 483 3449 551 laudabo,
3481 492 3537 538 et

3423 367 3532 423 850

1929 580 2254 651 praedicabo.
2285 580 2386 648 Qui
2413 580 2547 635 bona
2575 580 2752 636 tribuit
2780 579 2933 647 mihi,
2959 578 3065 635 hoc
3091 586 3197 644 est,
3223 576 3382 634 istius
3408 576 3535 632 vim

1927 676 2216 745 praesentis
2244 674 2517 741 subsidia,
2550 674 2749 746 quibus
2782 673 3134 729 subsistimus
3167 689 3181 727 :
3212 680 3299 739 ut,
3331 671 3530 742 despe-

1928 767 2033 824 ctis
2061 767 2273 838 pompis
2317 767 2539 832 saeculi,
2574 767 2877 836 spiritualia
2911 775 3095 822 mente
3129 766 3532 836 conspicerem.

1928 862 2103 919 Aliter
2150 880 2164 918 :
2214 863 2359 918 Bona
2410 862 2599 919 tribuit
2647 879 2662 917 ε
2712 863 2938 918 virtutes
2993 861 3296 928 Ecclesiae,
3339 861 3392 918 id
3425 870 3532 928 est,

1931 956 2115 1019 ﬁdem,
2180 971 2356 1025 spem,
2411 964 2467 1011 et
2513 953 2836 1010 charitatem
2890 970 2904 1008 :
2954 963 3006 1010 et
3057 953 3110 1010 in
3160 952 3340 1009 futuro
3368 954 3536 1008 vitam

1931 1057 2214 1103 aeternam.
2265 1046 2504 1101 Psallam
2541 1045 2741 1100 nomini
2784 1055 2894 1115 tuo,
2944 1045 3206 1101 Altissime
3236 1062 3254 1101 :
3285 1045 3390 1101 hoc
3419 1053 3534 1112 est,

1931 1141 2075 1212 quod
2099 1149 2262 1197 canto
2288 1149 2344 1196 et
2376 1139 2634 1211 praedico,
2669 1155 2834 1211 opere
2856 1139 3136 1210 impleam.
3165 1139 3359 1196 Merito
3380 1154 3533 1210 ergo,

1932 1234 2163 1290 Domine
2213 1233 2343 1290 Iesu
2382 1232 2638 1300 Christe,
2687 1232 2895 1288 nomini
2939 1241 3032 1288 tuo
3081 1232 3350 1303 psallitur,
3405 1232 3536 1302 quia

1931 1329 2096 1385 dives
2127 1329 2331 1400 pietate
2355 1369 2369 1394 ,
2405 1338 2461 1384 el.
2485 1327 2646 1398 justis
2665 1326 2956 1384 victoriam
2981 1336 3236 1398 praestas,
3265 1337 3320 1383 et
3345 1341 3541 1397 pecca-

1935 1432 2084 1478 tores
2113 1430 2173 1476 ut
2219 1421 2286 1477 ad
2334 1431 2388 1478 te
2428 1430 2820 1477 convertantur
2864 1419 3064 1475 invitas
3104 1438 3114 1471 ε
3149 1418 3244 1473 tibi
3276 1417 3449 1489 gloria
3484 1426 3539 1471 et

1932 1513 2109 1571 honor
2133 1529 2256 1570 cum
2288 1523 2494 1570 reterno
2533 1515 2693 1570 Patre
2718 1523 2772 1570 et
2797 1512 3004 1585 Spiritu
3026 1521 3223 1568 sancto
3254 1511 3308 1566 in
3340 1510 3537 1568 secula

1932 1609 2278 1665 saeculorum.
2314 1608 2507 1666 Amen.

2487 1698 2813 1756 PSALMUS
2854 1697 2994 1754 XIII.

1931 1794 2148 1852 Tertius
2175 1793 2420 1848 decimus
2461 1793 2700 1863 psalmus
2728 1805 2833 1846 non
2883 1790 3050 1863 habet
3101 1789 3541 1859 inscriptionem,

1855 1885 1904 1948 Β
2001 1865 2097 1921 sed
2132 1861 2858 1948 redemptionemnnostram
2891 1877 2962 1948 ea
2988 1861 3122 1917 Sion
3160 1875 3540 1948 processuram

2003 1951 2126 1992 esse
2159 1932 2496 2004 pronuntiat.
2533 1935 2598 1988 Et
2630 1933 2805 2004 primo
2834 1932 3055 2004 quidem
3103 1941 3294 2004 contra
3340 1933 3540 2001 impios

1999 2002 2262 2091 loquitur,
2296 2002 2848 2091 quicouﬁdentes‘in
2871 2002 3079 2058 divitiis
3103 2002 3289 2059 szeculi
3319 2048 3333 2074 ,
3367 2004 3541 2058 Deum

2003 2078 2094 2149 qui
2121 2080 2219 2134 has
2247 2078 2499 2148 largitur,
2532 2078 2808 2146 ignorant.

1999 2169 2147 2224 Dixit
2169 2169 2420 2241 insipiens
2442 2169 2494 2222 in
2516 2168 2670 2223 corde
2697 2183 2815 2222 suo.
2850 2166 2959 2223 Pro
2986 2181 3053 2223 eo
3086 2165 3230 2237 quod
3267 2175 3373 2232 est,
3406 2166 3538 2219 insi-

1927 2264 2096 2337 piens,
2128 2263 2180 2316 in
2205 2262 2434 2318 Hebraeo
2462 2276 2633 2316 NABM.
2663 2261 2903 2330 positum
2927 2268 3032 2315 est.
3058 2258 3217 2316 Unde
3237 2268 3294 2314 et
3322 2259 3538 2330 Abigail

1927 2355 1998 2410 de
2030 2357 2151 2410 viro
2185 2368 2288 2409 suo
2315 2353 2487 2409 Nabal
2528 2354 2605 2408 ait
2646 2353 2700 2409 in
2734 2361 2920 2408 monte
2949 2351 3207 2408 Carmelo
3241 2368 3255 2407 :
3296 2349 3427 2405 Vere
3452 2369 3538 2403 se-

1929 2448 2157 2503 cundum
2186 2464 2373 2502 nomen
2404 2464 2556 2503 suum
2600 2447 2854 2517 insipiens
2882 2453 2956 2498 est
2991 2443 3032 2517 (I
3070 2443 3200 2517 Reg.
3231 2442 3380 2514 xxv).
3418 2441 3539 2496 Non

1926 2552 2003 2599 est
2050 2544 2138 2613 qui
2179 2542 2342 2614 faciat
2381 2541 2594 2607 bonum,
2626 2556 2730 2594 non
2759 2549 2835 2593 est
2867 2553 3024 2608 usque
3058 2536 3126 2589 ad
3167 2551 3348 2590 unum.
3383 2535 3540 2588 lluuc

1927 2635 2196 2706 psalmum
2225 2635 2296 2692 de
2330 2635 2590 2707 passione
2619 2632 2826 2690 Christi
2868 2632 3117 2688 referunt
3137 2671 3153 2698 ,
3182 2627 3398 2700 quando
3421 2641 3538 2682 om-

1927 2744 2027 2784 nes
2085 2730 2374 2784 Dominum
2424 2727 2762 2798 reliquerunt
2808 2742 2822 2779 :
2874 2725 2927 2780 iu
2981 2732 3189 2780 tantum
3238 2729 3295 2778 ut
3338 2720 3536 2777 Petrus

1927 2834 2148 2890 quoque
2190 2820 2283 2891 qui
2338 2819 2709 2891 apostolorum
2774 2817 2875 2874 fuit
2931 2817 3189 2887 princeps
3231 2813 3534 2887 negaverit.

1931 2924 2034 2992 Qui
2063 2925 2308 2980 dixerunt
2353 2925 2408 2979 in
2457 2925 2615 2980 corde
2655 2939 2771 2992 suo,
2824 2939 2928 2977 non
2957 2930 3033 2977 est
3071 2918 3237 2974 Deus.
3268 2915 3323 2969 lu
3368 2913 3536 2969 corde

1927 3019 2207 3090 dixerunt,
2238 3033 2347 3073 non
2387 3015 2442 3072 in
2474 3032 2591 3073 ore.
2635 3015 2858 3083 Quare?
2899 3014 3037 3083 Quia
3068 3028 3178 3068 non
3221 3011 3336 3066 ausi
3368 3019 3492 3066 sunt
3521 3028 3533 3064 :

1926 3129 1995 3170 ne
2027 3113 2165 3170 forte
2190 3113 2420 3168 deorum
2452 3125 2674 3166 suorum
2701 3107 2925 3164 numina
2955 3106 3244 3162 violarent.
3274 3104 3422 3159 Dixit
3452 3104 3536 3158 itt-

1924 3206 2152 3276 sipiens,
2183 3204 2414 3276 populus
2436 3201 2699 3259 Judaicus
2729 3217 2742 3254 :
2769 3200 2864 3270 qui
2895 3198 3087 3254 dicunt
3113 3197 3167 3253 in
3199 3195 3387 3260 corde,
3417 3194 3531 3249 Non

1847 3280 1895 3344 (ἶ
1928 3309 2011 3358 est
2039 3299 2205 3365 Deus,
2232 3313 2340 3354 non
2381 3305 2465 3352 est
2493 3295 2745 3352 Christus
2776 3293 2947 3349 Filius
2989 3291 3106 3347 Dei.
3155 3290 3306 3347 Unus
3347 3305 3412 3344 ex
3452 3289 3533 3343 eis

1925 3409 2033 3451 non
2065 3392 2239 3450 solum
2270 3405 2370 3462 pro
2393 3391 2504 3446 Deo
2532 3403 2640 3444 non
2665 3387 2889 3454 habuit,
2938 3384 3036 3441 sed
3064 3398 3167 3440 nec
3205 3381 3526 3453 prophetam

1923 3489 2195 3557 credidit,
2231 3487 2356 3542 dum
2387 3485 2524 3541 dixit
2564 3501 2577 3537 :
2623 3482 2721 3538 Hic
2748 3481 2795 3537 si
2823 3489 2975 3537 esset
3014 3478 3314 3550 propheta,
3363 3476 3530 3532 sciret

1926 3586 2138 3657 utique,
2169 3597 2292 3654 qua:
2321 3589 2376 3636 et
2401 3579 2578 3652 qualis
2615 3584 2763 3634 esset
2801 3575 2998 3631 mulier
3018 3588 3139 3644 qute
3169 3572 3341 3643 tangit
3368 3585 3491 3626 eum
3512 3611 3526 3632 ,

1923 3679 2050 3751 quia
2086 3677 2361 3749 peccatrix
2387 3683 2470 3732 est
2494 3672 2647 3744 (Luc.
2677 3670 2792 3742 vn).
2831 3667 2903 3726 Et
2930 3668 3069 3724 alter
3101 3683 3118 3721 :
3157 3665 3214 3723 Si
3241 3665 3410 3720 Filius
3432 3664 3532 3720 Del

1923 3783 2046 3840 est,
2096 3769 2394 3828 descendat
2443 3783 2585 3824 nunc
2648 3765 2716 3822 de
2774 3778 2935 3820 cruce
2965 3805 2980 3829 ,
3040 3770 3097 3818 et
3151 3759 3426 3816 credimus
3475 3757 3527 3813 ei

1925 3863 2121 3937 (Marc.
2155 3863 2268 3932 xv).

1997 3958 2239 4030 Corrupti
2265 3967 2408 4014 sunt.
2437 3957 2520 4012 Ab
2551 3955 2638 4010 illa
2669 3953 2982 4025 integritate
3009 3950 3168 4006 bona:
3198 3953 3408 4002 naturae
3424 3943 3523 4000 de-

1926 4066 2177 4124 generes.
2213 4049 2592 4104 Abominabiles
2614 4047 2741 4119 [arti
2766 4052 2904 4100 sunt.
2940 4042 2999 4098 ld
3027 4052 3132 4107 est,
3164 4035 3423 4096 odibiles.
3456 4035 3524 4089 In

1926 4146 2274 4201 voluntatibus
2303 4143 2432 4199 suis.
2462 4141 2518 4197 ld
2563 4149 2646 4196 est
2665 4183 2681 4208 ,
2712 4139 2764 4194 in
2792 4137 2950 4194 factis
2976 4134 3111 4191 suis.
3138 4131 3382 4203 Corrupti
3406 4129 3526 4183 sunt

1928 4250 1976 4295 et
2006 4215 2378 4295 abominabiles
2405 4236 2531 4309 facti
2551 4245 2670 4290 sunt
2694 4236 2749 4290 in
2773 4231 3121 4288 voluntatibus
3144 4229 3272 4284 suis.
3295 4227 3350 4282 Si
3381 4224 3522 4280 enim

1927 4335 2024 4392 Dei
2076 4333 2322 4389 notitiam
2369 4330 2728 4395 habuissent,
2775 4325 3020 4396 corrupti
3052 4333 3106 4380 et
3132 4317 3526 4377 abominabiles

1925 4444 2034 4486 non
2064 4429 2315 4485 fuissent.
2347 4425 2468 4481 Non
2499 4434 2573 4480 est
2595 4424 2685 4495 qui
2711 4423 2868 4495 faciat
2889 4420 3100 4486 bonum,
3132 4433 3235 4473 non
3256 4425 3332 4472 est
3366 4430 3527 4484 usque

1927 4525 1994 4578 ad
2023 4540 2207 4578 unum.
2235 4521 2352 4576 Nisi
2391 4521 2512 4591 quis
2540 4517 2862 4590 cognoverit
2920 4514 3196 4572 Christum
3220 4554 3235 4578 ,
3288 4511 3384 4583 qui
3439 4519 3527 4564 εει

1925 4615 2122 4670 unicus
2149 4614 2348 4678 Patris,
2378 4611 2555 4667 bonus
2581 4623 2809 4682 prorsus
2830 4622 2954 4664 esse
2981 4621 3088 4662 non
3135 4604 3360 4676 poterit.
3400 4601 3526 4656 Non

1923 4713 1998 4760 est
2017 4707 2104 4774 qui
2131 4705 2290 4776 faciat
2313 4704 2524 4767 bonum,
2558 4717 2661 4756 non
2692 4710 2762 4755 est
2796 4716 2954 4770 usque
2981 4698 3051 4752 ad
3072 4713 3255 4752 unum.
3286 4696 3388 4750 Hic
3423 4708 3523 4762 ap-

1925 4805 2078 4870 paret
2100 4795 2244 4866 quod
2268 4797 2374 4850 iste
2397 4794 2641 4862 psalmus
2666 4791 2733 4847 ad
2763 4791 3071 4862 passionem
3097 4793 3335 4862 pertinet
3359 4805 3371 4840 :
3395 4786 3522 4856 quia

1923 4893 2107 4950 nullus
2135 4894 2204 4948 de
2223 4890 2529 4960 discipulis,
2560 4903 2735 4960 neque
2774 4888 2970 4944 Petrus
3001 4887 3093 4956 qui
3137 4895 3299 4956 caput
3329 4882 3521 4940 Eccle-

1923 4987 2018 5044 sia:
2047 4996 2132 5042 est
2165 5003 2178 5040 :
2205 4983 2331 5056 quia
2357 4993 2411 5038 et
2436 4983 2552 5052 ipse
2579 4981 2800 5052 negavit
2830 4999 2844 5033 :
2878 4979 3062 5035 nullus
3089 4978 3158 5036 de
3181 4976 3520 5042 hominibus,

1922 5080 2050 5153 quia
2077 5087 2222 5135 totus
2252 5074 2482 5133 mundus
2510 5074 2578 5130 ad
2621 5073 2940 5130 inferiorem
2972 5081 3183 5143 partem
3211 5070 3523 5126 declinave-

1924 5182 2029 5240 rat,
2056 5181 2255 5241 praeter
2279 5184 2447 5225 unum
2470 5165 2776 5234 hominem,
2800 5165 2891 5234 qui
2922 5172 3006 5220 est
3028 5161 3301 5220 Christus.

1999 5265 2257 5320 Dominus
2277 5263 2339 5316 de
2359 5261 2487 5316 caelo
2510 5259 2791 5332 prospexit.
2811 5257 3057 5315 Salutem
3073 5256 3261 5329 generi
3278 5254 3520 5310 humano

1926 5359 2080 5415 dare.
2113 5355 2238 5423 Vel,
2271 5355 2336 5410 de
2375 5354 2522 5417 coelo,
2565 5351 2619 5406 id
2667 5359 2780 5418 est,
2815 5349 2884 5406 de
2913 5350 3139 5406 sanctis.
3179 5347 3353 5420 Super
3383 5347 3521 5416 filios

1926 5451 2216 5508 hominum.
2242 5447 2390 5517 Quos
2416 5453 2641 5502 sanctos
2677 5457 2808 5500 suos
2842 5441 3023 5498 faciat.
3057 5441 3189 5510 Vel,
3220 5441 3291 5498 de
3331 5449 3524 5497 sancto

1929 5561 2049 5602 suo.
2086 5543 2261 5614 Super
2282 5541 2418 5611 ﬁlios
2440 5539 2711 5596 hominum
2733 5555 2752 5594 :
2784 5537 2838 5594 id
2869 5545 2984 5605 est,
3018 5551 3184 5608 super
3217 5551 3390 5609 genus
3429 5533 3530 5590 hu-

1928 5652 2148 5696 manum
2180 5655 2195 5692 :
2231 5633 2299 5691 Ut
2321 5635 2513 5701 videat,
2540 5631 2644 5689 hoc
2673 5641 2757 5688 est
2777 5674 2792 5701 ,
2827 5640 2888 5688 ut
2929 5629 3118 5687 videre
3149 5639 3369 5687 sanctos
3395 5642 3526 5685 suos

1928 5731 2092 5789 faciat
2119 5749 2132 5784 :
2165 5744 2263 5801 per
2307 5742 2445 5800 quos
2470 5724 2729 5798 respicit,
2758 5733 2813 5782 et
2844 5724 2902 5780 in
2926 5723 3124 5796 quibus
3148 5721 3380 5778 habitat.
3409 5719 3522 5774 Do-

1929 5829 2099 5882 minus
2115 5826 2179 5881 de
2191 5824 2318 5878 coelo
2340 5820 2602 5896 prospexit
2619 5835 2774 5892 super
2788 5818 2926 5889 ﬁlios
2948 5817 3216 5872 hominum
3241 5831 3262 5870 :
3286 5813 3531 5885 utyideat

1930 5921 1975 5975 si
2012 5928 2085 5976 est
2135 5917 2424 5990 intelligens
2479 5921 2568 5970 aut
2597 5911 2866 5983 requirens
2902 5909 3087 5966 Deum.
3120 5905 3393 5982 PrOSpicit
3420 5918 3520 5976 per
