3980 6296
454 286 550 341 831

1254 278 1604 339 APPENDIX
1641 281 1734 336 AD
1774 274 2021 336 TOMUM
2059 271 2408 330 SEPIHIUM
2450 269 2512 327 S.
2554 266 2960 325 HIERONYMI.

457 401 667 456 aninms
694 409 933 461 sanctas,
975 411 1109 468 quas
1135 411 1282 465 erepo
1307 394 1509 451 caelum
1559 394 1825 460 diximus,
1867 402 1928 448 ut
1969 390 2051 446 vi-
2077 392 2130 453 Α
2155 402 2346 443 sensus
2379 401 2589 451 eorum,
2642 385 2694 439 in
2749 383 3010 440 memoria
3041 392 3091 438 et
3139 392 3326 437 sancto
3381 382 3613 438 timore.
3646 380 3759 437 Non

461 496 589 548 deat
619 493 664 548 si
703 492 775 547 sit
804 491 1040 562 sapiens,
1069 490 1159 559 qui
1190 487 1358 545 Deum
1396 496 1576 543 mente
1605 488 1850 558 requirat
1881 501 1897 541 :
1927 498 2056 540 nam
2158 491 2230 537 est
2253 484 2405 534 timor
2437 478 2531 533 Dei
2582 488 2705 532 ante
2746 476 2922 532 oculos
2959 492 3160 532 eorum.
3187 475 3303 533 Non
3329 474 3483 533 enim
3515 481 3765 538 metuunt

463 586 607 658 apud
636 586 874 641 divinam
906 582 1202 654 potentiam
1231 581 1363 636 nihil
1392 579 1627 639 habetur
1654 582 1954 636 obtectum.

539 681 729 735 Unities
757 677 1166 733 declinaverunt.
1219 674 1605 731 Declinaverat
1658 685 1830 729 totum
1882 684 2059 744 genus

463 772 756 826 lmmauum
778 768 845 827 ad
873 765 1194 825 inferiorem
1223 776 1453 837 partem.
1490 766 1663 822 Simul
1690 766 1904 822 inutiles
1933 762 2062 834 facti

464 873 623 931 sunt,
655 875 706 920 et
758 862 862 919 sibi
889 903 905 928 ,
935 869 995 919 et
1047 861 1192 915 aliis.
1229 859 1421 919 Omnes
1450 860 1874 927 declinaverunt,
1905 856 2062 913 simul

464 954 672 1010 inutiles
701 953 826 1025 facti
849 962 987 1008 sunt.
1038 950 1163 1009 Non
1203 961 1276 1007 est
1303 952 1391 1023 qui
1419 953 1577 1023 faciat
1615 951 1825 1016 bonum,
1854 967 1956 1006 non
1988 959 2064 1005 est

462 1063 620 1119 usque
641 1047 708 1101 ad
732 1062 913 1101 unum.
950 1044 1091 1101 Dicit
1108 1044 1255 1101 enim
1280 1043 1395 1098 hinc
1417 1045 1483 1099 de
1505 1043 1783 1114 gentibus.
1813 1041 1916 1099 Sed
1940 1042 2064 1113 quia

465 1140 766 1210 interponit
815 1153 1005 1193 otnnes
1027 1180 1043 1205 ,
1091 1137 1337 1207 adiungit
1379 1135 1600 1192 Judtnos
1631 1134 2023 1206 intelligendos
2047 1175 2065 1200 ,

465 1234 557 1302 qui
582 1249 731 1304 stupe
759 1248 820 1290 se
848 1234 902 1288 iu
933 1231 1234 1288 volutabris
1271 1240 1437 1302 atque
1474 1231 1797 1289 idololatriis
1824 1230 2066 1302 gentium

468 1326 827 1381 miscuerunt.

541 1417 856 1489 Sepulcrum
928 1424 1107 1489 patens
1163 1425 1239 1471 est
1322 1425 1501 1487 guttur
1572 1434 1770 1473 eorum.
1821 1418 1906 1474 Ab
1967 1420 2073 1474 hoc

471 1521 495 1547 α
530 1526 691 1565 versu
724 1525 898 1580 usque
925 1509 992 1562 ad
1025 1523 1176 1576 eum,
1218 1508 1311 1562 ubi
1329 1498 1477 1563 dicit
1504 1525 1520 1564 :
1548 1508 1671 1564 Non
1694 1519 1770 1564 est
1798 1510 1952 1564 timor
1978 1508 2073 1565 Dei

469 1605 526 1656 in
556 1610 829 1673 conspectu
860 1602 1132 1656 oculorum
1158 1616 1358 1667 eorum,
1400 1600 1454 1656 in
1501 1600 1747 1656 Hebraeis
1788 1599 2073 1657 codicibus

474 1713 582 1751 non
607 1696 861 1755 habetur.
888 1693 1168 1762 Quaeritur
1193 1710 1324 1763 ergo
1346 1693 1623 1762 quomodo
1650 1694 1948 1762 Apostolus
1970 1694 2075 1752 hoc

2160 571 2397 628 futurum
2416 570 2699 640 judicium,
2734 570 2854 626 ideo
2877 584 2983 623 non
3008 569 3307 626 observant
3332 567 3604 625 mandata
3626 565 3761 637 ejus.

2235 666 2422 719 Nonne
2447 674 2749 735 cognoscent
2774 679 2952 717 omnes
2974 662 3065 733 qui
3099 672 3378 734 aperantur
3406 661 3761 730 iniquitatem,

2163 765 2447 813 venturam
2470 755 2733 811 ultionem
2764 754 2788 807 ?
2836 757 2912 810 Ac
2944 755 2988 809 si
3018 753 3161 811 dicat
3192 773 3207 811 :
3246 754 3302 811 Si
3328 753 3503 809 modo
3534 768 3646 809 non
3674 768 3763 810 co-

2164 858 2451 921 gnoscunt,
2471 848 2874 920 cognoscentin
2896 847 3111 918 judicio
3131 849 3348 919 quando
3369 856 3651 904 venturus
3668 855 3767 904 est.

2170 942 2272 1010 Qui
2316 941 2563 996 devorant
2603 941 2798 1012 plebem
2818 956 2985 995 meam
3011 940 3144 995 sicut
3168 941 3339 996 cibum
3362 941 3524 1014 panis
3546 956 3567 997 :
3592 940 3768 997 habre-

2170 1036 2261 1092 tici
2294 1037 2548 1108 populum
2577 1033 2976 1091 Christianum.
3008 1034 3162 1092 Sicut
3189 1039 3348 1107 panis
3373 1036 3432 1091 in
3466 1051 3669 1091 omnes
3694 1036 3771 1090 ci-

2168 1128 2267 1183 bos
2288 1130 2494 1198 currit,
2528 1128 2646 1183 sine
2689 1127 2810 1199 ipso
2841 1126 3029 1182 satiari
3060 1143 3166 1183 non
3218 1137 3398 1199 potest
3428 1171 3447 1196 ,
3508 1128 3610 1185 sed
3651 1142 3771 1185 cum

2169 1221 2423 1279 omnibus
2449 1223 2585 1278 cibis
2608 1222 2876 1278 sumitur:
2902 1222 2982 1278 sic
3007 1231 3063 1279 et
3089 1222 3335 1278 lueretici
3366 1237 3673 1292 numquam
3693 1237 3775 1279 sa-

2174 1318 2375 1375 tiantur
2402 1318 2783 1389 iniquitatibus
2813 1319 2963 1386 suis,
3016 1317 3119 1372 nisi
3146 1316 3215 1373 de
3241 1317 3399 1388 plebe
3433 1317 3561 1384 Dei,
3591 1318 3674 1373 vel
3712 1316 3775 1373 de

2173 1410 2453 1477 Ecclesia,
2493 1424 2632 1480 quos
2679 1416 2908 1480 possunt
2950 1423 3147 1480 capere
3177 1408 3307 1465 inde
3348 1410 3653 1465 satiantur.
3680 1408 3773 1477 Qui

2174 1509 2421 1563 devorant
2443 1505 2638 1576 plebem
2658 1522 2829 1568 suam,
2861 1506 3125 1577 populum
3152 1502 3625 1569 ecclesiasticum,
3653 1504 3779 1558 sicut

2175 1601 2341 1656 cibum
2367 1600 2519 1672 panis
2549 1616 2569 1655 :
2596 1599 2723 1670 quia
2769 1614 2878 1654 non
2909 1607 2993 1653 est
3022 1595 3180 1668 panis
3213 1596 3393 1661 vivus,
3430 1596 3545 1650 nisi
3574 1595 3666 1667 qui
3713 1594 3779 1650 de

2177 1692 2317 1750 caelo
2345 1690 2649 1747 descendit.
2685 1689 2962 1745 Dominum
2990 1706 3093 1744 non
3115 1690 3508 1744 inrocaverunt.
3540 1689 3599 1745 Si
3637 1686 3777 1742 enim

471 1803 601 1843 usus
629 1789 697 1841 sit
734 1787 1046 1841 testimonio
1079 1786 1131 1839 in
1188 1784 1432 1855 Epistola
1468 1799 1630 1856 quam
1680 1786 1747 1840 ad
1792 1785 2068 1843 Romanos
2101 1781 2143 1842 Β
2170 1788 2543 1852 invocasseut,
2567 1785 2700 1839 salvi
2727 1785 2914 1855 utique
2940 1783 3191 1839 fuissent.
3225 1782 3397 1837 Aliter
3426 1801 3440 1836 :
3481 1783 3656 1837 Deum
3679 1796 3777 1836 non

472 1881 694 1949 scripsit
735 1878 926 1951 (Rom.
985 1876 1103 1949 ιιι).
1153 1876 1571 1947 Respondemus
1610 1876 1934 1950 Apostolum
2003 1879 2072 1936 de

473 1971 897 2030 Denteronomio
920 1986 983 2026 ac
1015 1969 1305 2034 l’salterio,
1330 1980 1387 2027 et
1414 1971 1633 2029 czeteris
1658 1970 2069 2042 Scripturarum

473 2066 606 2120 locis
631 2065 732 2119 hoc
765 2062 1138 2121 tesﬁmonium
1170 2062 1430 2119 texuisse.

545 2157 631 2214 Ibi
661 2158 937 2213 timuerunt
966 2156 1150 2212 timore
1178 2172 1197 2214 :
1226 2155 1329 2211 hoc
1356 2155 1500 2227 quod
1531 2156 1804 2227 sequitur,
1840 2155 1941 2213 Ubi
1970 2172 2075 2212 non

474 2262 584 2307 erat
611 2253 765 2305 timor
794 2266 811 2304 :
836 2250 892 2307 In
932 2249 1178 2305 Hebraeis
1211 2248 1579 2309 voluminibus
1608 2265 1717 2306 nou
1743 2250 1999 2307 habetur.

555 2344 871 2415 Sepulcrum
895 2351 1074 2415 patens
1114 2354 1190 2399 est
1233 2352 1412 2415 guttur
1441 2358 1639 2399 eorum.
1671 2343 1777 2400 Per
1802 2343 2079 2403 seductio—

478 2456 580 2496 nes
609 2456 736 2494 t-llaS
770 2439 822 2495 in
851 2453 946 2493 ora
977 2447 1255 2510 tamquam
1285 2439 1337 2493 in
1365 2438 1619 2510 sepulcra
1672 2438 1922 2499 homines
1946 2454 2079 2495 con-

476 2541 788 2602 gesserunt.
823 2530 956 2589 Nam
1000 2539 1057 2589 et
1102 2530 1228 2586 alibi
1281 2530 1460 2587 simile
1490 2529 1618 2587 huic
1669 2532 1887 2601 ponitur
1917 2549 1930 2586 :
1964 2530 2079 2587 Nisi

488 2626 756 2680 Dominus
783 2623 977 2680 fuisset
1004 2625 1056 2678 in
1089 2623 1263 2689 nobis,
1286 2624 1512 2681 torsitan
1537 2625 1692 2681 vivos
1718 2624 2081 2696 (leglutissent

480 2732 581 2771 nos
628 2715 746 2787 (Ps.
778 2716 991 2787 cxxut).
1023 2713 1242 2789 Linguis
1295 2717 1402 2772 suis
1447 2718 1628 2774 dolose
1669 2717 1909 2792 agebant.
1941 2717 2077 2774 Cor-

478 2820 800 2880 rumpentes
827 2824 1009 2868 mores
1056 2809 1235 2867 bonos
1264 2810 1551 2883 colloquiis
1580 2812 1756 2872 malis.
1812 2811 2081 2875 Venenum

483 2903 727 2975 aspidum
757 2903 848 2957 sub
871 2902 1022 2959 labiis
1045 2920 1244 2963 cornu).
1270 2903 1429 2974 Quia,
1451 2907 1590 2962 sicut
1614 2907 1855 2977 aspides,
1887 2908 1958 2963 ita
1987 2908 2084 2966 ob—

479 3006 668 3055 turant
707 3011 869 3052 aures
891 3012 1041 3064 suas,
1075 3013 1144 3057 ne
1176 3007 1448 3071 praecepta
1472 3000 1674 3057 divinae
1703 3001 1865 3072 Legis
1917 3018 2083 3058 exau-

484 3091 655 3146 diant.
691 3090 972 3147 Venenum
1019 3094 1190 3161 enim,
1245 3092 1401 3151 dolus
1435 3094 1744 3165 iniquorum
1775 3095 2081 3167 colloquio-

484 3200 604 3238 rum
640 3184 984 3254 intelligitur.

560 3279 791 3345 Quorum
818 3297 875 3341 os
904 3280 1271 3337 maledictione
1305 3290 1352 3335 et
1383 3281 1735 3337 amaritudine
1757 3280 1966 3353 plenum
1986 3290 2083 3344 est,

488 3372 801 3431 Benedictio
847 3373 1181 3435 adulationis
1222 3373 1664 3433 maledictioucm
1705 3375 1887 3432 infert.
1924 3379 2090 3437 Ams-

484 3465 666 3521 ritudo
689 3469 834 3523 enim
858 3467 926 3525 ad
960 3468 1013 3523 nl
1043 3470 1279 3525 refertur
1311 3484 1325 3523 :
1362 3468 1488 3536 quia
1511 3468 1690 3524 dulcia
1721 3470 1934 3541 eloquia
1968 3470 2086 3541 Dei,

488 3562 630 3619 male
668 3561 981 3629 sentiendo,
1012 3562 1064 3621 in
1092 3575 1245 3619 suam
1277 3560 1574 3629 perniciem
1601 3576 1783 3619 antara
1822 3562 2088 3625 iecerunt.

494 3654 729 3720 Quorum
753 3670 811 3709 os
856 3652 1224 3711 maledictione
1252 3662 1301 3709 et
1337 3654 1692 3711 amaritudine
1715 3656 1927 3723 plenum
1972 3664 2044 3711 est
2070 3672 2092 3717 δ

489 3746 613 3814 quia
639 3757 694 3801 et
716 3745 817 3800 sibi
843 3754 900 3799 et
926 3745 1047 3797 aliis
1066 3752 1224 3798 nocet
1242 3758 1432 3799 eorum
1455 3743 1724 3810 doctrina,
1753 3754 1810 3799 et
1830 3744 1884 3805 iu
1911 3747 2094 3808 futuro

493 3836 848 3892 condemnat.
886 3835 1096 3891 Veloces
1116 3836 1273 3910 pedes
1295 3853 1472 3892 eorum
1497 3838 1567 3892 ad
1580 3837 1952 3908 e/I'undeudum
1972 3858 2095 3897 stm-

494 3931 722 4001 guinem.
781 3928 850 3987 Et
898 3929 1259 4001 corporaliter
1303 3941 1358 3987 et
1401 3933 1763 4003 spiriluaiitcr
1791 3933 2093 4003 accidunt,

492 4023 623 4079 dum
648 4021 951 4087 Christum.
1002 4024 1095 4101 qui
1127 4024 1235 4083 vita
1279 4034 1363 4083 est
1388 4027 1618 4093 animm,
1654 4030 1722 4085 ab
1754 4028 1867 4097 ipsa
1921 4029 2096 4097 cﬂ‘un-

495 4115 629 4169 dere
655 4112 989 4173 desiderant.

576 4202 832 4259 Contritio
880 4214 929 4263 et
972 4205 1252 4277 infelicitas
1292 4207 1348 4261 in
1396 4208 1491 4263 viis
1539 4224 1718 4267 eorum
1764 4226 1783 4265 :
1829 4210 2094 4271 contritio

500 4300 788 4369 corporis,
847 4296 1144 4356 infelicitas
1193 4300 1410 4361 animae.
1463 4300 1522 4360 In
1578 4301 1684 4357 viis
1739 4317 1928 4359 eorum
1972 4347 1987 4373 ,
2041 4305 2095 4371 in

503 4394 762 4465 operibus
831 4409 1043 4451 eorum.
1097 4393 1334 4469 Semper
1382 4408 1701 4469 peccatores
1753 4398 1807 4459 in
1859 4398 1945 4457 via
2002 4414 2100 4463 sua

506 4489 801 4545 infeliciter
856 4497 1233 4557 conteruntur,
1294 4490 1553 4558 Quoniam
1607 4492 1743 4547 viam
1789 4493 1935 4561 pacis
1997 4509 2101 4551 non

2178 1885 2591 1940 invocaverunt.
2618 1880 2799 1949 Quare
2819 1880 2844 1935 ἲ
2868 1880 3005 1948 Quia
3039 1878 3194 1933 multi
3223 1878 3511 1944 invocant,
3549 1875 3644 1931 scd
3679 1890 3775 1930 non

2177 1983 2347 2038 Deum
2373 2023 2388 2047 ,
2416 1979 2511 2036 sed
2555 1980 2717 2034 aliam
2749 1993 2864 2034 rem
2915 1991 3075 2045 quam
3103 1973 3422 2030 desiderant
3452 1973 3663 2028 habere
3684 1984 3777 2040 pro

2183 2076 2314 2139 Deo,
2344 2087 2452 2128 non
2484 2072 2660 2142 ipsum
2691 2071 2881 2125 Deum.

2252 2165 2373 2220 Illic
2424 2162 2808 2235 trepidaverunt
2860 2161 3074 2226 timore,
3105 2160 3193 2214 ubi
3225 2175 3325 2213 non
3359 2168 3477 2212 erat
3507 2158 3679 2211 timor.
3720 2154 3781 2209 Et

2179 2268 2371 2330 gentes
2415 2270 2548 2312 suos
2580 2254 2773 2308 timent
2804 2252 2939 2307 deos
2970 2293 2985 2317 ,
3014 2259 3071 2306 et
3118 2251 3269 2320 ipsos
3301 2257 3568 2321 potentes
3598 2246 3778 2313 .ludmi,

2179 2350 2398 2423 quando
2427 2349 2495 2406 de
2524 2347 2743 2405 Christo
2789 2346 3083 2402 dixerunt:
3121 2342 3179 2400 Si
3209 2343 3541 2398 dimittimus
3572 2356 3693 2396 eum
3712 2337 3783 2392 vi-

2182 2458 2337 2511 vere,
2365 2441 2587 2498 venieut
2614 2439 2874 2504 Romani,
2907 2446 2963 2493 et
2984 2436 3176 2493 tollent
3204 2443 3454 2491 nostrum
3490 2446 3718 2505 regnum
3734 2437 3782 2484 et

2181 2548 2417 2607 aetatem.
2448 2535 2541 2590 Illi
2569 2534 2951 2607 trepidavcrunt
2976 2532 3180 2596 timore,
3213 2529 3300 2584 ubi
3320 2546 3425 2583 non
3455 2536 3576 2584 erat
3603 2527 3782 2581 timor:

2182 2634 2240 2689 lu
2272 2631 2434 2688 idolis
2465 2630 2654 2700 utique
2675 2637 2733 2684 et
2762 2627 2917 2682 vanis
2943 2624 3361 2681 simulacrorum
3388 2622 3616 2679 ritibus.

2262 2724 2524 2793 Quoniam
2577 2719 2830 2775 Dominus
2858 2719 2911 2773 in
2938 2717 3275 2789 generatione
3290 2718 3442 2789 justa
3476 2723 3573 2770 est.
3609 2711 3667 2766 In
3698 2723 3784 2780 po-

2189 2818 2318 2889 pulo
2338 2814 2669 2872 Christiano.
2697 2810 2766 2867 Et
2782 2812 2833 2867 in
2860 2809 3064 2867 Iudicis
3088 2807 3188 2863 fuit
3219 2825 3233 2862 :
3263 2807 3387 2878 quia
3419 2823 3493 2862 ex
3519 2806 3655 2874 ipsis
3672 2815 3785 2857 car-

2188 2927 2311 2967 nem
2339 2909 2589 2980 sumpsit.
2620 2905 2912 2964 Consilium
2953 2902 3122 2975 inopis
3150 2900 3485 2972 confudistis.
3516 2897 3781 2955 Christum

2188 3003 2363 3060 Judaei
2393 3000 2619 3058 credere
2651 2999 2981 3053 uoluerunt:
3019 2994 3122 3050 hoc
3152 3003 3237 3048 est
3260 3033 3276 3057 ,
3316 2992 3384 3047 de
3409 2992 3651 3047 adventu
3681 3001 3786 3059 my-

2190 3102 2422 3157 sterium
2449 3096 2841 3154 incarnationis
2863 3093 2985 3159 eius
3015 3090 3243 3146 credere
3280 3088 3605 3145 noluerunt.
3638 3085 3784 3149 Inops

2115 3170 2162 3236 Ο
2191 3195 2397 3251 dicitur
2420 3191 2689 3257 Christus,
2721 3200 2779 3243 nt
2809 3190 2884 3244 ait
2909 3188 3110 3244 Paulus
3144 3205 3158 3241 :
3186 3186 3325 3253 Quia
3350 3200 3481 3240 cum
3508 3184 3666 3239 dives
3702 3194 3783 3233 es-

2191 3295 2276 3343 set
2296 3328 2310 3349 ,
2341 3287 2499 3356 inops
2531 3285 2706 3339 lactus
2727 3291 2811 3338 est
2836 3327 2850 3352 ,
2882 3292 2940 3336 ut
2972 3281 3119 3336 illius
3146 3280 3327 3350 inopia
3358 3292 3460 3333 nos
3492 3277 3688 3332 divites
3718 3270 3783 3326 ls-

2191 3379 2444 3451 (ξυνίημι
2476 3376 2600 3435 Cor.
2632 3392 2728 3433 νιιι
2753 3377 2795 3443 ).
2829 3374 3124 3430 Consilium
3148 3375 3324 3442 inopis
3354 3371 3710 3444 confudistis:
3736 3364 3783 3420 id

2192 3482 2298 3539 est,
2319 3471 2552 3529 Christi:
2575 3484 2682 3527 non
2708 3468 3073 3539 intelligentiae
3102 3481 3227 3523 enim
3257 3481 3285 3519 a
3318 3465 3429 3523 Deo
3453 3461 3785 3535 processum

2193 3583 2315 3624 cum
2341 3566 2610 3637 praiberet
2627 3563 2942 3630 consilium,
2969 3561 3159 3618 dicens
3183 3558 3609 3618 :Pcenitentiam
3633 3555 3782 3624 agite.

2198 3660 2337 3729 Quia
2366 3657 2617 3714 Dominus
2642 3672 2758 3725 spes
2787 3659 2898 3731 ejus
2922 3662 3017 3710 est.
3046 3653 3207 3709 Pater
3222 3653 3430 3723 utique,
3458 3658 3687 3722 propter
3709 3659 3785 3697 as—

2195 3759 2467 3822 sumptam
2496 3762 2717 3805 carnem
2754 3766 2766 3801 :
2796 3747 2919 3819 quia
2965 3743 3271 3802 humanitas
3314 3743 3629 3801 contortata
3657 3744 3784 3792 asta

2195 3842 2500 3901 divinitate.

2274 3934 2404 4003 Quis
2427 3933 2569 3988 dabit
2596 3948 2661 3989 ea:
2685 3931 2819 3988 Sion
2839 3930 3073 3988 salutare
3095 3929 3309 3991 Israel?
3338 3929 3478 3997 Quis
3521 3927 3625 3986 nisi
3652 3924 3784 3980 Deus

2200 4027 2289 4098 qui
2319 4034 2407 4081 est
2434 4025 2487 4080 in
2516 4023 2692 4081 Sion?
2720 4022 2818 4079 Ille
2844 4023 2993 4078 dedit
3018 4023 3276 4089 salutem,
3310 4023 3488 4092 ipsum
3514 4018 3781 4078 Christum

2201 4119 2254 4174 in
2288 4116 2535 4173 Ecclesia
2567 4123 2775 4170 saneta.
2806 4113 2983 4171 Aliter
3009 4132 3023 4170 :
3060 4114 3189 4182 Quis
3212 4115 3352 4170 dabit
3382 4131 3446 4170 ea:
3483 4113 3620 4170 Sion
3655 4110 3784 4164 ιιιξιια

2202 4221 2310 4267 tare
2342 4209 2513 4265 Israel
2532 4208 2557 4263 .9
2576 4207 2831 4269 Christus
2855 4207 3142 4274 Dominus,
3173 4222 3335 4277 quem
3368 4206 3704 4262 habitatores
3726 4196 3785 4252 il-

2204 4305 2309 4361 lius
2344 4310 2580 4363 terrena:
2624 4300 2757 4358 Sion
2804 4315 2913 4357 non
2951 4299 3327 4356 crediderunt.
3364 4298 3504 4355 Dum
3562 4288 3785 4353 averterit

2204 4396 2463 4453 Dominus
2490 4394 2840 4468 captivitatem
2866 4392 3033 4465 plebis
3068 4410 3196 4451 sum.
3229 4393 3347 4451 lam
3395 4388 3661 4461 redempti
3705 4400 3787 4440 su-

2208 4504 2330 4544 mus
2351 4488 2420 4543 dc
2449 4488 2541 4547 illa
2568 4486 2884 4557 captivitate
2908 4486 3388 4556 transgressionis,
3412 4486 3510 4541 sed
3542 4484 3714 4539 adhuc
3737 4477 3785 4530 in

505 4590 873 4657 cognoverunt.
907 4583 1039 4655 Quae
1065 4595 1147 4640 est
1165 4583 1414 4642 Christus
1433 4585 1739 4645 Dominus:
1771 4602 1872 4645 nec
1900 4603 1999 4661 per
2048 4588 2085 4644 ll

2207 4579 2525 4651 captivitate
2554 4578 2686 4635 vitae
2732 4578 2893 4635 istius
2921 4591 3130 4633 sumus.
3182 4578 3253 4634 Et
3299 4579 3461 4635 aliter
3493 4595 3509 4633 :
3541 4577 3621 4632 De
3649 4578 3785 4644 parte

508 4678 657 4744 deni,
681 4692 781 4732 nec
809 4690 906 4749 per
927 4677 1324 4747 operationem.
1351 4678 1532 4749 Quare
1564 4694 1671 4736 non
1702 4683 2104 4755 cognoverunt?

509 4768 740 4841 Propter
772 4767 874 4823 hoc
894 4767 1041 4840 quod
1063 4767 1309 4840 sequitur
1341 4786 1356 4825 :
1399 4771 1533 4838 Quia
1581 4788 1684 4826 non
1712 4779 1789 4831 est
1820 4773 1974 4827 timor
2005 4771 2104 4831 Dei

507 4874 627 4919 ante
670 4866 849 4920 oculos
899 4878 1099 4919 eorum.
1163 4860 1279 4918 Non
1331 4874 1735 4935 proposuerunt
1775 4865 1947 4925 Deum
1975 4874 2103 4925 ante

588 5031 611 5059 ι
650 5017 837 5073 Placet
863 5029 1007 5068 nunc
1030 5026 1219 5067 verum
1242 5010 1438 5067 audire
1464 5010 1854 5073 Hieronymum
1878 5011 1930 5067 in
1957 5011 2104 5069 Prm-

516 5093 720 5152 fatioue
749 5086 872 5142 libri
900 5098 991 5141 xu
1027 5080 1560 5152 Commentariorum
1590 5083 1641 5137 in
1670 5080 1863 5139 isaism
1889 5100 1904 5137 :
1928 5082 2103 5151 Sicut,

514 5151 895 5236 inquittomnis
918 5170 1046 5236 pene
1061 5152 1135 5207 ad
1156 5151 1421 5236 {laniones
1443 5152 1689 5236 Epistolg
1710 5154 1772 5209 de
1792 5156 1944 5236 pagg-5
1969 5165 2107 5236 nar-3.

512 5222 687 5295 cta'est
699 5222 1057 5284 instrumento
1083 5240 1102 5278 .·
1129 5226 1204 5277 sic
1225 5222 1389 5301 et_ltoc
1405 5222 1753 5301 testimonium
1772 5227 1838 5288 de
1852 5224 2104 5301 Psalmis,

515 5294 565 5364 et
592 5304 751 5363 Isaicc
779 5306 1075 5354 contextum
1107 5302 1184 5349 est
1209 5309 1228 5348 :
1257 5294 1399 5348 Nam
1432 5297 1537 5349 duo
1572 5296 1725 5366 primi
1764 5313 1938 5352 versus
1962 5314 1981 5351 :
2006 5294 2108 5353 Se;

513 5379 761 5451 pulcrum
792 5379 987 5451 patens
1003 5374 1090 5423 est
1104 5373 1295 5451 guttur
1312 5380 1537 5451 eorum,
1548 5366 1752 5451 linguis
1774 5369 1899 5451 suis.
1914 5368 2108 5451 dolose

516 5435 778 5520 ﬁgebant,
797 5435 971 5512 'quinti
996 5435 1188 5520 psalmi
1215 5444 1358 5520 sunt:
1560 5435 1736 5503 autem
1757 5438 1899 5509 ηυοα
1924 5441 2103 5520 mni,-

515 5507 601 5577 ιιῖν
626 5537 645 5581 ;
675 5507 953 5570 Venenum
985 5507 1236 5581 asltidum
1266 5507 1370 5581 sub
1399 5508 1562 5563 labiis
1584 5507 1807 5573 eorum,
1835 5512 2106 5581 peritissimi

516 5578 763 5665 trigesimi
802 5581 927 5637 noni
956 5578 1283 5665 psalntiest.
1318 5578 1648 5665 ﬂauumque
1689 5581 1828 5665 quod
1869 5580 2059 5633 dicitur
2085 5596 2105 5636 :

517 5650 759 5731 Qii'orum
779 5669 845 5709 os
871 5650 1257 5731 maledictione
1280 5650 1723 5731 magnitudine
1747 5652 1973 5731 plenum
1994 5661 2103 5731 est,

518 5717 583 5785 ἱῐε
602 5743 738 5785 ηοω
765 5723 968 5797 psalmo
990 5730 1253 5797 sumptum
1271 5728 1369 5777 est.
1392 5717 1518 5777 Tres
1538 5728 1713 5779 autem
1730 5717 1995 5797 v'cs'sicuti,
2013 5722 2105 5797 qui

512 5788 798 5871 sequuntur
817 5810 834 5845 :
869 5788 1295 5857 Veloces'pedes
1324 5803 1537 5856 eorum,
1569 5805 1751 5866 usque,
1781 5793 1925 5853 viam
1956 5788 2104 5861 pacis

2205 4672 2516 4736 ludo-orum
2550 4688 2564 4726 :
2595 4670 2739 4743 quod
2768 4671 2879 4741 ipsa
2911 4679 3193 4731 avertatur
3221 4669 3291 4725 de
3320 4671 3638 4741 captivitate
3662 4675 3784 4720 tem-

2207 4782 2341 4838 pore
2365 4764 2498 4827 Elite
2522 4772 2579 4823 et
2604 4763 2787 4823 Enocb
2804 4805 2819 4830 ,
2849 4770 2909 4819 ut
2931 4762 3136 4821 Paulus
3160 4763 3300 4821 dixit
3322 4781 3337 4818 :
3359 4763 3494 4821 Cum
3519 4753 3785 4836 plenitudo

2208 4860 2450 4933 gentium
2475 4855 2889 4927 subinlraverit,
2913 4865 3048 4917 tunc
3068 4858 3251 4919 Omnis
3275 4857 3442 4915 Israel
3471 4859 3653 4914 salvus
3679 4850 3781 4906 ﬂet-

2210 5028 2319 5069 non
2340 5018 2732 5085 cognoverunt,
2758 5011 2812 5065 in
2832 5009 2979 5066 Isaia
3001 5010 3255 5085 propheta
3279 5013 3474 5085 reperi,
3496 5023 3605 5085 etc.
3630 5010 3780 5065 Porro

2212 5086 2346 5141 utin
2380 5082 2653 5138 Psalmum
2687 5082 2956 5138 decimmn
2988 5082 3207 5138 tertium
3237 5082 3347 5139 una
3376 5100 3566 5139 omnes
3597 5084 3778 5150 impur—

2212 5163 2457 5211 tarentur
2484 5156 2535 5208 in
2569 5154 2739 5209 veteri
2773 5153 3460 5226 Latinaginterpretatione.
3485 5160 3779 5226 eoquema-

2211 5226 2292 5297 gis
2327 5226 2382 5282 in
2418 5226 2667 5284 Grmcum
2713 5233 2920 5289 textum
2958 5224 3013 5283 in
3056 5217 3774 5297 Alexandrinorexeiuplarl,

2211 5284 2345 5353 illud
2386 5299 2561 5367 ipsum
2603 5296 2749 5351 Pauli
2795 5284 3167 5355 testimonium
3210 5297 3261 5351 in
3296 5284 3775 5367 causainin-(luml

2210 5378 2411 5443 praeter
2448 5366 2701 5443 Apostoli
2744 5367 3101 5443 intentionem
3149 5378 3431 5438 acceptum
3456 5366 3769 5443 ρειμςιιῇςκ

2210 5429 2404 5499 eodem
2430 5429 2638 5505 psalmo
2659 5439 2854 5508 singuli
2880 5454 3072 5492 versus
3096 5429 3418 5508 putarentur
3436 5437 3663 5495 desnini.
3686 5429 3775 5508 Po:

2208 5495 2397 5575 stretni
2430 5495 2543 5571 ires
2573 5495 2846 5569 babeuvtur
2872 5510 3035 5569 etiam
3064 5495 3116 5563 in
3140 5509 3508 5573 Prnverbiist,
3538 5508 3622 5575 16,
3649 5495 3775 5575 ΨΜ

2209 5573 2577 5653 Hieronymus
2605 5580 2944 5653 dissimulat;
2975 5595 3165 5636 verum
3195 5573 3774 5653 minimejnvenirqfsi

2207 5655 2339 5721 quid
2363 5641 2541 5707 simile
2578 5653 2633 5705 in
2670 5641 3111 5717 Deuteronomio,
3133 5653 3277 5721 quod
3307 5650 3395 5710 hic
3424 5641 3779 5711 Pseudo-llith

2209 5738 2472 5795 ronymus
2502 5721 2694 5778 tradit.
