3980 6352
270 340 384 396 853

1255 345 1688 404 BREVIARIUM
1731 347 1796 403 ΙΝ
1838 346 2174 405 μελιιιιοε.
2216 349 2464 406 PSALM.
2506 349 2648 404 XIV.

3461 348 3568 406 854

270 458 452 513 Aliter
481 475 494 511 :
529 457 665 513 Dum
697 468 910 515 avertet
958 461 1219 516 Dominus
1268 461 1641 529 captivitatem
1696 460 1870 530 plebis
1897 465 1948 524 Α
1974 460 2069 518 Vel
2103 463 2264 518 aliter
2290 484 2303 516 ι
2331 461 2434 529 Qui
2474 461 2766 532 ingreditur
2800 462 2915 516 sine
2958 460 3184 516 macula.
3219 461 3409 517 Videte
3435 460 3572 532 quid

267 565 408 616 sum,
462 567 561 621 per
614 554 887 622 prepriam
943 555 1271 623 passionem.
1323 555 1550 608 Laetetur
1596 551 1781 621 Iacob,
1821 563 1870 607 et

265 645 496 701 exsultet
542 645 734 704 Israel.
764 648 881 716 Ipse
910 655 994 702 est
1018 649 1188 704 Jacoh
1215 648 1307 717 qui
1337 658 1391 702 et
1423 647 1589 702 Israel
1619 665 1632 702 :
1663 647 1759 702 sed
1784 646 1871 701 hic

263 738 465 805 Jacob,
505 749 560 794 et
593 740 703 793 illic
738 739 927 795 lsrael.
972 740 1072 794 Hic
1110 740 1475 812 supplantator
1507 738 1781 807 vitiorum,
1814 747 1869 794 et

264 831 387 887 illic
419 831 598 887 ridens
627 831 800 887 Deum
826 833 960 889 facie
985 833 1052 888 ad
1080 832 1272 889 faciem
1299 851 1314 889 :
1345 833 1560 904 quando
1592 831 1699 889 erit
1727 833 1869 888 Deus

272 926 462 980 omnia
492 927 543 980 in
568 927 822 983 omnibus
847 946 860 982 :
893 929 1017 998 qui,
1046 929 1251 984 relictis
1291 929 1664 995 smcularibus,
1687 936 1870 982 mente

265 1019 564 1074 Dominum
605 1029 917 1076 contuetur.
961 1022 1060 1088 Qui
1091 1023 1246 1077 nobis
1280 1022 1521 1077 tribuere
1562 1020 1818 1089 dignetur
1849 1037 1864 1075 :

263 1124 326 1167 ut
353 1131 455 1168 nos
477 1123 599 1169 actu
629 1114 799 1170 Jacoh
829 1115 1006 1170 effecti
1025 1158 1038 1181 ,
1075 1116 1444 1184 supplautatis
1474 1113 1618 1168 vitiis
1653 1123 1708 1167 et
1737 1127 1867 1168 vere

260 1207 555 1275 lsraelitm,
593 1207 770 1276 ipsum
813 1219 996 1265 mente
1027 1209 1240 1274 videre,
1271 1209 1448 1278 ipsum
1483 1207 1646 1263 corde
1677 1215 1866 1262 tenere

262 1315 606 1366 mereamur,
651 1301 736 1356 cui
784 1312 868 1357 est
913 1317 1036 1357 cum
1087 1312 1294 1358 aeterno
1345 1302 1506 1356 Patre
1553 1311 1605 1355 et
1659 1300 1864 1370 Spiritu

263 1400 489 1458 Sancto,
517 1392 690 1448 honor
713 1403 764 1449 et
787 1394 960 1464 gloria
989 1395 1042 1448 in
1065 1395 1262 1450 sa‘cula
1288 1395 1635 1450 smculorum.
1664 1391 1861 1448 Amen.

814 1506 932 1562 PSA
944 1506 1128 1563 LMUS
1169 1506 1308 1563 XIV.

264 1596 518 1653 Psnlnms
548 1597 740 1654 David.
760 1598 1076 1671 Opportune
1103 1609 1327 1669 quartus
1350 1599 1598 1655 decimus
1625 1597 1864 1671 psalmus

337 1671 511 1724 lectus
539 1681 621 1725 est
657 1690 667 1724 :
703 1682 755 1725 ct
795 1669 1091 1726 secundum
1136 1671 1386 1726 ordinem
1433 1671 1504 1724 ita
1543 1669 1757 1730 evenit.
1805 1679 1864 1724 ut

332 1743 732 1811 propemodum
799 1743 868 1796 de
928 1743 1195 1797 industria
1251 1744 1426 1797 lectus
1489 1755 1612 1800 esse
1669 1740 1860 1811 videa-

331 1810 452 1878 tur,
491 1813 791 1868 secundum
843 1813 1090 1869 ordinem
1125 1813 1298 1867 lectus
1337 1823 1420 1869 est
1463 1812 1723 1882 psalmus.
1776 1810 1856 1866 Ex

325 1883 737 1952 dispensatione
789 1886 878 1938 Dei
943 1895 1072 1955 puto
1131 1885 1326 1938 factum
1379 1898 1500 1938 esse
1548 1901 1569 1955 :_
1609 1891 1666 1936 ut
1707 1883 1851 1955 quod

329 1957 491 2010 vobis
519 1957 798 2024 proderat,
827 1957 876 2008 in
911 1953 1104 2012 oidiue
1132 1955 1437 2024 exponendi
1470 1953 1628 2007 hodie
1652 1953 1849 2024 recita:

325 2023 778 2092 returz'Quartus
809 2027 1054 2081 decimus
1086 2023 1330 2094 psalmus
1384 2027 1555 2080 lectus
1597 2035 1711 2091 est,
1759 2023 1854 2093 qui

323 2100 719 2166 praescribitur,
756 2097 996 2152 Psalmus
1028 2097 1217 2152 David.
1251 2097 1420 2152 David
1452 2106 1634 2150 autem
1664 2104 1855 2150 noster

322 2168 576 2223 Christus
607 2181 716 2236 est,
746 2179 806 2223 ut
831 2185 976 2238 saepe
1009 2171 1263 2224 diximus.
1302 2170 1504 2223 Deinde
1536 2167 1766 2235 legimus
1797 2167 1850 2220 in

326 2239 522 2310 Exodo
556 2258 568 2294 :
604 2241 726 2309 quia
761 2250 946 2307 quarta
975 2241 1182 2296 decima
1218 2240 1307 2295 die
1338 2255 1511 2310 agnus
1541 2239 1853 2310 immolatur

323 2309 530 2374 (Exod.
558 2315 680 2379 xtt).
709 2314 912 2380 Quarta
937 2313 1147 2367 decima
1172 2312 1262 2367 die
1287 2309 1852 2380 immolatur,quando

323 2383 456 2434 luna
488 2383 648 2452 plena
681 2378 786 2446 est,
820 2383 1042 2452 quando
1077 2383 1206 2438 nihil
1239 2385 1392 2437 deest
1414 2382 1482 2435 de
1508 2380 1732 2435 lumine.
1759 2378 1853 2452 Vi-

317 2453 450 2524 dete
479 2451 608 2524 ergo
639 2455 780 2522 quod
824 2451 1078 2509 Christus
1117 2471 1223 2509 nou
1261 2454 1604 2516 immolatur,
1652 2452 1753 2506 nisi
1797 2451 1848 2504 iu

316 2522 566 2593 perfecto
612 2537 663 2580 et
707 2527 868 2594 pleno
902 2525 1128 2581 lumine.
1173 2526 1439 2594 Quoniam
1482 2539 1616 2593 ergo
1660 2533 1850 2594 quarta

313 2595 529 2651 decima
577 2596 668 2652 die
717 2597 1086 2652 immolandas
1133 2607 1217 2652 cst
1265 2597 1419 2650 vobis
1463 2609 1662 2666 agnus,
1707 2607 1850 2650 nunc

318 2667 591 2736 propheta
616 2669 863 2732 miratur,
891 2681 943 2721 et
979 2669 1278 2738 interrogat
1312 2685 1324 2721 :

315 2758 562 2823 Domine,
588 2760 706 2826 quis
735 2751 984 2813 habitabit
1010 2761 1063 2813 in
1094 2760 1427 2815 tabernaculo
1458 2761 1586 2812 tuo?
1614 2757 1724 2811 Vos
1755 2758 1849 2828 qui

233 2851 412 2904 vultis
449 2850 701 2906 habitare
747 2853 800 2906 in
848 2851 1200 2906 tabernaculo
1231 2850 1478 2915 Domini,
1513 2850 1699 2906 audite
1727 2866 1850 2922 qua:

231 2942 377 2996 dicit
408 2941 667 2997 Dominus
698 2961 711 2996 :
747 2940 992 3007 Domine,
1013 2945 1130 3015 quis
1157 2943 1411 2998 habitabit
1442 2946 1495 2998 in
1519 2945 1849 2999 tabernaculo

233 3037 377 3089 tuo?
423 3035 855 3091 Tabernaculum
903 3038 990 3093 hic
1031 3054 1126 3108 pro
1175 3040 1481 3094 aiteruitate
1521 3039 1843 3108 accipimus,

232 3131 497 3200 quamvis
519 3131 571 3185 in
603 3131 724 3186 aliis
756 3131 891 3186 locis
923 3147 1088 3202 opera
1116 3131 1488 3203 intelligatur:
1515 3133 1637 3202 quia
1673 3132 1761 3187 hic
1794 3132 1845 3186 in

1975 556 2310 625 prmcipitur.
2359 555 2477 611 Non
2523 556 2658 609 dixit
2687 572 2699 608 :
2729 555 2821 626 qui
2872 557 3124 626 pervenit
3156 556 3224 610 ad
3255 556 3418 611 ﬁnem
3448 555 3569 611 sine

1974 647 2182 702 macula
2202 692 2217 716 ,
2247 648 2345 704 sed
2388 648 2477 718 qui
2508 647 2686 701 adhuc
2715 648 2770 701 in
2817 645 3014 702 itinere
3041 656 3159 715 est,
3202 655 3258 703 et
3299 645 3570 702 maculam

1971 756 2080 796 non
2118 741 2302 796 habet.
2346 740 2542 794 Dicere
2585 739 2785 810 aliquis
2832 747 3008 808 potest
3043 758 3056 793 :
3088 739 3202 794 Non
3247 738 3422 794 habeo
3452 752 3569 794 ma-

1967 832 2178 896 culam,
2216 847 2326 886 non
2362 829 2468 886 feci
2514 831 2739 886 malum.
2785 829 2905 885 Non
2939 830 3138 885 sufﬁcit
3172 829 3335 885 nobis
3367 829 3571 886 malum

1971 940 2078 979 non
2107 924 2288 980 facere
2318 924 2418 978 nisi
2448 923 2743 978 fecerimus
2771 933 2825 978 et
2853 923 3079 978 bonum.
3112 922 3357 992 Denique
3377 919 3565 990 sequi-

1970 1026 2059 1071 tur
2082 1033 2094 1069 :
2118 1014 2187 1070 Et
2218 1025 2465 1084 operatur
2485 1015 2770 1086 justitiam.
2793 1013 2910 1069 Non
2932 1013 3090 1077 dixit,
3115 1023 3374 1084 operatur
3403 1013 3570 1068 casti-

1967 1119 2156 1177 tatem,
2195 1120 2459 1179 operatur
2483 1109 2839 1178 sapientiam,
2867 1118 3128 1178 operatur
3167 1107 3562 1163 fortitudinem.

1970 1199 2041 1256 Et
2071 1202 2153 1254 ha-
2183 1201 2405 1270 quidem
2432 1199 2660 1256 virtutes
2681 1200 2902 1270 optima:
2924 1209 3072 1254 sunt.
3095 1199 3373 1271 Sapientia
3405 1199 3564 1254 nobis

1969 1293 2215 1362 prodest,
2250 1291 2512 1347 fortitudo
2544 1293 2702 1347 nobis
2735 1292 2982 1363 prodest,
3011 1301 3069 1346 ut
3095 1291 3566 1363 perseeutionibus

1967 1386 2318 1442 resistamus.
2348 1385 2552 1441 Deinde
2577 1387 2936 1454 temperantia
2961 1395 3017 1440 et
3042 1386 3264 1440 castitas
3291 1384 3446 1440 nobis
3465 1398 3566 1440 ne-

1965 1478 2222 1534 cessaria:
2249 1487 2399 1543 sunt,
2431 1493 2500 1534 ne
2529 1477 2824 1548 perdamus
2852 1475 3060 1532 animus
3081 1485 3320 1532 nostras.
3347 1474 3564 1531 Justitia

1962 1572 2077 1627 sola
2113 1587 2306 1641 magna
2339 1571 2514 1626 virtus
2540 1580 2656 1638 est,
2685 1582 2740 1628 et
2785 1580 2959 1626 mater
2987 1569 3255 1625 omnium.
3285 1569 3439 1625 Dicat
3467 1570 3567 1624 ali-

1965 1665 2087 1733 quis
2113 1680 2126 1716 :
2151 1664 2437 1728 Quomodo
2458 1663 2666 1732 justitia
2697 1663 2873 1732 major
2894 1672 2980 1718 est
3001 1661 3212 1717 cmteris
3233 1661 3564 1716 virtutibus?

1963 1755 2186 1811 Caetera:
2234 1757 2464 1811 virtutes
2509 1755 2800 1812 habentem
2847 1755 3126 1810 delectant
3160 1753 3410 1825 :justitia
3454 1769 3563 1810 non

1891 1847 1933 1904 Β
1962 1849 2203 1904 delectat
2245 1848 2561 1914 habentem,
2594 1847 2690 1902 sed
2735 1847 2896 1901 alios.
2939 1845 2993 1903 Si
3035 1847 3256 1917 sapiens
3296 1861 3442 1914 sum,
3479 1861 3566 1900 sa-

1958 1942 2163 2012 pientia
2209 1957 2296 1996 me
2333 1940 2614 1996 delectat:
2648 1939 2693 1994 si
2726 1938 2888 1994 fortis
2933 1953 3084 2008 sum,
3133 1939 3398 1994 fortitudo
3444 1952 3567 1998 mea

1957 2051 2042 2090 me
2072 2036 2309 2090 delectat
2348 2050 2367 2090 :
2399 2035 2443 2089 si
2490 2033 2648 2088 fuero
2688 2042 2897 2097 eastus,
2941 2033 3170 2087 castitas
3203 2047 3323 2088 mea
3368 2031 3558 2086 laetitia

1953 2143 2069 2183 mea
2102 2139 2205 2182 est.
2237 2129 2510 2184 Cancrum
2540 2127 2751 2196 justitia
2786 2142 2892 2182 non
2928 2124 3155 2195 prodest
3188 2125 3552 2189 habentibus,

1952 2223 2048 2276 sed
2083 2224 2298 2277 errteris
2329 2221 2548 2276 miseris
2580 2236 2688 2275 non
2723 2220 3074 2276 habentibus.
3105 2219 3200 2277 Vel
3241 2220 3400 2277 aliter
3436 2237 3447 2270 :
3484 2216 3555 2275 Et

1953 2315 2498 2385 operaturjustitiam,
2516 2313 2618 2368 hoc
2639 2321 2724 2368 est
2744 2313 2985 2368 custodit
3008 2311 3288 2378 mandata,
3305 2321 3366 2365 ut
3390 2310 3554 2366 illud:

1951 2406 2010 2463 Si
2041 2407 2122 2461 vis
2153 2406 2218 2460 ad
2254 2406 2418 2460 vitam
2442 2406 2653 2471 venire,
2678 2420 2837 2464 serva
2866 2403 3117 2460 mandata
3143 2403 3323 2476 (Matt.
3359 2405 3504 2470 xix).

2027 2499 2130 2565 Qui
2160 2496 2396 2568 loquitur
2426 2499 2696 2551 veritatem
2719 2497 2772 2549 in
2804 2498 2961 2550 corde
2987 2511 3103 2549 suo.
3140 2494 3292 2550 Multi
3324 2493 3560 2562 l0quutt-

1954 2597 2043 2644 tur
2069 2589 2358 2644 veritatem
2390 2588 2442 2642 in
2467 2587 2654 2655 labiis,
2687 2587 2781 2642 sed
2810 2603 2917 2641 non
2947 2588 3000 2641 in
3026 2587 3216 2652 corde,
3250 2586 3342 2656 qui
3371 2585 3558 2640 viden-

1953 2691 2038 2737 tur
2067 2697 2194 2737 vera
2227 2679 2437 2749 dicere,
2477 2679 2576 2736 sed
2626 2694 2721 2734 cor
2749 2695 2872 2734 cum
2916 2677 3080 2734 labiis
3125 2692 3232 2736 non
3264 2689 3554 2736 consonat.

1951 2773 2130 2828 Aliter
2167 2791 2177 2828 :
2213 2772 2315 2840 Qui
2347 2772 2583 2843 loquitur
2608 2772 2876 2825 ceritatem
2905 2771 2959 2824 in
2998 2769 3156 2824 corde
3179 2786 3305 2838 suo,
3341 2778 3398 2824 ut
3423 2784 3554 2828 vera

1951 2864 2020 2920 de
2052 2863 2287 2919 veritate
2317 2864 2542 2934 cogitet,
2571 2863 2660 2933 qui
2695 2872 2779 2917 est
2809 2860 3065 2916 Christus
3105 2880 3116 2914 :
3151 2876 3252 2916 nec
3285 2876 3345 2918 se
3369 2877 3552 2918 asser-

1952 2959 2198 3017 tionibus
2227 2959 2502 3015 htereticis
2534 2961 2784 3024 misceat,
2817 2974 2937 3026 qum
2971 2957 3123 3013 falsa:
3155 2971 3376 3029 semper
3399 2957 3551 3012 iuve-

1951 3052 2174 3107 niuntur
2203 3068 2263 3108 ac
2295 3067 2499 3107 vacuae.
2531 3050 2688 3108 Unde
2719 3051 2926 3105 Paulus
2953 3049 3090 3104 dixit
3125 3066 3142 3104 :
3171 3048 3350 3105 Corde
3380 3050 3554 3108 credi-

1951 3155 2039 3199 tur
2068 3145 2421 3215 adjustitiam
2448 3160 2462 3208 ;
2494 3157 2595 3206 ore
2615 3151 2798 3198 autem
2825 3140 3102 3197 confessio
3133 3141 3192 3195 lit
3218 3141 3283 3194 ad
3316 3141 3548 3203 salutem

237 3223 596 3278 tabernaculo
628 3224 908 3291 praesenti,
933 3225 1077 3295 quod
1105 3235 1189 3281 est
1213 3224 1481 3293 Ecclesia,
1512 3225 1665 3279 multi
1691 3225 1842 3280 habi-
1869 3224 1914 3286 C
1947 3239 2129 3310 (ῃοηι,
2185 3237 2262 3310 χ),
2304 3237 2408 3304 Qui
2443 3254 2547 3292 ιιοη
2593 3236 2698 3307 egit
2726 3236 2905 3290 dolum
2943 3236 2995 3288 in
3044 3233 3224 3307 lingua
3271 3251 3386 3292 sna.
3434 3233 3552 3296 Non

238 3326 362 3370 tant
384 3331 612 3386 corpore
637 3327 692 3374 et
722 3333 829 3373 non
857 3318 961 3374 ﬁde
987 3337 1000 3373 :
1026 3319 1151 3389 quia
1177 3319 1266 3374 hic
1288 3320 1413 3374 dum
1443 3319 1729 3374 inferiores
1752 3334 1842 3374 su-

237 3424 400 3476 mus,
450 3413 601 3481 quasi
636 3411 689 3466 in
739 3413 1090 3469 tabernaculo
1134 3413 1516 3479 consistimus,
1560 3428 1843 3484 usquequo

239 3511 370 3573 post
396 3503 683 3560 victoriam
718 3506 769 3561 in
813 3506 1032 3562 domum
1079 3507 1450 3576 perveniatur.
1485 3507 1657 3561 Aliter
1686 3524 1698 3560 :
1735 3506 1844 3561 Do-

239 3595 402 3661 mine,
430 3597 547 3666 quis
576 3596 824 3652 habitabit
846 3599 897 3651 t'u
927 3598 1262 3652 tabernaculo
1294 3600 1426 3654 tuo?
1453 3599 1606 3664 Quis,
1641 3599 1840 3672 inquit,

244 3697 501 3741 terrenus
535 3690 735 3757 poterit
775 3690 1034 3759 templum
1069 3690 1166 3744 Dei
1208 3690 1380 3758 effici,
1413 3699 1465 3744 et
1497 3689 1747 3745 habitare
1790 3691 1841 3748 in

239 3782 471 3836 civitate
496 3781 733 3837 viventis
769 3781 905 3837 Dei?
950 3784 1024 3838 De
1071 3798 1174 3854 qua
1207 3783 1506 3854 Apostolus
1551 3784 1718 3838 multa
1759 3784 1842 3838 lo-

243 3874 454 3941 quitur.
479 3872 584 3928 Aut
601 3875 714 3946 quis
739 3876 1018 3946 requiescet
1047 3875 1100 3930 in
1129 3887 1301 3929 monte
1329 3884 1509 3929 sancto
1531 3885 1620 3929 tuo
1641 3877 1664 3930 ?
1685 3875 1839 3948 Quis,

243 3967 362 4031 ait,
397 3968 593 4040 dignus
638 3969 743 4024 erit
795 3969 1093 4025 conformis
1152 3970 1267 4024 ﬁeri
1319 3971 1542 4042 imagini
1592 3969 1712 4026 Filii
1746 3971 1843 4027 Dei

244 4059 452 4132 (Ilrbr.
487 4061 594 4128 κη’,
644 4061 795 4116 Rom.
834 4061 945 4132 Ix),
993 4063 1082 4132 qui
1117 4078 1261 4134 saepe
1293 4077 1451 4117 mons
1481 4063 1716 4116 dicitur?
1746 4062 1844 4120 Hic

244 4156 392 4226 lapis
414 4155 636 4210 excisus
658 4156 725 4212 de
751 4166 936 4211 monte
965 4156 1084 4212 sine
1113 4159 1362 4214 manibus
1393 4176 1406 4212 :
1441 4157 1526 4212 hic
1559 4156 1730 4213 factus
1762 4167 1846 4214 cst

241 4263 408 4304 mons
437 4263 682 4319 magnus,
718 4249 805 4305 hic
837 4250 1078 4321 implevit
1114 4250 1455 4306 latitudinem
1487 4251 1638 4306 orbis
1682 4260 1844 4307 terra:

241 4338 412 4409 (Dan.
449 4338 533 4407 ιι),
559 4339 613 4393 in
647 4339 748 4395 hoc
781 4352 1090 4396 sanctorum
1126 4343 1321 4397 animm
1371 4344 1740 4413 requiescant.
1784 4343 1840 4398 In

245 4432 354 4485 hoc
385 4447 520 4502 ergo
545 4432 725 4487 nullus
755 4434 951 4503 accipit
983 4435 1255 4504 requiem,
1289 4435 1393 4491 nisi
1424 4438 1510 4508 qui
1543 4437 1846 4507 ingreditur

243 4523 368 4579 sine
416 4526 658 4591 macula,
711 4535 762 4580 et
803 4536 1065 4597 operatur
1097 4527 1363 4598 justitiam
1399 4545 1412 4582 :
1447 4529 1536 4597 qui
1586 4529 1842 4584 immttnis

243 4625 334 4673 est
364 4617 431 4671 ab
453 4620 597 4673 omni
628 4618 746 4674 labe
777 4620 1007 4690 peccati,
1039 4628 1093 4674 et
1124 4630 1395 4690 praecepta
1427 4619 1518 4674 Dei
1554 4619 1842 4676 inviolabi-
1871 4601 1920 4661 D

247 4711 380 4764 liter
408 4711 753 4767 custodierit.
779 4712 951 4768 Aliter
977 4730 988 4765 :
1023 4713 1119 4766 Aut
1144 4715 1258 4786 quis
1288 4713 1568 4783 requiescet
1596 4713 1646 4765 in
1677 4721 1846 4767 monte

244 4811 430 4857 sancto
460 4806 591 4858 tuo?
618 4803 734 4859 Non
767 4805 915 4874 prius
950 4806 1000 4859 in
1037 4816 1244 4875 monte,
1277 4816 1330 4861 et
1359 4814 1543 4875 postea
1578 4807 1629 4860 in
1661 4807 1846 4860 laber-

247 4893 452 4950 naculo
495 4912 508 4947 :
542 4895 634 4950 sed
665 4897 813 4966 prius
845 4897 896 4952 in
931 4895 1306 4961 tabernaculo,
1338 4907 1390 4952 el
1433 4897 1504 4953 ita
1550 4898 1603 4953 in
1637 4907 1843 4953 monte.

248 4985 696 5042 Tabernaculum
732 5005 836 5044 non
868 4997 952 5044 est
984 4990 1132 5042 firma
1167 4989 1362 5043 domus
1383 5033 1398 5058 ,
1435 4990 1843 5050 tabernaculum

251 5095 363 5137 non
398 5079 556 5136 habet
589 5081 1035 5137 fundamentum:
1061 5083 1154 5137 sed
1188 5083 1292 5137 huc
1323 5083 1556 5147 illucque
1585 5091 1844 5150 mutatur,

247 5187 309 5233 et
347 5192 470 5231 cum
513 5174 936 5244 transmigraute
972 5175 1172 5244 migrat
1207 5193 1220 5229 :
1259 5173 1387 5244 quia
1438 5173 1848 5229 tabernaculum

250 5287 362 5330 non
395 5271 561 5327 habet
604 5270 1050 5335 fundamentum,
1091 5269 1187 5324 sed
1217 5279 1300 5325 est
1345 5269 1542 5324 domus
1589 5270 1844 5326 incerta:

251 5369 452 5422 domus
499 5376 678 5422 autem
729 5364 885 5419 ﬁrma
922 5363 1088 5420 habet
1127 5362 1500 5420 fundamenta.
1551 5362 1703 5418 Mons
1750 5379 1849 5434 pro

252 5462 360 5517 vita
394 5471 601 5517 aeterna
628 5460 867 5530 ponitur.

336 5557 435 5622 Qui
465 5555 752 5625 ingreditur
781 5555 890 5608 sine
922 5553 1143 5607 macula.
1169 5553 1283 5608 Hoc
1315 5560 1418 5619 est,
1453 5552 1571 5606 sine
1598 5551 1850 5605 mortali-

177 5710 180 5712 ,
260 5652 360 5705 htts
395 5648 658 5718 peccatis,
687 5646 809 5718 quia
835 5648 952 5701 sine
993 5647 1215 5700 minutis
1248 5659 1503 5701 essenon
1537 5659 1852 5715 possumus.

262 5742 424 5798 Unde
450 5739 650 5793 dicitur
683 5757 694 5794 :
729 5738 784 5794 Si
815 5739 1048 5793 dicimus
1077 5739 1199 5810 quia
1233 5746 1512 5808 peccatum
1547 5753 1658 5790 non
1691 5734 1856 5792 habe—

268 5851 408 5901 mus,
441 5833 545 5904 ipsi
571 5845 671 5889 nos
700 5830 1034 5899 seducimus,
1063 5839 1116 5886 ot
1138 5832 1336 5888 veritas
1359 5832 1409 5886 in
1437 5829 1590 5888 nobis
1617 5842 1724 5884 non
1749 5838 1854 5888 cst.

1945 3331 2171 3401 protulit
2199 3330 2391 3384 dolose
2419 3329 2729 3384 doctrinam
2774 3326 3098 3384 catholicam
3151 3326 3219 3380 ad
3259 3325 3548 3398 decipien-

1945 3423 2068 3476 dum
2101 3440 2114 3488 ;
2145 3423 2244 3479 sed
2288 3438 2411 3494 quae
2458 3422 2677 3478 locutus
2725 3430 2807 3479 est
2851 3435 2972 3485 ore,
3013 3419 3313 3490 complevit
3353 3435 3548 3494 opere.

1944 3514 2042 3569 Ille
2079 3514 2275 3570 dolose
2315 3515 2464 3584 agit,
2503 3513 2599 3582 qui
2637 3511 2789 3566 aliud
2829 3512 3034 3583 cogitat
3073 3521 3128 3566 et
3165 3511 3316 3566 aliud
3358 3512 3488 3568 dicit
3531 3531 3542 3565 :

1945 3607 2084 3661 sicut
2117 3606 2379 3678 propheta
2409 3605 2487 3660 ait
2519 3625 2530 3658 :
2566 3604 2804 3661 Prohibe
2834 3605 3073 3674 linguam
3109 3613 3254 3660 tuam
3287 3621 3316 3658 a
3363 3606 3544 3674 malo,

1945 3709 2001 3754 et
2029 3699 2169 3754 labia
2203 3710 2290 3754 tua
2325 3715 2392 3755 ne
2421 3701 2714 3770 loquantur
2745 3697 2930 3754 dolum
2965 3697 3196 3768 (Psaltn.
3228 3699 3447 3772 XXXIII).

2020 3791 2130 3848 Nec
2149 3793 2268 3864 fecit
2303 3794 2540 3865 proximo
2570 3811 2665 3847 suo
2689 3793 2902 3846 malum.
2932 3793 3031 3860 Qui
3059 3791 3188 3847 facit
3218 3793 3536 3850 misericor-

1946 3887 2111 3954 diam,
2157 3887 2275 3956 ipse
2326 3899 2404 3943 est
2454 3887 2754 3958 proximus.
2803 3884 3054 3940 Christus
3108 3885 3369 3942 Dominus
3418 3886 3547 3944 fecit

1949 3979 2402 4048 misericordiam,
2451 3987 2513 4034 ut
2539 3994 2639 4035 nos
2671 3995 2764 4033 sua
2798 3980 3050 4049 passione
3079 3978 3375 4038 redimeret
3406 3997 3419 4032 :
3450 3994 3546 4034 cu-

1943 4073 2032 4143 jus
2061 4072 2364 4128 doctrinam
2389 4073 2570 4128 nullus
2601 4072 2652 4127 in
2677 4073 2880 4126 malum
2904 4080 3099 4141 vertat,
3131 4073 3273 4128 sicut
3302 4071 3546 4128 lucretici

1947 4167 2171 4222 faciunt.
2204 4166 2491 4222 Proximus
2535 4178 2741 4232 uoster,
2776 4166 2956 4221 omnis
2996 4164 3163 4222 homo
3198 4165 3541 4221 Christianus

1945 4272 2050 4318 est.
2083 4261 2238 4330 Quod
2280 4261 2374 4326 tibi
2423 4276 2530 4324 non
2563 4261 2641 4316 vis
2671 4261 2809 4327 ﬁeri,
2859 4259 2953 4315 alii
2984 4276 3051 4316 ne
3084 4261 3274 4322 facias.
3322 4263 3389 4318 Et
3416 4261 3545 4320 alibi

1945 4357 2116 4414 dicit:
2163 4358 2360 4427 Diliges
2408 4357 2720 4428 proximum
2769 4365 2931 4426 tuum
2973 4357 3115 4412 sicut
3165 4357 3419 4426 teipsum.
3476 4356 3546 4416 Et

1947 4451 2140 4504 iterum
2173 4450 2305 4506 dicit
2336 4469 2350 4508 :
2381 4450 2598 4506 Declina
2625 4465 2654 4502 a
2675 4450 2840 4519 malo,
2861 4459 2917 4504 et
2943 4450 3022 4504 fac
3054 4449 3280 4507 bonum.
3311 4449 3542 4520 Quidam

1947 4551 2134 4612 putant
2163 4545 2472 4614 proximum
2499 4557 2626 4599 esse
2656 4543 2900 4609 fratrem,
2931 4552 3021 4598 aut
3053 4545 3312 4612 vicinum,
3340 4553 3546 4604 auten-

1946 4646 2189 4707 gnatum,
2237 4646 2328 4692 aut
2357 4637 2846 4707 consanguineum.
2889 4636 2995 4694 Sed
3045 4637 3309 4700 Dominus
3355 4648 3544 4704 noster

1947 4732 2108 4784 docet
2139 4731 2190 4784 in
2227 4730 2520 4800 Evangelio
2549 4730 2601 4784 in
2638 4746 2700 4784 ea
2728 4731 3008 4799 parabola,
3068 4732 3158 4797 ubi
3197 4731 3416 4801 quidam
3448 4731 3547 4787 de-

1949 4823 2160 4879 scendit
2189 4823 2256 4879 de
2277 4822 2577 4878 JeruSaIem
2607 4821 2659 4877 in
2689 4822 2908 4879 Jericho
2933 4841 2946 4876 :
2971 4823 3239 4878 Sacerdos
3269 4824 3544 4892 transivit,

1951 4915 2137 4970 Levita
2171 4915 2447 4982 transivit,
2489 4923 2543 4969 et
2575 4929 2682 4970 non
2726 4926 2809 4970 est
2840 4914 3091 4969 misertus
3119 4932 3132 4968 :
3166 4915 3548 4976 Samaritanus

1951 5006 2216 5062 transivit.
2253 5017 2304 5061 et
2346 5005 2605 5061 misertus
2640 5015 2742 5060 est.
2791 5005 2855 5060 Et
2884 5005 3186 5074 interrogat
3218 5014 3404 5075 postea
3442 5007 3548 5061 Do-

1951 5099 2152 5166 minus,
2185 5110 2236 5153 et
2266 5098 2434 5153 dicit:
2467 5098 2597 5167 Quis
2630 5097 2823 5152 horum
2864 5096 3143 5167 proximus
3175 5096 3309 5152 fuit?
3349 5098 3548 5153 Statim

1951 5191 2168 5257 dicitur,
2198 5192 2290 5262 qui
2321 5191 2459 5246 bene
2483 5191 2628 5245 fecit.
2656 5191 2723 5244 Et
2745 5189 2906 5244 infert
2931 5189 3191 5243 Dominus
3217 5207 3230 5243 :
3260 5188 3355 5259 Ite,
3383 5201 3552 5244 etvos

1951 5283 2204 5338 similiter
2225 5283 2383 5338 facite
2415 5281 2570 5356 (Luc.
2602 5282 2685 5350 x).
2714 5282 2916 5336 Omnes
2944 5295 3076 5351 ergo
3106 5281 3357 5336 homines
3389 5281 3547 5335 nobis

1953 5375 2181 5446 proximi
2210 5383 2360 5439 sunt,
2389 5383 2445 5429 et
2486 5373 2618 5428 nulli
2670 5373 2936 5428 debemus
2977 5372 3178 5426 malum
3229 5371 3432 5428 facere.
3479 5370 3550 5425 Et

1953 5467 2287 5539 approbriam
2318 5482 2421 5521 non
2452 5466 2670 5536 accepit,
2703 5472 2812 5519 etc.
2852 5464 3155 5533 Numquam
3187 5480 3215 5518 a
3261 5465 3372 5519 suis
3417 5464 3552 5518 vici-

1954 5559 2059 5626 nis,
2095 5558 2249 5629 quasi
2289 5558 2485 5612 noxius
2515 5566 2822 5610 accusatur.
2872 5555 3131 5610 Timentes
3169 5567 3340 5612 autem
3370 5557 3552 5611 Domi.

1954 5668 2077 5706 num
2099 5651 2383 5722 glori/ient.
2412 5647 2530 5704 Non
2559 5646 2754 5702 divites
2778 5647 3072 5717 gloriﬁcat,
3115 5664 3225 5705 non
3274 5658 3546 5722 potentes,

1955 5744 2050 5802 sed
2081 5759 2174 5800 eos
2198 5752 2405 5798 tantum
2428 5740 2516 5812 qui
2543 5739 2832 5796 Dominum
2855 5740 3071 5796 timent.
3104 5739 3174 5798 Et
3195 5740 3553 5812 opprobrium

1960 5852 2064 5896 non
2097 5834 2306 5913 accepit
2336 5834 2600 5893 adversus
2649 5833 2927 5905 proximos
2973 5847 3124 5892 suos.
3185 5833 3554 5909 Opprobriutn

3640 26 3768 34 ——--—--_—
3797 29 3802 32 .
