4034 6316
505 302 614 359 855

1308 296 1657 357 APPENDIX
1696 295 1785 353 AD
1828 292 2075 353 TOMUM
2116 290 2476 353 SEPTIMUM
2514 290 2574 348 S.
2618 287 3027 348 HIERONYMI.

3703 287 3805 346 856

493 418 856 478 detractionis
878 419 946 478 de
972 420 1147 477 fratre
1178 426 1305 474 tunc
1335 429 1446 472 non
1467 414 1699 486 accepit,
1725 413 1774 470 si
1802 413 1953 484 prius
1989 426 2098 468 non
2125 422 2178 485 Α
2204 410 2337 468 cutit
2367 423 2564 469 manus
2589 422 2718 466 suas
2755 407 2824 465 ab
2856 405 3009 464 omni
3037 421 3287 476 munere,
3336 406 3438 465 iste
3478 406 3530 465 iu
3573 407 3804 468 excelsis

502 512 684 570 credit
709 513 803 572 illa
825 522 1113 585 antequam
1138 509 1350 583 probet.
1381 509 1461 564 Ac
1489 509 1535 564 si
1560 506 1738 565 dicat:
1760 506 1862 577 Qui
1888 506 1992 563 ista
2019 522 2110 563 cu-

502 605 674 662 stodit
699 622 819 678 qua:
852 603 1104 677 superius
1150 602 1309 669 dixit,
1342 600 1439 658 ille
1482 609 1570 659 est
1612 600 1731 659 sine
1768 603 2003 671 macula,
2054 609 2110 658 et

505 706 765 770 operatur
784 697 1077 769 justitiam.
1128 696 1195 751 Et
1238 696 1341 752 iste
1372 694 1581 751 habitat
1628 695 1684 751 in
1735 693 2108 763 tabernaculo,

509 800 566 846 et
607 790 917 863 requiescet
962 790 1018 846 in
1056 796 1243 847 monte
1272 797 1467 847 sancto
1500 798 1614 858 tuo,
1643 787 1748 845 hoc
1775 795 1881 858 est,
1916 787 1971 844 in
2000 787 2109 844 vita

510 892 742 941 aeterna.

572 974 655 1029 Ad
681 973 911 1030 nihilum
933 975 1188 1032 deductus
1213 985 1288 1031 est
1306 976 1363 1031 in
1384 985 1664 1048 conspectu
1686 979 1801 1049 ejus
1826 976 2108 1047 malignus.

506 1066 567 1122 ln
608 1067 753 1123 illius
778 1066 912 1139 justi
944 1077 1243 1140 conspectu
1278 1068 1549 1125 diabolus.
1580 1067 1714 1123 Nam
1761 1068 1817 1123 in
1867 1068 2110 1124 Ecclesia

503 1160 836 1232 quicumque
863 1161 1042 1217 malus
1064 1169 1171 1231 est,
1202 1160 1257 1215 in
1287 1169 1584 1231 conspectu
1613 1158 1789 1214 sancti
1814 1172 1914 1230 pro
1942 1158 2111 1214 nihilo

504 1259 875 1323 computatur.
909 1251 994 1308 Ad
1022 1251 1252 1308 nihilum
1278 1251 1545 1308 deductus
1575 1260 1681 1319 est,
1708 1251 1827 1322 quia
1857 1250 1999 1323 apud
2027 1260 2109 1306 ta-

497 1344 608 1401 lem
640 1355 887 1402 sanctum
916 1361 1019 1417 pro
1046 1345 1217 1401 nihilo
1245 1345 1483 1402 habetur
1512 1362 1527 1400 :
1573 1345 1701 1400 dum
1729 1345 1955 1417 angelus
1985 1343 2108 1412 fuit,

501 1447 559 1495 et
587 1439 773 1512 refuga
820 1438 994 1496 factus
1022 1448 1142 1507 est;
1176 1449 1233 1495 et
1276 1439 1420 1494 sicut
1464 1438 1567 1494 fuit
1610 1436 1787 1494 factus
1818 1452 1885 1494 ex
1914 1437 2109 1504 nihilo,

497 1541 689 1602 postea
718 1546 881 1602 quam
904 1530 1045 1587 bona
1072 1529 1345 1602 perdidit,
1368 1529 1624 1586 redactus
1646 1538 1732 1586 est
1759 1529 1828 1585 ad
1857 1529 2107 1585 nihilum.

502 1623 572 1679 Et
598 1623 726 1679 dum
750 1610 894 1679 nihil
924 1631 1032 1689 est,
1059 1622 1345 1679 fortissimi
1375 1623 1552 1678 sancti
1593 1637 1705 1677 non
1734 1637 1859 1678 eum
1892 1620 2108 1677 timent.

503 1714 760 1772 Timentes
786 1724 959 1773 autem
986 1713 1273 1771 Dominum
1302 1715 1623 1787 magniﬁcat.
1649 1715 1768 1772 Vox
1798 1715 2059 1772 Ecclesia:
2091 1732 2105 1769 :

503 1808 610 1880 Qui
646 1810 835 1867 timent
873 1811 1162 1867 Dominum
1205 1811 1404 1867 timore
1448 1820 1663 1879 sancto,
1708 1810 1969 1866 Dominus
2017 1824 2113 1867 eos
2142 1816 2189 1879 Β

502 1903 840 1974 magnificat.
866 1902 1043 1960 Aliter
1065 1903 1135 1958 ad
1160 1916 1384 1960 sensum
1407 1904 1671 1960 moralem
1697 1920 1710 1958 :
1737 1902 1997 1961 Timentes
2019 1922 2115 1959 au-

498 2008 601 2053 tem
629 1996 912 2054 Dontinum
954 1998 1279 2070 magnificat.
1325 1998 1446 2055 Scit
1475 2000 1623 2055 enim
1667 2000 1721 2055 in
1752 1998 1838 2055 his
1866 2000 2114 2056 habitare

494 2089 696 2158 Deum,
726 2091 871 2146 sicut
900 2090 980 2147 ait
1005 2090 1273 2147 Dominus
1306 2109 1318 2146 :
1348 2090 1453 2162 Qui
1498 2106 1600 2149 vos
1637 2090 1839 2163 diligit,
1872 2105 1962 2149 me
1990 2091 2115 2147 dili-

501 2182 582 2253 git
612 2181 800 2253 (Joan.
831 2182 973 2255 xw).

575 2273 680 2342 Qui
702 2276 855 2348 jurat
883 2277 1121 2350 proximo
1151 2294 1266 2347 suo,
1296 2286 1474 2332 etnon
1497 2277 1712 2349 decipit.
1744 2277 1851 2334 Iste
1874 2277 1984 2349 jam
2015 2279 2117 2335 mi-

512 2384 616 2425 nor
638 2377 722 2426 est
741 2385 773 2426 a
795 2369 1160 2442 perfectione,
1187 2378 1244 2427 ει
1272 2370 1319 2427 si
1341 2370 1486 2427 bona
1509 2369 1662 2438 facit,
1687 2371 1815 2442 quia
1852 2379 1910 2426 ct
1947 2372 1992 2426 si
2017 2387 2115 2442 pro

507 2459 826 2531 iuramento
852 2475 960 2516 non
998 2459 1225 2533 decipit,
1266 2469 1448 2517 tamen
1478 2460 1866 2531 vituperantur
1894 2476 1995 2532 pro
2021 2460 2115 2517 illo

509 2563 793 2628 prtecepto
815 2570 924 2628 quo
946 2556 1153 2613 dicitur
1174 2574 1185 2611 :
1209 2556 1329 2612 Non
1346 2555 1533 2628 jurare
1560 2557 1806 2623 omnino,
1827 2570 2003 2628 neque
2022 2570 2116 2627 per

507 2649 732 2717 coelum,
765 2664 944 2719 neque
971 2665 1068 2720 per
1098 2660 1343 2707 terram:
1372 2651 1446 2706 sit
1465 2660 1648 2707 autem
1675 2665 1859 2708 sermo
1882 2658 2064 2707 vester
2096 2669 2111 2706 :

515 2739 644 2807 Est,
663 2750 747 2797 est
771 2758 785 2796 :
812 2739 951 2807 Non,
986 2758 1113 2798 non.
1143 2743 1283 2811 Quia
1312 2742 1416 2799 ista
1442 2745 1715 2800 sententia
1741 2743 2113 2816 perfectornm

512 2843 621 2902 est,
651 2849 761 2890 non
789 2834 978 2906 jurare
1009 2835 1228 2908 (Matth.
1256 2834 1333 2910 v).
1364 2835 1503 2906 Quia
1525 2836 1707 2893 anima
1736 2837 1955 2909 quando
1983 2852 2112 2908 pro-

511 2931 685 2987 mittit
714 2931 808 2988 Dei
850 2942 1125 3004 praecepta
1153 2932 1456 3000 custodire,
1502 2933 1548 2989 si
1594 2933 1881 3004 proximus
1917 2946 2115 3004 corpus

507 3034 635 3086 est:
668 3034 797 3084 tunc
831 3027 983 3083 illum
1011 3026 1259 3099 ldecipit,
1287 3027 1334 3082 si
1378 3025 1484 3082 hoc
1511 3026 1657 3097 quod
1684 3025 1973 3096 promittit,
2005 3040 2115 3080 non

512 3118 792 3175 observat.
824 3116 933 3184 Qui
959 3119 1230 3191 pecuniam
1273 3135 1426 3175 suam
1470 3134 1574 3174 non
1606 3117 1748 3174 dedit
1778 3118 1846 3173 ad
1877 3133 2109 3172 usuram.

2216 508 2481 566 habitabit
2510 508 2671 579 (lsai.
2705 505 2919 578 xxxttt).

2287 607 2392 675 Qui
2420 606 2547 679 facit
2573 606 2704 673 hate,
2731 621 2836 660 nun
2857 602 3257 659 commovebitur
3288 603 3339 657 in
3369 611 3643 659 aeternum.
3680 603 3803 661 flare

2212 701 2394 757 omnia
2417 702 2558 757 sicut
2586 699 2880 772 allegorice
2909 698 3134 756 retineri
3165 715 3180 752 :
3210 697 3285 753 ita
3313 705 3369 753 et
3390 696 3693 754 secundum
3720 696 3808 752 lit-

2213 804 2387 853 teram
2417 795 2664 867 exposita
2690 795 2951 851 custodiri
2978 793 3180 851 debent
3216 794 3270 848 in
3308 793 3571 849 moribus.
3602 791 3734 860 Quze
3762 790 3807 849 si

2211 889 2335 960 quis
2391 887 2948 959 irreprebensibiliter
3005 886 3367 952 custodierit,
3409 901 3517 941 non
3566 886 3744 941 solum
3778 900 3806 942 a

2211 982 2577 1038 commotione
2620 981 2817 1038 aeterni
2859 979 3060 1053 judicis
3100 994 3328 1037 securus
3356 979 3490 1047 erit,
3523 994 3713 1035 verum
3756 988 3807 1036 et

2211 1073 2374 1129 etiam
2402 1073 2580 1144 ipsum
2610 1080 2850 1128 montem
2872 1072 3398 1144 tabcrnaculumque
3422 1070 3654 1127 cteleste
3682 1086 3808 1143 pos-

2211 1168 2393 1225 sidere
2422 1167 2721 1224 merebitur
2750 1166 2804 1221 in
2848 1165 3067 1223 Christo
3112 1165 3241 1223 Jesu
3296 1165 3529 1222 Domino
3576 1174 3806 1225 nostro:

2211 1260 2300 1316 cui
2338 1267 2422 1315 est
2451 1258 2627 1314 honor
2654 1268 2711 1315 et
2736 1259 2907 1330 gloria
2940 1273 3068 1314 cum
3095 1268 3301 1316 :etcrno
3332 1259 3496 1316 Patre
3525 1265 3582 1315 et
3607 1256 3807 1329 Spiritu

2211 1359 2401 1409 sancto
2430 1352 2484 1408 in
2512 1352 2714 1409 saecula
2736 1351 3087 1408 s:eeulorum.
3122 1354 3319 1409 Amen.

2782 1483 3102 1543 PSALllUS
3139 1483 3257 1540 XV.

2212 1582 2378 1641 Tituli
2404 1580 2676 1655 inscriptio
2695 1582 2793 1655 ipsi
2819 1578 3013 1635 David.
3047 1579 3212 1635 Tituli
3240 1578 3524 1650 inscriptio
3547 1579 3602 1634 in
3633 1586 3804 1633 tuatu-

2285 1655 2374 1717 lis,
2406 1663 2463 1709 et
2492 1654 2545 1709 in
2569 1653 2857 1722 sepulcris
2886 1662 3000 1722 est,
3037 1666 3159 1723 quae
3190 1661 3528 1723 mortuorum
3580 1666 3810 1723 corpora

2287 1734 2494 1781 tenent.
2536 1724 2643 1780 Pro
2680 1739 2790 1795 quo
2816 1721 3007 1794 Aquila
3033 1721 3089 1778 et
3136 1721 3518 1795 Symmachus,
3567 1721 3810 1795 humilem

2288 1805 2336 1851 et
2381 1795 2665 1868 simplicem
2700 1794 3198 1868 immaculatumqtte
3236 1803 3576 1868 posuerunt:
3612 1794 3810 1868 signiti-

2290 1865 2773 1937 cantes'psalmum
2823 1866 2890 1920 ad
2940 1865 3213 1921 Christum
3263 1866 3485 1937 proprie
3540 1867 3812 1937 pertinere

2289 1936 2560 1995 dicentem
2594 1957 2609 1997 :
2644 1938 2846 1993 Discite
2877 1952 2906 1991 a
2952 1952 3041 1992 me
3065 1938 3189 2004 quia
3221 1936 3365 1991 mitis
3393 1952 3512 1991 sum
3553 1947 3613 1991 et
3646 1936 3812 1991 humi-

2288 2011 2359 2066 lis
2383 2009 2571 2079 cordc,
2613 2017 2669 2065 et
2707 2017 3026 2081 mansuetus
3065 2007 3282 2081 (Matth.
3320 2007 3726 2081 x1).4[‘salmus,
3759 2016 3814 2062 ut

2289 2082 2546 2150 diximus,
2578 2082 2722 2147 regis
2762 2079 2934 2135 nostri
2966 2079 3181 2145 vocem,
3227 2094 3390 2150 quam
3437 2079 3492 2135 in
3538 2087 3811 2150 assmnpto

2292 2152 2515 2209 homine
2534 2149 2781 2220 profert,
2812 2153 2932 2206 sine
2961 2149 3329 2207 diminutione
3369 2151 3570 2206 retinet
3599 2149 3811 2205 deitatis

2290 2226 2518 2279 missam
2568 2237 2598 2276 a
2656 2223 2839 2277 Patre.
2893 2222 3091 2289 David,
3147 2221 3199 2277 id
3251 2231 3354 2291 est,
3389 2222 3509 2291 ipse
3535 2220 3808 2277 Christus.

2290 2295 2398 2351 lste
2424 2295 2667 2366 psalmus
2695 2293 2762 2349 ad
2794 2294 3101 2363 passionem
3138 2294 3397 2364 pertinet.
3434 2292 3574 2366 Tres
3604 2301 3731 2348 sunt
3750 2293 3814 2347 ti-

2292 2365 2436 2433 tuli,’
2461 2365 2553 2436 qui
2598 2367 2955 2436 scribuntur:
2995 2380 3161 2436 unus,
3196 2379 3360 2434 super
3401 2365 3655 2436 tumulos
3671 2380 3811 2418 mor-

2290 2434 2504 2493 tuorum
2538 2454 2551 2490 :
2601 2436 2758 2503 alius,
2793 2436 2847 2489 in
2898 2434 3176 2490 liminibus
3206 2436 3463 2501 civitatis,
3496 2435 3584 2490 vel
3626 2434 3813 2491 domn-

2290 2525 2412 2564 rum
2438 2526 2451 2562 :
2481 2508 2700 2575 tertius,
2735 2508 2789 2563 iu
2819 2505 3044 2561 victoria
3077 2508 3243 2576 regis.
3279 2507 3377 2562 llic
3404 2521 3538 2576 ergo
3562 2505 3635 2561 de
3663 2505 3812 2561 titulo

2288 2578 2529 2635 victoria:
2552 2580 2695 2649 regis
2725 2578 2858 2634 dicit
2890 2594 2906 2634 :
2934 2576 3081 2633 sicut
3110 2578 3213 2634 iste
3260 2594 3357 2633 rex
3402 2577 3523 2645 fuit,
3581 2580 3687 2634 hoc
3735 2584 3812 2632 est

2290 2649 2563 2717 Christus,
2598 2661 2652 2705 et
2682 2650 2779 2705 fuit
2802 2652 3061 2720 scriptum
3086 2665 3251 2719 super
3277 2662 3443 2720 capu.
3481 2650 3603 2718 ejus
3630 2650 3683 2704 in
3726 2662 3814 2719 pa-

2291 2722 2421 2777 scha
2451 2732 2574 2793 post
2602 2722 2905 2793 vietoriam,
2934 2720 2985 2774 id
3013 2729 3118 2788 est,
3142 2720 3809 2793 postvictumdiabolum,

2289 2791 2573 2863 redenipto
2603 2791 2839 2849 humano
2866 2806 3089 2863 genere,
3125 2796 3296 2863 tribus
3338 2792 3545 2863 linguis
3578 2809 3593 2847 :
3629 2791 3680 2846 id
3707 2800 3808 2863 est,

2290 2861 2503 2931 Grmce,
2533 2863 2819 2930 llebraice,
2869 2861 2923 2918 et
2974 2862 3186 2918 Latine.
3232 2862 3385 2919 Unde
3414 2861 3471 2918 ει
3495 2862 3703 2919 Pilatus
3730 2861 3811 2917 di-

2288 2938 2408 2990 xit:
2448 2934 2603 3004 Quod
2627 2935 2845 3005 scripsi,
2879 2935 3094 3003 scripsi.
3134 2935 3200 2990 Et
3227 2936 3408 3005 posuit
3436 2948 3608 3005 super
3644 2941 3808 3001 caput

2289 3006 2461 3075 ipsius
2504 3020 2721 3061 causam
2747 3004 3021 3063 ’Christi:
3088 3005 3187 3062 llic
3213 3004 3296 3062 est
3343 3022 3437 3062 rex
3496 3004 3809 3062 Iudaeorum

2290 3077 2507 3149 (Matth.
2534 3077 2728 3149 xsvn).

505 3211 625 3269 Etsi
657 3228 765 3269 non
797 3221 990 3284 peccet
1018 3214 1141 3285 quis
1170 3227 1236 3269 eo
1260 3212 1403 3285 quod
1442 3221 1705 3286 quantum
1746 3211 1863 3279 dat,
1894 3218 2102 3266 tantum
2132 3205 2180 3270 C
2282 3210 2543 3269 Conserva
2572 3229 2674 3282 me,
2723 3211 2965 3284 Domine,
3005 3214 3254 3286 quoniam
3286 3215 3339 3269 in
3365 3226 3414 3270 te
3442 3217 3665 3287 speravi.
3698 3213 3811 3270 Vox

499 3305 740 3378 recipit:
778 3316 959 3364 tamen
988 3305 1260 3378 perfectio
1290 3322 1398 3363 non
1426 3314 1511 3364 est
1536 3326 1551 3364 :
1584 3306 1709 3378 quia
1739 3305 1946 3362 dictum
1973 3312 2061 3361 est
2089 3322 2103 3359 :

503 3399 723 3473 Frange
764 3400 1032 3459 esurienti
1064 3416 1261 3473 panem
1286 3410 1438 3457 tuum
1469 3399 1629 3475 (Isai.
1661 3400 1758 3470 ιι).
1794 3399 1865 3455 Ει
1894 3398 2106 3454 beatius

504 3495 795 3567 est-magis
823 3495 981 3562 dare,
1025 3510 1188 3566 quam
1228 3496 1478 3565 accipere
1508 3492 1650 3563 (Act.
1698 3494 1778 3559 x).
1812 3491 2107 3562 Usquequo

510 3587 580 3642 ad
624 3587 724 3643 ista
768 3586 1051 3659 pervenit,
1084 3586 1268 3641 minor
1296 3593 1382 3640 est
1409 3600 1439 3638 a
1490 3582 1842 3655 perfectione.
1889 3582 2102 3638 Aliter:

512 3679 749 3735 Pecunia
777 3678 994 3734 Domini
1020 3685 1105 3733 est
1123 3675 1441 3748 praedicatio
1471 3692 1485 3730 :
1539 3674 1695 3729 multi
1727 3674 1924 3729 nolunt
1957 3673 2104 3728 illaut

509 3772 740 3840 donare,
772 3772 819 3827 si
844 3769 1044 3828 exinde
1074 3767 1311 3840 pretium
1341 3783 1448 3823 non
1474 3767 1769 3838 recipiunt.
1806 3765 2015 3822 Tamen
2043 3765 2108 3820 li-

506 3877 596 3925 cet
624 3869 828 3926 victum
858 3875 914 3924 et
955 3867 1216 3922 vestitum
1247 3863 1317 3919 de
1359 3864 1479 3935 ipsa
1524 3861 1917 3934 praedicatione
1966 3860 2109 3916 acci-

504 3975 639 4033 pere
675 3960 839 4030 (sicut
878 3967 1100 4014 sanctus
1144 3955 1343 4013 Paulus
1390 3954 1588 4026 dicit):
1640 3954 1871 4025 amplius
1910 3954 2106 4010 exinde

503 4049 641 4106 nihil
687 4048 912 4114 habere,
963 4047 1105 4104 sicut
1152 4047 1322 4105 dicit:
1355 4046 1459 4115 Qui
1500 4046 1856 4117 Evangelium
1909 4044 2108 4116 prmdi-

511 4152 661 4212 cant,
693 4142 764 4198 de
794 4141 1090 4214 Evangelio
1118 4141 1305 4197 vivere
1335 4140 1380 4213 (1
1416 4141 1537 4197 Cor.
1587 4140 1690 4211 is).
1737 4140 1804 4194 Et
1840 4136 2106 4194 Dominus

508 4238 624 4294 ait:
660 4236 864 4307 Dignus
903 4244 988 4291 est
1031 4234 1320 4305 operarius
1350 4233 1473 4289 cibo
1503 4247 1604 4289 suo
1629 4231 1851 4304 (Matth.
1884 4230 1961 4303 x).
1998 4229 2105 4287 Sed

504 4327 597 4399 qui
632 4329 753 4399 plus
792 4326 1075 4398 requirere
1117 4325 1382 4392 voluerit,
1430 4327 1484 4381 in
1530 4340 1750 4381 usuram
1800 4330 2105 4395 reputatur.

504 4422 668 4479 Unde
696 4422 899 4479 Paulus
927 4420 1101 4478 dicit:
1141 4420 1201 4479 Si
1247 4421 1408 4477 vobis
1457 4420 1761 4492 spiritualia
1810 4420 2107 4475 seminavi-

505 4529 654 4582 mus,
687 4529 941 4585 magnum
972 4514 1129 4571 estsi
1155 4521 1336 4570 vestra
1358 4513 1601 4569 carnalia
1626 4521 1889 4569 metamus
1908 4511 1953 4584 (l
1981 4511 2103 4568 Cor.

2210 3303 2414 3362 Christi
2442 3306 2508 3361 ad
2552 3306 2775 3362 Patrem
2803 3306 2857 3362 in
2902 3308 3187 3377 passione,
3235 3307 3289 3364 in
3317 3322 3550 3380 persona
3578 3307 3813 3365 hominis

2210 3400 2497 3470 assumpti.
2548 3398 2629 3454 Ac
2684 3400 2730 3455 si
2780 3400 2971 3458 dicat:
3007 3401 3049 3454 Α
3083 3400 3276 3467 Patre,
3332 3416 3363 3455 a
3418 3417 3524 3472 quo
3560 3401 3729 3465 exivi,
3759 3399 3812 3454 in

2210 3493 2463 3563 passione
2484 3491 2759 3549 custodiar
2789 3511 2802 3548 :
2833 3493 2960 3565 quia
2990 3502 3047 3548 tu
3089 3508 3149 3548 es
3193 3508 3319 3564 spes
3364 3508 3507 3549 mea.
3542 3492 3673 3548 Dixi
3704 3491 3812 3546 Do-

2209 3583 2374 3650 mino,
2401 3583 2543 3638 Deus
2573 3599 2717 3638 meus
2745 3600 2796 3639 es
2827 3592 2900 3640 tu.
2932 3583 3184 3640 Ostendit
3208 3600 3267 3641 se
3299 3585 3577 3641 hominem
3620 3585 3674 3640 in
3720 3583 3817 3637 hu-

2209 3676 2441 3732 militate
2494 3677 2698 3746 carnis,
2746 3691 2869 3733 eum
2920 3679 3147 3748 aequalis
3194 3678 3265 3733 sit
3316 3678 3369 3732 in
3425 3676 3817 3750 omnipotentia

2209 3771 2555 3842 majestatis:
2596 3772 2724 3841 quia
2750 3772 2796 3826 si
2841 3771 3092 3840 dixisset,
3139 3772 3402 3826 Dominus
3444 3787 3599 3829 meus
3624 3790 3686 3829 es
3720 3782 3814 3829 tu:

2211 3863 2409 3920 Filium
2440 3865 2705 3919 minorem
2757 3863 3217 3931 demonstrasset,
3274 3864 3489 3920 Patrem
3522 3866 3814 3936 majorem.

2210 3953 2505 4027 Propterea
2536 3954 2717 4011 dixit:
2747 3953 2873 4029 Dixi
2910 3951 3157 4024 Domino,
3206 3954 3349 4011 Deus
3404 3972 3546 4009 meus
3601 3972 3656 4010 es
3711 3965 3765 4010 tu
3804 3971 3821 4011 :

2208 4050 2334 4120 quia
2364 4048 2416 4102 in
2445 4047 2729 4104 divinitate
2759 4047 2987 4119 :equalis
3016 4055 3102 4104 est
3151 4046 3322 4104 Patri.
3376 4048 3515 4114 Quia
3562 4047 3815 4102 bonorum

2209 4157 2437 4196 meorum
2462 4156 2568 4195 non
2592 4140 2817 4213 indiges.
2843 4138 3106 4196 Eamdem
3135 4140 3334 4197 lineam
3365 4150 3421 4196 et
3460 4142 3514 4195 in
3546 4140 3653 4197 Job
3682 4140 3817 4196 SCI‘i-

2211 4242 2356 4306 ptam
2390 4234 2646 4306 legimus.
2678 4232 2821 4302 Quid
2852 4233 3101 4306 prodeSt,
3137 4235 3183 4289 si
3231 4244 3287 4289 tu
3314 4233 3613 4306 simplicem
3648 4233 3812 4289 facias

2209 4328 2353 4384 viam
2385 4329 2573 4384 tuam?
2602 4327 2869 4385 Universa
2901 4329 3064 4400 igitur
3089 4328 3233 4384 bona
3264 4344 3386 4401 qua:
3428 4329 3691 4386 Dominus
3728 4342 3811 4382 se-

2209 4422 2446 4479 cundum
2479 4421 2709 4478 formam
2737 4422 2881 4478 servi
2905 4422 2956 4478 iu
2985 4435 3154 4478 carne
3181 4409 3547 4479 monstravit:
3574 4437 3683 4478 non
3715 4421 3809 4476 Pa-

2210 4515 2283 4573 tri
2311 4524 2566 4589 prosunt,
2595 4516 2692 4572 sed
2723 4515 2913 4589 generi
2953 4516 3212 4571 humano.
3253 4515 3515 4583 Quoniam
3562 4515 3805 4570 bonorum

502 4607 628 4678 ix)?
668 4605 747 4663 Ac
774 4607 821 4664 si
853 4606 1000 4663 dicat
1032 4625 1043 4661 :
1094 4605 1215 4663 Non
1267 4614 1352 4662 est
1397 4621 1650 4678 magnum
1699 4604 1966 4661 adversus
2013 4604 2107 4662 illa
2134 4597 2185 4657 D
2211 4626 2441 4666 meorum
2467 4626 2573 4665 non
2593 4626 2731 4683 eges.
2768 4610 2879 4666 Vox
2913 4606 3139 4664 Chrisd.
3173 4609 3307 4676 Quae
3331 4618 3460 4665 sunt
3483 4608 3627 4664 bona
3649 4605 3804 4665 Chri-

505 4700 814 4773 spiritualia
830 4717 952 4773 quae
971 4701 1131 4758 vobis
1160 4702 1552 4757 annuntiamus
1576 4718 1589 4755 :
1622 4701 1897 4757 [labentes
1923 4709 2106 4756 autem

506 4798 739 4863 victum,
774 4797 859 4853 his
895 4797 1139 4853 contenti
1176 4797 1347 4851 simus
1380 4794 1427 4869 (Ι
1476 4794 1610 4852 Tim.
1644 4793 1745 4867 vi).
1770 4795 1921 4853 Sicut
1960 4795 2106 4850 enim

508 4900 739 4957 visibilis
760 4898 988 4971 pecunia
1013 4898 1327 4971 prohibetur
1345 4896 1412 4953 ad
1436 4911 1654 4953 usuram
1677 4895 1818 4966 dari,
1847 4910 1914 4953 ne
1938 4896 1985 4953 is
2014 4897 2107 4966 qui

504 5000 838 5070 commodat,
867 5000 1037 5073 magis
1066 5000 1304 5071 spoliet:
1337 4999 1408 5054 ita
1443 5006 1500 5055 et
1529 4998 1755 5055 verbum
1797 4997 1916 5065 Dei,
1961 4998 2106 5070 quod

508 5112 596 5160 est
640 5118 837 5176 magna
871 5102 1121 5176 pecunia,
1156 5117 1266 5159 non
1308 5110 1512 5159 tantum
1544 5101 1802 5159 divitibus
1844 5103 1938 5174 qui
1983 5117 2108 5174 pas-

505 5214 641 5262 cunt
668 5217 725 5264 et
751 5215 1064 5277 munerant,
1090 5221 1283 5263 verum
1309 5207 1472 5262 etiam
1504 5205 1874 5279 indigentibus
1902 5217 1957 5263 et
1978 5222 2111 5278 pau-

504 5308 732 5379 peribus
750 5309 921 5380 gratis
947 5308 1109 5366 debet
1134 5308 1397 5366 insinuari
1430 5325 1444 5364 :
1479 5308 1709 5365 Domino
1738 5309 1817 5365 sic
1844 5308 2063 5366 dicente
2092 5328 2104 5363 :

507 5406 697 5463 Gratis
722 5408 1032 5479 accepistis,
1064 5408 1233 5480 gratis
1272 5407 1397 5465 date
1426 5407 1647 5483 (Matth.
1680 5409 1759 5481 x).
1797 5408 1865 5465 Et
1892 5425 2108 5466 munera

500 5525 662 5581 super
691 5511 1015 5564 innocentem
1044 5526 1149 5566 non
1185 5511 1407 5583 accepit,
1441 5519 1503 5566 nt
1528 5527 1636 5567 non
1665 5511 1993 5569 conturbent
2012 5512 2103 5583 ju-

502 5609 706 5667 dicium
751 5609 1023 5678 veritatis,
1073 5626 1297 5669 munera
1329 5611 1643 5669 offerentes.
1676 5612 1745 5668 Et
1795 5612 1996 5670 aliter:
2030 5611 2108 5669 Ne

501 5708 699 5765 similis
722 5708 878 5767 ludas
898 5709 1198 5768 efficiatur:
1224 5715 1339 5784 qui,
1360 5722 1583 5786 accepto
1607 5716 1817 5787 argenti
1838 5714 2102 5786 pondere,

499 5807 744 5865 vendidit
770 5815 1137 5873 innocentem.
1171 5814 1323 5871 Sient
1350 5815 1611 5888 propheta
1645 5817 1778 5874 dicit
1813 5836 1826 5873 :
1864 5818 1967 5886 Qui
2002 5834 2104 5875 exe

2213 4704 2325 4760 Sli?
2350 4702 2463 4760 lloe
2505 4711 2612 4768 est,
2646 4702 2972 4769 incarnatio,
3020 4701 3222 4772 passio,
3260 4704 3611 4770 resurrectio,
3642 4712 3697 4757 et
3725 4713 3805 4754 re-

2213 4798 2453 4870 demptio
2484 4808 2693 4854 neStra.
2728 4796 2821 4852 Vel
2844 4796 3002 4851 aliter
3032 4812 3046 4849 :
3084 4794 3235 4851 Belia
3273 4805 3422 4862 sunt,
3453 4795 3580 4852 coeli
3610 4804 3666 4853 et
3689 4805 3800 4867 qua:

2213 4893 2271 4950 in
2292 4889 2373 4947 eis
2401 4897 2551 4957 sunt,
2597 4898 2651 4944 et
2680 4896 2824 4945 terra
2854 4887 3019 4955 bona,
3060 4896 3115 4943 et
3156 4902 3279 4959 quae
3311 4887 3364 4944 in
3395 4902 3459 4945 ea
3498 4897 3647 4956 sunt,
3688 4898 3798 4958 qua:

2216 4985 2359 5042 Deus
2386 4983 2610 5040 creavit.
2642 4982 2772 5038 Haec
2818 4981 2981 5038 Pater
3014 4996 3116 5038 nec
3146 4993 3432 5054 postquam
3473 4980 3618 5038 facta
3660 4985 3795 5043 sunt,

2214 5076 2443 5146 indiguit
2475 5092 2489 5130 :
2520 5090 2622 5132 nec
2662 5083 2845 5131 antea.
2876 5072 2979 5130 ista
3014 5073 3161 5130 Patri
3192 5089 3303 5131 non
3342 5083 3470 5131 sunt
3515 5089 3676 5146 opus,
3704 5082 3794 5129 nec

2215 5168 2553 5225 necessaria.
2580 5167 2686 5224 Sed
2717 5167 2841 5223 cui?

2284 5262 2495 5320 Sanctis
2522 5264 2611 5335 qui
2634 5265 2691 5319 in
2720 5273 2860 5319 terra
2886 5271 3006 5318 sunt
3027 5265 3164 5337 ejus.
3194 5261 3315 5319 Istis
3337 5264 3454 5319 haec
3479 5263 3661 5320 omnia
3680 5264 3793 5318 sunt

2210 5359 2543 5415 necessaria.
2575 5355 2643 5412 In
2670 5368 2806 5415 terra
2836 5367 2957 5413 sunt
2984 5361 3118 5431 ejus,
3170 5358 3222 5413 id
3273 5368 3377 5429 est,
3426 5357 3480 5414 in
3532 5355 3788 5416 Ecclesia.

2210 5450 2509 5521 Hiriﬁcavit
2542 5466 2719 5506 omnes
2760 5449 3056 5506 voluntates
3082 5466 3204 5505 suas
3229 5451 3362 5505 inter
3385 5450 3523 5506 illos.
3553 5449 3787 5506 Christus

2209 5558 2308 5615 per
2334 5550 2554 5601 sanctos
2574 5558 2704 5601 suos
2730 5544 3000 5618 mysteria
3032 5558 3129 5600 sua
3160 5543 3474 5601 mirificavlt
3503 5563 3516 5600 :
3548 5544 3651 5601 hoc
3674 5546 3785 5597 cst:

2209 5638 2595 5709 magnillcavit.

2280 5726 2647 5801 Multiplicatw
2672 5739 2790 5786 sunt
2822 5732 3148 5803 inﬁrmitates
3191 5749 3370 5788 eorum
3396 5749 3417 5788 :
3446 5742 3619 5804 postea
3653 5742 3785 5786 acre-

2206 5819 2511 5877 lerarerunt.
2545 5822 2752 5880 Gentes
2796 5822 2865 5879 de
2905 5823 3102 5897 quibus
3146 5839 3287 5881 nunc
3334 5824 3628 5882 Ecclesium
3667 5837 3782 5877 ευειδ
