3980 6328
171 331 265 388 857

165 463 320 527 grege
369 467 383 505 :

164 549 325 601 Dcutn
352 545 675 602 naturaliter
703 555 994 602 noverant.
1023 546 1131 604 Sed
1161 555 1453 620 postquam
1483 549 1753 620 multipli-

164 649 277 698 cata
304 648 429 696 sunt
457 639 627 708 idola,
656 640 802 712 quod
833 639 1190 712 Septuaginta
1218 642 1551 713 inﬁrmitates
1582 643 1753 700 inter-

161 734 352 809 pretati
379 743 509 789 sunt
541 750 553 788 :
584 733 963 806 relinquentes
988 750 1074 804 ea,
1108 735 1174 792 ad
1200 751 1287 792 me
1311 735 1602 795 celerrime
1625 747 1755 796 sunt

162 827 389 884 reversi.

234 920 351 976 Non
370 921 694 994 congregabo
717 921 1070 978 conventicula
1093 938 1273 977 eorum
1295 923 1359 979 de
1382 924 1747 995 sanguinibus.

165 1014 293 1084 Quia
317 1013 619 1085 spiritualis
664 1022 750 1070 est
796 1014 991 1086 religio
1045 1015 1172 1072 novi
1221 1015 1585 1073 TeSIamenti.
1638 1015 1753 1071 Nec

161 1124 345 1163 memor
370 1123 460 1162 ero
487 1106 756 1161 nominum
783 1123 961 1163 eorum
992 1125 1082 1177 per
1115 1109 1254 1165 labia
1297 1126 1430 1165 mea.
1479 1110 1753 1166 Mutamur

160 1201 349 1272 quippe
378 1201 431 1255 in
474 1200 691 1257 lavacro
724 1218 738 1255 :
767 1209 824 1257 et
863 1216 931 1258 ex
980 1202 1106 1258 ﬁliis
1152 1203 1460 1270 hominum,
1492 1218 1752 1261 vocamur

161 1295 278 1355 Filii
311 1295 426 1350 Dei.
463 1294 580 1350 Nec
604 1310 800 1350 memor
853 1311 940 1352 ero
983 1297 1254 1352 nominum
1284 1313 1461 1353 eorum
1491 1313 1585 1373 per
1611 1296 1752 1352 labia

160 1406 284 1444 utea.
309 1387 423 1443 Vox
452 1387 684 1445 Christi.
706 1387 818 1445 Nec
841 1404 1054 1445 memor
1081 1404 1179 1446 ero
1206 1391 1436 1446 istorum
1467 1390 1748 1461 apostolo-

159 1497 270 1537 rum
303 1483 607 1548 nominum,
660 1498 784 1554 qua:
830 1482 982 1553 prius
1029 1491 1157 1539 ante
1205 1483 1368 1540 ﬁdem
1422 1484 1750 1548 habuerunt,

157 1575 362 1647 quando
390 1575 775 1632 inﬁdelitatem
823 1576 1153 1635 habuerunt.
1202 1575 1299 1633 llla
1337 1592 1448 1633 non
1492 1575 1752 1633 recorda-

157 1665 248 1723 hor
277 1685 291 1721 :
321 1667 445 1740 quia
472 1668 855 1726 crescentibus
885 1669 1122 1739 meritis,
1154 1668 1378 1725 nomina
1405 1669 1591 1725 addita
1622 1679 1751 1725 sunt

157 1775 311 1828 nova,
339 1762 483 1818 sicut
507 1762 812 1834 Abraham,
841 1763 987 1821 sicut
1014 1776 1070 1820 et
1094 1765 1253 1833 Sara,
1289 1764 1431 1820 sicut
1472 1764 1661 1831 Petro,
1693 1776 1749 1820 et

157 1856 397 1927 reliquis,
428 1858 554 1928 quia
589 1869 752 1914 antea
774 1860 917 1916 servi
939 1860 1176 1931 peccati,
1206 1859 1300 1915 sed
1330 1868 1518 1930 postea
1549 1860 1741 1916 amici:
1775 1848 1824 1910 Β
1850 1871 1935 1917 est
1974 1862 2224 1920 mundus.
2271 1863 2451 1920 Aliter
2498 1882 2511 1918 :

156 1950 283 2006 sicut
314 1951 579 2007 Dominus
619 1952 803 2008 dixit:
855 1953 975 2009 Jam
1006 1968 1115 2009 non
1161 1952 1336 2010 dicam
1382 1968 1481 2009 vos
1529 1968 1742 2021 servos,

155 2040 243 2097 sed
284 2044 486 2099 amicos
514 2040 706 2116 (Joan.
749 2044 865 2117 xv).
912 2044 980 2101 Et
1021 2053 1246 2101 sanctus
1292 2044 1493 2101 Paulus
1539 2044 1742 2115 fuerat,

155 2134 356 2205 quando
378 2135 603 2193 dicebat
632 2154 646 2192 :
686 2137 911 2194 Fuimus
938 2138 1234 2210 aliquando
1260 2148 1315 2195 et
1358 2154 1457 2196 nos
1487 2140 1660 2207 stulti,
1690 2149 1745 2197 et

156 2227 411 2285 increduli
457 2230 607 2286 sicut
646 2240 703 2286 et
747 2232 969 2300 caeteri;
1019 2231 1115 2289 sed
1169 2231 1601 2288 misericordiam
1646 2232 1743 2289 Dei

157 2323 414 2378 consecuti
446 2338 642 2380 sumus
670 2323 802 2394 (Tit.
854 2324 961 2399 ιιι).
1014 2326 1086 2381 Ει
1136 2329 1332 2383 iterum
1369 2345 1380 2381 :
1423 2326 1531 2384 Sed
1570 2326 1743 2383 abluti

158 2412 307 2481 estis;
337 2414 431 2471 sed
453 2417 785 2473 sanctiﬁcati
824 2419 957 2473 estis
987 2418 1030 2490 (l
1058 2416 1177 2473 Cor.
1209 2418 1307 2489 νι).

221 2503 464 2563 Dominus
485 2526 615 2579 pars
640 2509 958 2566 Itwreditatis
986 2527 1132 2567 mete.
1175 2510 1287 2567 Vox
1316 2510 1516 2569 Christi
1546 2512 1613 2569 ad
1636 2513 1742 2569 Pa-

162 2605 303 2655 trem.
332 2600 638 2660 itzereditas
678 2602 907 2671 Christi,
940 2604 1189 2661 Ecclesia
1223 2614 1328 2672 est,
1380 2614 1437 2663 et
1484 2606 1744 2663 Dominus

160 2702 235 2750 est
259 2710 380 2767 pars
408 2700 667 2771 corporis
691 2700 798 2756 sui.
842 2700 950 2757 Pro
992 2709 1148 2773 parte
1193 2702 1430 2759 hominis
1478 2702 1743 2773 assumpti

161 2785 313 2844 dicit:
345 2790 467 2863 quia
498 2793 602 2850 ille
642 2796 861 2866 accepit
890 2795 958 2851 de
1003 2805 1194 2853 nostro
1225 2796 1641 2865 humanitatem,
1689 2808 1744 2854 et

162 2895 252 2937 nos
280 2883 345 2940 de
371 2901 469 2943 suo
500 2887 1001 2947 immortalitatem.
1042 2890 1112 2946 Et
1160 2894 1342 2949 salicis
1386 2896 1507 2950 mei.
1557 2895 1742 2961 Quare

160 2971 283 3031 dixit
304 2976 527 3036 calicem
557 2979 582 3035 ?
609 2980 745 3049 Quia
796 2999 893 3055 per
930 2984 1158 3041 calicem
1207 2985 1404 3057 accipit
1444 2986 1741 3057 unusquis-

160 3079 254 3136 que
271 3067 422 3139 juxta
448 3087 768 3130 mensuram
803 3093 814 3129 :
844 3076 940 3132 sed
968 3076 1219 3133 Christus
1246 3077 1541 3149 plusquam
1571 3094 1743 3134 mem-

160 3159 244 3215 bra
276 3178 364 3221 sua
397 3186 408 3220 :
443 3179 502 3224 ut
532 3168 616 3223 ait
655 3168 855 3226 Paulus
890 3190 902 3224 :
954 3170 1058 3240 Qui
1109 3179 1194 3228 est
1244 3174 1641 3245 primogenitus
1686 3174 1739 3230 in

969 323 1399 384 BREVIARIUM
1441 322 1506 383 IN
1545 326 1880 386 PSlLMOS.
1934 327 2183 389 PSALM.
2229 327 2323 387 XV
2379 328 2467 387 ET
2524 330 2663 389 XVI.

429 458 721 523 antequam
777 450 921 508 idola
969 466 1159 508 eorum
1216 451 1715 524 multiplicarentur
1738 493 1754 521 ,
1782 458 1833 519 Α
1861 453 2034 526 gratia
2060 468 2245 510 coram
2278 454 2391 511 Deo
2419 462 2477 511 et
2500 453 2814 514 hominibus
2842 456 2997 530 (Luc.
3027 455 3110 531 it).
3150 457 3379 530 Insuper
3406 467 3455 513 et

3345 335 3452 393 8338

1858 563 2020 620 usque
2048 548 2118 601 ad
2140 557 2339 604 noctem
2369 548 2735 622 increpuerunt
2764 567 2843 605 me
2868 566 3014 607 renes
3043 551 3164 607 mei.
3196 551 3450 617 Noctem,

1856 649 2072 713 tempus
2094 642 2362 714 signiﬁcat
2388 642 2660 714 passionis
2692 661 2707 696 :
2734 644 2789 699 itt
2817 659 2927 717 quo
2958 644 3207 701 interiori
3235 643 3451 701 erudita

1855 745 1940 794 est
1966 736 2253 793 divinitate
2275 738 2512 793 humana
2543 737 2832 810 fragilitas.
2866 736 3093 813 Insuper
3118 747 3168 795 et
3201 736 3454 810 usquead

1854 837 2055 884 noctem
2084 830 2449 898 increpuerunt
2475 847 2555 886 me
2575 847 2721 886 renes
2744 831 2864 887 mei.
2895 829 3303 888 Delectationes
3332 845 3452 889 car-

1853 924 2006 980 nales
2033 933 2161 979 tuuc
2190 939 2278 980 me
2300 925 2609 995 increpant,
2637 925 2856 997 quando
2884 923 3016 981 mihi
3061 932 3366 997 suggerunt
3393 931 3453 979 ut

1853 1033 2099 1091 peccem,
2129 1021 2350 1092 quando
2379 1021 2688 1078 delectatur
2717 1037 2868 1079 caro.
2899 1021 3009 1079 Sed
3033 1022 3133 1079 nisi
3168 1033 3227 1080 tu
3253 1021 3451 1080 fuisses

1853 1127 1884 1168 a
1911 1112 2138 1180 dextris,
2174 1113 2403 1170 forsitan
2433 1113 2763 1170 iutirmarer.

1926 1201 2273 1259 Providebam
2331 1203 2617 1260 Dominum
2660 1206 2715 1260 in
2761 1215 3031 1279 conspectu
3069 1224 3183 1263 meo
3225 1223 3450 1279 semper.

1852 1295 2027 1352 Filius
2058 1297 2300 1364 Patrem,
2351 1297 2601 1354 Ecclesia
2640 1296 2937 1354 Christum.
2973 1298 3229 1366 Quoniam
3266 1316 3299 1354 a
3324 1299 3452 1355 dex—

1853 1389 1946 1444 tris
1987 1399 2062 1444 est
2100 1389 2231 1444 mihi
2268 1405 2331 1445 ne
2360 1404 2699 1445 commoveor.
2746 1390 2827 1447 Ac
2855 1390 2901 1446 si
2935 1388 3083 1447 dicat
3111 1407 3124 1445 :
3158 1390 3214 1448 Si
3254 1400 3309 1446 tu
3342 1405 3451 1447 non

1849 1482 2048 1540 fuisses
2080 1484 2360 1553 adextris,
2397 1483 2627 1541 forsitan
2671 1491 2981 1542 commotus
3026 1499 3205 1542 essem
3233 1485 3302 1542 de
3344 1484 3451 1544 ﬁde

1850 1576 1918 1633 ad
1945 1576 2353 1647 inﬁdelitatem,
2375 1576 2446 1634 de
2475 1578 2622 1634 bono
2651 1577 2717 1633 ad
2748 1577 2970 1635 malum.

1924 1667 2152 1741 Propter
2198 1670 2295 1725 hoc
2323 1670 2554 1725 (celatum
2598 1679 2674 1726 est
2703 1686 2795 1725 eor
2841 1686 3033 1737 meum,
3068 1677 3173 1727 etc.
3220 1669 3453 1741 Propter

1851 1769 2317 1826 resurrectionem
2348 1770 2566 1827 laetatus
2585 1784 2733 1834 sum,
2757 1768 2887 1841 quia
2919 1782 3017 1840 per
3038 1782 3161 1825 eam
3183 1767 3449 1824 liberatus

2563 1862 2790 1933 Propter
2829 1861 2929 1917 hoc
2965 1861 3199 1917 laetatum
3248 1869 3324 1917 est
3358 1875 3450 1917 cor

1850 1970 2039 2023 meum,
2073 1965 2122 2009 et
2151 1955 2433 2011 exsultavit
2452 1956 2641 2028 lingua
2664 1970 2801 2010 mea.
2836 1953 3071 2025 Propter
3100 1953 3266 2021 istud,
3301 1951 3447 2024 quod

1849 2065 1938 2107 me
1968 2051 2217 2123 adjuvas,
2241 2066 2338 2108 cor
2365 2067 2547 2108 meum
2591 2051 2835 2118 laetatur,
2866 2050 3048 2121 lingua
3096 2062 3218 2105 mea
3247 2045 3447 2119 praedi-

1847 2152 1958 2200 cat.
1979 2142 2207 2215 Insuper
2226 2153 2274 2201 et
2292 2163 2414 2201 caro
2435 2162 2548 2200 mea
2568 2146 2847 2216 requiescet
2864 2144 2918 2198 in
2945 2159 3055 2214 spe.
3081 2142 3196 2199 Vox
3218 2139 3444 2197 Christi.

1847 2239 1957 2296 Pro
1988 2253 2223 2310 persona
2251 2238 2504 2309 corporis
2530 2235 2825 2308 requiescit
2849 2235 2906 2291 in
2934 2248 3051 2307 spe.
3075 2232 3156 2290 Ae
3185 2232 3231 2288 si
3259 2231 3442 2288 dicat:

1849 2330 2122 2400 Ecclesia,
2148 2347 2271 2401 qum
2302 2338 2388 2386 est
2412 2343 2541 2385 caro
2567 2343 2711 2396 mea,
2741 2326 2906 2383 modo
2932 2325 3229 2398 requiescit
3248 2322 3302 2379 in
3323 2337 3442 2393 spe.

1849 2425 1907 2481 Id
1936 2433 2041 2488 est,
2067 2426 2119 2481 in
2147 2440 2246 2496 spe
2288 2422 2721 2482 resurrectionis
2752 2439 2766 2479 :
2797 2419 2974 2476 utubi
3013 2426 3181 2490 caput
3208 2430 3448 2490 prmces-

1849 2520 1942 2585 sit,
1974 2519 2223 2576 membra
2255 2527 2579 2591 sequantur.

1923 2614 2186 2680 Quoniam
2213 2630 2314 2669 non
2345 2613 2671 2685 derelinques
2696 2611 2926 2665 animam
2946 2624 3113 2664 meam
3134 2608 3188 2662 in
3216 2607 3443 2678 inferno.

1850 2707 1975 2764 Non
2001 2708 2322 2781 derelinques
2354 2725 2372 2763 :
2402 2708 2531 2780 quia
2559 2717 2851 2779 propterea
2880 2703 3011 2761 illuc
3049 2700 3356 2765 descendit,
3386 2707 3446 2755 ιιι

1847 2800 2055 2857 electos
2100 2815 2235 2856 suos
2273 2798 2475 2857 exinde
2520 2799 2768 2870 ejiceret,
2813 2806 2869 2854 et
2900 2795 3180 2853 diabolum
3225 2795 3445 2865 ligaret.

1849 2893 2105 2950 Diabolus
2145 2903 2309 2948 antea
2350 2906 2413 2948 se
2458 2891 2641 2946 taliter
2665 2889 2940 2959 iactabat,
2982 2896 3039 2943 ut
3066 2887 3250 2943 omnia
3278 2900 3444 2957 regna

1847 2984 2039 3040 mundi
2087 2983 2342 3052 haberet,
2389 2981 2485 3038 sed
2514 2980 2677 3037 modo
2709 2995 2817 3035 non
2844 2980 3022 3035 solum
3069 2977 3220 3034 illum
3252 2985 3445 3034 tenere

1847 3092 1956 3134 non
1991 3075 2187 3147 potuit,
2219 3073 2319 3131 sed
2351 3074 2578 3144 potiusa
2607 3071 2826 3127 Christo
2857 3071 3055 3141 ligatus
3090 3070 3436 3140 perhibetur.

1848 3167 1963 3224 Nec
1993 3166 2141 3221 dabis
2169 3174 2409 3221 sanctum
2446 3174 2595 3220 tuum
2636 3163 2806 3217 ridere
2848 3162 3249 3235 corruptionem.
3296 3161 3445 3229 Quo-

159 3258 329 3314 multis
356 3258 624 3319 fratribus
650 3263 829 3337 (Rom.
861 3262 1003 3337 vm).
1036 3266 1119 3322 Tu
1149 3284 1203 3322 es
1242 3269 1332 3340 qui
1372 3242 1606 3325 restitues
1633 3269 1740 3324 Ita:-

1853 3260 2009 3317 modo
2051 3259 2185 3315 dicit
2213 3277 2223 3312 :
2253 3258 2370 3315 Non
2411 3256 2566 3314 dabis
2604 3255 2795 3312 videre
2826 3255 3232 3325 corruptionem
3263 3270 3278 3307 :
3311 3252 3440 3308 dum

158 3351 409 3411 reditatem
439 3373 613 3412 meam
640 3356 787 3412 mihi.
819 3358 933 3415 lloc
958 3370 1038 3417 est
1066 3360 1210 3432 quod
1239 3362 1293 3417 in
1323 3362 1617 3432 Evangelio
1645 3361 1742 3418 di—

159 3445 288 3501 citur
323 3466 333 3502 :
367 3448 543 3507 Nemo
572 3453 722 3507 venit
747 3451 815 3508 ad
858 3468 970 3520 me,
1000 3453 1107 3509 nisi
1136 3454 1300 3511 Pater
1330 3470 1484 3511 meus
1515 3456 1742 3512 traxerit

157 3552 266 3596 eum
294 3542 356 3598 ad
393 3558 452 3600 se
480 3543 675 3616 (Joan.
715 3545 815 3619 vt).
847 3545 1159 3604 Secundum
1191 3547 1497 3617 historiam,
1534 3546 1738 3605 Christi

158 3633 426 3694 lia-reditas
450 3639 637 3697 Judzei
683 3640 923 3708 fuerunt,
974 3640 1043 3697 ad
1088 3656 1225 3713 quos
1274 3640 1522 3719 Chrisms
1567 3642 1737 3698 venit.

157 3724 253 3784 Sed
283 3740 405 3789 tunc
432 3732 705 3805 dissipata
735 3744 839 3800 est,
883 3734 1098 3805 quando
1139 3751 1263 3791 eum
1304 3736 1734 3796 cruciﬁxerunt:

158 3818 241 3875 sed
277 3825 602 3881 restituetur
634 3826 686 3880 itt
728 3825 938 3893 futuro,
984 3841 1107 3883 cum
1161 3828 1442 3899 plenitudo
1491 3831 1737 3901 gentium

155 3910 546 3973 subintraverit.
580 3916 752 3974 Aliter
784 3936 797 3972 :
831 3918 1103 3975 Restituet
1132 3921 1277 3977 Deus
1303 3921 1466 3978 Pater
1503 3921 1738 3979 hazredi-

157 4013 303 4062 tatem
330 4008 560 4077 Christi,
589 4010 809 4082 quando
848 4014 1058 4069 electos
1104 4028 1255 4082 suos,
1286 4029 1489 4085 corpus
1529 4025 1735 4072 sancta:

157 4092 397 4158 Ecclesia:
440 4103 508 4159 ad
551 4103 702 4160 illam
734 4104 1106 4175 integritatem
1153 4107 1461 4174 attraxerit,
1507 4116 1569 4162 ut
1615 4116 1737 4178 post

155 4197 601 4254 resurrectionem
632 4198 875 4271 acceptis
913 4199 1241 4271 corporibus
1268 4201 1406 4269 suis,
1431 4200 1737 4271 incorrupti

155 4291 203 4337 et
224 4284 553 4347 immortales
579 4290 767 4347 vivant
798 4307 812 4347 :
843 4290 971 4363 quia
1003 4292 1151 4348 illaut
1176 4293 1643 4352 immortalitatem
1676 4294 1729 4350 in

155 4376 312 4435 Adam
350 4383 730 4454 perdiderunt.

219 4470 389 4531 Funes
434 4478 727 4534 ceciderunt
773 4477 898 4534 mihi
943 4479 996 4533 in
1037 4478 1328 4552 praetoris.
1367 4481 1428 4536 In
1486 4483 1733 4554 optimis.

158 4563 259 4622 Pro
283 4582 391 4625 uno
436 4569 626 4637 Israel,
672 4571 912 4628 universi
942 4571 1094 4628 orbis
1134 4571 1511 4629 haereditatem
1543 4588 1735 4631 consc-

1845 3359 1977 3415 alibi
2009 3358 2142 3415 dicit
2170 3377 2184 3414 :
2215 3357 2351 3427 Quae
2392 3357 2603 3413 utilitas
2643 3356 2695 3412 in
2730 3355 2998 3427 sanguine
3031 3369 3159 3411 meo
3189 3354 3316 3410 dum
3348 3353 3444 3410 de-

1843 3453 2113 3510 scendero
2139 3453 2192 3509 in
2223 3451 2631 3523 corruptionem
2665 3448 2839 3523 (Psat.
2871 3447 3041 3519 xxv)?
3065 3447 3185 3504 Non
3220 3446 3290 3503 de
3316 3461 3444 3503 coro

1844 3548 2097 3619 ruptione
2123 3547 2377 3618 corporis
2403 3543 2610 3602 Christi
2644 3544 2698 3600 in
2727 3542 2981 3615 sepulcro
3009 3540 3182 3609 dicit;
3243 3540 3340 3597 sed
3368 3540 3437 3597 de

1842 3650 2172 3699 czeterorum
2208 3650 2549 3697 sanctorum.

1916 3738 2086 3795 Notas
2115 3738 2246 3793 mihi
2290 3738 2458 3809 fecisti
2487 3737 2596 3792 uias
2623 3735 2760 3790 citw.
2796 3734 2913 3791 Vox
2954 3732 3151 3804 capitis
3188 3746 3289 3804 pro
3319 3746 3443 3788 cor-

1842 3848 1997 3906 pore.
2026 3832 2144 3888 Viae
2164 3830 2315 3898 vitae,
2343 3829 2597 3885 mandata
2629 3826 2837 3885 Christi
2863 3833 2993 3882 sunt
3029 3842 3042 3880 :
3075 3833 3133 3881 ut
3172 3825 3440 3895 scriptum

1839 3931 1965 3980 est:
2009 3922 2071 3981 Si
2097 3923 2180 3977 vis
2204 3922 2272 3978 ad
2296 3923 2461 3977 vitam
2485 3920 2731 3992 ingredi,
2759 3934 2914 3974 serva
2960 3917 3216 3973 mandata
3256 3916 3439 3991 (Matt.

1840 4015 1977 4089 xIx).
2005 4014 2327 4086 Adimplebis
2351 4031 2434 4069 me
2473 4012 2656 4068 thitia
2684 4026 2803 4066 cum
2833 4008 2980 4065 vultu
3021 4019 3131 4064 tuo.
3159 4007 3314 4065 Tunc
3336 4008 3442 4063 erit

1839 4109 1999 4181 plena
2023 4108 2234 4174 lmtitia,
2271 4123 2395 4163 cum
2426 4106 2723 4161 adunatum
2759 4103 2925 4159 fuerit
2949 4117 3150 4174 corpus
3181 4101 3441 4158 Ecclesim

1838 4204 1894 4260 in
1929 4219 2155 4275 regnum
2203 4202 2301 4258 Dei
2342 4219 2356 4256 :
2396 4201 2504 4257 hoc
2553 4209 2658 4265 est,
2708 4214 2834 4255 cum
2876 4196 3166 4254 tradiderit
3211 4209 3438 4267 regnum

1842 4298 1955 4353 Deo
1994 4297 2141 4353 Patri
2188 4310 2332 4352 suo:
2359 4303 2493 4351 tunc
2519 4295 2625 4352 erit
2658 4294 2800 4350 Deus
2841 4293 3025 4348 omnia
3071 4290 3129 4347 in
3161 4288 3437 4346 omnibus.

1838 4386 2220 4444 Delectationes
2254 4388 2311 4443 in
2339 4388 2550 4444 dextera
2575 4396 2665 4441 tua
2694 4401 2856 4457 usque
2892 4385 2951 4440 in
2982 4384 3159 4454 finem.
3195 4383 3434 4440 Dextera

1836 4481 2037 4549 Patris,
2066 4480 2242 4537 Filius
2270 4491 2377 4537 est.
2414 4479 2705 4535 Delectatio
2730 4479 2846 4534 vita
2871 4487 3079 4533 (eterna:
3104 4478 3159 4531 in
3185 4476 3399 4533 dextera
3423 4491 3444 4531 :

1839 4573 1890 4628 id
1923 4581 2042 4643 est,
2088 4574 2140 4628 in
2194 4573 2561 4644 prosperitate
2586 4587 2708 4642 quae
2752 4571 2897 4626 Filio
2936 4570 3098 4626 datur
3136 4587 3153 4627 :
3194 4587 3355 4641 usque
3385 4571 3438 4624 in

158 4669 322 4716 cutus.
351 4662 532 4721 Funes
552 4663 607 4721 in
631 4665 955 4722 hmreditate
974 4664 1174 4721 dantur
1206 4685 1218 4720 :
1248 4666 1377 4737 quia
1398 4665 1544 4737 quod
1573 4666 1728 4737 dixit,
1763 4638 1816 4699 D
1841 4666 1997 4737 ﬁnem
2060 4679 2125 4720 ae
2146 4638 2380 4731 si'dica—t,
2411 4664 2530 4719 sine
2556 4638 2697 4719 ﬁne:
2724 4663 2852 4734 quia
2881 4662 3008 4717 ﬁnis
3031 4662 3167 4733 legis
3189 4638 3441 4719 Christus

154 4754 433 4812 ceciderunt
474 4757 602 4813 milii
628 4759 684 4813 in
713 4759 1004 4832 prteclaris,
1040 4759 1377 4815 tantumdem
1425 4768 1530 4824 est,
1578 4775 1642 4815 ac
1684 4762 1730 4816 si

154 4841 308 4913 dicat,
340 4848 395 4904 in
435 4850 783 4921 patriarchis,
818 4858 878 4907 et
905 4850 1188 4923 pr0phetis
1222 4862 1388 4923 atque
1418 4853 1683 4923 apostolis
1714 4871 1728 4908 :

151 4937 230 4992 vel
253 4954 621 5014 quoscumque
645 4942 997 5000 advocaverit
1025 4943 1211 5014 Pater,
1255 4941 1507 5000 Christus
1537 4959 1728 5002 secum

152 5031 355 5102 recipit.
405 5033 697 5107 Propterea
725 5037 894 5107 dixit,
929 5037 984 5093 in
1035 5038 1304 5111 prwctaris
1330 5078 1347 5106 ,
1390 5039 1595 5096 sanctis
1641 5038 1728 5096 vel

155 5124 428 5191 apostolis.

221 5216 523 5277 Benedicam
560 5223 842 5282 Dominum
876 5228 967 5298 qui
1006 5226 1189 5285 tribuit
1227 5226 1354 5282 mihi
1392 5226 1731 5297 intellectum,

156 5305 261 5365 Vox
291 5315 480 5384 capitis
522 5330 640 5375 cum
672 5319 954 5377 membris.
982 5320 1202 5377 Trihuit
1249 5320 1594 5378 intellectum
1617 5322 1731 5378 dis-

153 5408 401 5464 cernendi
448 5411 589 5468 inter
626 5415 827 5472 bonum
869 5426 925 5472 et
952 5417 1153 5472 malum
1181 5434 1195 5473 :
1225 5416 1371 5474 inter
1419 5434 1642 5474 sensum
1675 5427 1732 5475 et

150 5492 372 5557 litteram
401 5521 416 5558 :
450 5503 594 5562 inter
621 5508 786 5564 Deum
817 5517 875 5565 et
904 5509 1210 5580 proximum
1249 5528 1261 5565 :
1295 5510 1439 5567 inter
1467 5510 1642 5567 lucem
1671 5520 1731 5567 et

154 5590 418 5651 tenebras.
447 5596 759 5657 Benedicant
781 5601 1066 5658 Dominum
1088 5604 1179 5675 qui
1197 5605 1328 5659 mihi
1356 5604 1537 5660 tribuit
1567 5605 1727 5660 intel-

153 5682 347 5742 lectum.
369 5688 469 5756 Qui
491 5694 755 5761 sapientia
781 5696 877 5753 Dei
896 5706 1005 5763 est,
1024 5712 1133 5752 non
1154 5695 1354 5771 indiget
1374 5699 1487 5769 ipsa
1513 5697 1728 5770 sapien-

154 5774 222 5829 tia
252 5795 266 5833 :
295 5778 391 5835 sed
413 5784 709 5842 secundum
738 5787 867 5843 illud
892 5788 1268 5859 accipiendum
1298 5791 1441 5862 quod
1475 5793 1528 5846 in
1553 5791 1728 5847 Evan-

152 5867 285 5934 Bclio
322 5871 520 5931 dicitur
554 5877 747 5937 :Jcsus
794 5880 1113 5950 proﬁciebat
1146 5890 1329 5952 aetate,
1373 5883 1640 5956 sapientia
1668 5896 1725 5940 et

1840 4768 1921 4816 est
1943 4758 2010 4813 ad
2032 4757 2302 4829 justitiam
2334 4756 2486 4812 omni
2513 4756 2757 4812 credenti
2792 4772 2807 4811 :
2835 4756 2961 4827 quia
2986 4754 3272 4826 plenitudo
3300 4755 3439 4825 legis

1837 4853 2110 4918 cbaritas,
2140 4862 2196 4909 et
2238 4851 2360 4906 ﬁnis
2407 4850 2668 4922 praecepti
2697 4850 2961 4906 eharitas.
2993 4850 3171 4904 Aliter
3204 4865 3220 4903 :
3254 4847 3438 4903 Delec-

1836 4947 2057 5002 tationes
2097 4946 2153 5001 in
2191 4946 2401 4999 dextera
2444 4952 2532 4999 tua
2562 4960 2722 5015 usque
2749 4944 2803 4997 in
2831 4943 3005 5013 ﬁnem.
3042 4942 3098 4998 In
3136 4941 3225 4997 illa
3255 4940 3438 4997 delec-

1838 5040 1986 5097 tabili
2017 5038 2258 5110 potentia
2292 5047 2381 5094 tua
2411 5053 2514 5109 qua
2546 5046 2723 5094 tecum
2752 5034 2928 5092 sancti
2974 5043 3100 5090 sunt
3131 5034 3434 5105 regnaturi,

1837 5148 1960 5205 quae
1985 5133 2138 5188 nullo
2157 5131 2266 5186 ﬁne
2287 5130 2664 5187 concluditur.
2686 5129 2844 5187 Unde
2868 5142 2967 5186 eos
2987 5127 3355 5200 deprecamur
3379 5136 3439 5182 ut

1836 5227 1906 5284 ah
1928 5226 2013 5282 his
2045 5240 2390 5298 nequaquam
2411 5224 2698 5297 disjuneti,
2720 5224 2767 5280 si
2796 5239 2906 5280 non
2938 5237 3222 5278 meremur
3245 5220 3435 5278 vestiri

1834 5320 2031 5393 gloria,
2064 5335 2173 5374 non
2202 5317 2558 5375 excludamur
2584 5333 2614 5374 a
2648 5319 2828 5375 venia.
2856 5317 2977 5373 Tibi
3013 5325 3100 5373 est
3131 5315 3278 5372 enim
3306 5329 3433 5370 cum

1832 5422 2039 5469 aeterno
2083 5412 2243 5469 Patre
2271 5419 2326 5468 et
2355 5410 2564 5483 Spiritu
2601 5421 2794 5468 sancto
2841 5411 3016 5467 honor
3058 5417 3115 5466 et
3161 5408 3338 5482 gloria
3379 5407 3432 5464 in

1831 5505 2030 5564 saecula
2058 5503 2402 5561 saeculorum.
2438 5502 2637 5560 Amen.

2383 5640 2700 5701 PSALMUS
2740 5639 2884 5697 XVI.

1829 5740 2034 5799 Sextus
2053 5737 2296 5796 decimus
2323 5738 2563 5805 psalmus
2583 5736 2883 5793 orationem
2908 5732 3155 5792 continet
3185 5746 3430 5805 personae

1904 5810 2207 5883 Dominice
2228 5804 2523 5883 coniuncto
2553 5807 2659 5883 sibi
2682 5821 2933 5880 corpore,
2961 5806 3103 5883 quod
3132 5804 3434 5883 estEccle-

1901 5884 2000 5940 sia.
2057 5881 2241 5939 Oratio
2289 5876 2481 5939 David.
2532 5880 2613 5939 Ad
2646 5890 2757 5938 tres
2782 5876 3051 5953 personas
3083 5876 3426 5950 intelligitur.
