4034 6304
576 262 682 320 859

1364 250 1712 317 APPENDIX
1752 250 1844 307 AD
1881 245 2129 305 TOMIJM
2167 241 2520 305 εειδτιιιυιι
2560 240 2622 297 S.
2662 234 3079 303 HIERONYHI.

3763 233 3866 289 86)

651 381 779 439 "me
807 378 981 437 oratio
1012 377 1064 430 in
1093 380 1324 451 quatuor
1353 368 1578 451 psalmis
1609 367 1862 451 habetur.
1896 364 2000 451 iste
2021 359 2169 434 psal-
2199 359 2251 431 Α
2277 357 2361 412 vis
2404 354 2601 411 durum
2632 353 2881 408 videatur
2910 365 3032 441 esse
3056 349 3123 407 ad
3154 360 3377 425 sanctos
3426 355 3649 420 propter
3674 363 3868 421 corpo-
3938 362 3941 365 '

646 434 769 507 mus
797 434 1048 505 cantatur
1077 434 1141 500 εἴ(
1176 434 1405 512 persona
1437 439 1865 512 Christi‘cttntra
1900 434 2118 512 Jud_a‘.os
2151 449 2165 486 :

622 505 703 578 ἐἰ
752 505 818 576 ex
864 533 1094 588 persona
1150 505 1621 588 i‘:CCi85i33_COtlll'_a
1653 506 1960 588 llzt'relicqs:
1989 505 2171 571 Expo-

650 577 785 651 ttuut
814 577 1048 648 llcbrtni.
1081 586 1220 657 quod
1248 584 1468 657 quando
1494 584 1759 657 psalmum
1787 577 1953 657 David
1984 585 2170 633 canta-

650 666 747 731 vit,
781 662 903 734 quia
934 660 1070 716 dixit
1098 650 1114 712 ἶ
1146 650 1380 734 Exaudi,
1416 650 1654 718 Domine,
1679 650 2170 734 justitiantmeam:

690 721 749 789 ro
795 721 907 800 ipsa
942 721 1374 800 prtesutnptione
1402 740 1507 800 qua
1542 739 1602 778 se
1631 721 1879 800 ciattdiri
1933 736 2029 791 pro
2073 733 2170 772 sua

650 795 861 878 iustitia
877 795 1139 873 jactabat,
1172 795 1458 853 cecidisset
1482 795 1537 850 in
1565 797 1794 850 crimen.

2275 454 2447 510 ralem
2478 451 2915 513 tribulatiOnem,
2948 435 3128 504 tamen
3158 463 3325 503 suave
3355 455 3443 502 est
3474 463 3487 499 :
3519 446 3641 517 quia
3670 445 3869 502 habent

2273 563 2426 627 spem
2453 547 2581 602 vita:
2607 554 2830 604 internae
2863 562 2874 598 :
2911 543 3005 599 Vel
3049 543 3212 598 aliter
3243 560 3258 598 :
3287 540 3512 609 Propter
3536 539 3685 594 verba
3707 538 3870 594 labio-

2274 659 2393 701 rum
2433 649 2637 695 tuorum
2683 656 2774 712 ego
2796 637 3052 693 custodivi
3098 636 3207 692 vias
3247 635 3433 690 duras.
3486 636 3566 690 Ac
3591 633 3636 689 si
3679 634 3868 689 dicat:

2275 735 2498 792 Timens
2523 732 2707 789 futura
2737 731 3024 802 supplicia,
3054 746 3174 801 qua:
3206 727 3348 799 legis
3380 727 3871 799 transgressoribus

2277 823 2645 880 comminatus
2673 837 2755 891 es,
2785 822 2941 876 duris
2967 836 3052 881 me
3085 820 3366 876 laboribus
3395 816 3642 885 exercui,
3670 828 3725 875 et
3751 818 3874 873 sub-

656 897 898 964 Exaudi,
943 894 1193 961 Domine,
1235 893 1498 966 justitiam
1548 907 1734 946 meam.
1778 889 1938 946 Juxta
1988 884 2171 957 LXX,
2272 917 2603 990 jecicnrpus
2627 884 2823 971 “0",”,
2852 915 3139 991 potestati.

584 992 722 1046 Deus
742 989 986 1064 justitiaa,
1017 987 1099 1043 vel
1132 986 1274 1040 Deus
1300 985 1479 1055 justus
1509 994 1719 1038 natura.
1751 981 1910 1048 Nam,
1940 981 2174 1047 Exaudi,

585 1080 745 1146 Deus,
769 1082 1034 1154 justitiam
1076 1088 1102 1118 ο
1134 1095 1295 1133 meam
1336 1095 1355 1132 :
1387 1077 1473 1131 hic
1516 1091 1745 1147 persona
1787 1075 1988 1131 Christi
2018 1075 2177 1129 datur

582 1173 834 1241 intelligi.
869 1170 1097 1237 Exaudi,
1126 1168 1282 1233 Deus,
1307 1168 1574 1243 justitiam
1599 1183 1764 1221 meant
1795 1181 1816 1222 :
1841 1181 1943 1220 vox
1970 1163 2173 1221 Christi

584 1266 636 1321 in
674 1266 945 1335 passione,
995 1271 1049 1317 ct
1092 1277 1194 1317 vos
1245 1260 1505 1316 Ecclesia:
1552 1261 1605 1314 in
1655 1258 2025 1314 tribulatione.
2076 1257 2174 1313 Vel

578 1360 851 1432 justitiam
893 1358 1027 1413 dicit
1071 1355 1321 1411 Ecclesia
1354 1368 1535 1422 suam,
1562 1365 1618 1409 et
1660 1368 1769 1409 non
1814 1367 1998 1408 suam:
2035 1349 2177 1417 Quid

582 1452 768 1526 [Fort.
795 1450 952 1523 quia]
981 1465 1154 1519 suam,
1184 1452 1228 1504 si
1256 1449 1447 1519 implet
1491 1449 1739 1504 mandata
1782 1449 1878 1505 Dei
1910 1448 1962 1503 in
1985 1464 2175 1517 opere.

584 1545 702 1602 Non
744 1559 898 1599 suam
931 1562 943 1597 :
976 1544 1098 1614 quia
1132 1558 1162 1597 a
1195 1542 1307 1599 Deo
1339 1542 1522 1609 datur,
1575 1559 1681 1596 non
1729 1558 1759 1596 a
1796 1556 1877 1597 se.
1932 1540 2176 1609 Exaudi,

587 1638 748 1703 Deus,
791 1638 1056 1712 justitiam
1082 1653 1250 1691 meant
1275 1652 1294 1691 :
1321 1634 1445 1705 quia
1477 1636 1570 1689 tibi
1622 1651 1792 1706 usque
1839 1635 1904 1689 ad
1944 1645 2179 1690 mortem

581 1730 846 1786 obcdiens
875 1730 970 1785 fui.
999 1727 1225 1784 Intende
1248 1729 1664 1801 deprecationem
1687 1742 1873 1782 meam.
1912 1726 2179 1782 Differcn-

587 1826 660 1879 tia
711 1833 797 1879 est
840 1824 983 1879 inter
1028 1825 1332 1879 orationem
1374 1829 1431 1877 et
1479 1819 1947 1892 deprecationem.
1988 1820 2179 1876 Oratio

586 1904 902 1972 sanctorum
930 1923 1014 1971 est
1044 1928 1141 1985 pro
1171 1914 1405 1979 devotis,
1439 1921 1497 1968 ιιι
1527 1921 1877 1983 perseverent
1920 1911 1973 1965 in
2009 1913 2178 1968 bono.

590 2009 935 2079 Deprecatio,
976 2022 1074 2079 pro
1118 2004 1354 2077 peccatis
1379 2006 1529 2074 suis,
1566 2003 1654 2059 Vel
1692 2005 1947 2059 aliorum.
1991 2002 2181 2059 Totius

586 2114 672 2162 est
699 2104 1033 2176 deprecatio.

658 2198 882 2252 Auribus
905 2196 1114 2270 percipe
1145 2196 1431 2250 orationem
1470 2209 1659 2247 meam.
1694 2190 1808 2246 [Ioc
1852 2199 1960 2258 est,
1993 2189 2046 2243 in
2076 2187 2183 2244 hoc

594 2289 743 2361 quod
790 2302 956 2359 rogo,
985 2287 1203 2342 auribus
1254 2287 1456 2357 percipe
1496 2285 1779 2338 orationem
1828 2298 2015 2337 meam.
2052 2281 2185 2337 Orat

592 2382 740 2437 enim
782 2394 887 2436 non
915 2378 1204 2434 diminutio
1237 2377 1477 2444 deitatis,
1522 2374 1620 2431 sed
1651 2374 1942 2430 inﬁrmitas
1975 2374 2184 2430 carnis.

593 2473 718 2529 Non
740 2474 795 2526 in
818 2472 968 2526 labiis
992 2470 1210 2525 dolosis.
1240 2468 1346 2525 Sed
1378 2484 1474 2540 per
1503 2467 1799 2540 puritatem
1828 2481 1951 2539 qua
1978 2466 2074 2522 tibi
2100 2476 2186 2523 est

594 2566 815 2637 placita.

662 2658 740 2714 De
769 2657 1018 2713 vultutuo
1036 2656 1301 2731 judicium
1319 2672 1491 2711 meum
1518 2656 1754 2729 prodeat.
1782 2654 1900 2713 Non
1932 2654 1987 2710 in
2019 2652 2185 2712 labiis

591 2752 822 2809 dolosis.
847 2754 925 2807 Ac
948 2752 994 2807 si
1021 2750 1170 2807 dicat
1199 2769 1214 2807 :
1250 2750 1454 2805 Exaudi
1487 2750 1794 2805 orationem
1828 2763 2028 2814 meam,
2054 2748 2186 2819 quia

591 2863 656 2905 ex
680 2856 797 2904 toto
815 2846 982 2903 corde
1006 2860 1107 2901 oro
1131 2863 1144 2899 :
1171 2861 1279 2901 non
1300 2844 1444 2900 sicut
1465 2843 1546 2900 illi
1571 2844 1663 2915 qui
1688 2844 1742 2899 in
1772 2842 1930 2899 labiis
1953 2842 2185 2908 dolosis,

592 2941 717 3010 quia
749 2938 893 2994 aliud
928 2941 1246 3010 loquuntur,
1279 2947 1333 2993 et
1359 2937 1510 2992 aliud
1544 2936 1746 2992 habent
1773 2937 1825 2991 itt
1853 2933 2043 3002 corde,
2072 2934 2189 2990 sive

597 3033 866 3100 haeretici,
896 3031 1008 3087 sive
1045 3031 1239 3087 Judaei.
1288 3029 1366 3086 De
1406 3031 1555 3085 vultu
1602 3038 1691 3084 tuo
1716 3029 1981 3104 judicium
2022 3042 2190 3083 meum

2350 1009 2555 1080 Perﬁce
2580 1026 2789 1084 gressus
2819 1026 2959 1064 meos
2989 1008 3041 1062 in
3070 1007 3267 1063 semitis
3319 1007 3441 1060 tuis.
3472 1005 3675 1063 Sensus
3726 1019 3874 1061 meos

2280 1105 2334 1159 in
2364 1103 2638 1159 mandatis
2670 1102 2778 1159 tuis
2805 1102 3024 1174 perfice.
3060 1101 3177 1156 Vox
3207 1100 3495 1159 Ecclesim.
3545 1098 3681 1167 Quia
3706 1113 3737 1151 a
3769 1098 3876 1152 Deo

2280 1206 2365 1253 est
2408 1196 2674 1275 incipere,
2705 1206 2759 1251 ct
2805 1211 2836 1251 a
2878 1195 2989 1251 Deo
3035 1202 3120 1251 est
3151 1196 3326 1250 ﬁnire.
3360 1194 3627 1257 Gressus,
3661 1205 3872 1248 sensus.

2286 1289 2353 1345 Ut
2381 1307 2483 1344 non
2515 1297 2815 1344 moveantur
2838 1288 3056 1358 vestigia
3076 1304 3210 1342 mea.
3240 1286 3323 1342 Ab
3356 1285 3443 1340 his
3481 1299 3713 1355 quorum
3745 1281 3876 1338 moti

2282 1393 2412 1439 sunt
2442 1381 2609 1453 pedes
2639 1397 2654 1435 :
2685 1381 2739 1436 id
2770 1391 2876 1443 cst.
2906 1381 3238 1451 quicumque
3267 1379 3409 1435 male
3447 1378 3717 1434 fecerunt.

2356 1472 2469 1546 Ego
2496 1472 2742 1543 clamavi,
2778 1485 2884 1529 etc.
2916 1473 3099 1542 Quare
3126 1471 3290 1541 dixit,
3320 1471 3579 1526 clamavi?
3602 1469 3736 1539 Quia
3761 1483 3881 1525 crc-

2281 1566 2417 1622 didit
2439 1581 2538 1643 per
2562 1565 2750 1621 ﬁdem:
2775 1573 3061 1636 propterea
3086 1564 3243 1632 dixit,
3262 1562 3379 1639 Ego
3401 1565 3642 1619 clamaui.
3670 1562 3875 1617 Inclina

2284 1679 2461 1717 aurem
2501 1670 2643 1716 tuam
2698 1660 2851 1728 mihi,
2905 1671 3014 1716 etc.
3073 1659 3330 1716 Christus
3372 1674 3562 1715 aurem
3616 1658 3873 1726 inclinat,

2211 1761 2254 1827 Β
2282 1756 2500 1830 quando
2519 1755 2777 1812 exaudire
2798 1754 3078 1826 dignatur.
3106 1754 3211 1811 Per
3231 1753 3652 1809 similitudinem
3677 1752 3876 1808 inﬁrmi

2282 1858 2460 1919 rogat,
2488 1849 2578 1919 qui
2622 1848 2676 1902 in
2720 1846 2867 1902 lectu
2896 1856 3005 1915 est,
3036 1854 3095 1901 ut
3125 1846 3314 1902 veniat
3343 1845 3611 1914 medicus,
3643 1856 3691 1899 et
3724 1852 3879 1900 sanet

2283 1940 2626 1996 inﬁrmitates
2654 1954 2802 1995 suas.
2847 1939 2938 1995 Sic
2985 1947 3236 2010 etgcnus
3266 1937 3563 1993 humanum
3606 1937 3875 1992 inﬁrmum

2284 2043 2404 2088 erat
2432 2050 2447 2089 :
2476 2031 2693 2105 quando
2716 2031 2938 2103 jacebat
2991 2031 3043 2087 in
3074 2032 3216 2087 lecto
3248 2048 3261 2086 :
3293 2031 3348 2086 id
3400 2041 3480 2087 est
3535 2031 3589 2085 in
3639 2040 3877 2102 peccato.

2284 2125 2530 2195 Rogabat
2559 2133 2619 2179 ut
2644 2123 2859 2184 veniret
2881 2138 3046 2178 verus
3076 2124 3343 2191 medicus,
3378 2122 3469 2194 qui
3499 2131 3585 2177 est
3626 2122 3877 2178 Christus

2286 2218 2337 2277 in
2366 2232 2554 2283 carne,
2587 2225 2643 2273 et
2666 2228 2884 2272 sanaret
2915 2216 3208 2287 languores
3240 2230 3389 2271 suos.

2361 2308 2587 2379 Mirifica
2615 2308 3007 2363 misericordias
3031 2317 3163 2372 tuos,
3192 2306 3436 2371 Domine.
3472 2318 3581 2364 etc.
3612 2305 3882 2380 Numquid

2287 2408 2443 2456 antea
2476 2415 2583 2456 non
2631 2398 2850 2455 fuerant
2878 2400 3216 2456 miriﬁcatae?
3262 2400 3368 2455 Sed
3400 2408 3530 2455 tunc
3573 2396 3883 2454 miriﬁcavit

2290 2492 2693 2549 misericordias
2736 2506 2867 2546 snas
2899 2511 2912 2546 :
2941 2492 3159 2563 quando
3207 2508 3305 2563 per
3340 2502 3562 2547 sanctos
3608 2489 3888 2563 apostolos

2288 2593 2345 2641 ct
2372 2575 2594 2639 san'ctos
2624 2599 2753 2639 suos
2785 2582 3134 2639 inﬁrmitates
3166 2583 3418 2639 curabat.

2363 2678 2406 2731 Α
2435 2676 2792 2732 resistentibus
2839 2678 3069 2731 dextera:
3121 2684 3242 2731 tute.
3276 2674 3470 2731 Salvos
3503 2671 3635 2728 iacis
3664 2687 3692 2726 a
3724 2671 3885 2728 resis-

2291 2771 2529 2826 tentibus
2567 2770 2809 2825 dexterae
2852 2777 2957 2823 tua:
2988 2767 3313 2836 tripliciter:
3346 2766 3646 2830 daemones,
3675 2766 3878 2822 Deum:

2291 2863 2489 2929 Judaei,
2520 2860 2798 2917 Christum
2831 2881 2843 2915 :
2871 2860 3139 2927 haeretici,
3176 2860 3503 2916 Ecclesiam.
3537 2859 3753 2914 Custodi
3781 2873 3882 2926 me,

2297 2955 2556 3023 Domine,
2600 2965 2659 3009 ut
2695 2955 2950 3027 pupillam
2989 2952 3148 3008 oculi.
3203 2952 3321 3009 Vox
3361 2952 3640 3007 Ecclesiae.
3692 2950 3887 3006 Oculus

2295 3050 2623 3123 intelligitur
2672 3063 2873 3119 corpus
2911 3047 3207 3114 Ecclesite,
3254 3055 3311 3103 et
3356 3044 3561 3116 pupilla
3617 3044 3888 3099 humilitas

597 3127 837 3197 prodeat,
866 3141 969 3180 non
994 3126 1048 3179 in
1074 3125 1227 3180 labiis
1250 3124 1465 3179 dolosis.
1490 3122 1609 3179 Vox
1633 3123 1836 3179 Christi
1858 3120 1927 3178 ad
1950 3122 2189 3214 Patrem.
2219 3130 2264 3201 ς
2296 3120 2523 3214 (λεπίδιί
2570 3157 2673 3212 ρει.
2694 3142 2849 3212 cuius
2876 3140 3196 3213 exemplum
3242 3139 3498 3204 vivimus,
3531 3148 3584 3194 et
3623 3137 3886 3192 videmus.

596 3219 731 3288 Quia
761 3220 852 3291 qtti
888 3218 1029 3275 labia
1060 3218 1266 3274 habent
1295 3217 1504 3285 dolosa,
1536 3232 1624 3272 me
1649 3215 1914 3286 iudicant,
1945 3213 2039 3271 sed
2064 3213 2191 3270 illos

599 3322 655 3368 ιιι
700 3314 885 3381 iudica
930 3313 983 3368 iu
1026 3311 1230 3367 futuro.
1278 3310 1547 3381 Pmpbeta
1598 3325 1706 3364 non
1760 3306 2036 3382 optando,
2093 3306 2191 3363 sed

599 3403 1005 3473 pronuntiando
1033 3403 1186 3459 dicit.
1220 3402 1332 3458 Hoc
1363 3403 1605 3458 03tendit
1633 3400 1778 3470 quod
1820 3401 2065 3455 [acturus
2108 3406 2195 3455 est

602 3498 866 3553 Dominus
910 3497 963 3552 in
1010 3497 1239 3565 judicio.
1293 3493 1448 3549 Oculi
1492 3494 1592 3548 mei
1628 3491 1836 3553 videant
1873 3492 2191 3564 aequitatem.

599 3588 751 3645 Oculi
792 3589 1014 3656 Christi,
1054 3589 1227 3644 sancti
1271 3588 1683 3657 prtedicatores.
1725 3585 1962 3650 rideant,
2007 3584 2058 3640 id
2085 3592 2191 3650 est,

601 3684 925 3754 intelligant,
957 3681 1293 3751 aequitatem,
1328 3682 1380 3736 id
1407 3689 1515 3747 εει,
1541 3677 1929 3750 a-qualitalem,
1959 3684 2020 3735 ut
2035 3676 2194 3748 juSIi-

601 3778 731 3835 tiattt
764 3792 922 3847 quam
954 3775 1274 3845 praedicant,
1305 3788 1473 3845 opere
1502 3773 1787 3846 impleant.

677 3869 922 3925 Probasti
948 3885 1041 3924 cor
1068 3885 1261 3930 nteant.
1292 3866 1456 3934 Deus,
1485 3877 1533 3922 et
1573 3866 1793 3922 visitasti
1815 3874 1987 3921 nocte.
2016 3862 2197 3920 Etiam

606 3967 658 4018 in
709 3964 972 4033 angu~tiis
1001 3978 1087 4017 me
1118 3962 1357 4031 probasti
1388 3980 1402 4019 :
1430 3963 1554 4031 quia
1604 3962 1804 4028 tristis,
1853 3970 1913 4015 et
1961 3958 2115 4013 velut
2142 3956 2197 4014 in

603 4054 838 4124 quadam
892 4067 1142 4124 pressura
1186 4070 1308 4109 sum
1350 4053 1527 4109 noctis
1578 4052 1905 4109 tenebrosae.
1957 4047 2199 4109 Probasti

602 4163 693 4201 cor
729 4164 917 4210 meum,
970 4146 1128 4202 Deus.
1186 4148 1303 4204 Vos
1331 4146 1537 4204 Christi
1562 4146 1629 4201 ad
1660 4145 1903 4200 Patrem.
1947 4140 2197 4199 Probastl

602 4238 876 4294 Christum
903 4240 956 4296 itt
988 4239 1263 4308 passione,
1309 4248 1364 4295 et
1390 4236 1767 4294 Ecclesiamin
1812 4233 2196 4295 tribulatione.

606 4332 741 4403 Igne
761 4348 842 4387 me
886 4332 1212 4387 exanimasti.
1240 4331 1293 4387 ld
1320 4341 1424 4396 est,
1460 4346 1560 4400 per
1588 4330 1761 4400 ipsam
1796 4329 2200 4385 tribulationem

607 4437 826 4499 peccata
851 4441 967 4480 mea
1000 4424 1318 4481 confudisti.
1352 4424 1421 4480 Et
1454 4441 1558 4479 non
1589 4435 1661 4480 est
1681 4425 1888 4479 inventa
1911 4424 1966 4480 in
1995 4439 2074 4478 me
2098 4423 2205 4479 ini-.-

2296 3238 2409 3296 Hoc
2450 3237 2721 3308 supplicat
2748 3234 3022 3301 Ecclesia,
3049 3242 3111 3289 ut
3139 3234 3312 3304 possit
3345 3233 3495 3290 illam
3529 3233 3887 3288 humilitatem

2296 3329 2598 3385 observare
2628 3343 2787 3396 quam
2810 3325 3069 3381 Christus
3097 3324 3304 3381 docuit.
3335 3323 3471 3393 Quia
3520 3324 3563 3379 si
3595 3340 3690 3394 per
3719 3320 3885 3392 pupil-

2297 3423 2405 3479 lam
2455 3437 2564 3477 non
2615 3419 2921 3476 custoditur
2941 3418 3153 3487 oculus,
3185 3432 3525 3488 nequaquam
3559 3415 3726 3470 videt.
3758 3412 3891 3480 Quia

2296 3515 2440 3570 oculi
2485 3511 2875 3583 pra'dicatores
2917 3510 3320 3574 intelliguntur.
3366 3525 3463 3580 per
3495 3510 3751 3579 pupillam
3773 3522 3891 3562 sen-

2299 3623 2394 3663 sus
2441 3605 2763 3678 spiritualis.
2798 3605 2912 3659 lioc
2955 3612 3112 3673 rogat
3159 3617 3356 3672 corpus
3392 3601 3597 3657 CltriSti
3645 3616 3767 3671 quae
3810 3606 3892 3653 est

2299 3694 2567 3759 Ecclesia,
2612 3701 2675 3748 ut
2716 3693 3057 3747 custodiatur
3098 3704 3296 3745 sensus
3340 3690 3777 3758 praedicatorum,
3807 3684 3891 3758 qui
3986 3710 3987 3771 ι

2300 3797 2386 3845 est
2410 3786 2639 3842 oculus:
2678 3799 2748 3839 ne
2772 3783 3019 3852 rapiatur
3047 3782 3100 3835 in
3136 3779 3460 3834 inﬁdelitate
3491 3781 3892 3837 haereticorum.

2375 3881 2484 3939 Sub
2549 3879 2738 3934 umbra
2782 3876 2991 3931 alarum
3030 3883 3240 3928 tuarum
3280 3880 3492 3946 protege
3538 3890 3637 3927 me.
3694 3874 3893 3930 Umbra

2303 3975 2519 4031 duabus
2546 3972 2712 4028 rebus
2741 3974 2959 4026 constat
2991 3985 3005 4023 :
3034 3968 3244 4023 lumine
3291 3975 3344 4021 et
3372 3980 3632 4041 corpore.
3675 3966 3785 4023 Per
3823 3968 3896 4021 lu-

2303 4082 2451 4135 men,
2474 4062 2735 4121 divinitas
2768 4082 2783 4116 :
2812 4075 2912 4131 per
2939 4074 3170 4130 corpus,
3200 4057 3518 4114 ltumanitas
3554 4057 3892 4131 intelligitur.

2304 4159 2462 4216 Unde
2493 4166 2549 4213 et
2569 4154 2748 4211 Mariae
2771 4153 2970 4209 dicitur
3000 4169 3018 4210 :
3042 4151 3281 4223 Spiritus
3303 4159 3528 4206 sanctus
3554 4151 3894 4222 superveniet
3986 4148 3987 4167 ‘

2305 4252 2358 4308 in
2407 4258 2483 4315 te,
2513 4260 2567 4305 et
2598 4248 2773 4302 virtus
2805 4245 3068 4301 Altissimi
3094 4222 3452 4302 robumbrabit
3504 4245 3599 4299 tibi
3636 4243 3788 4319 (Luc.
3831 4242 3889 4312 t).

2304 4345 2419 4404 Sub
2448 4347 2547 4400 ista
2591 4343 2778 4397 umbra
2811 4349 3035 4411 protege
3065 4354 3173 4403 me,
3220 4347 3277 4394 ιιι
3308 4353 3394 4394 me
3425 4353 3534 4393 non
3570 4339 3747 4408 rapiat
3773 4337 3890 4392 mil-

2305 4451 2428 4491 vus.
2462 4435 2529 4490 Et
2573 4433 2676 4489 sub
2702 4432 2914 4489 duabus
2958 4431 3439 4487 Testamentorum
3490 4431 3592 4485 alis
3638 4449 3651 4485 :
3695 4430 3745 4485 id
3795 4437 3889 4491 est,

606 4519 797 4588 quitus.
816 4517 885 4574 Ut
904 4535 1007 4573 non
1019 4516 1260 4589 loquatur
1274 4537 1331 4574 os
1347 4534 1516 4574 meum
1533 4534 1689 4588 opera
1703 4515 1994 4573 hominum.
2011 4514 2190 4585 Qualis

2312 4529 2552 4599 ipsorum
2596 4525 2863 4581 doctrinis
2892 4524 3087 4595 quibus
3117 4522 3337 4586 vivitur,
3369 4532 3425 4577 et
3475 4524 3805 4587 custoditur,
3836 4533 3891 4573 ac

608 4620 736 4668 sunt
760 4627 929 4683 Opera
979 4613 1300 4670 hominum?
1342 4613 1621 4669 Vanitates
1659 4628 1794 4686 quas
1822 4610 1928 4682 ipsi
1980 4620 2203 4667 amant:

610 4706 695 4763 vel
713 4705 925 4763 diversa
958 4706 1195 4777 negotia,
1228 4708 1330 4762 ista
1356 4715 1486 4762 sunt
1517 4707 1794 4762 hominum
1816 4720 1982 4776 opere
2017 4720 2031 4759 :
2060 4704 2206 4760 sicut

613 4805 666 4858 in
701 4802 995 4874 Evangelia
1021 4803 1280 4859 Dominus
1307 4803 1439 4859 dicit
1467 4800 1689 4872 (Matth.
1716 4797 1854 4874 ut).
1878 4798 2032 4869 Quod
2060 4799 2108 4855 si
2136 4798 2208 4856 de

613 4897 783 4952 verbo
801 4897 977 4951 otioso
998 4894 1251 4952 redditur
1280 4897 1452 4950 ratio:
1483 4904 1691 4964 quanto
1720 4896 1890 4964 magis
1917 4893 1989 4948 de
2010 4891 2200 4961 operi.-

615 4989 716 5044 bus
737 4988 1041 5054 hominum,
1061 5003 1183 5058 quae
1207 5003 1271 5044 es
1288 4987 1408 5058 ipso
1426 5001 1591 5043 sensu
1613 4985 1857 5042 studiose
1884 4985 2203 5054 loquuntur.

688 5083 913 5155 Pmpter
937 5083 1089 5139 verba
1114 5083 1372 5138 labiorum
1418 5090 1626 5136 tuorum
1665 5096 1761 5152 ego
1803 5080 2057 5136 custodivi
2095 5079 2206 5135 vias

610 5179 794 5235 duras.
810 5178 1044 5248 Propter
1060 5176 1497 5247 prtrdieationem
1514 5185 1567 5230 et
1597 5186 1821 5244 propter
1843 5189 2042 5243 eaquae
2072 5188 2198 5243 pro-

618 5271 907 5327 mittuntur
954 5270 1006 5325 in
1037 5269 1213 5334 caelis,
1241 5268 1512 5325 custodiri
1556 5268 1670 5322 vias
1705 5265 1896 5322 duras.
1923 5264 2214 5334 Quomodo

2316 4620 2514 4691 tegitur
2543 4618 2684 4672 sicut
2725 4616 2924 4687 gallina
2958 4631 2972 4670 :
3003 4614 3129 4685 quia
3156 4629 3254 4684 per
3289 4613 3547 4685 gallinam
3588 4614 3893 4684 intelligitur

2312 4711 2577 4782 sapientia
2603 4709 2700 4765 Dei
2729 4708 2927 4763 Patris.
2961 4707 3096 4776 Quia
3127 4708 3268 4762 sicut
3300 4707 3503 4777 gallina
3533 4709 3639 4762 sub
3664 4709 3761 4762 alis
3791 4706 3891 4775 pul-

2316 4805 2398 4859 los
2420 4816 2551 4858 suos
2585 4800 2873 4857 abscondit
2905 4808 3126 4868 propter
3154 4797 3348 4852 milvos
3382 4815 3396 4854 :
3433 4801 3510 4853 sic
3539 4808 3596 4852 et
3646 4795 3890 4869 sapientia

2312 4896 2516 4958 divina,
2558 4893 2756 4948 etduse
2785 4891 2907 4954 alm,
2939 4906 3059 4960 quae
3086 4899 3215 4944 sunt
3239 4890 3349 4945 duo
3396 4899 3743 4957 testamenta,
3776 4901 3886 4958 ιιι-οι

2315 4995 2504 5059 tegunt
2530 4987 2830 5042 Ecclesium
2850 4998 2878 5038 a
2904 4983 3110 5038 mitra:
3138 4985 3239 5039 hoc
3263 4992 3365 5049 est,
3390 4997 3417 5036 a
3442 4982 3677 5037 diabolo.
3709 4984 3749 5037 Α
3772 4978 3888 5055 [acie

2310 5083 2592 5146 impiorum
2618 5081 2706 5153 qui
2730 5096 2810 5134 me
2830 5080 3159 5151 afﬂixerunt.
3186 5077 3357 5134 Judzni
3386 5076 3663 5133 Christum
3695 5078 3744 5131 itt
3774 5088 3882 5146 pas-

2315 5177 2493 5241 sione,
2516 5184 2567 5230 ct
2590 5171 2831 5228 lueretici
2864 5170 3186 5226 Ecclesiant.

2392 5270 2602 5325 Inimici
2628 5266 2731 5322 mei
2760 5266 2992 5320 animam
3028 5280 3195 5319 meam
3240 5264 3707 5321 circumdederunt.
3735 5252 3885 5319 Jtula‘i

616 5363 749 5418 dicit
795 5361 886 5419 hic
911 5360 1097 5424 duras.
1144 5360 1274 5416 dum
1306 5361 1360 5416 in
1413 5359 1709 5430 Evangelia
1734 5356 1942 5414 dicitur
1969 5375 1984 5416 :
2012 5357 2210 5428 Iugum
2318 5361 2597 5418 Christum
2632 5360 2686 5414 in
2716 5359 2990 5430 passione.
3043 5356 3295 5413 Animam
3323 5358 3437 5412 dixi
3471 5356 3565 5431 [F.
3596 5355 3769 5429 dixit],
3796 5365 3883 5407 non

618 5469 798 5510 meum
828 5468 994 5509 suave
1028 5461 1136 5517 est,
1179 5462 1234 5507 ct
1284 5465 1422 5506 onus
1464 5465 1648 5506 meum
1696 5452 1815 5506 lere
1854 5447 2037 5520 (Matt.
2094 5448 2213 5519 tu)?

614 5545 795 5601 Suave
818 5556 902 5601 est
932 5545 1244 5607 volentibus
1275 5563 1287 5601 :
1314 5545 1509 5605 durum
1539 5552 1624 5600 est
1653 5541 1991 5609 nolentibus.
2014 5542 2215 5609 Quant-

693 5715 719 5743 ι
747 5705 1128 5785 Μὶηιὶιιιεγετε
1156 5720 1324 5760 meam
1355 5702 1558 5785 addunt
1587 5702 1966 5785 Septuaginta,
1988 5702 2079 5785 qtti
2097 5709 2218 5785 tau-

630 5786 742 5831 tum
774 5775 984 5832 habent
1007 5780 1330 5844 εἰσάκουσον,
1366 5782 1534 5857 κύριε,
1563 5784 1656 5841 τῆς
1686 5775 2013 5845 amata;th
2035 5776 2220 5850 :quin,

2321 5472 2571 5530 corpus:
2605 5455 2732 5523 quia
2757 5453 3011 5510 diabolus
3057 5454 3112 5508 in
3159 5452 3337 5507 anima
3372 5453 3696 5509 intrinsecus
3739 5446 3884 5504 nescit

2320 5549 2450 5622 quid
2470 5548 2678 5620 cogitet
2698 5547 2888 5615 homo,
2913 5546 3016 5602 nisi
3048 5562 3145 5617 per
3169 5546 3479 5603 exteriores
3499 5554 3678 5602 motus
3704 5539 3883 5598 intelli-

2322 5711 2382 5778 ιιι
2418 5712 2578 5761 vetns
2606 5702 2931 5778 scholiastes
2959 5710 3131 5771 notat,
3165 5702 3266 5778 ipsi
3303 5710 3517 5763 veteres
3563 5699 3879 5770 interpretes.

2331 5777 2389 5837 τὸ
2412 5781 2509 5855 poi:
2536 5777 2595 5832 οὗ
2622 5776 2957 5859 προσέθηκαν-
