3980 6314
66 310 167 366 861

1035 307 1468 365 BREVIARIUM
1506 307 1576 365 IN
1616 308 1943 366 PSALMOS.
1989 308 2236 365 l'SALM.
2278 308 2418 364 XVI.

3290 314 3398 371 862

69 435 184 498 gat,
208 433 272 480 et
304 423 365 479 in
388 438 510 494 quo
542 438 981 496 unumquemque
1012 424 1265 480 delectari
1296 424 1474 493 videt,
1508 423 1691 480 divero
1720 428 1775 488 Α
1799 432 1943 479 tuam
1974 424 2039 480 ab
2065 424 2293 479 inimicis
2320 440 2510 479 manus
2539 433 2661 480 tum.
2695 426 2924 483 Framea
2965 429 3037 484 de
3062 427 3308 496 Christo,
3342 438 3399 486 et

69 531 159 573 sas
180 517 590 588 suggestioncs
622 516 806 573 infert.
837 517 981 573 Istud
1011 517 1079 571 ad
1111 516 1412 573 Ecclesiam
1446 517 1696 587 pertinet,

70 610 296 682 Adipem
344 626 515 664 suurn
541 610 923 665 concluserunt.
969 609 1110 678 Quid
1156 624 1254 680 per
1294 608 1509 680 adipem
1537 655 1551 678 ,
1594 610 1698 665 nisi

69 701 285 757 tnalitia
316 701 651 758 Juda'orum
676 702 1025 774 designatur?
1050 701 1184 771 Quae
1215 702 1268 757 in
1307 698 1479 758 veteri
1507 702 1699 758 Testa-

72 805 262 854 mento
313 798 549 868 adipem
612 796 942 853 manducare
991 796 1314 868 prohibetur
1356 814 1371 852 :
1412 795 1540 867 quia
1601 812 1698 853 cor

73 906 267 948 eorum
298 891 678 948 incrassatum
711 900 847 948 erat.
882 892 1039 949 Unde
1066 892 1201 947 dixit
1224 894 1273 947 in
1301 890 1528 949 Cantico
1551 893 1695 948 Deu—

76 983 379 1041 teronomii
412 1001 427 1038 :
454 984 799 1041 lncrassatus
819 994 902 1041 est
928 985 1195 1054 dilectus,
1246 993 1297 1040 et
1328 985 1696 1041 recalcitravit

76 1075 260 1150 (Deut.
292 1078 506 1148 xxxn).
537 1077 755 1147 Quare?
782 1078 918 1147 Quia
951 1079 1283 1134 incrassatus
1305 1088 1421 1135 erat
1446 1078 1515 1134 de
1541 1079 1698 1135 mali-

81 1172 187 1235 tia,
237 1177 293 1225 et
336 1169 724 1226 recalcitravit
778 1190 792 1226 :
842 1172 967 1241 quia
1012 1172 1228 1227 nolebat
1288 1170 1540 1227 mandata
1598 1170 1695 1228 Dei

80 1263 402 1319 observare.
461 1262 708 1319 Dilectus
734 1278 763 1318 a
813 1263 925 1319 Deo
964 1263 1064 1318 fuit
1114 1264 1347 1334 p0pulus
1386 1263 1693 1319 Judaicus:

81 1356 205 1427 quia
232 1368 445 1411 manus
478 1355 723 1411 divinum
755 1356 893 1427 pluit
921 1356 1028 1412 illis
1058 1373 1071 1410 :
1113 1357 1254 1427 quod
1299 1357 1366 1412 ad
1400 1372 1497 1413 nos
1526 1358 1692 1427 perti-

80 1456 191 1513 net,
236 1447 365 1517 quia
419 1448 820 1505 manducamus
847 1447 1147 1504 Christum.
1191 1448 1297 1505 Sed
1343 1448 1514 1504 Judaei
1562 1463 1696 1504 con-

82 1550 430 1611 tempserunt
459 1542 791 1613 semctipsos
820 1558 837 1598 :
873 1541 976 1597 hoc
1005 1552 1113 1609 est,
1145 1543 1517 1614 obligaverunt
1546 1556 1607 1599 se
1638 1543 1692 1598 in

82 1633 305 1690 malitia.
335 1634 411 1688 0s
443 1651 631 1689 eorum
662 1635 892 1690 locutum
923 1643 995 1690 est
1025 1636 1337 1707 superbiam.
1380 1636 1454 1692 Os
1498 1636 1695 1706 impio-

82 1743 199 1782 rum
240 1745 253 1781 :
295 1728 430 1800 quia
479 1738 677 1785 contra
705 1729 1017 1797 Christum,
1065 1740 1118 1785 et
1161 1739 1351 1786 contra
1394 1731 1689 1787 Ecclesiam

85 1818 306 1874 iaciunt.

154 1907 511 1979 Projicientes
555 1927 637 1966 me
688 1929 827 1967 nunc
858 1912 1311 1968 circumdederunt
1357 1930 1480 1969 me:
1511 1916 1691 1970 oculos

86 2019 206 2058 suos
233 2012 542 2059 statuerunt
569 2004 836 2060 declinare
876 2006 930 2058 in
952 2015 1166 2062 terram.
1184 2006 1415 2074 Quando
1436 2006 1689 2065 Christus

89 2107 275 2163 passus
297 2103 408 2161 est,
437 2094 628 2150 omnis
655 2103 799 2152 terra
834 2096 1080 2163 tremuit,
1110 2106 1167 2151 et
1193 2096 1373 2152 sidera
1396 2097 1687 2153 obscurata

88 2195 226 2256 sunt,
275 2196 336 2244 et
384 2194 571 2259 petrae
601 2189 793 2245 scissae
838 2199 987 2245 sunt.
1035 2189 1141 2246 Sed
1178 2190 1350 2246 Judaei
1399 2191 1591 2247 oculos
1632 2190 1687 2247 in

91 2289 281 2337 terram
307 2288 662 2352 statuerunt,
690 2283 819 2354 quia
861 2283 1142 2338 hominem
1187 2285 1367 2340 solum
1398 2286 1687 2341 existima-

92 2386 297 2447 verunt,
321 2386 380 2433 et
402 2378 757 2434 divinitatem
788 2394 895 2434 non
930 2380 1335 2435 intellexerunt.
1362 2378 1460 2436 Vel
1491 2381 1687 2435 oculos

94 2484 210 2525 suos
240 2472 290 2524 in
318 2479 530 2527 terram
563 2479 877 2529 statuerunt
907 2491 920 2529 :
948 2475 1074 2546 quia
1101 2474 1170 2530 de
1207 2474 1445 2530 terrenis
1473 2475 1689 2531 actibus

94 2563 414 2634 cogitabant,
447 2565 556 2621 sed
589 2565 658 2620 de
686 2566 1007 2623 caelestibus
1045 2582 1157 2623 non
1190 2567 1613 2623 meditabantur.

159 2658 507 2733 Susceperunt
538 2677 620 2716 me
650 2663 784 2717 sicut
811 2661 893 2717 leo
923 2671 1147 2734 paratus
1185 2662 1255 2716 ad
1282 2662 1535 2733 pardum,
1576 2671 1684 2719 etc.

97 2751 236 2807 Sicut
259 2753 347 2808 leo
372 2762 609 2825 paratus
643 2764 731 2811 est
778 2755 843 2810 ad
873 2755 1113 2826 praedam
1144 2772 1159 2809 :
1201 2756 1280 2810 sic
1321 2765 1688 2826 susceperunt

95 2842 253 2901 Judaei
279 2843 573 2903 Christum
601 2848 656 2903 in
687 2848 965 2919 passione.
998 2848 1065 2902 Et
1093 2849 1228 2903 sicut
1255 2850 1459 2904 catulus
1497 2849 1681 2906 leonis.

98 2936 218 3001 Leo,
246 2939 500 2996 diabolus
530 2958 546 2995 :
577 2942 817 3008 catulus,
852 2941 997 2997 ﬁlius
1020 2945 1138 3011 ejus
1167 2941 1557 2998 Antichristus.
1589 2942 1684 3000 Vel

98 3031 250 3087 aliud.
279 3033 411 3102 Leo,
442 3035 706 3091 diabolus
731 3054 745 3092 :
774 3043 829 3091 et
856 3036 948 3091 lilii
974 3037 1114 3106 ejus,
1144 3036 1341 3094 Judaei.
1371 3036 1440 3091 In
1465 3038 1687 3093 abscon-

100 3123 227 3189 ditis,
254 3125 306 3180 in
332 3140 535 3182 eorum
566 3126 857 3192 cordibus,
896 3129 1051 3199 quasi
1095 3128 1149 3183 iu
1192 3129 1448 3184 obscuro.
1488 3128 1685 3183 Diabo-

1802 516 1871 573 de
1906 517 2153 573 Ecclesia
2192 517 2542 589 intelligitur.
2579 517 2806 576 Framea
2835 519 2933 576 Dei
2962 520 3181 590 Patris,
3214 522 3399 579 anima

1800 609 2002 664 Christi
2031 618 2139 675 est,
2167 609 2238 665 de
2262 620 2369 680 qua
2398 610 2526 665 facit
2546 609 2748 682 justam
2780 611 3100 669 vindictam.
3138 613 3399 671 Diabolus

1804 700 2005 756 framea
2034 699 2155 772 ejus
2182 710 2293 769 est,
2338 701 2407 756 de
2442 717 2551 773 qua
2602 703 2809 759 framea
2841 703 3138 760 vindictam
3184 704 3319 761 facit
3347 706 3399 763 in

1802 792 2024 848 mundo.

1875 887 2110 953 Domine,
2141 905 2175 942 a
2196 889 2379 961 paucis
2405 906 2436 944 a
2486 898 2626 945 terra
2664 891 2838 945 divide
2865 907 2976 962 eos,
3003 898 3113 948 etc.
3143 891 3265 949 Vox
3293 892 3399 950 Ec-

1800 978 2003 1035 clesiae.
2036 979 2081 1033 Α
2129 983 2333 1051 paucis,
2365 997 2398 1034 a
2425 991 2583 1035 terra.
2618 980 2743 1037 Vult
2800 981 3052 1038 Ecclesia
3092 984 3338 1054 separari
3368 998 3401 1040 ιι

1798 1070 2139 1137 carnalibus,
2173 1080 2232 1126 et
2259 1086 2289 1125 a
2320 1073 2554 1140 zizania,
2581 1083 2637 1129 et
2662 1089 2689 1126 a
2716 1075 2892 1143 paleis
2913 1082 3039 1130 ante
3078 1074 3226 1131 diem
3253 1076 3401 1146 judi-

1799 1162 1867 1217 cii
1901 1179 1915 1216 :
1948 1162 2045 1218 sed
2076 1162 2197 1218 sine
2221 1178 2381 1217 causa
2409 1180 2423 1217 :
2454 1163 2579 1237 quia
2604 1180 2633 1218 a
2662 1164 2774 1221 Deo
2795 1168 3010 1236 accepit
3036 1182 3392 1238 responsum,

1799 1257 1944 1311 sicut
1997 1256 2261 1311 Dominus
2291 1255 2435 1311 dixit
2480 1256 2533 1312 in
2577 1256 2879 1327 Evangelia
2909 1277 2923 1313 :
2954 1259 3127 1314 Sinite
3166 1267 3396 1330 utraque

1798 1362 2050 1403 crescere
2098 1362 2279 1423 usque
2328 1347 2395 1403 ad
2445 1362 2679 1405 messem
2714 1347 2877 1420 (Mat.
2928 1348 3094 1422 xm):
3137 1350 3241 1406 hoc
3288 1360 3393 1421 est,

1799 1455 1968 1511 usque
2011 1440 2064 1495 in
2095 1439 2243 1497 diem
2270 1440 2483 1511 judicii.
2516 1441 2657 1508 Quia
2687 1440 2777 1497 hic
2808 1440 3056 1499 Ecclesia
3098 1444 3395 1503 commista

1796 1540 1882 1588 est
1910 1547 2033 1588 cum
2068 1532 2448 1602 peccatoribus
2482 1551 2497 1588 :
2531 1542 2685 1604 rogat
2717 1548 2817 1599 pro
2848 1533 2956 1590 illis
2984 1535 3075 1604 qui
3110 1535 3397 1605 praedesti-

1797 1624 1910 1679 nati
1937 1634 2086 1692 sunt,
2117 1635 2174 1678 ut
2202 1624 2443 1695 veniant,
2482 1635 2537 1681 et
2577 1634 2902 1694 separentur
2934 1625 3131 1682 abillis
3158 1628 3249 1697 qui
3281 1643 3391 1683 non

1796 1728 1919 1778 sunt
1937 1717 2329 1789 prtrdestinati,
2353 1717 2620 1774 utdicitur
2642 1736 2654 1771 :
2675 1718 2833 1777 Multi
2860 1720 3063 1790 vocati,
3087 1721 3241 1789 pauci
3261 1735 3393 1776 vero

1718 1822 1766 1882 Β
1794 1812 1955 1868 electi
1968 1811 2127 1884 (Mat.
2142 1811 2303 1882 χιιι).
2317 1811 2617 1882 Supplanta
2632 1827 2729 1867 eos
2745 1815 2831 1881 qui
2858 1812 2914 1873 in
2936 1813 3215 1883 impietate
3234 1823 3391 1882 sunt;

1792 1915 1851 1959 ut
1879 1903 1966 1961 hic
1982 1905 2261 1960 emendari
2277 1904 2533 1976 debeant,
2560 1915 2655 1960 aut
2679 1906 2731 1961 in
2759 1904 2948 1961 futuro
2969 1908 3229 1977 supplant
3247 1917 3393 1964 -ntur

1796 1999 1845 2053 in
1863 1998 2120 2053 vindicta.
2142 1996 2221 2053 De
2234 1999 2549 2055 absconditis
2570 2001 2671 2055 tuis
2692 2000 2980 2072 adimpletu
2994 2018 3005 2050 ς
3019 2008 3095 2055 est
3110 2008 3282 2056 venter
3298 2016 3391 2056 co-

1788 2110 1925 2147 rum.
1944 2093 2257 2163 Trlplieiter
2274 2093 2363 2153 hic
2389 2093 2713 2165 intelligitur
2733 2102 2947 2151 venter.
2976 2092 3197 2159 Venter,
3216 2093 3383 2149 casti-

1795 2195 1899 2252 tas,
1932 2185 2280 2256 intelligitur,
2313 2184 2523 2240 utdicit
2555 2193 2583 2224 σι
2609 2185 2933 2240 Eucherius.
2964 2185 3030 2239 Et
3067 2186 3388 2255 angelorum

1793 2289 1986 2338 venter
2015 2280 2256 2355 repletus
2286 2279 2389 2334 fuit
2416 2278 2697 2353 mysteriis
2722 2279 2815 2334 Dei
2843 2288 3136 2351 antequam
3158 2279 3393 2335 cecidis-

1792 2383 1936 2441 sent,
1979 2380 2038 2431 et
2078 2372 2391 2431 indecorum
2445 2381 2638 2431 venter
2674 2371 2742 2427 de
2795 2373 3075 2445 mysteriis
3127 2373 3287 2445 legis,
3333 2381 3391 2430 et

1793 2471 2174 2528 haereticorum
2207 2476 2397 2525 venter
2414 2467 2486 2526 de
2516 2467 2792 2539 mysteriis
2823 2467 3102 2523 Ecclesiae.

1865 2564 2108 2622 Saturati
2153 2572 2274 2619 sunt
2323 2563 2467 2633 ﬁliis.
2520 2561 2692 2617 Judaei
2747 2562 2973 2616 saturati
3023 2570 3144 2615 sunt
3199 2580 3212 2614 :
3263 2562 3391 2633 quia

1792 2656 2139 2727 multiplicati
2165 2665 2296 2712 sunt
2322 2657 2375 2712 in
2405 2653 2792 2727 procreatinne
2820 2654 3078 2723 liliurum,
3114 2663 3168 2711 et
3214 2655 3267 2711 in
3296 2670 3386 2710 re-

1789 2752 1892 2809 bus
1918 2750 2126 2807 smculi.
2166 2748 2399 2818 Quando
2428 2747 2585 2816 dicit,
2632 2747 2662 2788 b
2712 2747 2934 2803 saturati
2982 2757 3101 2804 sunt
3146 2749 3387 2821 porcina,

1792 2842 1901 2899 hoc
1935 2841 2245 2898 Iudaeorum
2290 2841 2691 2896 immunditiam
2735 2840 3010 2910 designat.
3066 2842 3392 2896 Dimiserunt

1789 2936 2037 3003 reliquias
2059 2951 2178 2990 suas
2204 2934 2442 3005 parvulis
2468 2934 2598 2987 suis.
2627 2932 2740 2987 Hoc
2768 2942 2851 2987 est
2873 2933 3018 2988 illam
3047 2934 3247 3005 justam
3272 2935 3391 2989 vin-

1789 3029 1991 3083 dictam
2018 3042 2142 3099 qua:
2167 3026 2276 3082 illis
2314 3025 2567 3081 debetur.
2606 3023 2948 3096 Reliquerunt
2991 3026 3238 3098 reliquias
3265 3044 3388 3083 suas

1789 3122 2018 3196 parvulis
2061 3121 2172 3175 suis
2202 3140 2221 3187 ;
2265 3120 2367 3175 hoc
2408 3128 2514 3188 est,
2546 3119 2767 3191 quando
2796 3118 3058 3175 dixerunt
3089 3138 3104 3175 :
3156 3121 3389 3192 Sanguis

100 3214 195 3281 ius,
222 3217 309 3274 vel
338 3220 592 3275 membra
636 3219 784 3275 illius
830 3220 884 3276 in
937 3221 1135 3291 quibus
1164 3221 1417 3287 diabolus
1453 3223 1682 3292 habitat,
1712 3211 1755 3274 (ἶ
1789 3218 1907 3285 ejus
1937 3229 2100 3283 super
2132 3226 2255 3279 nos,
2280 3223 2336 3270 et
2363 3228 2532 3284 super
2562 3212 2701 3268 illius
2730 3222 2947 3267 nostros
2981 3211 3142 3281 (Mat.
3188 3213 3382 3285 xxvn).

101 3309 426 3379 appellantur
455 3314 582 3369 loca
611 3313 955 3370 abscondita.

162 3398 415 3476 Exsurge,
473 3405 731 3471 Domine,
762 3408 986 3476 prtet'eni
1033 3424 1141 3478 eos,
1173 3418 1280 3464 etc.
1317 3409 1431 3465 Vox
1479 3410 1686 3468 Christi

105 3488 325 3561 loquitur
364 3495 431 3552 ad
468 3496 843 3567 divinitatem,
884 3508 946 3553 ut
973 3501 1274 3570 praeveniat
1312 3502 1507 3556 anima!
1548 3517 1683 3570 suae,

105 3597 162 3639 ne
202 3587 440 3656 rapiatur
476 3605 513 3645 ι
563 3590 810 3662 principe
848 3590 1087 3658 diabolo,
1146 3594 1289 3661 quod
1340 3594 1411 3649 ita
1453 3604 1507 3650 et
1536 3594 1684 3650 fecit.

104 3671 356 3736 Prevenit
380 3697 540 3749 eum,
572 3692 631 3738 et
652 3683 926 3756 alligavit,
953 3696 1009 3740 et
1030 3684 1096 3741 ad
1123 3685 1400 3742 infernum
1430 3688 1685 3746 deduxit.

107 3764 347 3827 Veniebat
362 3773 625 3832 diabolus
639 3777 840 3848 aliquid
859 3777 929 3834 de
948 3793 1049 3832 suo
1066 3779 1352 3850 requirere
1368 3780 1426 3836 in
1439 3779 1682 3851 Christo,

106 3861 187 3916 sed
212 3862 263 3921 in
285 3881 351 3923 eo
373 3870 517 3925 nihil
546 3869 780 3937 invenit,
812 3879 874 3927 ut
903 3870 1040 3927 dixit
1069 3872 1122 3926 in
1154 3872 1451 3944 Evangelia
1477 3891 1491 3929 :
1526 3873 1688 3931 Venit

112 3952 347 4029 Princeps
376 3959 550 4032 hujus
580 3961 794 4029 mundi,
844 3973 903 4017 et
943 3963 998 4017 in
1041 3978 1128 4018 me
1159 3979 1265 4020 non
1293 3963 1501 4020 invenit
1529 3965 1687 4037 quid-

108 4059 251 4114 qnam
280 4050 460 4123 (Joan.
500 4053 646 4126 xrv).
703 4056 768 4111 Et
812 4064 998 4111 sancta
1042 4056 1284 4111 Ecclesia
1322 4066 1480 4129 rogat
1529 4067 1688 4114 ante-

111 4151 259 4204 ‘luam
304 4146 694 4216 supplantetur
737 4161 766 4201 a
812 4146 1061 4213 diabolo,
1102 4158 1157 4204 et
1190 4148 1244 4202 in
1281 4149 1399 4219 ejus
1448 4149 1685 4217 insidiis,

110 4230 190 4297 qui
218 4243 338 4291 sunt
356 4236 651 4303 haeretici:
692 4248 754 4295 ut
780 4241 965 4297 veniat
991 4240 1300 4298 catholicus
1345 4253 1553 4311 noster,
1590 4244 1687 4317 qui

110 4328 187 4375 est
209 4323 475 4398 Christus,
512 4341 571 4397 et
601 4330 887 4391 subvertas
931 4335 1165 4389 astutias
1213 4334 1441 4406 inimici,
1489 4336 1542 4392 id
1578 4348 1685 4402 est.

110 4415 418 4484 Supplantet.
452 4422 604 4478 Erue
649 4424 879 4479 anienem
922 4441 1092 4480 meant
1124 4426 1189 4481 ab
1229 4427 1412 4499 impio,
1450 4429 1687 4500 gladium

113 4510 243 4562 tum
283 4511 345 4567 ab
392 4515 621 4573 inimicis
649 4533 835 4572 manus
866 4527 988 4574 tute.
1030 4517 1161 4581 Oro,
1212 4519 1453 4589 gladium
1490 4535 1684 4577 manus

1791 3309 1859 3364 Et
1890 3307 2272 3363 haereticorum
2319 3306 2414 3361 iilii
2449 3305 2706 3361 similiter
2738 3304 3251 3359 condemnationem
3283 3304 3381 3358 ha-

1790 3401 2010 3456 bebunt.
2037 3398 2139 3468 Qtti
2164 3405 2292 3453 sunt
2313 3396 2558 3467 reliquiae
2579 3395 2809 3453 eorum?
2834 3395 3078 3465 Ipsorum
3104 3395 3382 3466 discipuli,

1787 3496 1878 3564 qui
1925 3493 1993 3548 de
2023 3492 2115 3548 illa
2165 3492 2306 3547 mala
2351 3490 2600 3546 doctrina
2640 3503 2831 3545 eorum
2872 3490 3184 3561 regenerati
3230 3498 3381 3544 sunt.

1790 3587 2031 3641 Saturati
2080 3593 2200 3638 sunt
2245 3582 2395 3654 ﬁliis,
2441 3591 2486 3637 et
2532 3582 2847 3652 reliquerunt
2898 3580 3105 3635 residua
3150 3580 3386 3651 parvulis

1786 3681 1914 3736 suis.
1949 3680 2179 3749 Propter
2209 3677 2617 3749 ambiguitatem
2644 3675 2820 3745 verbi,
2853 3674 3071 3745 quidam
3107 3690 3203 3749 pro
3236 3674 3383 3741 ﬁliis,

1788 3775 2068 3846 porcinam
2103 3773 2364 3845 scriptum
2398 3772 2758 3835 arbitrantur,
2807 3769 2954 3842 quod
3000 3768 3382 3842 Symmachus,

1788 3869 2072 3924 Hebrzeam
2106 3867 2424 3936 exprimens
2473 3864 2780 3931 veritatem,
2830 3865 3128 3932 transtulit,
3178 3874 3385 3919 satura-

1788 3964 1982 4019 buntur
2009 3962 2158 4033 ﬁliis,
2191 3970 2238 4017 et
2274 3961 2563 4031 relinquent
2592 3962 2798 4016 residua
2838 3962 3068 4034 parvulis
3115 3962 3244 4015 suis.
3278 3960 3383 4017 Sa-

1790 4057 1952 4113 turati
1995 4065 2120 4111 sunt
2149 4055 2300 4120 ﬁliis.
2333 4064 2389 4111 et
2425 4055 2755 4111 dimiserunt
2802 4055 3062 4126 reliquias
3101 4069 3251 4122 suas,
3283 4055 3385 4109 im-

1790 4149 2138 4214 munditiam,
2172 4158 2226 4204 et
2256 4148 2598 4219 iniquitatem
2635 4163 2652 4202 :
2691 4148 3083 4203 conculcantes
3125 4147 3387 4221 margari-

1787 4250 1869 4298 tas
1893 4254 2208 4297 sermonum
2239 4249 2478 4297 tuorum.
2512 4240 2578 4295 Et
2609 4240 2938 4296 dimiserunt
2963 4238 3220 4311 reliquias
3252 4253 3383 4295 suas
3482 4244 3488 4249 '

1787 4336 2033 4408 parvulis
2061 4335 2198 4399 suis,
2241 4334 2543 4389 clamantes
2588 4351 2605 4389 :
2651 4333 2888 4405 Sanguis
2930 4333 3050 4405 ejus
3079 4347 3248 4405 super
3289 4345 3392 4387 nos

1787 4434 1843 4483 et
1877 4440 2043 4497 super
2072 4424 2217 4481 ﬁlios
2245 4436 2485 4482 nostros.

1862 4516 1976 4588 Ego
2000 4524 2175 4571 autem
2203 4534 2323 4571 cum
2342 4519 2556 4590 justitia
2577 4518 2841 4597 apparebo
2867 4519 2921 4572 in
2951 4527 3235 4588 conspectu
3276 4526 3388 4574 tua.

115 4601 209 4651 tuae
235 4614 363 4663 erue
404 4606 474 4663 ab
523 4607 770 4664 inimicis
812 4610 947 4675 tuis,
993 4608 1247 4667 inimicus
1282 4610 1428 4666 enim
1475 4612 1688 4679 accepit
1713 4595 1764 4654 Ῐ)
1791 4609 1911 4665 Vox
1936 4608 2218 4664 Ecclesiae.
2250 4608 2380 4664 Cum
2413 4595 2670 4690 iustitia:
2702 4611 2808 4666 hoc
2851 4621 2958 4676 est,
3000 4611 3251 4666 mandata
3300 4623 3389 4668 tua

122 4698 433 4754 potestatem
458 4708 517 4755 ut
542 4711 769 4772 propter
795 4711 1016 4771 peccata
1044 4718 1142 4758 nos
1165 4704 1373 4774 puniat.
1403 4703 1552 4773 Quos
1577 4713 1688 4761 tra-

115 4775 216 4837 didi
266 4782 515 4859 Satanse,
578 4801 638 4851 ut
691 4793 911 4851 discant
967 4810 1077 4851 non
1134 4795 1556 4867 blasphemare,
1614 4797 1690 4854 ait

118 4868 359 4963 έροειθιο
386 4881 431 4952 (l
461 4883 599 4941 Tim.
629 4885 693 4959 ι).
731 4884 875 4947 Erue
926 4889 1159 4947 animum
1189 4905 1358 4944 meam
1397 4890 1462 4944 ab
1500 4891 1687 4963 impia.

120 4957 227 5019 Vox
255 4966 456 5035 Christi
500 4977 566 5032 ad
613 4957 784 5041 Deum
824 4979 1045 5038 Patrem
1087 4981 1327 5054 loquitur
1371 5001 1382 5037 :
1427 4983 1534 5039 hoc
1574 4957 1685 5052 est,

119 5063 237 5111 erue
262 5060 492 5129 animam
524 5084 702 5125 meant
736 5085 769 5125 a
812 5070 1051 5129 diabolo.
1094 5075 1158 5133 Et
1187 5090 1290 5129 vox
1332 5076 1589 5133 Ecilesite
1619 5076 1688 5134 ad

119 5142 372 5235 Christum
395 5160 495 5216 hoc
534 5173 715 5235 rogat,
749 5172 807 5219 ut
835 5164 1101 5223 liberetur
1149 5182 1177 5221 a
1209 5166 1450 5235 diabolo,
1497 5170 1581 5224 vel
1618 5170 1687 5226 ab

122 5231 402 5318 haereticis,
429 5262 482 5310 et
502 5255 569 5317 ab
596 5231 926 5329 unoquoque
950 5256 1181 5322 homine
1208 5259 1373 5317 malo.
1410 5231 1688 5320 Flumen»:

166 5389 407 5478 2:Quem
433 5399 615 5478 laudat
649 5402 954 5478 Eucherius
994 5419 1105 5459 uno
1149 5403 1263 5461 fere
1306 5405 1507 5461 sarculo
1560 5416 1685 5478 post

126 5450 731 5535 Hieru'nymumwclaruit'.

184 5523 484 5619 δ’]ξίθυίιιέ
509 5523 932 5619 senatuscum“
957 5555 1077 5619 sunt
1107 5544 1338 5619 porcina,
1369 5547 1458 5603 vel
1501 5549 1681 5619 suilla,

122 5603 289 5690 {ctera
327 5612 568 5690 quaedam
594 5603 789 5690 Latina
821 5603 1156 5689 exemplaria
1199 5632 1268 5673 ex
1297 5603 1495 5675 Graeco
1533 5603 1683 5690 lege:

121 5661 261 5763 μείνῃ,
291 5661 383 5763 ua
414 5689 699 5763 ρτοηυεῶν,
738 5661 897 5762 tu...
940 5661 1137 5763 ιεἐίῑηη
1191 5690 1314 5757 θῶν,
1356 5661 1680 5763 ρονείεῗῖαι

122 5739 306 5832 13553.,
332 5758 389 5804 ut.
414 5739 724 5832 fussent;
751 5739 1262 5832 statuissem;
1274 5739 1473 5817 usus
1485 5739 1681 5818 "tata

124 5810 351 5889 liminis,
384 5810 1088 5905 εἰνεξᾶἦιξυιῖ

1794 4700 2123 4771 adimplere.
2168 4700 2439 4774 Apparebo
2485 4702 2539 4755 in
2580 4710 2857 4773 conspectu
2890 4711 2979 4757 tuo
3004 4718 3023 4758 :
3053 4703 3157 4759 hoc
3186 4713 3290 4769 cst,
3336 4704 3392 4761 in

1795 4794 2085 4866 praesentia
2106 4803 2197 4849 tua
2220 4796 2272 4849 in
2295 4793 2503 4850 futuro.
2532 4795 2800 4851 Satiabor.
2821 4795 3043 4851 Caelesti
3069 4797 3386 4853 refectione.

1794 4887 1924 4944 Cum
1950 4888 2253 4958 apparuerit
2282 4888 2457 4958 gloria
2477 4896 2584 4943 tua.
2613 4886 2786 4942 Filius
2816 4895 2960 4952 tuus,
2990 4888 3080 4959 qui
3109 4898 3193 4944 est
3218 4889 3386 4957 salus,

1794 4991 1849 5039 et
1877 4982 2009 5049 vita,
2030 4991 2084 5037 et
2107 4980 2436 5037 Sanctorum
2461 4979 2702 5037 omnium
2730 4980 2901 5051 gloria
2937 4998 2950 5035 :
2984 4983 3107 5051 quia
3135 4980 3386 5040 Christus

1793 5084 1849 5131 et
1875 5074 2043 5139 salus,
2071 5082 2127 5130 et
2154 5073 2324 5144 gloria
2353 5074 2571 5130 dicitur.
2607 5072 2723 5147 Ego
2754 5082 2926 5129 autem
2953 5075 3007 5129 in
3044 5076 3254 5147 justitia
3292 5094 3390 5147 ap-

1794 5168 2006 5241 parebo,
2053 5167 2262 5223 devicta
2305 5178 2503 5225 morte.
2547 5168 2613 5222 In
2665 5177 2940 5239 conspectu
2990 5178 3081 5224 tuo
3132 5172 3380 5241 satiabor,

1794 5264 1963 5321 (delos
1989 5265 2313 5322 ascendens.
2347 5264 2476 5321 Cum
2503 5265 2805 5339 apparuerit
2836 5263 3002 5336 gloria
3041 5274 3148 5335 tua,
3177 5266 3386 5321 sanctis

1791 5408 1888 5467 lini
1917 5407 2010 5473 50,
2050 5406 2119 5463 ad
2168 5406 2560 5477 Augustinum;
2590 5413 2647 5460 et
2689 5401 2979 5477 Augustini
3020 5403 3088 5459 ad
3128 5403 3385 5477 eumdem

1794 5447 2010 5543 ΐῖὀῖπῖἷ
2034 5447 2153 5534 {Et
2168 5447 3384 5545 ἔᾶῗῖἳὶῖὶἴιίᾘῖιεἶιῖιιὶῖἱῖ”ῖῖι”ἱὲνῦἶοῶἷᾏῖιὲῖι“ἱ

1791 5559 2024 5620 spectat,
2057 5564 2189 5605 mss.
2235 5547 2871 5620 exemplariaupleraque
2914 5545 3104 5620 legunt
3165 5547 3285 5613 olet,
3331 5550 3383 5605 in

1790 5615 1916 5679 casu
1945 5615 2116 5691 resto,
2143 5615 2520 5691 saturabuntur
2545 5617 2665 5684 lilii,
2714 5615 3175 5691 quemadmodum
3210 5622 3383 5691 etiam

1785 5693 2025 5765 Asellius
2062 5684 2143 5765 ad,
2174 5687 2587 5763 Symmachum.
2616 5695 2783 5760 amite
2807 5684 3108 5763 Eusebius,
3131 5700 3187 5755 et
3208 5686 3384 5760 Theo!

1790 5760 2023 5835 doritus,
2057 5760 2258 5837 aliique
2282 5768 2574 5827 leStantur.
