4034 6294
630 265 737 325 865

1416 264 1765 324 APPENDIX
1805 263 1896 323 AD
1937 264 2188 325 TOMUM
2227 264 2584 327 SEPTIMUM
2624 267 2682 327 S.
2730 268 3133 328 HIERONYMI.

3819 275 3904 336 864

622 391 679 438 et
703 379 894 438 electis
924 379 1034 438 tuis
1061 379 1151 451 qui
1187 393 1285 451 per
1311 393 1399 436 me
1427 378 1784 436 crediderunt
1816 397 1830 434 :
1879 378 2009 452 quia
2035 393 2219 436 meum
2247 381 2300 441 Α
2327 378 2575 438 Ecclesia
2624 379 2903 438 inﬁrmata
2949 392 3069 439 erat
3116 397 3217 454 per
3253 391 3562 455 peccatum,
3614 386 3713 443 sed
3745 400 3903 460 postea

624 473 878 546 estquod
905 473 1015 528 illis
1044 481 1128 530 est
1162 472 1487 543 praestitum.
1522 471 1661 529 Nam
1696 487 1798 544 ego
1842 473 1896 529 in
1929 473 2038 530 illis
2071 488 2217 542 sum,

626 574 682 623 et
703 566 805 637 ipsi
837 566 891 622 in
923 579 1012 622 me
1055 574 1256 620 tecum.
1301 563 1412 620 Nos
1460 579 1592 622 vero
1619 580 1651 621 a
1683 573 1735 622 te
1789 566 2083 638 redempti,
2116 567 2225 624 Do-

626 657 775 714 mine
808 656 959 722 Jesu,
992 664 1203 711 tantam
1249 656 1547 726 potentiam
1578 657 1947 729 pietatemque
1993 673 2224 716 cernen~

625 759 730 819 tes,
764 750 1043 822 supplices
1072 765 1387 818 exoramus,
1419 759 1477 806 ut
1507 751 1804 808 examinati
1853 751 2038 809 divino
2074 753 2220 824 igne,

625 857 737 899 non
765 843 936 899 simus
965 842 1327 899 humanorum
1358 859 1584 915 operum
1633 843 1999 914 detractores,
2040 846 2136 902 sed
2166 847 2220 902 in

623 943 680 994 te
712 935 937 992 stabiles
966 934 1170 1009 ﬁxique
1214 945 1359 992 tuam
1391 936 1622 1008 gloriam
1661 939 1865 1010 jugiter
1892 939 2220 996 extollamus

621 1031 676 1086 in
720 1045 912 1103 opere,
964 1029 1310 1103 proferamus
1361 1031 1418 1087 in
1444 1030 1589 1098 ﬁde,
1622 1031 1904 1090 laudemus
1960 1031 2016 1089 in
2062 1047 2218 1090 voce.

623 1121 820 1180 Amen.

1161 1194 1484 1255 PSALMUS
1523 1197 1688 1254 XVII.

620 1287 897 1365 Iujinem,
920 1306 1219 1365 pro_puero
1245 1290 1465 1365 Domini
1493 1290 1668 1365 David
1697 1310 1715 1348 :
1743 1309 1860 1365 quin
1896 1293 2099 1349 locutus
2140 1307 2219 1353 est

693 1361 1092 1438 Dontino‘rerba
1117 1361 1306 1416 cantici
1331 1361 1512 1435 hujus,
1545 1364 1716 1438 indie
1749 1361 1852 1436 qua
1878 1367 2071 1438 eripuit
2098 1383 2215 1422 eum

689 1431 946 1487 Dominus
983 1432 1048 1506 de
1068 1449 1248 1506 _manu
1278 1431 1508 1506 omnium
1539 1431 1875 1491 inimicorum
1905 1431 2039 1506 ejus,
2074 1449 2121 1492 et
2155 1442 2218 1494 de

689 1520 850 1577 manu
881 1504 1037 1577 Saul.
1066 1503 1348 1577 Totusliic
1373 1505 1612 1575 psalmus
1643 1508 1744 1563 sub
1776 1503 2010 1577 persona
2047 1509 2214 1567 David

689 1575 757 1630 ad
791 1576 1070 1650 Christum
1123 1575 1379 1645 pertinet.
1430 1577 1597 1650 David
1647 1575 1853 1634 Christi
1903 1589 2088 1650 typum
2131 1590 2214 1638 te-

693 1655 806 1712 net,
856 1647 947 1722 qui
1004 1656 1090 1722 est
1136 1662 1297 1722 manu
1339 1651 1515 1722 fortis,
1565 1648 1636 1706 de
1677 1651 1836 1722 cujus
1881 1647 2090 1708 séuiiue
2131 1663 2213 1710 est

692 1729 880 1794 noster
920 1718 1122 1794 David,
1150 1719 1241 1794 qui
1289 1729 1375 1794 est
1425 1721 1692 1777 Christus.
1744 1718 1923 1778 Puero
1971 1723 2203 1794 Domini,

692 1786 797 1844 hoc
821 1798 925 1868 est,
957 1789 1057 1844 Dei
1090 1780 1290 1868 Patris,
1324 1792 1466 1846 sicut
1511 1794 1588 1848 ait
1633 1795 1921 1868 pr0pliela.
1955 1780 2205 1868 Magnum
2243 1780 2286 1840 Β

689 1869 775 1916 est
817 1861 923 1939 tibi
953 1860 1135 1939 vocari
1185 1859 1605 1939 liliumhmeum.
1635 1859 1866 1939 'Etenitn
1907 1859 2203 1939 ecce'ego,

691 1941 748 2012 et
775 1931 1060 2012 pueri_mei
1103 1946 1242 2012 quos
1268 1932 1420 1988 dedit
1448 1937 1581 2012 mihi
1609 1939 1775 1994 Deus.
1825 1938 1893 1994 Et
1938 1931 2209 2012 prophéta

690 2002 896 2078 isaias:
936 2005 1075 2078 Puer
1095 2004 1254 2057 datus
1282 2013 1366 2078 est
1394 2007 1573 2078 nobis,
1608 2012 1750 2065 filius
1789 2002 1955 2065 natus
1975 2002 2060 2067 esi
2105 2028 2207 2069 no-

691 2073 815 2156 bis:
831 2074 959 2156 Quae
987 2077 1190 2156 locutus
1220 2073 1570 2156 est_Domi_no'
1601 2084 1753 2138 verba
1784 2087 1974 2156 cantici
2025 2085 2205 2156 hujus.

689 2145 756 2200 Et
778 2146 951 2202 David
976 2146 1275 2203 secundum
1304 2148 1586 2207 historiam
1627 2155 1867 2210 cantavit
1908 2156 2050 2212 istud
2076 2145 2208 2213 can-

689 2219 852 2293 ticum
878 2233 1002 2274 cum
1029 2230 1449 2290 persequeretur
1475 2224 1544 2278 ab
1570 2224 1829 2293 inimicis,
1856 2237 1911 2284 et
1931 2227 2205 2292 Christus,

689 2291 781 2360 qui
812 2299 1091 2364 estcaput
1119 2303 1390 2364 nostrum,
1419 2305 1474 2351 et
1497 2297 1564 2353 ad
1608 2291 1823 2358 Patrem
1867 2301 2107 2356 cantavit
2155 2291 2208 2354 in

692 2363 943 2441 passione
977 2380 988 2416 :
1026 2363 1270 2441 Ecclesia
1307 2363 1797 2436 in’persecutione.
1823 2372 2036 2441 Eripuit
2082 2386 2207 2427 eum

692 2433 997 2516 Dominus:
1034 2436 1136 2516 hoc
1163 2447 1269 2504 est,
1302 2451 1358 2516 et
1386 2433 1552 2499 David
1584 2461 1613 2499 a
1644 2433 2024 2516 persecutione
2053 2447 2205 2516 Saul,

690 2511 746 2558 et
786 2505 1058 2588 Christum
1103 2509 1155 2562 in
1201 2512 1454 2588 passione
1507 2505 1661 2588 Deus'
1692 2517 1854 2574 Pater
1897 2519 2099 2588 eripuit
2141 2505 2210 2578 de

693 2589 854 2658 manu
888 2577 1262 2658 inimicorum;
1313 2584 1417 2658 hoc
1442 2597 1549 2653 est,
1583 2586 1650 2644 de
1684 2604 1844 2644 manu
1871 2577 2205 2658 Judz'eorum,

699 2656 754 2701 et
775 2646 843 2704 de
864 2665 1024 2734 manu
1048 2650 1199 2708 Saul.
1228 2646 1352 2734 Saul
1380 2646 1629 2734 appetitio
1652 2659 2061 2731 interpretatur,
2085 2646 2208 2734 quia

687 2727 876 2805 contra
919 2722 1268 2805 voluntatem
1306 2722 1948 2805 Dei_'expe_tierttnt'eum
1999 2722 2204 2805 regem.

689 2790 794 2869 lstc
831 2791 959 2869 _Saul
986 2805 1185 2869 _typum
1215 2797 1418 2854 diaboli
1443 2790 1632 2869 gessit.
1668 2803 1758 2858 Isti
1791 2805 1993 2860 inimici
2033 2790 2208 2862 ιῐῗθιιι-

690 2859 1178 2946 irradiabuli'sunt
1211 2885 1224 2922 :
1256 2869 1307 2924 id
1331 2859 1635 2946 esthudaei
1662 2876 1751 2943 qui
1786 2859 2209 2946 persecutis-unt

686 2931 989 2999 Christum,
1034 2948 1090 2993 et
1124 2931 1432 3022 dictitones,
1477 2944 1565 3000 vel
1610 2931 1852 3002 mémb‘ra
1903 2931 2207 3022 eorumqui

687 3018 1094 3078 persequuntur
1122 3009 1442 3070 Ecclesiatn.

613 3326 702 3384 hic
732 3333 980 3403 psalmus
1012 3338 1114 3392 sub
1156 3352 1395 3408 persona
1430 3344 1627 3410 David,
1655 3348 1723 3403 ad
1769 3348 2050 3408 Christum
2080 3367 2208 3423 pcr-

615 3423 752 3480 tinet
777 3445 791 3481 :
819 3429 1018 3497 quiest
1043 3444 1172 3486 vera
1201 3432 1487 3492 fortitudo.
1515 3437 1749 3512 Diligam
1771 3451 1840 3510 te,
1873 3443 2034 3500 virtus
2072 3461 2204 3501 mea.

612 3515 730 3574 Vox
761 3519 990 3578 Christi.
1035 3521 1212 3578 Virtus
1249 3541 1363 3580 mea
1393 3543 1411 3580 :
1445 3527 1550 3584 hoc
1595 3539 1700 3598 est,
1741 3532 2004 3590 divinitas
2036 3553 2050 3591 :
2085 3536 2207 3591 vir-

609 3615 699 3666 tus
749 3610 988 3668 hominis
1029 3618 1320 3688 assumpti.
1364 3617 1436 3674 Et
1477 3621 1722 3678 Ecclesia
1771 3626 1950 3682 virtus
1999 3628 2204 3685 Christi

604 3714 717 3771 est,
748 3708 837 3778 qui
866 3707 1001 3764 dicit
1028 3727 1042 3764 ε
1075 3708 1309 3785 Diligam
1352 3723 1422 3781 te,
1457 3713 1702 3772 Domine.
1751 3718 1810 3774 Si
1842 3735 1949 3776 vox
1999 3723 2204 3780 Christi

609 3807 718 3861 est,
749 3814 870 3855 cum
899 3802 1011 3858 sint
1058 3818 1248 3871 unum,
1277 3821 1382 3862 una
1427 3819 1483 3863 et
1522 3809 1836 3867 substantia
1875 3812 2200 3885 divinitatis,

607 3893 733 3961 quia
767 3893 970 3950 dictum
995 3906 1079 3952 est
1111 3915 1125 3952 :
1175 3897 1290 3955 Una
1324 3910 1593 3970 potestas,
1632 3921 1738 3961 una
1769 3906 2046 3976 voluntas,
2094 3926 2200 3966 una

607 3985 867 4054 majestas
900 3987 1104 4058 Patris,
1151 4002 1205 4047 et
1253 3992 1398 4063 Filii,
1436 4007 1490 4052 et
1529 3996 1762 4069 Spiritus
1806 4003 1980 4058 sancti
2017 4020 2029 4056 :
2062 4018 2200 4074 quo-

615 4075 780 4131 modo
810 4076 968 4149 dicit,
1017 4081 1234 4157 diligam
1282 4094 1352 4152 te,
1397 4086 1641 4147 Domine.
1685 4091 1848 4150 Pater
1888 4093 2091 4151 dicitur
2135 4113 2200 4153 co

604 4167 749 4240 quod
780 4167 944 4226 habet
971 4173 1165 4244 lilium,
1203 4186 1257 4233 et
1298 4178 1472 4236 Filius
1503 4182 1705 4239 dicitur
1731 4201 1800 4241 eo
1825 4189 1972 4259 quod
2002 4189 2202 4247 habeat

605 4269 841 4332 patrem.
871 4263 1108 4336 Spiritus
1137 4279 1368 4326 sanctus
1396 4287 1497 4329 nec
1526 4274 1690 4333 Pater
1717 4288 1823 4350 est,
1858 4295 1960 4336 nec
2001 4281 2193 4352 Filius,

600 4352 697 4409 sed
723 4353 947 4411 dilectio
970 4373 1132 4430 quam
1163 4360 1330 4418 habet
1361 4364 1527 4423 Pater
1555 4368 1608 4424 in
1640 4369 1801 4440 Filio,
1836 4380 1892 4428 et
1932 4374 2109 4431 Filius
2144 4382 2195 4433 in

602 4445 788 4505 Patre.
824 4447 981 4506 Unde
1013 4449 1214 4510 Paulus
1245 4457 1529 4526 apostolus
1557 4461 1700 4519 dixit
1730 4483 1742 4519 :
1772 4465 1907 4534 Quia
1955 4467 2195 4526 Charitas

601 4539 701 4598 Dei
740 4541 929 4599 diﬁ‘usa
978 4554 1063 4601 est
1113 4547 1166 4601 in
1218 4549 1481 4607 cordibus
1527 4556 1733 4612 nostris
1780 4573 1885 4629 per
1929 4559 2192 4632 Spiritum
2221 4539 2867 4654 Ddictumfést:

598 4821 1060 4896 Firmamentum,
1094 4830 1233 4886 sicut
1257 4833 1331 4887 ait
1360 4836 1630 4908 propheta
1661 4858 1676 4908 ;
1714 4843 1882 4899 turris
1912 4843 2195 4902 fortitudi-

598 4924 684 4978 nis
717 4940 746 4980 a
777 4925 916 4983 facie
947 4927 1153 4984 inimici
1177 4928 1296 5002 (Ps.
1331 4929 1443 5003 ιι).
1470 4931 1539 4987 Et
1567 4938 1833 5007 refugium
1863 4941 2056 4995 meum.
2079 4941 2192 4997 Vox

597 5017 832 5087 Christi,
866 5033 920 5077 ct
967 5037 1070 5078 vox
1101 5022 1386 5080 Ecclesiae.
1419 5024 1708 5098 Refugium
1739 5029 1947 5088 Christi
1990 5033 2046 5088 in
2093 5035 2195 5091 Pa-

594 5119 706 5178 tre,
742 5123 798 5170 et
840 5115 1106 5185 refugium
1156 5114 1415 5173 Ecclesia:
1447 5116 1502 5174 in
1535 5119 1778 5178 Christo.
1828 5122 1897 5180 Et
1944 5128 2193 5187 liberator

595 5223 758 5276 meus,
794 5209 846 5264 in
881 5209 1268 5270 tribulatione.

668 5300 811 5357 Deus
851 5320 1014 5373 meus,
1041 5306 1130 5376 qui
1161 5321 1247 5365 me
1277 5310 1501 5367 creasti.
1537 5313 1764 5385 Adjulor
1793 5333 1962 5384 meus,
1989 5317 2060 5374 de
2091 5335 2185 5376 ne-

589 5392 965 5451 cessitatibus.
1001 5395 1236 5471 Sperabo
1264 5401 1320 5455 in
1352 5419 1490 5472 eum,
1525 5403 1580 5460 in
1619 5406 1794 5478 ipsum
1829 5417 1997 5466 totam
2030 5427 2184 5487 Spem

593 5497 816 5554 ponam.

661 5574 933 5634 Protector
959 5598 1124 5652 meus,
1156 5585 1248 5658 qui
1277 5603 1364 5644 me
1395 5592 1657 5662 protegis,
1691 5595 1777 5652 vel
1809 5597 2080 5659 defendis.
2113 5604 2185 5662 Et

585 5687 752 5726 cornu
780 5676 964 5730 salutis
993 5693 1140 5734 mete.
1173 5677 1349 5737 Cornu
1377 5684 1562 5741 salutis
1588 5702 1608 5742 .'
1639 5689 1765 5759 quia
1806 5693 2182 5758 inﬁrmitatem

588 5775 832 5822 nostram
887 5769 1231 5830 confortavit.
1269 5777 1407 5846 Quia
1449 5791 1589 5839 ante
1643 5783 1938 5846 adventum
1983 5791 2183 5852 Christi

2328 475 2634 532 confortata
2679 492 2778 549 per
2799 477 3106 549 Christum,
3143 481 3287 536 sicut
3309 481 3384 537 ait
3408 482 3680 556 propheta
3706 502 3722 540 :
3745 486 3905 545 Erexit

2327 583 2499 626 cornu
2520 569 2676 625 nobis
2702 571 2894 626 salutis
2921 579 3129 627 nostra:
3150 571 3302 644 (Luc.
3326 574 3391 643 l).
3422 573 3502 630 Ac
3523 575 3567 629 si
3597 574 3752 632 dicat
3781 593 3793 631 :
3822 577 3904 633 De-

2325 662 2408 718 dit
2436 662 2595 720 nobis
2629 664 3052 736 regnumlforte,
3083 675 3144 720 ut
3176 665 3310 721 illud
3345 684 3358 720 :
3402 666 3474 723 Et
3524 667 3661 724 fecit
3692 685 3792 726 nos
3836 687 3907 728 re-

2325 773 2492 830 guunt
2525 759 2635 816 Deo
2662 759 2814 815 Patri
2837 775 2938 816 suo
2966 759 3014 833 (Ι
3047 759 3226 815 Thess.
3259 761 3342 831 ιι).
3368 761 3486 817 Non
3512 777 3648 835 ergo
3678 764 3731 820 in
3758 779 3906 826 cornu

2325 850 2457 907 illud
2487 852 2782 924 superbiat,
2813 852 2908 909 sed
2937 854 2992 908 in
3017 867 3188 908 cornu
3217 852 3409 908 salutis
3436 862 3563 924 tuae,
3592 855 3904 926 adjutorium

2325 941 2528 1001 habere
2591 944 2828 1000 conﬁdo.
2905 944 3191 1018 Susceptor
3253 961 3420 1001 meus.
3484 946 3784 1020 Susceptus
3838 963 3904 1010 est

2321 1034 2573 1092 Christus
2613 1052 2644 1092 a
2676 1037 2838 1094 Patre
2879 1037 2934 1094 in
2984 1037 3344 1106 humanitate,
3375 1048 3430 1095 et
3466 1039 3714 1100 Ecclesia
3757 1048 3906 1102 διιεεί-

2322 1132 2471 1204 pitur
2503 1132 2554 1188 in
2587 1132 2714 1189 ﬁde.

2391 1222 2640 1280 Luudans
2680 1225 2926 1279 invocabo
2967 1224 3270 1284 Dominum.
3322 1227 3463 1285 Justi
3494 1229 3724 1286 laudant
3757 1248 3770 1285 :
3799 1231 3904 1303 quia

2319 1318 2389 1374 de
2419 1320 2678 1376 omnibus
2712 1321 2875 1377 malis
2902 1321 3155 1378 liberavit
3183 1337 3302 1390 eos,
3346 1339 3444 1395 pro
3470 1339 3538 1380 eo
3563 1324 3712 1395 quod
3745 1327 3907 1396 sequi-

2322 1421 2451 1468 tur:
2495 1412 2562 1466 Et
2606 1414 2670 1467 ab
2712 1413 2938 1468 inimicis
2976 1416 3104 1470 meis
3141 1416 3318 1472 salvus
3361 1433 3470 1472 ero.
3514 1417 3771 1474 lnvocavi
3815 1419 3906 1473 Do-

2318 1505 2550 1561 minum.
2580 1505 2832 1564 Christus
2877 1507 3150 1564 invocavit
3191 1509 3360 1566 Deum
3393 1510 3635 1566 Patrem.
3683 1511 3906 1567 Ecclesia

2317 1600 2620 1657 Christum.
2664 1599 2732 1656 Et
2764 1602 2828 1656 ab
2866 1602 3092 1658 inimicis
3141 1605 3268 1659 meis
3315 1605 3489 1660 salvus
3519 1622 3633 1673 ero,
3677 1602 3907 1662 Christus

2317 1707 2348 1749 a
2378 1694 2606 1762 Judaeis,
2639 1703 2695 1751 et
2717 1695 2959 1752 Ecclesia
2982 1697 3052 1754 ab
3076 1697 3372 1755 haereticis.

2383 1785 2851 1843 Circumdederunt
2874 1807 2953 1844 me
2985 1792 3209 1863 gemitus
3239 1794 3440 1848 mortis.
3466 1792 3586 1850 Vox
3617 1793 3842 1859 Christi,
3863 1805 3908 1850 ct

2309 1895 2412 1935 vox
2455 1881 2737 1938 Ecclesiae.
2780 1883 3272 1942 Circumdederunt
3299 1886 3582 1944 Christum
3623 1889 3705 1944 illi
3747 1889 3834 1960 qui
3865 1891 3908 1944 in

2308 1969 2526 2026 inferno
2574 1973 2888 2044 gemebant,
2932 1975 3024 2047 qui
3067 1977 3120 2032 in
3153 1975 3366 2034 inferno
3401 1989 3580 2050 erant,
3639 1989 3700 2036 et
3742 1979 3908 2036 Eccle-

2308 2063 2388 2118 sia
2451 2063 2726 2122 similiter.
2796 2066 2861 2121 Et
2917 2077 3167 2125 torrentes
3221 2070 3514 2141 iniquitatis
3573 2073 3908 2128 conturbave-

2311 2167 2432 2211 runt
2471 2174 2569 2213 me.
2621 2159 2919 2217 Torrentes
2955 2178 3127 2234 aquas
3170 2162 3304 2220 dicit
3341 2181 3464 2236 qua:
3509 2176 3907 2238 pertranseunt.

2308 2248 2548 2305 Torrens
2595 2251 2795 2308 dicitur
2837 2255 2930 2325 qui
2983 2271 3090 2312 non
3137 2256 3208 2314 de
3260 2257 3408 2314 fonte
3453 2275 3636 2332 neque
3684 2261 3754 2318 de
3801 2263 3908 2318 viva

2309 2357 2469 2414 aqua,
2503 2344 2601 2400 sed
2632 2360 2661 2400 a
2699 2347 2930 2417 pluviis,
2962 2349 3046 2405 vel
3097 2351 3165 2408 de
3202 2354 3482 2410 montibus
3532 2357 3587 2412 in
3627 2357 3797 2414 valles
3825 2357 3908 2414 de-

2310 2439 2546 2502 scendit,
2577 2447 2633 2496 et
2671 2441 2725 2495 in
2758 2457 2910 2498 mare
2952 2444 3122 2501 vadit.
3155 2444 3295 2514 Quid
3327 2463 3424 2520 per
3468 2457 3780 2520 torrentes,
3818 2453 3908 2508 nisi

2311 2529 2597 2587 universas
2621 2542 2814 2604 gentes
2851 2535 3155 2608 signiﬁcat,
3182 2555 3308 2610 qum
3329 2556 3429 2613 per
3459 2554 3712 2602 montem
3743 2547 3908 2602 carnis

2312 2620 2367 2677 in
2394 2638 2544 2680 mare
2564 2625 2706 2682 istud
2726 2625 3102 2687 descendunt?
3124 2631 3280 2692 Unde
3305 2637 3568 2706 scriptum
3589 2648 3683 2696 est
3710 2639 3904 2696 :Genc-

2311 2717 2452 2772 ratio
2476 2719 2624 2775 vadit
2657 2729 2712 2778 et
2741 2727 3020 2795 generatio
3050 2730 3203 2785 venit
3235 2730 3463 2803 (Eccles.
3488 2734 3528 2805 ι)
3565 2753 3579 2791 :
3631 2736 3701 2792 Et
3740 2736 3902 2792 aliter.

2311 2809 2381 2866 Et
2407 2822 2654 2871 torrentes
2677 2818 2966 2888 iniquitatis
2993 2823 3428 2881 conturbauerunt
3456 2844 3558 2883 me.
3591 2828 3798 2886 Turbae
3819 2829 3906 2885 ini-

2311 2918 2565 2977 quorum,
2596 2925 2716 2979 qua:
2745 2910 2887 2968 sicut
2910 2921 3183 2973 torrentes
3210 2916 3267 2973 in
3293 2916 3491 2992 hyeme
3517 2920 3903 2988 intumescunt,

2311 3001 2562 3068 protinus
2592 3001 2916 3062 deﬁuentes.

2311 3368 2519 3426 inimici
2546 3373 2599 3428 in
2646 3377 2903 3445 passione
2945 3388 3075 3437 ante
3121 3368 3420 3442 vindictam
3471 3389 3681 3458 crucis,
3712 3390 3902 3461 laqueis

2309 3464 2515 3528 mortis,
2561 3480 2704 3536 quos
2739 3469 2868 3524 mihi
2899 3471 3202 3531 adversarii
3231 3476 3610 3537 intendebant.

2382 3552 2451 3607 Et
2479 3555 2533 3608 in
2565 3557 2900 3618 tribulatione
2929 3580 3040 3620 mea
3075 3567 3312 3625 invocavi
3336 3570 3644 3628 Dominum.
3706 3575 3902 3631 Huma-

2307 3643 2452 3699 nitas
2483 3646 2760 3704 invocavit
2786 3651 3153 3726 divinitatem,
3185 3669 3238 3714 et
3287 3661 3533 3719 Ecclesia
3584 3663 3899 3722 Christum:

2307 3750 2416 3791 non
2443 3738 2557 3793 oris
2603 3754 2752 3806 voce,
2800 3744 2900 3799 sed
2929 3747 3136 3804 cordis.
3180 3750 3248 3805 Et
3277 3754 3348 3806 ad
3369 3751 3538 3809 Deum
3578 3773 3760 3814 meum
3807 3757 3902 3812 clu-

2307 3830 2465 3899 mavi,
2495 3841 2542 3885 et
2567 3834 2831 3889 exaudivit
2873 3835 2936 3890 de
2965 3838 3156 3910 templo
3180 3853 3364 3898 sancto
3391 3861 3487 3899 suo
3517 3863 3696 3904 vocem
3721 3866 3898 3906 meum.

2304 3921 2598 3993 Templum
2632 3941 2837 3997 corpus
2865 3929 3228 4004 dominicum,
3255 3937 3347 3992 ubi
3379 3938 3636 3996 exaudita
3669 3956 3764 4002 est
3812 3947 3898 4003 hu-

2305 4017 2540 4073 manitas
2567 4033 2598 4074 a
2621 4018 2924 4092 divinitate,
2953 4033 3009 4081 et
3037 4025 3280 4084 Ecclesia
3310 4030 3571 4088 similiter
3593 4050 3621 4088 a
3653 4035 3896 4094 Christo.

2302 4106 2361 4164 In
2418 4113 2649 4182 templo,
2704 4116 2758 4169 in
2789 4127 2978 4173 sancta
3008 4119 3279 4179 Ecclesia.
3329 4123 3395 4180 Et
3441 4125 3612 4183 aliud.
3650 4129 3711 4187 In
3741 4129 3896 4186 corde

2303 4217 2428 4259 meo
2478 4207 2623 4277 quod
2653 4211 3052 4270 sauctilicavit:
3084 4214 3140 4270 in
3173 4231 3282 4286 quo
3334 4220 3540 4291 templo
3585 4234 3786 4283 sancto
3823 4225 3896 4280 iu-

2302 4296 2529 4355 habitat.
2559 4300 2628 4355 Et
2653 4303 2852 4358 clamor
2883 4323 3023 4362 meus
3051 4309 3104 4362 in
3125 4324 3405 4383 conspectu
3431 4317 3546 4387 ejus
3570 4316 3811 4373 introivit
3847 4317 3892 4369 iu

2301 4394 2451 4446 aures
2477 4396 2611 4465 ejus.
2654 4393 2820 4452 Aures
2868 4402 3023 4472 ejus:
3051 4399 3156 4458 hoc
3186 4413 3292 4475 est,
3325 4404 3410 4461 vis
3461 4406 3783 4465 auditionis.
3810 4408 3891 4462 Vis

2301 4479 2570 4542 fortitudo
2598 4497 2703 4554 est,
2736 4505 2841 4561 qua
2880 4493 3055 4549 sancti
3083 4493 3306 4552 fortiter
3350 4497 3743 4571 deprecantur,
3776 4500 3888 4572 quia

2877 4600 2926 4640 m
2972 4586 3242 4644 ctelorum
3283 4590 3394 4646 vim
3425 4593 3663 4664 patitur,
3696 4606 3749 4652 et
3777 4594 3885 4648 vio-

2374 4763 2643 4823 Commota
2677 4781 2772 4837 est,
2821 4781 2868 4826 et
2900 4775 3208 4831 contremuit
3235 4786 3398 4834 terra.
3433 4780 3748 4841 Secundum
3777 4780 3882 4837 his-

2303 4859 2499 4915 toriam
2530 4861 2731 4919 factum
2755 4866 2852 4922 fuit
2881 4885 2895 4924 :
2926 4871 3150 4940 quando
3195 4872 3416 4946 Moyses
3463 4877 3667 4949 accipit
3719 4878 3879 4948 legem

2299 4949 2354 5006 in
2389 4963 2576 5011 monte
2622 4956 2773 5013 Sina.
2824 4959 2989 5018 Terra
3032 4966 3261 5037 tremuit,
3317 4968 3463 5038 quod
3517 4966 3879 5044 pra-ﬁguravit

2297 5045 2604 5116 passionem
2631 5046 2859 5118 Christi,
2893 5054 3018 5125 quia
3050 5056 3103 5112 in
3147 5059 3407 5128 passione
3459 5062 3666 5118 Christi
3714 5058 3875 5119 omnis

2293 5150 2442 5222 terra
2496 5145 2738 5213 tremuit,
2771 5149 2992 5218 quando
3034 5167 3173 5208 nova
3222 5153 3318 5210 lex
3371 5157 3499 5212 data
3555 5168 3640 5213 est
3687 5155 3872 5228 populo

2295 5232 2632 5295 Christiano.
2674 5240 2890 5298 Aliter:
2924 5244 3192 5302 Commota
3223 5258 3298 5304 est
3351 5259 3512 5319 terra,
3573 5250 3785 5322 quando
3811 5245 3871 5300 de

2296 5327 2616 5389 infidelitate
2645 5334 2712 5389 ad
2743 5334 2906 5394 ﬁdem
2930 5349 3223 5410 venerunt,
3275 5352 3328 5399 et
3379 5343 3730 5402 credentibus
3775 5354 3869 5396 ter-

2295 5423 2467 5491 renis,
2531 5426 2730 5482 factum
2782 5437 2868 5486 est
2909 5433 3135 5489 ccelum.
3198 5433 3568 5492 Fundamenta
3631 5436 3865 5494 montium

2293 5518 2598 5574 conturbata
2646 5534 2789 5590 sunt,
2834 5535 2883 5581 et
2921 5539 3180 5584 commota
3222 5539 3364 5586 sunt.
3397 5531 3498 5588 Hic
3539 5543 3756 5589 montes
3789 5543 3867 5583 ευ·

2293 5609 2445 5680 perbi
2480 5612 2887 5690 intelliguntur.
2945 5621 3322 5683 Fundamenta
3361 5641 3575 5698 eorum,
3607 5627 3863 5684 daemones

2288 5717 2414 5764 sunt
2442 5728 2456 5765 :
2481 5711 2626 5768 sicut
2654 5724 2709 5771 et
2735 5713 3088 5775 fundamenta
3121 5731 3462 5789 sanctorum,
3514 5723 3790 5795 propheta:
3815 5720 3860 5770 ei

2291 5804 2529 5874 apostoli
2556 5815 2701 5862 sunt.
2731 5807 2887 5868 Unde
2915 5810 3046 5869 dicit
3077 5822 3298 5871 sanctus
3332 5813 3569 5888 Paulus?
3599 5807 3857 5892 .rEdiﬁcati
