3980 6352
88 308 193 370 865
1034 304 1472 366 BREVIARIUM
1517 301 1580 363 IN
1623 300 1962 364 PSALMOS.
2005 303 2258 363 PSALM.
2303 304 2465 363 XVll.
3291 309 3396 368 866

84 439 256 494 super
290 422 648 479 fundamenta
700 421 1118 494 pr0phetarum,
1168 433 1224 479 et
1278 423 1652 495 apostolorum
1679 437 1695 480 :
1724 419 1779 485 Δ
1803 431 2042 478 creatas.
2074 423 2145 476 Et
2176 422 2363 478 rolavit
2386 437 2406 478 :
2447 420 2638 478 volarit
2667 438 2824 494 super
2853 439 3050 496 pennas
3083 433 3350 479 ventorum
3380 442 3398 481 :

93 517 472 573 Fundamenta
529 517 784 572 montium
835 516 1141 572 conturbata
1188 525 1329 584 sunt,
1363 528 1412 572 et
1442 524 1699 571 commota
1801 514 1908 572 hoc
1936 524 2040 584 est,
2087 517 2318 574 virtutes
2347 525 2658 573 sanctarum
2692 517 3032 588 animarum,
3059 520 3186 591 quia
3235 518 3399 576 Chri-

85 620 211 666 sunt
245 608 480 681 (Ep/tes.
529 609 618 679 ιι),
649 623 841 666 eorum
865 609 1122 682 superbia
1150 609 1246 679 qui
1273 609 1327 665 in
1358 608 1465 664 hoc
1492 607 1695 664 mundo
1798 616 1922 664 stus
1959 609 2203 687 velocior
2249 616 2336 665 est
2365 619 2552 677 vento,
2604 618 2660 666 et
2689 609 2866 666 levior
2887 627 3050 683 quam
3081 611 3285 682 anima,
3341 619 3398 668 et

83 702 400 760 conﬁdunt.
434 701 699 771 Quoniam
727 703 900 757 iratus
928 710 1002 757 est
1023 702 1096 757 eis
1124 699 1292 757 Deus.
1323 700 1440 758 Hoc
1459 709 1567 766 est,
1615 701 1698 758 eis

85 799 398 869 montibus,
452 797 543 854 vel
616 796 1066 868 persecutoribus
1125 815 1139 852 :
1206 796 1481 868 dissipans
1537 809 1694 867 spem

82 891 456 951 mundialium
494 891 867 961 voluptatum.

163 985 419 1041 Ascendit
441 987 619 1056 fumus
648 982 701 1037 in
725 982 806 1037 ira
833 985 971 1056 ejus,
1004 989 1114 1038 etc.
1145 980 1349 1037 Fumus
1391 994 1461 1037 ex
1486 978 1695 1036 duabus

83 1079 261 1136 rebus
291 1077 386 1133 ﬁt:
415 1092 485 1134 ex
538 1077 664 1147 igne
709 1084 770 1132 et
815 1090 977 1148 aqua.
1027 1075 1133 1131 Per
1161 1075 1394 1141 fumum,
1442 1073 1695 1145 lacryma:

83 1174 429 1238 excitantur,
460 1180 518 1228 et
558 1186 656 1242 per
694 1171 876 1241 ignem
927 1170 1276 1241 eompunctio
1316 1167 1501 1225 cordis
1531 1167 1696 1224 intel-

85 1266 308 1335 ligitur,
364 1272 423 1320 et
467 1277 569 1333 per
623 1262 921 1334 lacrymas,
970 1275 1134 1333 aqua.
1161 1259 1420 1316 Carbones
1465 1256 1696 1314 succensi

81 1367 212 1412 sunt
235 1356 298 1411 ab
327 1371 409 1410 eo.
441 1353 585 1424 Quid
617 1369 717 1425 per
769 1352 1070 1423 carbones,
1119 1352 1223 1408 nisi
1277 1353 1436 1408 bona:
1480 1358 1695 1406 natura:

79 1465 268 1520 genus
297 1448 620 1514 humanum,
652 1445 986 1502 exstinctum
1020 1461 1118 1517 per
1147 1445 1349 1514 Adam,
1375 1444 1429 1500 in
1456 1443 1694 1500 adventu

79 1539 300 1597 Christi
333 1537 700 1596 illuminatum
732 1555 830 1608 per
857 1536 1192 1609 baptismum
1221 1537 1337 1592 sive
1388 1551 1484 1608 per
1513 1535 1696 1606 pinni-

79 1635 320 1693 tentiam
359 1633 738 1705 designatur?
805 1633 1241 1704 Exstinguuntur
1293 1630 1568 1687 carbones
1625 1630 1694 1688 ab

78 1744 258 1801 aqua,
290 1743 411 1799 qua:
440 1736 528 1785 est
555 1727 828 1800 cupiditas
859 1745 873 1783 :
918 1736 974 1783 et
1003 1725 1390 1782 illuminantur
1428 1739 1527 1795 per
1563 1738 1690 1796 gra-

80 1821 253 1890 tiam,
287 1836 410 1893 qua:
441 1829 528 1877 est
553 1819 793 1892 Spiritus
835 1829 1082 1876 sanctus.

167 1913 450 1970 inclinavit
505 1915 658 1970 caelos
696 1925 744 1970 et
791 1915 1077 1970 descendit.
1131 1913 1248 1971 Hoc
1277 1922 1383 1984 est,
1433 1912 1577 1985 quod
1635 1911 1689 1967 in

75 2010 202 2067 alio
237 2009 454 2081 psalmo
484 2010 561 2066 ait
604 2027 619 2065 :
666 2008 969 2067 Descendit
1015 2009 1157 2065 sicut
1206 2009 1393 2080 pluvia
1433 2007 1488 2064 in
1519 2006 1691 2064 vellus

77 2100 340 2175 (Psalm.
372 2101 523 2173 uxr)
550 2119 563 2157 :
605 2102 731 2174 quia
755 2102 1020 2158 humilem
1049 2117 1110 2159 se
1136 2101 1318 2168 nobis,
1352 2110 1410 2157 et
1438 2101 1492 2156 in
1517 2099 1691 2155 forma

76 2195 242 2252 servi
298 2196 577 2251 occultum
635 2195 894 2266 przebuit,
942 2203 998 2250 et
1025 2193 1308 2252 latentem.
1353 2192 1454 2250 Vel
1501 2191 1689 2248 aliud:

73 2287 247 2355 C(Bli,
282 2289 464 2362 angeli
496 2288 738 2345 inclinati
763 2296 914 2356 sunt,
943 2288 1164 2360 quando
1208 2287 1435 2345 Gabriel
1475 2287 1547 2343 ad
1577 2287 1692 2342 Ma-

88 2386 236 2441 riam
265 2383 438 2454 venit,
469 2393 524 2440 et
551 2383 839 2440 descendit
863 2381 1138 2453 Christus,
1196 2389 1253 2440 et
1303 2383 1456 2439 venit
1482 2382 1538 2437 in
1567 2395 1692 2437 car-

80 2491 238 2532 nem.
277 2474 384 2532 Vel
428 2475 629 2532 aliter:
660 2474 820 2544 lei,
873 2475 1044 2533 sancti
1076 2474 1335 2547 apostoli,
1378 2473 1466 2530 vel
1516 2474 1695 2530 imita-

90 2579 248 2626 tores
279 2583 496 2626 eorum.
531 2568 937 2626 lnclinaverunt
965 2567 1033 2626 ab
1063 2567 1358 2624 altitudine
1400 2584 1412 2621 :
1452 2566 1559 2624 hoc
1585 2576 1691 2636 est,

85 2663 157 2721 de
176 2663 680 2736 contemplatione,
709 2673 768 2720 ut
817 2663 1055 2721 doceant
1089 2665 1305 2733 brutos,
1349 2661 1598 2718 inﬁrmos
1637 2661 1694 2717 in

90 2756 358 2814 Ecclesia
388 2766 614 2829 propter
650 2756 1096 2829 compassionem
1140 2755 1537 2827 proximorum.
1594 2753 1694 2810 Vel

79 2854 150 2910 ad
184 2853 539 2925 conjugatos,
579 2862 640 2910 ut
692 2863 915 2911 sanctus
955 2853 1156 2909 Paulus
1184 2853 1306 2907 ait:
1360 2850 1460 2906 Vir
1503 2849 1697 2907 reddat

85 2945 352 3003 debitum
382 2945 562 3014 uxori,
596 2955 651 3002 et
696 2962 843 3001 uxor
890 2946 1144 3002 similiter
1179 2943 1300 3001 viro
1329 2943 1386 3016 (Ι
1417 2941 1541 2998 Cor.
1572 2939 1691 3012 vn).

77 3040 152 3095 Et
198 3041 384 3110 caligo
411 3041 506 3095 sub
536 3040 753 3110 pedibus
783 3043 917 3110 ejus.
952 3038 1286 3095 lnvisibilem
1332 3035 1692 3093 substantiam

73 3134 206 3202 Dei,
237 3143 295 3189 ct
325 3132 660 3204 judiciorum
698 3134 914 3189 occulta
950 3131 1246 3202 signiﬁcat.
1283 3130 1377 3186 Vel
1401 3129 1545 3185 aliud
1577 3144 1592 3184 :
1625 3128 1694 3183 Et

1795 700 2109 773 prtecelsior
2147 701 2359 774 angelis
2401 713 2456 760 et
2489 703 2719 760 sanctis.

1868 793 2057 849 Posuit
2105 795 2339 850 tenebras
2386 795 2667 851 latibulum
2697 813 2874 863 suum,
2915 807 3023 854 etc.
3075 797 3392 855 Latibulum

1796 887 2035 958 seipsum
2067 888 2206 944 dixit
2247 889 2302 945 in
2333 889 2660 960 Scripturis.
2706 889 2773 944 In
2799 891 3023 947 circuitu
3064 894 3178 965 ejus
3224 892 3396 947 taber-

1797 979 2045 1035 naculum
2075 982 2207 1052 ejus.
2242 981 2494 1037 Christus
2543 981 2596 1037 in
2650 982 2819 1039 Maria
2863 983 3017 1055 quasi
3062 998 3297 1054 sponsus
3336 982 3392 1038 in

1797 1071 2060 1138 thalamo,
2081 1081 2137 1128 et
2157 1087 2361 1144 corpus
2378 1073 2562 1129 Marize
2579 1073 2741 1144 quasi
2768 1073 3201 1132 tabernaculum.
3215 1074 3391 1132 Tene-

1796 1162 1926 1219 bras
1952 1163 2120 1220 dicit:
2155 1179 2224 1220 eo
2245 1163 2393 1234 quod
2412 1164 2574 1220 nobis
2590 1164 2824 1221 obscura
2847 1173 2934 1222 est
2951 1165 3278 1233 lncarnatio,
3301 1165 3391 1222 vel

1795 1255 2063 1313 Nativitas
2077 1256 2217 1328 ejus.
2246 1255 2535 1314 Tenebrosa
2553 1274 2689 1331 aqua
2717 1259 2770 1314 in
2792 1259 3011 1315 nubibus
3033 1261 3188 1315 aeris.
3208 1259 3392 1318 Nubes

1795 1351 2078 1422 prOphette
2099 1360 2226 1408 sunt
2250 1368 2263 1407 :
2289 1360 2345 1408 et
2373 1367 2536 1424 aqua,
2565 1353 2816 1408 doctrina
2847 1368 3064 1421 eorum,
3091 1356 3216 1426 quia
3263 1355 3391 1413 obs-

1796 1458 1942 1499 cura:
1973 1453 2101 1499 sunt
2127 1443 2430 1515 Scriptura:
2455 1444 2866 1516 prophetarum.
2885 1445 3020 1514 Quia
3046 1447 3190 1502 sicut
3221 1449 3395 1505 nubes

1795 1535 2032 1606 pluviam
2083 1544 2328 1606 portant,
2362 1546 2417 1592 et
2471 1545 2673 1593 terram
2707 1537 2914 1593 aridam
2942 1536 3192 1609 irrigant,
3223 1540 3302 1595 sic
3339 1547 3396 1596 et

1796 1628 2082 1701 propheta:
2110 1644 2206 1700 per
2221 1644 2412 1686 eorum
2441 1629 2754 1687 doctrinam
2783 1631 3011 1705 irrigant
3035 1633 3203 1690 corda
3220 1632 3392 1690 arida.

1867 1722 1992 1779 Pra:
2045 1724 2254 1798 fulgure
2281 1726 2339 1780 in
2365 1735 2643 1798 conspectu
2673 1730 2789 1800 ejus
2843 1728 3001 1783 nubes
3051 1728 3394 1788 transierunt.

1720 1812 1769 1875 B
1797 1813 2060 1886 Fulgura,
2085 1816 2417 1873 illuminatio
2447 1817 2686 1888 Spiritus
2708 1817 2905 1875 sancti.
2936 1818 3057 1890 Ipse
3087 1820 3262 1878 nubes
3289 1819 3399 1877 sci-

1795 1907 1926 1965 licet
1979 1910 2292 1980 prophetae,
2352 1911 2688 1967 transierunt
2731 1912 2786 1968 in
2831 1910 3032 1967 .ludaais
3072 1911 3141 1968 ad
3182 1920 3395 1983 gentes,

1794 2003 2002 2076 Spiritu
2045 2016 2238 2061 sancto
2261 2005 2623 2077 gubernante.
2655 2006 2758 2062 Per
2785 2003 3000 2077 lulgura
3044 2005 3208 2078 ignis,
3240 2021 3393 2063 com-

1795 2099 2022 2168 punctio
2090 2098 2276 2155 cordis
2341 2098 2694 2170 intelligitur.
2753 2097 2992 2168 Grando,
3047 2107 3096 2154 et
3150 2098 3398 2154 carbones

1793 2193 1950 2268 ignis.
1974 2194 2031 2251 ιη
2056 2195 2341 2266 grandine,
2369 2196 2644 2253 verbera:
2688 2196 2741 2252 in
2771 2197 2919 2268 igne,
2969 2196 3254 2253 charitatis
3300 2212 3391 2254 ac-

1793 2290 1984 2346 ccnsio
2007 2290 2352 2347 ostenditur:
2377 2291 2576 2362 quibus
2605 2290 2846 2347 ﬁdelium
2895 2291 3064 2348 corda
3102 2301 3392 2351 moventur

1794 2383 1866 2439 ad
1897 2384 2338 2455 cognoscendum
2371 2384 2566 2441 Deum.

1867 2475 1935 2530 Et
1965 2478 2188 2533 intonuit
2214 2478 2279 2534 de
2321 2477 2449 2533 cielo
2499 2475 2781 2534 Dominus.
2841 2477 2947 2534 Per
2999 2486 3218 2537 sanctos
3263 2493 3394 2536 suos

1795 2571 2038 2627 intonuit
2065 2589 2080 2628 ε
2112 2572 2269 2642 quasi
2302 2571 2374 2628 de
2401 2570 2546 2627 ccelo
2582 2586 2682 2641 per
2723 2570 2998 2642 justorum
3029 2571 3196 2628 corda
3225 2587 3394 2628 evan-

1794 2666 2069 2737 gelizavit.
2102 2665 2172 2719 Et
2193 2665 2494 2721 Altissimus
2514 2663 2660 2720 dedit
2689 2680 2865 2720 uocem
2895 2682 3064 2720 suam.
3096 2665 3201 2721 Per
3225 2681 3396 2721 evan-

1793 2760 2021 2831 gelistas
2067 2758 2334 2814 malitiam
2379 2757 2673 2814 humanam
2702 2757 3055 2830 disperdidit.
3095 2757 3396 2815 Altissimus

1794 2867 1965 2907 vocem
1991 2868 2140 2908 suam
2171 2851 2315 2906 dedit
2344 2866 2364 2906 :
2389 2851 2496 2906 hoc
2540 2859 2647 2918 est,
2691 2850 3166 2922 praedicatiOnem,
3216 2858 3276 2905 ut
3317 2848 3398 2907 ait

1795 2945 2097 3018 propheta:
2139 2944 2256 3001 Vox
2298 2945 2526 3000 tonitrui
2553 2946 2628 3000 tui
2660 2945 2716 3000 in
2746 2953 2865 3002 rota
2917 2944 3112 3017 (Psal.
3165 2948 3383 3017 cxxvt),

1797 3041 1846 3097 id
1875 3051 1986 3110 est,
2016 3039 2337 3112 prtedicatio
2363 3055 2554 3096 eorum
2603 3041 2656 3095 in
2705 3048 2821 3095 toto
2847 3039 3072 3096 mundo.

1869 3133 1938 3188 Et
1975 3134 2113 3189 misit
2135 3135 2353 3206 sagittas
2373 3151 2518 3201 suas,
2547 3143 2596 3189 et
2619 3133 2897 3203 dissipavit
2921 3150 3025 3191 eos.
3059 3133 3207 3190 Misit
3227 3133 3394 3192 verba

72 3195 259 3301 caligo
309 3195 404 3281 sub
433 3226 646 3298 pedibus
694 3227 832 3298 ejus.
891 3195 1073 3300 Caligo
1102 3241 1121 3280 :
1156 3223 1260 3280 hoc
1306 3231 1410 3290 est,
1468 3222 1694 3292 profun-
1717 3195 1764 3260 (ἶ
1797 3243 1895 3285 sua
1927 3239 2114 3285 sancta
2147 3195 2302 3300 quasi
2328 3195 2576 3300 sagittas,
2611 3244 2730 3300 qua:
2752 3195 2996 3298 'pleniter
3025 3237 3080 3284 et
3124 3228 3309 3296 malis,
3337 3238 3394 3285 et

73 3323 234 3380 ditas
267 3321 683 3393 Scripturarum
709 3338 722 3376 :
749 3335 911 3394 quam
939 3320 1091 3376 dedit
1121 3320 1267 3376 Deus
1299 3317 1527 3389 pedibus
1551 3317 1688 3386 suis,

70 3418 173 3488 qui
208 3425 344 3470 sunt
376 3414 550 3470 sancti
578 3414 700 3470 sui:
737 3413 790 3470 id
821 3422 929 3480 est,
961 3413 1222 3469 Ecclesia:
1266 3427 1379 3469 sua:
1418 3427 1434 3468 :
1481 3410 1608 3482 quia
1635 3409 1690 3465 in

71 3525 254 3567 sensu
285 3514 604 3564 sanctorum
631 3506 708 3563 ibi
731 3509 827 3578 Lest
867 3504 1210 3577 profunditas
1253 3502 1688 3576 Scripturarum,

71 3613 129 3662 et
155 3602 428 3658 Christus
458 3615 623 3671 super
662 3599 790 3657 illos
821 3599 1101 3671 prtesidet.

156 3696 241 3751 Et
265 3693 505 3749 ascendit
543 3711 700 3764 super
729 3692 1029 3749 Clierubim.
1063 3692 1178 3748 Hoc
1221 3699 1330 3760 ost,
1360 3706 1528 3763 super
1570 3690 1688 3764 ple-

67 3789 397 3848 nitudinem
429 3787 698 3855 scientias,
729 3785 986 3844 Christus
1016 3785 1276 3842 ascendit
1301 3801 1428 3844 cum
1457 3800 1692 3856 corpore

68 3899 176 3940 suo
223 3895 398 3952 super
445 3894 640 3936 omnes
666 3879 913 3951 angelos,
945 3889 1001 3935 et
1048 3879 1428 3951 archangelos.
1481 3879 1691 3935 Cheru-

67 3975 218 4039 bim,
257 3974 680 4044 interpretatur,
712 3971 983 4042 plenitudo
1006 3971 1255 4039 scientiat,
1280 3987 1406 4043 quae
1435 3978 1522 4026 est
1562 3971 1694 4027 cha-

66 4069 261 4124 ritas:
319 4064 448 4136 quia
499 4062 786 4134 plenitudo
833 4063 970 4135 legis
1016 4072 1103 4120 est
1149 4063 1398 4133 dilectio,
1451 4063 1554 4119 hoc
1607 4071 1693 4121 est

64 4161 356 4219 Charitas.
416 4159 670 4215 Christus
719 4173 887 4229 super
926 4158 1030 4214 hoc
1087 4157 1374 4225 ascendit,
1429 4157 1569 4213 sicut
1635 4156 1690 4213 in

66 4255 394 4328 Evangelio
439 4253 558 4326 ipse
588 4252 854 4310 Dominus
885 4251 1018 4310 dicit
1043 4271 1057 4308 :
1081 4251 1342 4324 Maiorem
1361 4250 1688 4308 charitatem

61 4365 252 4410 nemo
282 4348 478 4415 habet,
512 4363 674 4420 quam
698 4355 761 4404 ut
785 4346 1021 4402 animam
1053 4361 1204 4402 suam
1229 4353 1396 4417 ponat
1421 4344 1545 4415 quis
1593 4359 1691 4416 pro

62 4443 287 4502 amicis
318 4441 434 4497 suis
463 4441 661 4514 (Joan.
693 4439 812 4514 xv).
844 4439 998 4509 Quod
1029 4439 1105 4496 ita
1132 4438 1386 4496 Christus
1409 4437 1557 4505 fecit,
1599 4437 1691 4508 qui

60 4541 336 4594 animam
387 4548 540 4590 suam
587 4548 690 4604 pro
743 4533 937 4589 amicis
988 4532 1164 4589 dedit.
1212 4529 1282 4586 Et
1323 4529 1531 4597 volavit,
1578 4537 1685 4585 etc.

59 4626 407 4689 Secundum
438 4627 727 4683 historiam
765 4625 910 4699 quod
959 4628 1110 4696 prius
1141 4635 1245 4695 est,
1277 4624 1487 4682 volavit
1527 4637 1692 4694 super

1793 3322 1954 3378 bonis
1997 3321 2321 3393 pra-dicant.
2375 3323 2557 3378 Bonos
2609 3330 2929 3379 remunerat
3002 3323 3170 3390 Deus,
3216 3321 3264 3377 si
3313 3321 3395 3377 fa-

1792 3415 1942 3473 ciunt
1971 3433 1984 3471 :
2017 3425 2076 3473 et
2095 3415 2271 3472 malos
2291 3415 2552 3484 conterit,
2593 3416 2638 3472 si
2663 3415 2915 3483 audiunt,
2941 3423 2996 3472 et
3026 3431 3134 3472 non
3158 3413 3388 3470 faciunt.

1791 3508 1950 3567 Unde
2001 3517 2222 3566 sanctus
2280 3509 2566 3580 apostolus
2611 3507 2688 3564 ait
2735 3526 2749 3562 :
2800 3507 2908 3564 Alii
2933 3507 3171 3580 'quidem
3201 3521 3391 3564 sumus

1793 3604 1932 3661 odor
1977 3605 2106 3660 vita:
2143 3603 2199 3660 in
2228 3603 2422 3670 vitam,
2448 3611 2503 3660 et
2523 3602 2615 3658 alii
2645 3601 2782 3658 odor
2805 3601 3000 3658 mortis
3058 3603 3112 3657 in
3159 3609 3390 3656 mortem

1793 3699 1814 3773 (
1840 3698 1885 3754 ll
1912 3699 2033 3755 Cor.
2081 3698 2168 3770 ιι).
2197 3696 2347 3754 Odor
2376 3696 2504 3752 vita:
2530 3703 2656 3751 sunt
2691 3694 2797 3762 his,
2827 3695 2920 3767 qui
2963 3693 3191 3750 audiunt
3221 3701 3276 3749 et
3311 3692 3394 3748 fa-

1792 3793 1979 3852 ciunt:
2034 3800 2090 3848 et
2127 3790 2266 3846 odor
2291 3788 2487 3845 mortis
2529 3795 2656 3843 sunt
2682 3786 2768 3843 his
2793 3787 2886 3858 qui
2913 3785 3138 3843 audiunt
3183 3795 3241 3843 et
3279 3801 3388 3843 non

1793 3885 2019 3942 iaciunt.
2065 3883 2204 3953 Quia
2245 3882 2638 3953 praedicatores
2687 3879 2948 3936 nesciunt
2971 3879 3065 3951 qui
3103 3888 3231 3935 sunt
3253 3892 3396 3950 pra:-

1794 3977 2059 4036 destinati
2088 3993 2104 4038 :
2141 3987 2322 4033 tamen
2363 3974 2695 4032 tiducialiter
2719 3973 3044 4047 praedicant.
3076 3971 3145 4028 Et
3177 3973 3396 4046 fulgura

1793 4073 2184 4144 multiplicauit,
2213 4080 2265 4126 et
2293 4068 2619 4125 conturbavit
2645 4085 2753 4124 eos.
2798 4066 3063 4138 Fulgura,
3110 4066 3395 4137 miracula,

1792 4174 1957 4236 atque
1986 4163 2208 4220 claritas
2252 4161 2469 4218 virtutis
2517 4175 2654 4217 suas.
2706 4158 3054 4214 Conturbavit
3101 4158 3240 4214 illos.
3295 4157 3400 4215 Per

1794 4256 1888 4312 illa
1917 4255 2181 4312 miracula
2213 4257 2593 4326 apostolorum
2649 4251 2965 4324 compuncti
3016 4262 3166 4322 sunt,
3216 4260 3272 4308 et
3320 4251 3399 4309 illi

1793 4350 1884 4422 qui
1910 4348 2176 4407 dixerunt
2214 4347 2281 4404 ad
2323 4347 2550 4404 Petrum
2585 4361 2600 4405 :
2655 4345 2796 4416 Quid
2832 4345 3111 4414 iaciemus,
3144 4342 3243 4399 viri
3284 4343 3399 4400 ira-

1796 4443 1952 4498 tres?
1979 4443 2048 4499 Et
2071 4442 2204 4499 ille:
2254 4441 2669 4506 Pcenitentiam,
2709 4438 2909 4511 inquit,
2940 4440 3124 4512 agite:
3159 4448 3218 4496 et
3265 4439 3402 4512 bap-

1801 4536 1994 4592 tizetur
2019 4532 2400 4605 unusquisque
2429 4542 2673 4590 vestrum
2700 4531 2852 4603 (Act.
2888 4536 2972 4603 ιι).

1868 4624 1938 4682 Et
1967 4634 2327 4698 apparuerunt
2352 4628 2518 4696 fontes
2569 4639 2846 4695 aquarum.
2901 4623 3104 4681 Fontes
3133 4625 3393 4696 apostoli,

59 4736 304 4796 pennas
353 4728 638 4776 ventorum
669 4738 680 4773 :
715 4716 838 4790 quia
892 4717 1136 4775 velocior
1188 4726 1274 4774 est
1337 4724 1532 4773 ventus
1574 4729 1695 4771 om-
1795 4718 1952 4792 quasi
1991 4718 2147 4789 aquis
2187 4716 2256 4773 de
2281 4731 2392 4772 uno
2422 4717 2570 4772 fonte
2601 4716 2773 4786 potati
2803 4726 2953 4773 sunt.
2989 4717 3068 4774 De
3099 4733 3207 4773 uno
3234 4717 3389 4774 fonte

59 4818 255 4873 nibus
315 4811 606 4880 creaturis,
658 4821 712 4868 et
759 4810 1024 4867 Dominus
1069 4809 1316 4866 velocior
1368 4816 1454 4866 est
1508 4817 1691 4877 vento,
1795 4812 1886 4882 qni
1920 4818 2004 4866 est
2041 4806 2322 4874 Christus,
2355 4807 2537 4863 satiati
2592 4808 2816 4863 luerunt
2859 4809 3125 4880 apostoli,
3157 4809 3299 4865 sicut
3339 4810 3394 4865 in

55 4910 207 4983 quia
245 4914 504 4978 penetrat
533 4921 704 4978 usque
729 4905 796 4962 ad
830 4906 968 4963 lines
997 4914 1183 4973 terrae,
1237 4913 1293 4962 et
1335 4903 1519 4960 omnia
1565 4918 1692 4959 sua-
1799 4903 2105 4976 Evangelio
2133 4901 2294 4959 dixit.
2320 4901 2424 4970 Qui
2453 4899 2656 4957 biberit
2685 4915 2882 4972 aquam
2913 4917 3076 4973 quam
3124 4916 3229 4972 ego
3256 4901 3396 4958 dabo

59 5004 234 5060 viter
283 4999 554 5072 disponit.
600 4999 738 5069 Quia
788 4999 934 5055 ultra
981 5006 1203 5056 ventum
1253 4997 1370 5070 ipse
1408 5005 1514 5067 est,
1567 4996 1692 5053 ideo
1793 4999 1855 5057 ei
1893 5013 2004 5056 non
2057 4997 2209 5054 sitiet
2236 4995 2292 5052 in
2342 5004 2608 5052 aeternum
2661 4993 2856 5068 (Joan.
2906 4996 3009 5066 tv).
3063 4993 3133 5050 Et
3189 4992 3389 5051 aliter:

57 5093 361 5156 velocior.
417 5094 489 5150 Et
545 5093 615 5150 ad
675 5093 942 5151 moralem
991 5108 1268 5150 sensum:
1330 5091 1698 5149 animamsi-
1799 5091 1998 5148 Fontes
2027 5106 2304 5161 aquarum,
2328 5089 2429 5157 illi,
2455 5087 2550 5160 qui
2581 5103 2679 5160 per
2706 5087 2965 5160 baptismi
2989 5095 3393 5144 sacramentum

66 5190 368 5263 gniﬁcare
401 5187 578 5243 voluit
609 5198 792 5244 vento.
844 5187 998 5246 Sicut
1040 5196 1235 5244 ventus
1267 5185 1369 5241 iste
1408 5183 1700 5241 invisibilis
1801 5183 1926 5242 facti
1954 5193 2084 5240 sunt
2111 5181 2495 5254 peccatoribus
2521 5180 2647 5237 fons
2672 5195 2828 5253 aquae
2855 5182 2994 5236 vivae
3040 5177 3292 5236 salientis
3343 5180 3399 5235 in

63 5293 182 5351 est,
222 5281 304 5336 ita
341 5289 397 5337 et
443 5280 646 5336 anima.
680 5279 890 5336 Ventus
937 5289 1128 5336 movet
1170 5293 1402 5351 corpus,
1435 5287 1502 5334 et-
1518 5276 1698 5334 anima

63 5383 282 5434 movet
343 5387 546 5444 corpus
599 5371 876 5429 similiter.
937 5372 1045 5429 Sed
1100 5387 1198 5429 cur
1243 5378 1465 5428 ventum
1512 5369 1701 5442 appel-

70 5467 229 5524 lavit
280 5463 570 5520 animam?
604 5463 720 5520 Hoc
773 5472 877 5530 est,
923 5464 1047 5534 quia
1093 5463 1238 5521 Deus
1285 5461 1587 5522 insuiﬂavit
1640 5463 1696 5518 in

61 5563 293 5621 Adam.
345 5557 464 5615 Non
497 5557 644 5629 quod
673 5558 980 5629 corporalis
1031 5557 1103 5614 sit
1150 5558 1297 5614 Deus
1345 5556 1550 5616 Pater:
1599 5555 1696 5612 sed

61 5664 222 5713 tunc
264 5651 594 5720 insufﬂavit,
622 5653 844 5723 quando
877 5651 1114 5707 animam
1145 5649 1319 5719 dedit,
1351 5658 1410 5706 ut
1438 5649 1532 5717 ait,
1565 5662 1694 5720 pro-

61 5750 289 5822 pheta:
307 5745 413 5813 Tu,
434 5745 690 5812 Domine,
723 5760 880 5802 creas
901 5759 1120 5802 omnem
1143 5744 1330 5800 ﬂatum
1351 5740 1509 5817 (Isai.
1535 5741 1690 5812 LVII).

64 5841 197 5902 Per
234 5837 356 5895 hsce
412 5835 777 5907 intelligimus
828 5851 1021 5895 omnes
1048 5835 1278 5910 _animas
1330 5849 1373 5910 a~
1403 5833 1519 5892 Deo
1569 5847 1694 5892 esse

1797 5277 1966 5334 vitam
2009 5284 2296 5332 aeternam.
2342 5273 2410 5329 Et
2452 5271 2677 5329 revelata
2703 5281 2822 5328 sunt
2852 5273 3197 5344 fundamenta
3255 5272 3393 5326 orbis

1799 5379 1972 5426 terrai.
2002 5367 2292 5437 Propheta:
2323 5374 2488 5437 atque
2516 5364 2754 5439 apostoli
2776 5380 2942 5438 super
2970 5379 3110 5437 quos
3151 5367 3394 5423 omnium

1800 5461 2171 5519 Ecclesiarum
2217 5459 2568 5516 lundamenta
2619 5459 2899 5515 locantur.
2954 5458 3216 5515 Revelata
3270 5469 3402 5516 sunt

1797 5555 2155 5613 fundamenta
2171 5555 2320 5614 orbis
2343 5563 2522 5622 terrae,
2538 5553 2838 5611 secundum
2854 5553 3166 5627 historiam,
3181 5555 3398 5628 quando

1799 5649 1854 5706 in
1883 5649 2138 5721 passione
2165 5647 2345 5705 velum
2376 5645 2569 5718 templi
2608 5647 2843 5704 scissum
2873 5655 2960 5704 est
2990 5648 3280 5706 desursum
3308 5667 3401 5706 us-

1796 5756 1905 5814 que
1935 5741 2218 5810 deorsum,
2244 5748 2300 5797 et
2320 5737 2417 5795 illa
2447 5754 2573 5811 quae
2603 5738 2660 5794 in
2691 5736 2896 5810 templo
2940 5748 3103 5796 erant
3130 5754 3402 5811 apparue-

1801 5842 1951 5890 runt.
2005 5835 2068 5890 Et
2100 5833 2166 5890 ad
2222 5845 2442 5890 sensum
2491 5831 2562 5890 de
2601 5830 2786 5888 littera
2822 5843 3025 5890 sensus
3077 5831 3402 5912 spiritualis,
