4034 6314
695 235 800 295 80']

1485 233 1963 310 APPENDIXfAD
2003 227 2250 293 TOMUM
2289 227 2643 290 SEPTIMUM
2684 227 2744 287 s.
2789 225 3197 287 HIERONYMI.
3860 237 3928 297 εσς

694 356 820 426 quia
869 356 1012 428 quod
1063 357 1266 414 ibidem
1314 355 1521 412 latebat
1549 354 1802 427 inﬁgura
1834 396 1850 423 ,
1893 353 2150 409 omnibus
2193 366 2282 421 pa-
2311 349 2363 412 Α
2389 360 2494 416 est,
2529 364 2634 403 non
2663 356 2950 403 convertar
2995 345 3064 402 ad
3115 345 3264 402 illam
3312 342 3654 418 iniquitatem
3699 348 3782 406 ubi
3825 354 3931 423 prius

699 447 799 502 tuit
847 464 942 517 per
973 450 1253 520 mysteria.

765 541 842 594 Ab
867 540 1216 611 increpatione
1238 551 1345 606 tua,
1368 538 1611 607 Domine,
1635 540 1698 594 ab
1719 536 2056 607 inspiratione
2077 535 2292 607 spiritus

695 633 787 686 irae
809 641 932 686 tum.
960 630 1036 685 Ab
1066 632 1428 703 increpatione
1455 640 1568 696 tua,
1613 630 1856 696 Domine,
1884 645 2006 685 cum
2039 627 2288 684 diceres:

696 725 810 780 Nisi
856 740 955 780 vos
1002 725 1142 780 ﬁlius
1200 725 1538 791 liberaverit,
1587 723 1892 781 moriemini
1946 722 2001 779 in
2060 720 2293 793 peccatis

696 818 892 874 vestris
925 816 1106 890 (Joan.
1135 818 1273 890 vni).
1306 819 1384 875 Ab
1425 819 1767 889 inspiratione
1800 817 2016 886 spiritus
2044 816 2139 870 ira:
2168 824 2294 878 tute,

696 911 1016 981 promittens
1037 912 1090 967 in
1123 913 1206 969 his
1227 913 1665 983 appropinquare
1695 926 1927 980 regnum
1959 908 2077 964 Dei.

767 1001 914 1058 Misit
945 1005 1012 1058 de
1058 1021 1259 1058 summa
1303 1014 1350 1058 ct
1391 1006 1587 1076 accepit
1634 1020 1739 1058 me.
1785 1001 2048 1058 Vocando
2092 1015 2198 1056 me.
2229 997 2298 1052 Et

693 1097 977 1166 assumpsit
1009 1114 1087 1152 me
1109 1096 1172 1151 de
1199 1096 1532 1151 multitudine
1559 1113 1837 1168 aquarum.
1870 1094 2292 1150 Adversautintn

696 1189 1042 1259 populorum.
1080 1188 1174 1245 Vel
1201 1189 1358 1244 aliter
1398 1206 1411 1243 :
1463 1187 1609 1244 Misit
1637 1189 1701 1242 de
1727 1204 1958 1251 summo,
1999 1196 2048 1242 et
2099 1186 2296 1255 accepit

699 1297 801 1348 me,
831 1289 878 1335 et
917 1282 1201 1353 assumpsit
1233 1297 1312 1336 me
1353 1281 1417 1334 de
1464 1281 1798 1335 multitudine
1839 1296 2118 1350 aquarum.
2155 1279 2297 1334 Deus

699 1374 860 1430 Pater
886 1373 1032 1429 misit
1064 1373 1266 1430 Filium
1292 1387 1474 1441 suum,
1495 1374 1634 1428 sicut
1663 1372 1866 1431 dictum
1897 1381 1980 1428 est
2010 1389 2021 1426 :
2058 1371 2298 1429 Verbum

698 1482 830 1524 caro
858 1465 1059 1522 factum
1090 1475 1195 1533 est,
1217 1475 1273 1522 et
1295 1465 1559 1521 habitavit
1585 1467 1634 1520 in
1665 1464 1822 1522 nobis
1849 1462 2032 1537 (Joan.
2068 1467 2130 1534 t).
2157 1464 2301 1519 Misit

699 1574 934 1630 sponsus
963 1560 1029 1615 ad
1059 1576 1315 1630 sponsam
1359 1578 1370 1614 :
1421 1575 1608 1616 verum
1634 1573 1893 1629 Sponsum
1919 1558 2102 1630 iunxit
2130 1574 2300 1629 spon-

698 1665 776 1707 sae
815 1667 826 1705 :
864 1651 967 1707 hoc
1001 1659 1110 1720 est,
1137 1666 1358 1708 carnem
1388 1652 1440 1706 iu
1487 1660 1642 1706 utero
1690 1651 1914 1720 virginis
1946 1649 2150 1705 Mat-ite.
2196 1649 2298 1702 As-

2395 441 2474 497 l'ui
2506 440 2558 499 in
2591 440 2925 498 infidelitate.

2471 533 2537 590 Et
2588 533 2834 590 retribuet
2891 533 3019 587 mihi
3076 531 3334 590 Dominus
3399 535 3682 590 secundum
3731 539 3935 610 justitiam

2396 642 2587 693 meam,
2644 635 2689 681 et
2733 627 3019 681 secundum
3061 626 3345 699 puritatem
3384 643 3630 682 manuum
3671 645 3870 686 mearum
3901 633 3935 686 in

2395 728 2670 791 conspectu
2693 719 2964 774 oculorum
2991 721 3126 790 ejus.
3161 718 3264 775 Per
3287 719 3493 789 oculos,
3527 731 3771 791 aspectus
3796 723 3937 779 divini-

2399 815 2526 870 tatis
2549 813 2879 884 intelligitur
2905 833 2917 868 :
2949 813 3076 884 quia
3105 815 3219 883 ipse
3250 814 3442 885 aspicit
3465 815 3722 885 quidquid
3745 828 3938 886 Operam!

2400 911 2563 964 homo
2593 908 2647 963 in
2689 907 2959 963 mandatis
3009 907 3120 963 Dei.
3173 908 3230 963 lu
3289 908 3650 964 retributione
3692 909 3936 970 beatorum.

2401 1004 2491 1074 qui
2517 1019 2636 1058 eam
2669 1019 2764 1074 per
2793 1001 3136 1058 altitudinem
3167 1001 3284 1072 spei
3311 1001 3629 1058 con-idero.

2473 1099 2602 1155 Cum
2627 1108 2811 1154 sancto
2840 1108 3052 1154 sanctus
3080 1098 3182 1152 eris
3201 1139 3216 1164 ,
3257 1112 3382 1153 cum
3411 1111 3478 1154 co
3499 1100 3592 1169 qui
3621 1115 3651 1152 a
3685 1105 3732 1154 te
3762 1099 3942 1154 sanctiﬁ-

2399 1203 2576 1250 catur.
2609 1191 2679 1246 Et
2703 1209 2823 1246 cum
2852 1193 2962 1246 viro
2993 1192 3264 1247 innocente
3284 1233 3299 1259 ,
3327 1191 3572 1246 innocens
3615 1191 3740 1261 eris,
3785 1206 3883 1248 cum
3903 1207 3945 1248 co

2402 1284 2495 1355 qui
2524 1299 2633 1339 non
2662 1283 2974 1354 corruperit
3005 1283 3150 1337 vitiis
3181 1282 3348 1338 vitam
3379 1297 3554 1340 suam.

2480 1374 2546 1431 Et
2566 1392 2680 1430 cum
2710 1376 2895 1443 electo,
2927 1376 3120 1430 electus
3142 1375 3262 1442 eris,
3308 1389 3432 1430 cum
3475 1373 3573 1430 illo
3599 1389 3752 1445 quem
3782 1376 3947 1446 prasti-

2407 1483 2518 1529 tum
2542 1473 2670 1530 scis.
2707 1471 2773 1526 Et
2813 1489 2932 1527 cum
2972 1487 3234 1541 perverso,
3276 1470 3624 1533 subverteris.
3676 1485 3792 1526 cum
3819 1471 3946 1525 lucre-

2407 1566 2535 1633 tico,
2563 1565 2658 1636 qui
2687 1565 2826 1620 male
2851 1562 3207 1634 intelligendo
3241 1561 3508 1633 pervertit
3537 1561 3716 1618 divina
3745 1561 3947 1632 eloquia:

2409 1659 2550 1714 sicut
2577 1659 2704 1714 alibi
2750 1657 2952 1713 inda-is
2997 1657 3115 1726 ipse
3162 1656 3427 1711 Dominus
3470 1655 3760 1727 loquitur:
3805 1655 3853 1710 Si
3892 1655 3948 1708 in-

698 1744 920 1815 sumpsit
947 1760 1026 1798 me
1055 1746 1118 1800 de
1148 1743 1482 1799 multitudine
1509 1760 1766 1816 aquarum
1788 1761 1807 1799 :
1841 1743 1893 1800 id
1923 1753 2033 1810 est,
2065 1742 2132 1798 de
2161 1741 2303 1797 mul-
2332 1736 2380 1796 B
2406 1749 2684 1805 cesseritis
2710 1763 2971 1819 perverse
3001 1762 3186 1802 coram
3217 1763 3326 1813 me,
3371 1747 3624 1804 incedam
3651 1756 3706 1803 et
3731 1761 3822 1819 ego
3862 1761 3949 1818 per.

703 1835 931 1892 titudine
973 1837 1184 1906 populi,
1213 1835 1461 1893 Ecclesia
1488 1835 1721 1894 collecta
1760 1844 1864 1892 est.
1894 1836 2064 1906 Aquae
2093 1834 2299 1900 multas,

701 1928 886 2000 populi
919 1929 1095 1984 multi.

775 2022 986 2096 Eripuit
1013 2041 1091 2078 me
1122 2024 1185 2078 de
1213 2024 1436 2080 inimicis
1465 2025 1594 2081 meis
1619 2025 1938 2097 fortissimis.
1973 2023 2118 2079 Deus
2142 2023 2301 2078 Pater

698 2117 904 2188 eripuit
949 2115 1230 2174 Christum
1261 2133 1291 2172 a
1321 2117 1548 2184 ludatis,
1581 2128 1634 2174 et
1679 2117 1980 2172 Ecclesiam
2012 2115 2080 2169 ab
2128 2114 2300 2169 haere-

711 2212 852 2266 ticis.
901 2209 969 2264 Et
1014 2210 1076 2264 ab
1123 2211 1186 2265 iis
1215 2211 1298 2280 qui
1325 2210 1544 2264 oderunt
1573 2225 1672 2278 mc,
1704 2209 1825 2279 quia
1862 2207 2139 2278 confortati
2181 2216 2302 2260 sunt

700 2320 855 2376 super
884 2321 984 2359 me.
1015 2304 1259 2360 Oderunt
1288 2304 1462 2360 Judmi
1494 2304 1805 2372 Dominum,
1833 2315 1890 2360 et
1918 2301 2157 2358 lucretiei
2190 2301 2298 2357 Ec-

700 2395 948 2454 clesium.
982 2398 1116 2466 Quia
1161 2398 1455 2455 confortati
1484 2408 1613 2454 sunt
1655 2413 1818 2469 super
1849 2413 1959 2465 me,
1999 2395 2155 2468 quasi
2181 2395 2300 2449 vin-

706 2505 836 2546 cere
867 2491 1198 2561 potuissent.

777 2581 1150 2638 Prtevencrunt
1185 2599 1284 2638 me.
1326 2581 1394 2639 Ut
1440 2582 1691 2652 superius
1721 2580 1979 2647 diximus,
2024 2587 2150 2636 ante
2177 2579 2297 2634 vin-

699 2676 901 2733 dictam
929 2678 1132 2732 crucis.
1157 2676 1225 2731 Et
1247 2679 1414 2749 factus
1443 2686 1516 2732 est
1546 2674 1799 2731 Dominus
1838 2682 2102 2746 protector
2131 2687 2296 2726 meus.

703 2770 849 2826 Deus
885 2770 1044 2826 Pater
1072 2769 1268 2826 Filium
1301 2785 1458 2825 suum
1493 2766 1757 2840 protexit,
1803 2775 1859 2824 et
1902 2765 2073 2822 Filius
2103 2764 2296 2820 Eccle-

705 2863 841 2920 siam
873 2879 1048 2919 suam.
1626 2916 1633 2927 ,

776 2959 978 3014 Eduxit
1007 2975 1089 3016 me
1125 2960 1180 3014 in
1208 2958 1504 3014 latitudine.
1541 2957 1738 3013 Eduxit
1769 2955 2070 3013 Ecclesium
2105 2953 2174 3008 de
2206 2951 2301 3006 tri-

703 3053 1004 3118 bulatione,
1036 3054 1190 3125 quasi
1212 3052 1281 3110 de
1311 3053 1558 3123 angustia
1595 3070 1606 3106 :
1637 3050 1704 3107 In
1734 3049 2043 3106 latitudine:
2074 3063 2194 3119 quae
2217 3053 2302 3101 est

2406 1857 2598 1897 versus
2619 1841 2798 1897 vobis.
2831 1839 2961 1896 Cum
2986 1851 3168 1895 sancto
3218 1849 3429 1895 sanctus
3469 1842 3594 1896 eris.
3629 1840 3739 1908 Tu,
3768 1840 3951 1905 Christe,

2403 1942 2622 1989 sanctus
2653 1943 2850 1988 natura
2896 1947 2956 1988 es
2988 1949 3000 1986 :
3047 1947 3216 2004 quem
3248 1941 3305 1988 tu
3337 1931 3786 2004 sanetil‘tcaveris,
3815 1933 3871 1987 ab
3893 1931 3954 1986 illo

2405 2025 2776 2096 cognosceris,
2804 2025 3066 2096 quoniam
3095 2033 3150 2080 tu
3190 2032 3416 2082 sanctus
3444 2040 3525 2081 es.
3567 2024 3681 2082 Vox
3734 2025 3954 2096 propheta

2405 2119 2471 2175 ad
2503 2118 2782 2175 Christum
2821 2137 2834 2175 :
2865 2120 3038 2188 Quem
3085 2130 3140 2174 tu
3175 2120 3525 2176 innocentem
3575 2120 3796 2185 feceris,
3825 2119 3880 2173 ab
3909 2118 3954 2171 il-

2404 2210 2460 2268 lo
2484 2213 2860 2283 cognosceris,
2891 2212 3035 2282 quod
3066 2220 3124 2268 tu
3157 2212 3424 2268 innocens
3450 2227 3508 2267 es
3535 2229 3552 2268 :
3588 2213 3711 2284 quia
3739 2211 3856 2267 nulli
3881 2227 3951 2264 n0-

2403 2319 2517 2368 ces.
2552 2305 2678 2361 ideo
2724 2305 3008 2361 innocens.
3041 2306 3212 2373 Quem
3246 2316 3301 2361 tu
3341 2307 3599 2376 elegeris,
3649 2316 3712 2361 ut
3742 2305 3807 2360 sit
3843 2305 3948 2360 elec-

2407 2408 2491 2454 tus
2526 2415 2539 2450 :
2573 2397 2641 2454 ab
2687 2397 2783 2452 illo
2812 2398 3170 2466 cognosceris
3197 2399 3344 2470 quod
3375 2399 3591 2456 electus
3613 2415 3695 2466 es,
3724 2409 3776 2454 ut
3801 2397 3950 2453 Paulus

2403 2488 2586 2546 dixit:
2627 2488 3103 2560 Cutnpreheudam
3151 2500 3335 2547 autem
3369 2507 3401 2546 a
3429 2508 3540 2560 quo
3582 2492 3954 2562 cetnprebensus

2405 2598 2526 2639 sum
2558 2583 2820 2656 (Philipp.
2849 2585 2952 2657 ιιι).
2988 2585 3243 2662 Perversi
3295 2586 3574 2658 dicuntur,
3622 2589 3712 2662 qui
3742 2587 3805 2643 de
3838 2585 3950 2642 recti-

2406 2678 2593 2734 tudine
2619 2678 2904 2735 declinant
2940 2680 3008 2735 ad
3063 2680 3514 2750 perversitatem,
3552 2690 3615 2738 ιιι
3645 2681 3954 2745 diabolus,et

2404 2771 2596 2838 ludas,
2629 2781 2686 2829 et
2717 2773 2988 2838 haeretici,
3017 2784 3070 2830 et
3103 2790 3298 2830 omnes
3319 2775 3568 2845 superbi.
3614 2777 3662 2844 Q
3686 2775 3829 2830 :uties
3853 2773 3953 2827 Deus

2406 2864 2535 2920 facit
2574 2865 2780 2936 justam
2832 2867 3154 2933 vindictam,
3207 2867 3620 2938 reprehendunt
3665 2869 3837 2933 illum,
3868 2879 3951 2920 cum

2405 2958 2557 3030 eligit
2591 2975 2896 3031 pauperes,
2930 2971 2984 3018 et
3033 2962 3294 3032 reprobat
3335 2972 3624 3034 potentes,
3677 2979 3794 3020 cum
3837 2958 3953 3027 elegit

2408 3053 2744 3122 piscatores,
2781 3054 2924 3109 sicut
2953 3053 3208 3120 Petrum,
3259 3065 3316 3112 et
3359 3055 3586 3126 reliquit
3634 3054 3850 3112 nobiles.
3879 3052 3981 3120 lloc‘

697 3162 828 3218 spes
870 3147 1060 3215 futuri,
1099 3147 1184 3204 vel
1218 3148 1590 3204 remuneratio
1627 3147 1754 3202 vita:
1785 3157 2033 3201 atteram.
2080 3141 2298 3199 Salvum
2326 3125 2372 3192 C
2404 3159 2725 3214 perversum
2777 3146 2991 3201 videtur
3037 3161 3160 3203 esse
3213 3147 3355 3218 apud
3405 3125 3732 3218 perversos,
3782 3154 3835 3202 ιιι
3868 3160 3952 3216 pru-

700 3256 780 3294 me
808 3241 952 3312 fecit,
981 3241 1229 3312 quoniam
1255 3240 1419 3296 voluit
1467 3257 1568 3295 me.
1596 3239 1716 3295 Vox
1764 3237 2046 3302 Ecclesiae,
2079 3235 2167 3306 qui
2212 3248 2299 3290 me

701 3332 899 3399 voluit,
935 3340 993 3388 ut
1031 3333 1318 3390 exhiberet
1348 3333 1451 3388 sibi
1492 3331 1820 3388 Ecclesium.
1858 3330 2112 3395 Quoniam
2139 3327 2298 3382 voluit

700 3443 801 3483 me.
835 3426 1130 3483 Voluntate
1172 3428 1411 3497 propria,
1457 3432 1515 3482 et
1562 3441 1668 3479 non
1719 3440 1784 3479 ex
1817 3439 1938 3479 meo
1980 3422 2178 3478 merito
2211 3435 2298 3475 me

698 3521 935 3586 vocavit,
981 3521 1200 3576 dicente
1245 3519 1505 3588 Apostolo
1533 3532 1546 3572 :
1579 3517 1765 3573 Gratia
1795 3517 1932 3572 estis
1961 3515 2153 3570 salvati
2203 3529 2299 3586 per

700 3611 863 3668 tidem
889 3627 904 3668 :
933 3622 987 3668 et
1013 3611 1116 3667 hoc
1148 3627 1254 3666 non
1287 3626 1354 3665 ex
1381 3608 1865 3679 vobis(EpItes.u).

772 3705 840 3761 Et
856 3705 1105 3760 retribuet
1119 3703 1246 3756 mihi
1262 3701 1516 3758 Dominus
1538 3701 1824 3757 secundum
1832 3703 1852 3774 j
1860 3701 2090 3756 ustitiam
2109 3717 2296 3768 meam,

697 3811 745 3856 et
788 3798 1071 3854 secundum
1115 3796 1462 3850 innocentiam
1500 3810 1751 3849 manuum
1794 3809 2027 3849 mearum
2057 3793 2299 3848 retribuet

699 3890 848 3945 mihi.
876 3890 1011 3958 Qua:
1037 3898 1220 3944 autem
1248 3887 1318 3942 sit
1354 3887 1588 3958 justitia,
1619 3897 1674 3944 et
1700 3885 2012 3942 innocentia
2037 3901 2296 3942 manuum

696 3983 818 4053 ejus
842 3998 856 4037 :
886 3981 1008 4038 audi
1032 3980 1163 4052 qttid
1187 3981 1434 4053 sequitur
1463 3999 1475 4035 :
1509 3979 1668 4050 Quia,
1701 3981 1896 4051 inquit,
1924 3979 2216 4046 custudivi,
2243 3987 2299 4033 ut

700 4073 802 4128 via:
832 4073 927 4128 Dei
956 4073 1360 4139 custodiantur,
1384 4083 1436 4128 et
1468 4073 1606 4129 nihil
1646 4073 1811 4145 impie
1839 4073 1907 4128 de
1934 4087 2002 4129 eo
2028 4087 2151 4128 cum
2188 4070 2297 4126 hm—

699 4165 886 4222 reticis
915 4165 1200 4221 sentiatur.

773 4258 912 4325 Quia
949 4255 1196 4313 custodiri
1238 4259 1344 4312 vias
1389 4255 1621 4313 Domini.
1655 4257 1710 4314 Id
1742 4267 1849 4325 est,
1887 4272 1984 4312 sua
2021 4255 2294 4310 mandata.

703 4347 818 4404 Nec
844 4349 998 4420 impie
1019 4349 1153 4422 gessi
1172 4366 1204 4402 a
1225 4347 1332 4404 Deo
1352 4366 1480 4406 meo.
1502 4348 1572 4410 Ut
1597 4349 1664 4405 ad
1690 4348 1889 4404 idolum
1914 4357 2294 4404 converterem

698 4445 937 4501 laudem.

2409 3229 2572 3309 pheta
2597 3240 2712 3295 ait:
2753 3239 2865 3295 Viae
2920 3240 3133 3296 Domini
3170 3249 3338 3298 recta:
3383 3241 3535 3313 (οδε.
3569 3242 3712 3316 xiv),
3760 3239 3846 3296 sed
3889 3237 3952 3292 tia:

2401 3339 2601 3386 vestra:
2629 3347 2924 3401 perversae.

2475 3423 2732 3488 Quoniam
2763 3433 2816 3477 tu
2846 3425 3100 3496 populum
3124 3425 3374 3482 humilem
3409 3428 3614 3483 salvum
3642 3429 3820 3498 facies,
3846 3422 3952 3496 quod

2400 3517 2652 3586 superius
2701 3518 2961 3572 diximus.
2992 3515 3060 3572 Et
3098 3520 3280 3574 oculos
3310 3519 3653 3591 superborum
3683 3518 3950 3575 humiliatus.

2405 3607 2666 3676 Quoniam
2698 3619 2751 3662 tu
2801 3609 3052 3680 populum
3083 3609 3334 3665 humilem
3379 3612 3581 3667 salvum
3610 3613 3806 3682 facies,
3833 3609 3952 3682 peni-

2402 3702 2630 3756 tcntiam
2663 3712 2936 3773 agentem,
2987 3712 3032 3756 et
3075 3704 3252 3759 oculos
3301 3705 3641 3776 superborum
3670 3703 3952 3762 Ituntilinbis:

2400 3796 2526 3866 quia
2597 3795 2727 3851 elati
2798 3795 3084 3864 superbia,
3147 3797 3530 3868 pmuitentiam
3618 3816 3792 3871 agere
3849 3794 3950 3853 dedi-

2401 3898 2654 3959 gnantur.

2475 3979 2734 4046 Quoniam
2773 3990 2829 4033 tu
2877 3977 3149 4036 illuminas
3191 3981 3461 4034 lucernam
3509 3997 3703 4037 meant.
3741 3983 3871 4054 Quid
3900 3987 3950 4034 est

2399 4072 2616 4128 lucerna
2637 4073 2739 4127 nisi
2771 4072 3084 4129 intellectus
3106 4073 3340 4129 animai?
3369 4073 3528 4130 Sicut
3553 4077 3705 4132 oculi
3738 4076 3947 4147 corporis.

2398 4164 2446 4220 si
2469 4165 2536 4220 de
2567 4163 2789 4220 lucerna
2820 4166 3087 4223 exteriori
3136 4182 3244 4224 non
3277 4167 3482 4224 habent
3515 4168 3702 4225 lumen
3724 4213 3739 4237 ,
3771 4171 3824 4227 it:
3849 4181 3950 4224 tene-

2400 4258 2513 4313 bris
2540 4271 2648 4313 non
2683 4259 2872 4316 vident
2903 4276 2918 4315 :
2951 4258 3025 4315 ita
3071 4268 3127 4317 et
3156 4261 3469 4318 intellectus
3499 4265 3704 4319 animae
3745 4265 3845 4320 nisi
3872 4262 3951 4317 illu-

2399 4350 2640 4406 minctur
2669 4351 2737 4406 ab
2771 4353 2975 4420 altero,
3007 4353 3109 4408 hoc
3156 4363 3244 4410 est
3287 4369 3320 4410 a
3361 4355 3622 4422 Christo,
3659 4372 3769 4413 non
3815 4355 3949 4412 videt:

2399 4443 2540 4500 sicut
2570 4446 2622 4500 in
2654 4444 2953 4516 Evangelio
2995 4445 3130 4502 dicit
3161 4465 3173 4500 :
3205 4447 3337 4502 Erat
3369 4447 3550 4503 lumen
3599 4464 3810 4514 verum,
3849 4439 3950 4516 quod

773 4537 1034 4604 Quoniam
1054 4538 1229 4593 omnia
1246 4538 1452 4610 judicia
1479 4539 1592 4611 ejus
1630 4538 1684 4592 in
1713 4545 1995 4608 conspectu
2035 4551 2146 4590 meo
2174 4541 2293 4591 sunt
2321 4506 2370 4566 D
2401 4537 2670 4594 illuminat
2695 4555 2910 4595 onmem
2934 4539 3214 4596 hominem
3241 4540 3559 4596 venientem
3587 4540 3642 4596 in
3680 4544 3820 4600 hunc
3838 4552 3950 4595 mua-

695 4648 923 4701 semper.
954 4630 1199 4700 Quatuor
1231 4631 1576 4703 suntjudicia
1611 4633 1740 4690 Dei;
1769 4629 1879 4688 duo
1910 4629 1978 4686 de
2009 4628 2289 4700 praesenti,

695 4735 752 4782 et
776 4724 886 4781 duo
913 4724 982 4780 de
1005 4725 1206 4781 l‘uturo.
1236 4724 1293 4780 In
1325 4725 1603 4798 praesenti,
1627 4725 1963 4796 prosperitas
2001 4723 2289 4790 malorum,

695 4837 747 4884 et
774 4825 1052 4882 tribulatio
1079 4836 1415 4882 sanctorum.
1449 4825 1506 4882 In
1535 4825 1739 4894 futuro,
1772 4825 2140 4882 remuneratio
2165 4839 2294 4878 san-

693 4938 929 4995 ctorum,
960 4935 1015 4983 et
1035 4927 1422 4984 condemnatio
1445 4938 1812 4999 peccatorum.
1843 4927 2086 4984 Ecclesia
2108 4924 2292 4980 adhaz—

695 5042 780 5088 ret
808 5031 1047 5095 Christo.
1079 5031 1207 5102 quia
1239 5031 1490 5087 Christus
1525 5048 1631 5086 non
1662 5030 1790 5087 fecit
1820 5037 2104 5102 peccatum
2133 5043 2147 5083 :
2192 5039 2293 5080 nec

699 5132 958 5188 inventus
999 5144 1082 5187 εει
1112 5134 1164 5186 in
1193 5147 1290 5188 ore
1319 5132 1440 5200 ejus
1465 5131 1648 5186 dolus.
1700 5131 1766 5186 Et
1798 5128 2046 5186 Ecclesia
2073 5126 2292 5182 Christo

694 5232 962 5302 adhaeret,
985 5233 1234 5304 quoniam
1264 5233 1438 5288 omnia
1456 5232 1666 5305 judicia
1692 5236 1805 5306 ejus
1822 5232 1875 5286 in
1898 5239 2167 5304 conspectu
2181 5243 2291 5283 meo

693 5343 817 5388 sunt
843 5350 1060 5403 semper.
1095 5333 1163 5389 Et
1203 5334 1441 5406 justitias
1485 5335 1596 5406 ejus
1628 5349 1729 5387 non
1760 5331 1927 5402 repuli
1969 5347 2001 5386 α
2035 5346 2138 5386 me.
2183 5327 2289 5385 Sed

699 5437 983 5509 amplexus
1005 5453 1124 5494 sum
1153 5453 1268 5494 eas.

769 5537 836 5590 Et
867 5555 955 5592 ero
983 5539 1345 5594 immaculatus
1369 5555 1485 5592 cum
1508 5553 1589 5605 eo,
1617 5548 1663 5593 et
1692 5535 1967 5592 observabo
2003 5551 2080 5589 me
2102 5533 2165 5588 ab
2189 5534 2291 5588 ini-

691 5638 888 5707 quitate
909 5653 1042 5693 utea.
1076 5639 1452 5696 Perseverabo
1478 5639 1535 5696 in
1566 5639 1658 5696 illa
1707 5637 2044 5704 innocentia,
2087 5636 2140 5694 in
2183 5652 2287 5708 qua

693 5746 918 5796 vocatus
945 5755 1082 5795 sum.
1133 5739 1200 5796 Et
1230 5741 1506 5797 observabo
1530 5759 1606 5797 me
1626 5741 1689 5796 ab
1731 5741 2001 5812 iniquitate
2050 5754 2200 5796 mea:
2232 5739 2286 5797 id

2399 4631 2528 4687 dum
2556 4630 2740 4701 (Joan.
2777 4631 2853 4703 l).
2899 4629 3119 4688 Domine
3167 4629 3310 4690 Deus
3362 4650 3526 4700 meus,
3575 4632 3816 4692 illumina
3851 4642 3950 4685 tene-

2400 4725 2514 4780 bras
2546 4741 2707 4779 mcas.
2741 4725 2853 4779 lloc
2891 4734 2976 4779 est
3009 4723 3373 4794 ignorantiam
3406 4724 3617 4782 cordis.
3647 4723 3798 4781 Unde
3821 4719 3949 4786 scrip-

2399 4824 2509 4870 tutn
2541 4825 2663 4872 est:
2710 4815 2767 4872 Si
2814 4815 2996 4870 lumen
3029 4813 3177 4884 quod
3225 4815 3280 4872 in
3329 4824 3385 4872 te
3409 4825 3524 4883 est,
3573 4816 3804 4872 tenebrae
3837 4819 3949 4872 sunt.

2398 4905 2529 4977 ipsae
2571 4906 2812 4962 tenebrae
2855 4915 3072 4976 quanta:
3099 4918 3266 4963 erunt
3295 4906 3514 4979 (Matth.
3549 4905 3659 4980 vt)?
3686 4907 3949 4978 Etapusto-

2397 4997 2483 5052 lus
2517 4998 2594 5053 ait
2631 5014 2644 5050 :
2692 4997 2896 5053 Fuistis
2945 4997 3245 5068 aliquando
3303 5001 3577 5068 tenebrat,
3621 5014 3764 5056 nunc
3805 5005 3947 5053 autem

2393 5089 2485 5146 lux
2510 5091 2564 5146 in
2591 5089 2821 5146 Domino
2846 5088 3063 5163 (Epltes.
3087 5091 3169 5160 v).

2473 5182 2732 5251 Quoniam
2760 5183 2813 5237 in
2840 5190 2887 5237 te
2913 5184 3109 5255 eripiar
3139 5200 3170 5237 a
3199 5185 3503 5243 tentatione.
3544 5185 3662 5243 Vox
3706 5177 3942 5241 Ecclesiae.

2397 5263 2507 5333 Nisi
2537 5292 2567 5332 a
2597 5277 2710 5333 Deo
2740 5276 2964 5348 eripiar,
2999 5293 3097 5347 per
3139 5293 3229 5335 me
3259 5294 3604 5350 nequaquam
3645 5291 3870 5350 possunt.
3896 5266 3944 5322 Et

2395 5369 2452 5422 in
2479 5367 2589 5424 Deo
2636 5369 2994 5443 transgredior
3040 5387 3266 5425 murum.
3316 5370 3528 5426 Murum
3576 5370 3708 5427 dicit
3746 5363 3941 5424 Ecclesia

2393 5471 2618 5532 peccata
2652 5467 2837 5516 nostra
2867 5475 2883 5518 :
2919 5475 3083 5530 quem
3111 5461 3471 5529 aediﬁcamus,
3510 5461 3744 5532 peccatis
3766 5460 3938 5529 peccala

2391 5551 2666 5625 augendo.
2696 5552 2809 5608 Nisi
2835 5568 2867 5608 a
2907 5553 3018 5610 Deo
3059 5552 3412 5610 destruantur
3459 5554 3550 5610 illa
3583 5561 3830 5628 peccata,
3857 5557 3938 5602 I10u

2393 5661 2679 5718 possumus
2703 5662 2800 5720 per
2830 5662 2930 5705 nos
2962 5649 3195 5706 transire
3219 5648 3286 5705 ad
3315 5649 3505 5704 Deum.

2468 5741 2604 5798 Deus
2632 5759 2795 5812 meus,
2831 5741 3106 5816 impolluta
3132 5745 3213 5802 ria
3237 5746 3368 5819 ejus.
3403 5741 3683 5815 [inpolluta
3719 5742 3794 5798 ria
3817 5751 3833 5792 :
3859 5735 3936 5789 hoc
