4034 6316
134 273 254 335 869
1126 260 1560 332 ιτιιενιΑῐιιυττ
1600 273 1665 330 lN
1708 273 1802 330 P54

1924 272 2042 331 lUS.
2086 270 2333 330 PSALM.
2377 270 2543 327 XVII.
3362 267 3467 325 870

140 405 255 461 est,
294 393 611 449 inearnatiu
637 391 752 463 ejus
782 408 797 444 :
827 389 952 462 quia
979 404 1086 445 non
1118 399 1202 447 est
1235 406 1301 446 ex
1350 388 1496 446 virili
1525 389 1763 458 semine,
1794 389 1846 450 Δ
1871 404 1952 443 me
1976 388 2196 444 docebit.
2228 386 2466 444 Necesse
2513 395 2598 443 est
2647 385 2774 442 dum
2830 396 3022 441 sumus
3071 384 3182 452 hic,
3213 382 3318 438 sub
3365 382 3463 436 do-

144 487 248 543 sed
279 486 354 542 de
381 485 596 557 Spiritu
638 492 827 540 sancto
873 490 1192 555 conceptus.
1247 483 1311 539 Et
1356 484 1566 539 aliter:
1606 481 1771 539 Fides
1869 481 2045 537 ctrina
2070 495 2212 537 esse.
2243 479 2399 537 Unde
2443 478 2645 535 Paulus
2674 480 2755 534 ait
2800 497 2812 533 :
2859 479 3080 543 Omnis,
3132 476 3341 545 inquit,
3374 478 3471 528 du-

148 580 404 650 peri'ecta
457 578 717 635 Ecclesia:
739 617 756 646 ,
804 576 1084 648 impolluta
1140 578 1226 632 via
1270 577 1391 649 ejus
1433 575 1634 631 dicitur
1673 589 1769 646 per
1870 574 2043 629 ctrina
2067 573 2120 629 in
2155 572 2407 644 pra-senti
2440 588 2547 628 non
2576 571 2794 628 videtur
2823 586 2947 628 esse
2972 568 3176 641 gaudii,
3207 567 3304 623 sed
3336 581 3472 622 moe-

148 689 319 744 quam
380 673 527 728 Deus
556 672 704 728 venit
748 670 815 727 ad
848 685 969 727 nos.
1003 669 1226 743 Eloquia
1267 669 1477 726 Domini
1505 672 1621 743 igne
1648 686 1771 723 cxa-
1872 664 2043 734 roris,
2071 666 2167 722 sed
2199 675 2387 737 postea
2419 663 2474 721 in
2522 662 2770 720 futurum
2802 662 2982 720 reddit
3030 663 3262 718 fructum
3308 659 3476 730 pluri—

152 768 382 820 minata.
417 764 647 837 Eloquia
679 762 917 831 Domini,
946 780 1046 821 sua
1088 764 1363 831 mandata,
1413 763 1467 818 in
1514 762 1619 819 hoc
1656 762 1772 819 Deo
1874 772 2022 813 mum
2058 755 2248 831 (llcbr.
2278 758 2400 829 xu).

151 869 288 914 sunt
316 858 511 927 placita
535 873 549 911 :
582 871 688 912 non
716 855 861 927 quod
891 856 1007 927 ipsa
1040 856 1149 911 sint
1178 855 1492 910 examinata
1525 853 1596 911 ab
1623 852 1768 926 igne,
1946 849 2196 906 Dilatasti
2216 867 2427 924 gressus
2453 865 2596 905 meos
2614 848 2794 905 subtus
2815 866 2916 905 me.
2941 849 3147 907 Sensus
3170 847 3431 903 Ecclesia:
3459 864 3472 902 :

153 961 254 1006 aut
283 949 430 1019 quod
458 949 693 1006 fuissent
718 948 1031 1020 inquinata;
1065 948 1160 1003 sed
1205 948 1295 1020 qui
1338 946 1431 1004 illa
1463 947 1771 1016 acceperit,
1871 941 1968 996 sub
1996 954 2096 1008 me,
2139 942 2245 997 sub
2291 950 2557 1011 potestate
2610 941 2889 997 Ecclesiae.
2961 939 3219 995 Dilatasti
3264 956 3476 1014 gressus

156 1043 371 1098 faciant
423 1058 544 1098 eum
591 1052 650 1097 ut
694 1057 885 1097 aurum
940 1041 1235 1107 mundum,
1290 1042 1632 1110 purificatum
1678 1054 1775 1111 per
1875 1052 2017 1092 meos
2040 1037 2221 1091 subtus
2248 1052 2351 1105 me,
2396 1037 2451 1092 in
2483 1036 2847 1106 amplitudine
2897 1034 3181 1090 charitatis
3229 1043 3356 1089 tute.
3408 1030 3477 1086 Et

157 1134 371 1206 ignem.
402 1134 677 1191 Protector
702 1143 777 1190 est
798 1136 1030 1189 omnium
1056 1134 1375 1204 sperantium
1401 1134 1455 1187 in
1482 1150 1558 1189 se.
1590 1130 1691 1202 Qui
1720 1134 1772 1189 in
1877 1144 1979 1184 non
2009 1138 2131 1184 sunt
2172 1127 2440 1199 inﬁrmata
2467 1129 2681 1200 vestigia
2725 1145 2858 1183 mea.
2917 1124 3153 1200 Vestigia
3178 1168 3192 1191 ,
3224 1127 3477 1196 exemplo

158 1243 292 1284 eum
322 1227 575 1284 credunt.
614 1228 757 1282 Deus
785 1226 910 1283 illus
942 1228 1201 1298 protegit,
1233 1227 1323 1297 qui
1351 1239 1548 1282 saneto
1574 1225 1775 1284 timore
1876 1219 2166 1289 Ecclesiae,
2198 1237 2310 1275 nun
2333 1230 2463 1276 sunt
2488 1220 2757 1277 inﬁrmata
2789 1236 2818 1276 a
2848 1220 3258 1277 successoribus
3291 1237 3304 1276 :
3340 1219 3469 1290 quia

158 1324 323 1382 illum
350 1325 562 1380 timent.
1877 1313 2129 1385 impressi
2156 1314 2512 1386 sequentibus
2542 1330 2649 1370 me.
2699 1314 2833 1371 ilinc
2866 1330 2965 1368 vox
3011 1311 3214 1368 Christi
3241 1322 3358 1383 po-t
3388 1327 3477 1367 re-

244 1416 506 1485 Quoniam
546 1417 661 1487 quis
707 1413 851 1470 Deus
902 1426 1091 1488 prtcter
1137 1412 1426 1470 Dominum
1467 1430 1489 1470 :
1528 1424 1620 1469 aut
1658 1414 1776 1485 quis
1877 1411 2298 1469 surreetionem.

163 1505 313 1563 Deus
358 1516 545 1579 prwter
577 1505 745 1561 Deum
776 1506 1049 1561 nostrum?
1091 1505 1192 1562 Hic
1238 1505 1481 1561 Trinitas
1527 1503 1778 1575 intelligi-
1950 1504 2245 1580 Persequar
2275 1505 2512 1561 inimicos
2540 1520 2710 1571 meos,
2760 1511 2807 1558 et
2851 1498 3285 1571 comprehendam
3338 1498 3477 1553 illos.

162 1610 279 1660 tur.
309 1601 518 1657 Practer
552 1600 865 1665 Dominum,
893 1600 1035 1670 quod
1061 1598 1237 1667 dixit,
1268 1599 1414 1655 Deus
1437 1597 1598 1656 Pater
1618 1594 1777 1653 lntel-
1877 1596 2097 1656 Judmos
2130 1598 2335 1671 utique,
2365 1599 2455 1670 qui
2497 1597 2548 1653 ei
2577 1595 2783 1667 injuste
2814 1593 3021 1649 inimici
3053 1602 3181 1648 sunt
3206 1591 3353 1647 facti.
3390 1590 3482 1646 Vel

162 1693 381 1765 ﬁgitur.
427 1693 635 1749 Praeter
683 1691 857 1747 Deum
904 1700 1150 1746 nostrum
1183 1706 1202 1745 :
1255 1690 1471 1746 Filius:
1522 1699 1576 1746 et
1617 1689 1775 1745 tertia
1879 1692 2040 1746 aliter
2073 1709 2086 1746 :
2120 1689 2412 1762 Persequar
2442 1690 2677 1744 inimicos
2722 1704 2892 1754 meos,
2941 1686 3173 1741 all'ectus
3214 1683 3482 1740 carnales.

163 1800 433 1858 persona,
494 1784 546 1839 id
600 1792 718 1853 est,
764 1782 1003 1853 Spiritus
1054 1792 1276 1838 Sanctus
1302 1799 1317 1836 :
1344 1783 1472 1854 quia
1509 1781 1653 1838 Deus
1677 1781 1782 1838 Pa-
1812 1770 1856 1835 Β
1885 1782 1952 1838 Et
1979 1781 2415 1855 comprehendam
2454 1782 2597 1849 illos,
2645 1788 2937 1850 antequam
2975 1794 3078 1850 ego
3121 1775 3485 1849 comprehcn-

169 1887 284 1944 ter,
313 1876 462 1933 Deus
510 1874 707 1943 Filius,
748 1875 892 1933 Deus
922 1874 1160 1945 Spiritus
1212 1884 1454 1944 sanctus,
1513 1889 1653 1931 unus
1698 1884 1781 1930 est
1885 1874 1984 1931 dar
2012 1873 2239 1930 abillis.
2270 1872 2339 1928 Et
2365 1889 2469 1929 non
2520 1884 2790 1928 cunrerlar
2833 1871 2999 1925 donec
3037 1870 3322 1940 deﬁciant,
3374 1874 3481 1923 etc.

170 1970 351 2027 Deus.
1883 1967 2005 2025 Non
2032 1977 2319 2025 convertar
2346 1982 2588 2038 pugnare
2616 1977 2805 2023 contra
2854 1966 2976 2020 illos
3021 1982 3034 2020 :
3084 1964 3167 2019 vel
3199 1979 3306 2020 non
3355 1979 3490 2018 con-

245 2061 396 2117 Deus
421 2062 509 2131 qui
537 2060 811 2130 pratciuarit
837 2075 917 2114 me
940 2060 1148 2115 virtute.
1192 2059 1296 2115 Per
1332 2057 1746 2114 similitudinem
1765 2103 1780 2129 ,
1886 2069 2069 2116 vertar
2092 2059 2163 2117 ab
2186 2059 2288 2116 hac
2314 2058 2618 2116 intentione
2642 2060 2814 2114 donec
2828 2057 3109 2126 deﬁciant,
3135 2058 3250 2112 sive
3276 2072 3306 2111 a
3333 2055 3490 2110 mali-

169 2155 325 2210 sicut
354 2154 520 2209 homo
550 2151 833 2223 pra‘cingit
879 2150 1209 2207 vestimenta
1258 2165 1379 2218 sua,
1427 2159 1487 2206 ut
1536 2166 1643 2206 non
1688 2165 1788 2207 uo-
1887 2154 1991 2224 tia,
2020 2153 2135 2211 sive
2163 2171 2192 2207 a
2236 2151 2659 2224 cogitationibus
2704 2150 2908 2223 pravis.
2961 2148 3211 2221 Afiligam
3259 2147 3386 2203 illos
3435 2149 3487 2201 in

178 2255 354 2302 ceant
384 2244 640 2316 pedibus,
667 2245 759 2315 qui
808 2254 934 2299 sunt
978 2257 1172 2299 sensus
1203 2261 1215 2297 :
1265 2252 1324 2298 et
1365 2244 1637 2310 manibus,
1663 2258 1787 2314 qua:
1890 2244 2077 2304 multis
2099 2245 2282 2313 malis,
2311 2244 2455 2301 sicut
2473 2243 2584 2315 jam
2606 2243 2808 2300 factum
2834 2252 3083 2312 tempore
3106 2239 3337 2312 legimus
3362 2236 3489 2293 Titi.

174 2347 313 2396 sunt
338 2353 526 2409 Opera.
560 2337 848 2392 Prtecinxit
876 2352 897 2392 :
923 2337 1030 2392 huc
1058 2344 1165 2402 est,
1195 2345 1252 2391 ut
1276 2337 1607 2408 restringant
1633 2337 1789 2393 sinus
1892 2336 2007 2393 Nec
2031 2348 2271 2410 poterunt
2316 2347 2481 2404 stare,
2524 2337 2648 2408 quia
2695 2334 2903 2407 iniqui,
2946 2344 3002 2389 et
3049 2330 3273 2402 snperbi
3322 2331 3492 2386 erecti

180 2430 530 2503 cupiditatis,
560 2441 618 2486 ut
663 2444 829 2500 supra
860 2428 996 2497 dixi,
1046 2444 1114 2484 ne
1163 2427 1529 2498 impediantur
1571 2442 1667 2499 per
1696 2443 1790 2483 cu-

183 2525 495 2597 piditatem.
524 2522 620 2579 Vel
651 2523 808 2577 aliter
840 2541 853 2577 :
891 2521 1029 2577 Deus
1047 2522 1137 2593 qui
1164 2521 1435 2592 praecinxit
1462 2535 1545 2575 me
1563 2521 1751 2575 uirtute
1773 2534 1793 2575 :

183 2618 431 2690 Spiritus
468 2626 689 2674 sanctus
722 2615 813 2687 qui
846 2630 944 2670 nos
975 2624 1154 2669 armat
1182 2613 1448 2669 adversus
1495 2619 1794 2684 potestates

186 2712 433 2783 iniquas,
483 2709 783 2767 secundum
832 2708 1202 2780 Apostolutn:
1252 2706 1465 2763 lnduite
1501 2719 1601 2761 vos
1643 2719 1794 2761 arma

1892 2430 2127 2487 fuerant.
2163 2430 2361 2487 Cadent
2398 2429 2579 2485 subtus
2607 2427 2759 2502 pedes
2801 2444 2960 2495 meos,
2992 2426 3107 2482 sive
3154 2433 3214 2480 ut
3241 2421 3493 2489 adorent,

1893 2525 2009 2583 sive
2036 2533 2093 2582 ut
2120 2527 2534 2583 conculcentur.

1967 2618 2302 2677 Prtecinxisti
2332 2637 2414 2675 me
2442 2620 2636 2674 virtute
2663 2619 2731 2673 ad
2761 2617 2951 2673 bellant
2975 2659 2989 2686 ,
3021 2626 3210 2673 eontra
3240 2624 3494 2686 mortem,

1895 2712 2012 2769 sive
2038 2713 2320 2770 ministros
2357 2712 2501 2784 ejus.
2549 2710 2882 2767 Prtecinxisti
2932 2726 3012 2765 me
3059 2711 3264 2775 virtute,
3295 2708 3348 2764 id
3391 2720 3493 2775 est,

189 2805 320 2872 Dei,
351 2812 407 2860 et
430 2802 666 2875 gladium
698 2802 935 2875 Spiritus
971 2802 1170 2872 sancti,
1201 2811 1259 2858 ut
1292 2800 1509 2873 possitis
1535 2800 1795 2856 resistere
1897 2804 2215 2863 fortitudine
2242 2815 2432 2861 contra
2458 2805 2758 2871 diabolum,
2784 2805 2867 2861 vel
2899 2815 3090 2860 contra
3121 2806 3222 2859 ista
3244 2802 3499 2874 supradi-

193 2899 421 2956 diabolo
448 2898 665 2972 (Ephes.
692 2895 791 2971 γι).
823 2896 1209 2954 Conticescant
1259 2912 1401 2952 nunc
1440 2897 1681 2953 haeretici
1712 2911 1797 2953 as-
1899 2909 1986 2954 cta
2016 2898 2163 2955 vitia.
2197 2897 2574 2969 Supplantasti
2610 2899 2938 2972 insurgentes
2978 2897 3031 2952 in
3070 2913 3151 2951 me
3176 2897 3359 2952 subtus
3399 2913 3499 2964 me,

193 2993 468 3065 picientes
497 2992 587 3046 hic
614 2989 938 3048 Trinitatem
970 3005 1318 3061 expressam,
1363 3000 1418 3047 et
1471 2999 1804 3062 c0gnuscant
1900 2993 2025 3049 liios
2054 2992 2145 3065 qui
2170 3006 2337 3063 super
2367 3002 2524 3064 caput
2557 3007 2737 3048 meum
2768 2990 3142 3063 erigebantur.

192 3084 399 3142 Filium
425 3100 584 3156 quem
612 3083 882 3140 minorem
914 3084 1074 3141 Patre
1101 3082 1310 3152 dicunt,
1355 3083 1592 3155 primum
1621 3100 1651 3140 a
1680 3100 1803 3156 pro-
1976 3084 2043 3141 Et
2066 3084 2304 3141 inimicos
2328 3100 2467 3139 meos
2512 3084 2704 3139 dedisti
2745 3084 2877 3138 milii
2917 3083 3151 3141 dorsum.
3195 3082 3502 3140 Noluerunt

195 3177 366 3249 pheta
397 3176 838 3246 pra-nuntiatum,
883 3191 991 3231 non
1020 3176 1175 3247 quasi
1221 3176 1496 3246 priorem,
1543 3175 1641 3232 sed
1669 3176 1801 3232 nihil
1829 3161 1876 3224 C
1905 3180 2050 3235 enim
2077 3185 2400 3235 convertere
2428 3178 2619 3235 faciem
2657 3192 2813 3234 suam
2842 3177 2909 3233 ad
2939 3193 3045 3233 me.
3082 3175 3148 3232 Et
3172 3176 3505 3231 inimicorum

196 3268 540 3326 inferiorem.
577 3267 643 3323 Et
665 3270 840 3341 posuit
876 3268 1270 3323 immaculatum
1294 3269 1433 3323 viam
1458 3284 1647 3324 meum.
1693 3268 1805 3325 Iloc
1908 3285 2138 3328 meorum
2187 3270 2383 3327 dedisti
2411 3271 2539 3326 mihi
2588 3271 2824 3327 dorsum.
2873 3270 3081 3326 Inimici
3129 3271 3235 3327 mei
3281 3271 3504 3325 dorsum

194 3371 311 3429 εει,
346 3363 509 3418 ﬁdem
541 3378 740 3427 Illealn.
770 3378 839 3419 lle
871 3363 940 3418 ab
969 3379 1032 3419 ea
1064 3363 1325 3420 Violal'ero
1908 3368 2060 3434 dant,
2084 3364 2304 3437 quando
2326 3366 2665 3440 confugiunt,
2694 3376 2749 3424 et
2772 3366 2987 3434 quando
3010 3375 3134 3437 post
3162 3380 3252 3421 me
3282 3363 3509 3419 vadunt.

276 3456 384 3522 Qui
412 3455 621 3528 perfecit
665 3456 820 3527 pedes
846 3471 987 3511 meos
1027 3466 1291 3527 tamquam
1337 3471 1624 3510 cervorum.
1655 3454 1811 3512 Sicut
1911 3460 1982 3518 Et
2000 3461 2227 3517 odientes
2258 3476 2338 3515 me
2363 3459 2742 3549 disperdidistj.
2776 3462 2980 3516 Omnes
3030 3460 3277 3514 inimicos
3314 3456 3506 3513 Eccle-

197 3550 352 3608 cervi
378 3551 599 3605 calcant
638 3549 869 3619 pedibus
899 3550 1122 3620 spinas,
1155 3558 1211 3605 et
1243 3548 1566 3604 transiliunt
1594 3548 1760 3604 silvas
1793 3564 1809 3603 :
1913 3556 2050 3611 sim:
2083 3552 2172 3611 vel
2224 3555 2342 3625 ipsa
2399 3553 2528 3610 vitia
2593 3564 2650 3608 et.
2701 3548 2920 3626 peccata
2971 3550 3293 3621 disperdidit
3343 3550 3511 3606 Deus.

202 3645 279 3702 ita
311 3642 487 3699 sancti
517 3641 732 3698 calcant
760 3642 968 3712 spinas,
997 3641 1050 3697 id
1078 3651 1185 3709 est,
1215 3651 1467 3711 peccata;
1496 3640 1814 3697 transiliunt
1915 3646 1986 3703 Ει
2013 3648 2241 3705 odiem“
2293 3665 2375 3705 me
2426 3648 2804 3722 άῑερενάεάίδιί,
2850 3646 3238 3718 Unusquisque
3277 3645 3423 3701 enim
3456 3642 3514 3700 iu

204 3736 400 3799 silvas,
428 3733 483 3788 id
524 3744 631 3800 eat,
666 3732 1044 3788 infidelitatem
1088 3751 1100 3786 :
1155 3740 1212 3786 et
1252 3731 1491 3787 subeunt
1534 3747 1709 3801 usque
1746 3732 1815 3788 ad
1919 3741 2124 3799 malitia
2153 3758 2252 3799 sua
2277 3742 2559 3814 djspcrsus
2588 3752 2694 3799 est,

207 3831 386 3886 Deum
408 3868 423 3893 ,
452 3825 555 3883 hoc
574 3834 680 3892 est,
712 3840 887 3896 usque
911 3825 981 3879 ad
1004 3824 1347 3881 altitudinem
1376 3823 1683 3881 charitatis.
1716 3824 1802 3893 Qu:

1990 3832 2377 3902 Cfamaverunt,
2413 3849 2507 3889 nec
2536 3842 2648 3888 erat
2692 3833 2783 3906 qui
2832 3831 3002 3888 salvos
3049 3835 3244 3905 faceret
3287 3846 3372 3885 eos
3402 3846 3421 3884 :
3449 3828 3519 3884 ad

208 3918 428 3994 perfecit
479 3916 631 3989 pedes
674 3932 814 3971 meos
864 3924 1127 3986 tamquam
1173 3931 1474 3982 cervorum,
1519 3915 1587 3970 ad
1619 3916 1802 3971 transi

1924 3922 2229 3995 Dominum,
2284 3940 2379 3980 nec
2421 3926 2687 3981 exaudivit
2744 3942 2851 3981 eos.
2911 3925 3046 3994 Quia
3106 3922 3312 3997 indigni
3363 3933 3525 3981 erant

209 4012 396 4072 lienda
425 4009 612 4066 saeculi
656 4009 820 4078 hujus
867 4007 1279 4078 impedimenta.
1323 4006 1394 4062 Et
1433 4022 1591 4080 super
1618 4005 1802 4063 excelsi

1924 4017 2274 4075 exauditione
2300 4017 2442 4088 ejus.
2489 4017 2833 4074 Clamabunt.
2885 4018 2987 4086 Qui
3031 4016 3384 4073 clamabunt?
3411 4016 3524 4074 Im-

212 4107 402 4163 statuit
430 4121 533 4161 me.
585 4104 845 4172 Excelsa,
892 4112 1081 4160 sancta
1130 4103 1379 4159 Ecclesia
1411 4110 1542 4159 est:
1587 4112 1641 4158 et
1673 4100 1802 4157 Chri

1926 4111 1997 4183 pii
2025 4112 2324 4180 dtemones,
2357 4119 2412 4168 et
2437 4111 2608 4169 Jud:ei
2638 4124 2693 4168 et
2735 4110 2973 4169 haeretici
3002 4110 3314 4168 clamabunt
3357 4111 3411 4167 in
3439 4111 3525 4167 iu-

219 4208 341 4255 stus
368 4212 535 4268 super
562 4194 802 4261 excelsa,
831 4204 887 4250 et
909 4194 1129 4251 excelsa
1158 4208 1324 4265 super
1347 4192 1604 4250 excelsa:
1634 4192 1687 4248 id
1717 4201 1821 4259 est,

216 4305 389 4361 super
410 4289 650 4347 sublime
698 4287 983 4344 Ecclesiae.
1036 4287 1209 4360 Super
1252 4287 1455 4345 excelsa
1496 4286 1679 4343 statuit
1722 4301 1823 4357 me,

218 4399 379 4456 spem
408 4399 585 4440 meam
611 4383 663 4438 in
704 4381 1018 4439 cmlestibus
1043 4382 1356 4438 collocavit.

302 4476 407 4544 Qui
433 4476 578 4532 docet
598 4491 786 4530 manus
813 4490 954 4530 meas
979 4474 1050 4528 ad
1083 4472 1344 4545 prndium.
1372 4472 1553 4543 Opera
1577 4487 1697 4529 mea
1725 4471 1826 4528 αὐ·
1868 4553 1881 4554 7
1932 4495 1997 4537 ea
2028 4480 2107 4536 illi
2136 4481 2476 4550 clamabunt,
2511 4493 2567 4539 et
2605 4498 2711 4539 non
2747 4484 2854 4539 erit
2883 4481 2980 4554 qui
3032 4485 3288 4539 exaudiat
3314 4499 3441 4553 eos,
3477 4492 3537 4541 ut

223 4584 422 4626 versus
466 4567 746 4624 diabolmn
807 4567 1236 4623 destructorem.
1299 4567 1401 4633 Qui
1453 4565 1603 4620 docet
1647 4581 1802 4619 manu

1934 4574 2195 4631 Salomon
2225 4576 2340 4630 ait:
2375 4574 2598 4645 Vocavi,
2643 4585 2698 4632 et
2745 4553 3025 4642 renuistis,
3060 4576 3281 4634 extendi
3310 4595 3530 4637 manum

228 4679 374 4719 meas
403 4661 475 4716 ad
516 4660 778 4731 proelium,
807 4660 875 4715 ad
904 4659 1230 4719 debellanda
1261 4658 1518 4715 faciltom.
1553 4656 1632 4711 Ει
1662 4658 1834 4729 ροιτιὶι
1940 4680 2141 4733 meam,
2172 4672 2360 4722 etnon
2395 4664 2494 4720 fuit
2522 4669 2615 4738 qui
2652 4666 2920 4737 aspiceret
2960 4665 3147 4739 (Prov.
3178 4666 3243 4739 ι).
3280 4671 3537 4740 Despexi-

229 4766 289 4809 ιιι
314 4770 499 4809 arcum
524 4768 718 4808 ωτειιηι
746 4751 963 4807 brachia
993 4768 1129 4807 mea-
1153 4751 1347 4807 Ανεειηι
1374 4766 1567 4807 dmum
1595 4764 1613 4803 -‘
1641 4748 1695 4805 id
1725 4759 1833 4816 081.
1940 4757 2040 4815 stis
2069 4772 2233 4813 omne
2279 4754 2564 4813 consilium
2610 4772 2788 4812 meum
2815 4798 2831 4825 ,
2864 4766 2918 4813 et
2949 4759 3349 4828 iucrepationes
3388 4775 3540 4817 meas

232 4849 491 4918 intentio,
539 4846 780 4916 brachia,
832 4844 1097 4904 fortitudo
1126 4863 1139 4899 :
1192 4844 1297 4901 hoc
1338 4856 1453 4912 est,
1483 4853 1542 4901 ut
1571 4857 1678 4899 non
1704 4841 1802 4899 defi

1942 4848 2280 4923 neglexistis.
2313 4850 2605 4922 Propterea
2634 4860 2687 4906 et
2731 4864 2834 4921 ego
2877 4850 2931 4906 in
2978 4850 3206 4908 interitu
3251 4862 3434 4911 vestro
3466 4854 3542 4912 ri-

232 4941 379 4999 ciant
409 4941 554 4998 bene
578 4953 764 5011 agere.
1942 4941 2084 4999 debo
2116 4959 2130 4997 :
2160 4956 2286 4997 cum
2311 4942 2465 4997 vobis
2486 4940 2628 5012 quod
2658 4941 2928 4998 timebatis
2965 4942 3360 5014 supervenerit.
3396 4946 3540 5003 Sub-

307 5033 517 5090 Dedisti
542 5030 671 5087 mihi
696 5031 1074 5103 protectionem
1098 5029 1288 5085 salutis
1334 5039 1452 5085 tute.
1490 5027 1602 5086 Vox
1654 5026 1843 5084 Eceie-
1942 5035 2219 5106 sannabo,
2249 5050 2371 5091 cum
2402 5035 2626 5092 irruerit
2665 5051 2832 5109 super
2862 5051 2960 5093 vos
2994 5037 3279 5108 repentina
3316 5039 3542 5099 calami.

237 5128 338 5185 site
368 5125 439 5182 ad
466 5125 767 5182 Christum.
802 5125 1004 5181 Salutis
1035 5140 1054 5180 :
1101 5125 1226 5195 quia
1273 5125 1386 5190 ipse
1430 5130 1515 5177 est
1559 5123 1711 5178 salus
1741 5137 1842 5178 uo-
1949 5136 2051 5184 tas.
2085 5126 2237 5185 Tunc
2269 5128 2592 5187 invocabitis
2621 5146 2729 5197 me,
2762 5141 2819 5186 et
2859 5148 2967 5188 non
2995 5131 3305 5189 exaudiam.

239 5232 380 5288 stra,
414 5230 477 5277 ut
501 5217 635 5276 dicit
668 5236 681 5274 :
725 5217 943 5274 Domini
971 5225 1059 5274 est
1084 5217 1255 5273 salus.
1288 5214 1493 5271 Dedisti
1520 5213 1647 5270 milii
1669 5225 1846 5286 prote-
2020 5219 2089 5274 Et
2118 5221 2464 5276 comminuam
2493 5222 2632 5288 illos,
2667 5232 2721 5279 ut
2751 5224 3012 5296 pulverem
3035 5235 3156 5280 ante
3181 5226 3365 5297 facient
3392 5230 3549 5286 renti.

241 5319 466 5374 ctioncm
495 5314 685 5371 salutis
709 5322 847 5368 tute:
879 5328 948 5368 ne
972 5310 1255 5383 opprimar
1279 5324 1311 5365 a
1332 5309 1511 5366 malis.
1545 5307 1615 5364 Et
1640 5308 1849 5364 dextera
1952 5312 2311 5368 Comminuam
2348 5314 2490 5385 illos,
2539 5315 2590 5371 id
2622 5327 2728 5387 est,
2777 5318 2901 5374 illos
2930 5316 3279 5391 supradictos
3318 5321 3548 5378 aiiectus

246 5421 334 5468 tuo
355 5410 587 5479 suscepit
617 5424 717 5463 me.
752 5407 986 5463 Dextera
1022 5405 1203 5462 Patris
1236 5403 1488 5461 Christus
1513 5412 1621 5461 est.
1668 5403 1855 5460 Susce-
1961 5406 2209 5462 carnales
2234 5421 2331 5476 pro
2354 5407 2524 5461 nihilo
2544 5406 2829 5465 deducam.
2851 5409 2919 5464 Et
2945 5409 3292 5466 comminuam
3321 5411 3465 5483 illos,
3500 5423 3556 5468 ut

247 5507 323 5578 pit
350 5522 450 5570 use,
485 5503 788 5561 Ecclesium
822 5517 920 5573 per
948 5501 1406 5558 incarnationem.
1444 5497 1740 5569 Disciplina
1769 5505 1857 5551 tua
1963 5499 2222 5572 puluerem
2251 5509 2372 5556 ante
2401 5500 2583 5574 faciem
2623 5505 2754 5558 venti
2784 5520 2803 5559 :
2832 5505 2954 5577 quia
2985 5502 3121 5561 aridi
3147 5514 3202 5562 et
3231 5505 3353 5561 sine
3385 5506 3560 5563 imbre

246 5598 477 5654 correxit
511 5612 591 5650 me
632 5596 689 5650 in
721 5595 902 5665 ﬁnem.
949 5597 1124 5661 anm
1154 5593 1301 5647 enim
1345 5590 1523 5661 diligit
1570 5589 1855 5656 Dominus,
1963 5593 2355 5650 misericordia:
2402 5593 2625 5651 fuerunt
2673 5596 2932 5669 projecti,
2985 5607 3039 5657 et
3076 5598 3395 5655 comminuti
3434 5610 3564 5655 sunt

246 5688 500 5763 corripit.
555 5688 833 5758 Erigimnr
900 5701 1031 5758 ergo
1079 5686 1171 5758 qui
1227 5683 1380 5755 prius
1434 5696 1857 5750 corrueramus,
1965 5686 2019 5743 in
2049 5688 2302 5759 superbia
2329 5701 2453 5756 sua,
2487 5697 2543 5745 et
2589 5690 2745 5762 quasi
2789 5691 2963 5764 pulvis
2992 5694 3167 5765 campi
3197 5693 3455 5762 dispersi.
3494 5691 3563 5747 Ut

249 5796 377 5842 cum
408 5779 545 5842 caesi
569 5796 603 5839 ι
634 5779 867 5840 Domino
898 5780 1182 5839 fuerimus.
1230 5775 1300 5835 Et
1346 5775 1589 5835 doctrina
1633 5785 1723 5834 tua
1748 5778 1862 5849 ipsa
1969 5778 2140 5835 lutum
2183 5776 2473 5851 platearum
2501 5779 2676 5839 delebo
2705 5798 2813 5855 eos,
2844 5780 2898 5839 in
2930 5780 3150 5844 modum
3194 5784 3397 5843 turbidi
3444 5784 3567 5842 luti.

1931 4212 2056 4259 turo
2100 4202 2357 4274 judicio:
2411 4220 2502 4259 nec
2544 4204 2641 4260 erit
2686 4203 2774 4276 qui
2821 4204 2991 4258 salvos
3022 4204 3181 4275 faciat
3226 4218 3352 4259 eos:
3398 4202 3526 4274 quia

1929 4296 2147 4368 quando
2182 4297 2438 4353 clamavit
2479 4297 2625 4354 Deus
2668 4297 2733 4353 ad
2766 4297 2888 4354 illos
2934 4311 3030 4368 per
3078 4296 3394 4369 prophetas,
3444 4296 3532 4355 vel

1932 4405 2030 4462 per
2060 4390 2298 4462 reliquas
2324 4391 2657 4461 Scripturas,
2687 4392 2876 4448 audire
2902 4392 3195 4447 noluerunt
3220 4409 3233 4447 :
3281 4403 3525 4464 propter-
