4034 6302
569 251 668 311 871

1363 233 1717 297 APPENDIX
1758 233 1851 291 AD
1887 228 2134 292 TOMUM
2178 226 2534 292 SEPTIMUM
2572 229 2632 289 S.
2675 222 3079 287 HIERONYMI.

3774 224 3872 282 872

634 361 798 433 Eripe
828 375 906 414 me
930 357 996 413 de
1025 352 1526 413 contradictionibus
1554 349 1758 424 populi,
1785 348 2062 403 constitues
2092 362 2173 402 me
2198 344 2249 406 Α
2280 342 2745 416 persecutoribus.
2798 341 2843 395 Α
2888 342 2997 395 viro
3031 337 3209 409 iniquo
3246 335 3433 410 eripies
3460 350 3559 403 me,
3594 333 3653 392 id
3683 342 3771 393 est
3791 379 3804 403 ,
3842 351 3870 391 a

565 455 621 510 in
649 462 803 525 caput
834 452 1087 526 gentium.
1124 448 1240 504 Vox
1286 434 1493 502 Christi
1536 444 1607 509 ad
1650 443 1867 500 Patrem
1899 458 1915 496 :
1958 440 2170 510 Eripies

566 563 656 605 me
698 546 768 604 de
816 540 1347 601 contradictionibus
1405 536 1598 609 p0puli
1645 535 1899 605 Judaici,
1941 533 2168 604 utique:

566 642 692 713 quia
716 654 838 696 cum
869 635 1036 707 aliqui
1078 633 1362 699 dicerent,
1395 630 1580 686 Verax
1619 638 1704 686 est
1734 646 1748 684 :
1778 627 1856 683 illi
1896 624 2174 682 contrario

569 731 826 789 dicebant
846 771 861 797 ,
895 727 1013 785 Non
1041 742 1058 793 ;
1090 725 1187 782 sed
1214 723 1429 782 seducit
1454 722 1690 779 turbam.
1724 720 1870 776 Erue
1898 734 1986 775 me
2012 717 2083 774 de
2110 716 2178 772 il-

567 823 637 880 lis
685 819 903 894 populis
948 816 1266 874 inﬁdclibus
1309 814 1403 887 qui
1453 812 1588 870 mihi
1646 809 2049 868 contradicunt.
2092 806 2171 862 Tu

567 929 700 972 erue
728 928 761 969 a
789 910 993 969 Judmis
1019 907 1365 977 inﬁdelibus,
1412 914 1687 963 eteorum
1733 911 1917 975 caput,
1967 899 2020 956 id
2065 907 2170 965 est,

568 1007 815 1081 gentium
843 1004 1135 1062 constitue.

644 1097 886 1171 Populus
916 1112 1067 1168 quem
1113 1110 1218 1150 non
1263 1090 1479 1166 cognovi
1527 1088 1733 1146 servivit
1780 1086 1929 1142 mihi.
1961 1085 2019 1142 Id
2064 1092 2171 1151 est,

568 1199 761 1264 gentes
790 1204 913 1261 qua:
944 1202 1031 1243 me
1060 1201 1170 1242 non
1199 1193 1573 1256 cognoverunt
1619 1196 1797 1250 neque
1837 1193 1934 1250 per
1981 1177 2169 1245 ﬁdem,

568 1298 747 1355 neque
778 1296 874 1353 per
903 1280 1104 1352 legem,
1136 1277 1382 1333 servient
1419 1274 1573 1331 mihi.
1606 1273 1846 1345 Populus
1871 1287 2031 1343 quem
2067 1285 2172 1324 non

569 1374 803 1447 cognovi
851 1372 1059 1430 serviet
1104 1369 1258 1426 mihi.
1298 1367 1617 1439 Ignorabam
1655 1366 1799 1423 enim
1846 1380 2009 1431 eum,
2050 1379 2174 1420 cum

572 1469 736 1527 idolis
765 1467 996 1525 serviret
1025 1482 1038 1520 :
1071 1479 1219 1522 nunc
1245 1463 1502 1529 credens,
1531 1460 1780 1533 cognitus
1825 1474 1890 1517 ac
1933 1457 2177 1515 serviens

569 1560 751 1618 factus
776 1571 864 1617 est
891 1557 1046 1614 mihi.
1088 1555 1157 1611 In
1182 1554 1367 1611 auditu
1394 1554 1541 1609 auris
1567 1552 1789 1608 obedirit
1820 1550 1969 1606 mihi.
1996 1549 2177 1606 Ohau-

568 1654 791 1713 dierunt
821 1651 957 1709 mihi
979 1648 1236 1718 auribus,
1263 1648 1390 1720 quia
1418 1662 1527 1704 non
1572 1644 1830 1702 viderunt
1876 1641 2174 1707 mirabilia,

2275 436 2492 493 diabolo
2528 477 2542 502 ,
2574 441 2635 490 ut
2659 433 2867 490 dictum
2897 441 2983 488 εει
3005 429 3265 487 inimicus
3295 429 3461 484 homo
3495 427 3600 484 hoc
3623 426 3773 483 fecit.

2350 529 2642 603 PrOpterea
2692 526 2976 597 conﬁtebor
3001 523 3092 579 tibi
3131 524 3185 579 in
3224 521 3470 596 papulis,
3500 520 3751 577 Domine.
3783 518 3874 576 Ec-

2275 621 2440 677 clesia
2486 620 2655 676 dicit:
2686 618 2947 675 Laudabo
2997 627 3052 675 te
3092 617 3146 672 in
3195 614 3571 672 credentibus.
3603 613 3875 670 Psalmum

2276 715 2455 770 dicam
2486 713 2582 768 tibi
2608 713 2751 768 inter
2792 719 2986 783 gentes
3017 728 3028 763 :
3058 708 3113 766 id
3137 716 3242 776 est,
3289 705 3546 776 laudabo,
3584 714 3644 762 et
3688 720 3874 775 opera-

2277 807 2420 861 bor:
2457 804 2741 878 Propterea
2786 802 3069 874 confitebor
3109 800 3203 856 tibi
3252 800 3307 855 in
3358 799 3588 872 populis,
3639 797 3877 854 Domine.

2277 895 2554 953 Psalmum
2582 896 2753 950 dicam
2779 895 2978 949 nomini
3022 901 3128 948 tuo.
3161 891 3300 961 Quia
3342 905 3445 962 ego
3483 890 3536 946 in
3583 889 3677 944 his
3722 902 3875 954 sunt;

2277 1004 2379 1061 ego
2422 989 2730 1045 conlitebor
2768 986 2903 1054 tibi,
2954 986 3115 1042 Pater
3151 1002 3163 1037 :
3213 993 3269 1041 et
3311 982 3571 1055 psallam,
3616 996 3726 1038 vox
3764 996 3881 1054 pro-

2278 1081 2478 1153 phetae.
2752 1143 2761 1148 ,

2349 1174 2701 1249 Magniﬁcam
2730 1172 2954 1229 salutem
2983 1171 3119 1244 regis
3166 1171 3354 1240 ipsius,
3400 1166 3614 1225 Christi
3647 1167 3878 1237 Domini,

2277 1269 2423 1342 quod
2465 1267 2788 1325 resurrexit.
2819 1268 2915 1324 Vel
2941 1268 3142 1324 aliter:
3173 1266 3444 1339 prepheta
3474 1266 3542 1322 ad
3577 1265 3757 1323 Deum
3796 1266 3881 1321 Pa-

2280 1373 2417 1419 trem
2450 1362 2692 1434 loquitur
2722 1377 2738 1420 :
2776 1360 2900 1432 quia
2929 1361 3217 1417 sanitatem
3241 1358 3401 1428 facit,
3433 1368 3489 1416 et
3519 1358 3761 1416 salutem
3792 1374 3879 1430 per

2278 1456 2546 1526 singulos,
2564 1456 2689 1527 quia
2719 1456 2932 1511 animas
2950 1453 3181 1511 attrahit
3206 1469 3302 1525 per
3322 1452 3799 1525 praedicationem,
3827 1458 3883 1506 ut

2278 1551 2352 1608 sit
2376 1551 2523 1607 salus
2560 1549 2934 1619 credentium,
2966 1549 3060 1621 qui
3099 1549 3333 1606 credunt
3377 1548 3431 1605 in
3474 1547 3714 1604 salutem
3746 1546 3882 1617 regis

2281 1645 2467 1717 ipsius.
2517 1641 2587 1698 Et
2626 1644 2821 1715 faciens
2860 1642 3271 1699 misericordiam
3309 1640 3513 1697 Christo
3554 1657 3653 1695 suo
3686 1639 3882 1695 Dauid:

571 1763 757 1822 neque
786 1761 968 1803 meam
997 1741 1346 1816 praesentiam
1377 1739 1740 1812 corporalem.
1771 1738 1968 1793 Postea
1995 1734 2173 1791 audie-
2209 1733 2260 1796 B
2288 1738 2399 1794 lloc
2438 1746 2541 1806 est,
2572 1736 2853 1809 unigenito
2882 1750 3005 1793 suo.
3032 1735 3201 1792 David
3246 1751 3407 1790 manu
3437 1734 3590 1807 fortis
3620 1734 3882 1803 interpre-

577 1850 740 1911 runt,
783 1850 838 1898 et
866 1836 1242 1896 crediderunt.
1294 1833 1678 1892 lmbuentibus
1721 1828 2181 1902 praedicatoribus

580 1933 793 2006 accepit
821 1931 1073 1988 Ecclesia
1099 1943 1287 1986 aurem
1314 1927 1656 2000 spiritualem
1687 1941 1704 1984 :
1735 1940 1840 1997 qua
1874 1922 2182 1993 intelligens

577 2027 855 2093 custodiat
880 2032 1154 2098 prmcepta
1179 2022 1385 2079 divina.

651 2119 786 2178 Filii
808 2120 990 2176 alieni.
1020 2118 1137 2175 lloc
1166 2117 1311 2174 idem
1338 2126 1394 2172 et
1413 2114 1582 2171 Isaias
1615 2112 1853 2184 loquitur
1871 2129 1884 2166 :
1902 2109 2007 2181 ,νω
2034 2107 2183 2180 genti

578 2212 900 2288 peccatrici,
925 2209 1052 2267 ﬁliis
1072 2209 1287 2278 alienis,
1313 2208 1514 2279 populo
1539 2205 1704 2276 pleno
1726 2202 1963 2274 peccatis
1985 2199 2089 2275 (Is.
2114 2200 2177 2272 ι).

574 2309 817 2378 Antiquo
843 2304 1134 2370 vocabulo,
1161 2301 1336 2359 Judaei
1369 2299 1469 2355 lilii
1492 2298 1588 2355 Dei
1611 2296 1870 2369 appellati
1898 2304 2054 2352 sunt:
2082 2292 2182 2350 sed

582 2397 826 2464 alienati,
849 2395 977 2467 quia
1002 2394 1101 2450 ﬁlii
1120 2392 1329 2449 diaboli
1350 2391 1525 2448 eﬁecti
1548 2397 1698 2446 sunt.
1726 2387 1797 2443 Et
1819 2386 1959 2443 idem
1985 2384 2179 2454 Judaei,

576 2504 810 2563 quorum
840 2494 998 2559 pater
1025 2483 1279 2540 diabolus
1313 2490 1399 2538 est
1427 2500 1439 2535 :
1478 2480 1686 2536 Mentiti
1727 2487 1845 2533 sunt
1875 2476 2026 2545 mihi,
2056 2474 2184 2548 quia

582 2583 639 2640 in
668 2581 901 2637 veritate
927 2592 1037 2634 non
1068 2584 1341 2633 steterunt
1360 2574 1502 2631 sicut
1528 2582 1582 2631 et
1612 2582 1766 2644 pater
1805 2585 2018 2627 eorum.
2054 2567 2186 2625 Filii

576 2672 736 2729 alieni
763 2672 1173 2726 inveteraverunt
1205 2683 1226 2723 :
1281 2666 1388 2723 hoc
1433 2674 1538 2734 est,
1591 2663 1720 2737 quia
1771 2663 1894 2720 novi
1947 2661 2187 2718 hominis

587 2782 698 2826 non
728 2771 1058 2837 receperunt
1104 2761 1431 2832 adventum,
1468 2761 1524 2816 in
1573 2757 1748 2816 veteri
1796 2756 2019 2815 homine
2065 2772 2189 2826 per-

585 2868 929 2920 manserunt.
963 2856 1035 2913 Et
1060 2856 1486 2913 claudicauerunt
1510 2873 1543 2911 a
1586 2856 1780 2913 semitis
1809 2854 1938 2910 suis.
1966 2850 2188 2910 Claudi-

584 2966 710 3015 cant
740 2973 752 3009 :
786 2952 912 3026 quia
942 2959 1152 3024 patrem
1181 2950 1444 3020 credunt,
1487 2958 1549 3008 et
1590 2950 1759 3006 ﬁlium
1794 2965 1902 3006 non
1931 2948 2184 3005 credunt.

586 3048 768 3107 Unum
806 3044 999 3118 pedem
1044 3043 1393 3127 habent,_et
1427 3044 1595 3100 alium
1640 3058 1748 3100 non
1780 3041 1981 3099 habent
2012 3058 2027 3098 :
2057 3040 2187 3097 inde

597 3117 912 3204 claudicant
941 3144 996 3199 in
1014 3117 1166 3214 legi;
1181 3122 1380 3196 littera.
1410 3137 1530 3196 Vox
1558 3137 1825 3196 ecclesiaa.

664 3238 802 3294 Vivit
818 3234 1278 3303 Dominus.Quem
1306 3232 1361 3288 in
1391 3231 1644 3303 sepulcro
1660 3229 1762 3286 sub
1787 3226 2186 3300 signaculorum

584 3335 861 3409 positione
886 3332 1216 3388 clauserant.
1243 3324 1311 3381 Et
1333 3324 1629 3381 benedictus
1652 3322 1793 3379 Deus
1821 3338 1961 3377 meus
1977 3362 1992 3389 ,
2014 3336 2044 3376 a
2073 3321 2188 3377 Deo

585 3426 765 3486 Patre.
831 3424 965 3481 Vivit
1014 3421 1302 3489 Dominus,
1337 3428 1386 3473 et
1421 3417 1710 3473 benedictus
1750 3415 2008 3472 Dominus
2044 3411 2188 3468 Deus

586 3537 751 3577 meus.
783 3515 1057 3588 Numquid
1096 3523 1256 3570 antea
1286 3526 1409 3569 non
1426 3510 1672 3566 vivebat?
1703 3508 1811 3565 Sed
1848 3508 1951 3564 hoc
1982 3522 2076 3578 pro
2106 3505 2189 3562 itt-

585 3609 902 3669 carnatione
953 3606 1087 3662 dicit
1134 3623 1150 3660 :
1199 3604 1344 3660 sicut
1378 3610 1598 3658 sanctus
1631 3600 1831 3657 Paulus
1862 3599 2039 3656 dicit:
2083 3598 2187 3667 Qui

584 3712 830 3763 mortuus
882 3710 967 3758 est
1001 3698 1069 3755 ad
1113 3707 1329 3768 tempus
1364 3710 1436 3753 ex
1473 3694 1788 3751 inﬁrmitate
1826 3693 2043 3760 carnis,
2090 3690 2188 3748 sed

586 3798 719 3855 vivit
753 3810 823 3853 ex
878 3794 1081 3850 virtute
1120 3790 1239 3849 Dei.
1280 3788 1400 3847 Iam
1433 3788 1578 3845 enim
1608 3802 1716 3843 non
1751 3784 2009 3852 moritur,
2041 3800 2189 3841 mors

590 3888 669 3947 illi
707 3888 851 3945 ultra
906 3901 1012 3943 non
1063 3882 1433 3941 dominabitur
1471 3880 1653 3954 (Rom.
1686 3880 1788 3947 vt).
1822 3878 1891 3933 Et
1935 3878 2190 3935 excitetur

588 3979 731 4039 Deus
758 3980 943 4036 salutis
969 3994 1116 4033 mete.
1153 3976 1273 4035 Vox
1313 3975 1567 4033 Ecclesia:
1596 3973 1666 4030 ad
1704 3973 1975 4029 Christum
2008 3989 2023 4027 :
2053 3972 2187 4041 Quia

587 4072 839 4131 Christus
886 4069 1157 4127 exaluttus
1200 4079 1289 4126 est
1331 4069 1386 4125 in
1426 4067 1783 4125 Ascensionc.
1833 4066 1930 4122 Vel
1969 4065 2130 4121 aliter
2172 4082 2185 4120 :

586 4164 863 4222 Exaltctur
902 4161 1041 4219 Deus
1070 4162 1259 4219 salutis
1293 4177 1419 4218 mea:
1456 4178 1473 4215 :
1505 4162 1561 4217 In
1589 4175 1677 4217 me
1702 4173 1919 4230 semper
1942 4158 2189 4214 excelsus

583 4256 662 4314 sit
694 4272 711 4313 :
746 4257 905 4325 cujus
931 4254 1150 4312 vocatio
1184 4253 1334 4311 salus
1364 4267 1485 4309 mea
1519 4263 1605 4310 est
1650 4271 1665 4307 :
1698 4266 1767 4307 ue
1794 4250 2089 4322 quidquam
2121 4251 2189 4307 de

588 4365 657 4407 eo
684 4349 797 4405 vile
824 4347 1079 4405 sentiam.

659 4439 830 4506 Deus,
877 4440 966 4510 qui
1007 4437 1103 4493 das
1139 4437 1427 4494 uindictam
1468 4435 1598 4493 mihi
1624 4479 1639 4506 ,
1679 4436 2046 4495 subvertcudo
2094 4436 2191 4494 Ju-

589 4533 740 4592 dazos
788 4550 803 4589 :

587 4622 761 4693 Deus,
783 4624 872 4694 qui
892 4624 990 4707 das
1025 4622 1311 4680 uindictam
1329 4622 1477 4679 mihi.
1505 4622 1625 4680 Vox
1653 4622 1914 4681 Ecclesia:
1937 4623 2005 4681 ad
2034 4623 2194 4681 Chri-

588 4730 758 4778 stum.
789 4718 949 4776 Dedit
977 4718 1121 4776 Deus
1147 4727 1474 4790 potestatem
1502 4716 1979 4790 Ecclesiaeligandi
2005 4729 2061 4776 et
2083 4720 2195 4776 sol-

591 4813 785 4887 vendi,
820 4822 874 4872 et
895 4812 1241 4885 disciplinam
1269 4810 1538 4880 faciendi;
1569 4822 1628 4869 ut
1653 4812 1841 4869 habuit
1871 4822 2191 4883 potestatem

589 4904 782 4963 Petrus
802 4914 860 4962 et
889 4904 1087 4961 Paulus
1103 4946 1119 4973 ,
1143 4919 1242 4976 per
1269 4903 1531 4976 Spiritum
1562 4904 1779 4961 Domini
1807 4922 1821 4958 :
1846 4904 1992 4962 sicut
2013 4905 2189 4963 dixit:

588 4999 735 5057 Ecce
760 4998 889 5057 dedi
918 4998 1077 5056 vobis
1098 5006 1429 5070 potestatem
1456 4998 1673 5055 calcare
1702 5014 1866 5071 super
1885 5007 2187 5071 serpentes,

588 5102 644 5152 et
697 5092 1051 5166 scorpiones,
1106 5102 1161 5149 et
1208 5107 1374 5163 super
1417 5107 1633 5148 omnem
1672 5092 1932 5150 virtutem
1982 5092 2193 5150 inimici

592 5186 750 5261 (Luc.
774 5186 853 5260 χ).
888 5185 958 5241 Et
984 5185 1264 5242 subdidisti
1284 5184 1508 5258 populos
1537 5184 1632 5241 sub
1661 5203 1772 5255 me,
1801 5186 1902 5244 sub
1924 5195 2191 5257 potestate

591 5278 857 5338 Ecclesia:
874 5321 891 5349 ,
917 5278 988 5336 ad
1012 5277 1311 5351 regendum
1340 5286 1531 5349 gentes
1559 5278 1895 5337 incredulas.
1923 5279 2193 5337 Liberator

589 5387 733 5428 meus
776 5371 1040 5427 Dominus
1075 5370 1142 5426 de
1194 5370 1433 5443 gentibus
1473 5370 1744 5426 iracundis
1792 5387 1811 5427 :
1851 5371 2097 5431 Christus
2137 5373 2191 5429 in

592 5463 847 5533 passione
868 5477 900 5518 a
930 5462 1136 5518 Judaeis
1162 5463 1524 5520 clamantibus
1557 5482 1572 5519 :
1608 5463 1877 5536 Cruciﬁge
1894 5506 1909 5532 ,
1936 5466 2192 5539 cruciﬁge

589 5570 717 5612 eum
741 5597 758 5624 ,
785 5565 842 5612 et
868 5554 1112 5611 Ecclesia
1129 5555 1197 5612 ab
1211 5555 1485 5613 haereticis
1501 5597 1518 5624 ,
1544 5564 1600 5613 et
1618 5557 1805 5613 anima
1825 5556 1895 5613 ab
1923 5558 2192 5615 universis

592 5647 766 5715 vitiis,
793 5661 915 5718 qua:
948 5645 1243 5718 appellavit
1267 5656 1482 5720 gentes.

667 5736 736 5791 Et
789 5736 854 5790 ab
900 5736 1282 5807 insurgentibus
1306 5740 1361 5794 in
1393 5754 1473 5796 me
1500 5739 1755 5798 exultabis
1770 5758 1880 5813 me,
1916 5742 1970 5800 id
2007 5753 2127 5815 est,
2158 5761 2188 5804 a

856 4532 944 4589 vel
992 4532 1168 4603 ipsum
1203 4530 1519 4589 traditorem
1554 4529 1774 4587 ludam.
1826 4529 1923 4588 Vel
1959 4530 2119 4587 aliter
2170 4516 2266 4585 :D

2286 1842 2467 1901 tatur,
2506 1830 2651 1904 quod
2698 1840 2782 1888 est
2805 1830 3079 1887 Christus.
3128 1827 3198 1883 Et
3242 1828 3425 1884 semini
3467 1831 3584 1901 ejus
3632 1843 3799 1899 usque
3835 1828 3883 1881 in

2276 1924 2467 1994 finem.
2494 1923 2694 1981 Semen
2726 1922 2867 1994 ejus,
2892 1922 2996 1978 hoc
3019 1928 3147 1979 sunt
3169 1920 3343 1977 sancti
3373 1920 3509 1991 ejus.
3542 1919 3698 1975 Facit
3726 1917 3882 1975 mise-

2284 2019 2579 2077 ricordiam
2627 2020 2890 2076 Dominus
2918 2033 3136 2090 semper
3180 2033 3303 2075 cum
3352 2018 3562 2075 sanctis
3606 2017 3727 2073 suis
3771 2017 3883 2074 sine

2289 2112 2417 2169 ﬁne.
2446 2112 2516 2168 Et
2559 2112 2754 2183 faciens
2797 2112 3209 2167 misericordiam
3238 2111 3442 2167 Christo
3468 2128 3589 2181 suo,
3627 2110 3799 2167 Dauid
3831 2120 3877 2166 et

2285 2205 2468 2261 semini
2504 2204 2617 2276 ejus
2657 2220 2819 2276 usque
2855 2204 2912 2259 in
2948 2204 3224 2272 saeculum,
3270 2203 3374 2274 ipsi
3419 2201 3716 2260 mediatori
3759 2201 3882 2258 Jesu

2286 2296 2542 2366 Domino,
2583 2305 2639 2352 et
2685 2295 2893 2368 populo
2938 2295 3335 2365 ecclesiastico,
3374 2296 3471 2366 qui
3518 2311 3618 2366 per
3665 2295 3881 2351 verbum

2285 2389 2406 2460 ejus
2447 2387 2703 2445 credidit.
2742 2388 2864 2459 Ipse
2897 2386 3229 2445 fortissimus
3261 2387 3524 2444 liberator
3563 2402 3668 2444 nos
3694 2386 3762 2443 ab
3792 2390 3885 2442 hoc

2287 2481 2492 2537 mundo
2512 2481 2766 2550 dignetur
2792 2494 3008 2544 eruere,
3035 2489 3092 2537 et
3118 2479 3172 2536 in
3198 2478 3302 2536 lide
3327 2478 3576 2537 stabilire
3596 2494 3696 2551 per
3718 2478 3885 2534 Evan-

2288 2576 2511 2646 gelium,
2543 2573 2667 2645 quia
2701 2571 2804 2644 ipsi
2849 2571 3060 2646 gloria,
3098 2579 3155 2628 et
3193 2571 3487 2644 imperium
3527 2587 3658 2629 cum
3689 2579 3885 2628 artemo

2287 2666 2472 2737 Patre,
2489 2675 2545 2723 et
2564 2665 2768 2737 Spiritu
2790 2674 3000 2732 sancto,
3024 2664 3078 2720 in
3097 2671 3293 2721 cuncta
3318 2662 3517 2721 saecula
3539 2664 3883 2721 saeculorum.

2291 2764 2489 2820 Amen.

2815 2830 3135 2890 PSALMUS
3176 2830 3365 2889 XVIII.

2290 2926 2359 2983 In
2402 2928 2580 2999 ﬁnem,
2627 2924 2860 2999 psalmus
2902 2924 3092 2999 David.
3132 2925 3614 2999 Psalmus_vocem
3649 2922 3887 2999 continet

2362 2994 2669 3071 prophetae
2685 2998 2754 3053 de
2792 2996 3011 3071 Christo
3056 2998 3346 3069 loquentis.
3391 2994 3498 3071 Iste
3538 2996 3790 3068 psalmus
3840 2995 3886 3071 in

2364 3065 2594 3141 persona
2628 3068 2834 3141 Christi
2876 3065 3147 3125 cantatur'
3177 3084 3272 3140 per
3327 3065 3687 3140 prophetam,
3742 3074 3796 3122 et
3838 3065 3885 3120 in

2211 3125 2257 3189 C
2362 3125 2595 3213 persona
2625 3140 2906 3197 Ecclesiae.

2360 3234 2492 3293 Coeli
2517 3243 2761 3291 enarrant
2802 3235 3023 3308 gloriam
3053 3234 3174 3306 Dei,
3203 3244 3312 3293 etc.
3357 3234 3444 3292 Ex
3466 3234 3742 3293 creaturis
3766 3247 3889 3289 eon-

2290 3337 2582 3401 sequenter
2607 3327 2845 3383 Creator
2873 3326 3207 3399 agnoscitur.
3239 3327 3412 3383 Aliter
3441 3344 3453 3382 :
3489 3327 3625 3383 Caeli
3653 3331 3887 3383 enarrant
3990 3340 3991 3401 ἐ

2288 3421 2514 3496 gloriam
2540 3421 2678 3479 Dei:
2707 3422 2874 3479 Terra
2907 3437 3014 3478 non
3042 3430 3223 3494 potest
3251 3437 3536 3479 enarrare.
3577 3418 3884 3479 Secundum
3990 3436 3991 3496 ἦ

2292 3513 2575 3570 historiam
2609 3515 2807 3572 cmlum
2839 3524 2894 3572 et
2916 3522 3064 3572 terra
3088 3531 3211 3572 cum
3234 3516 3454 3573 cmteris
3484 3515 3755 3572 creaturis
3782 3511 3885 3569 suis
3990 3586 3991 3595 χ

2289 3605 2518 3677 gloriam
2560 3607 2655 3663 Dei
2695 3616 2948 3675 narrant,
2980 3615 3040 3662 ut
3082 3609 3163 3663 ait
3207 3607 3408 3664 Paulus
3449 3625 3464 3666 :
3509 3608 3615 3664 Per
3660 3622 3729 3664 ea
3777 3618 3887 3676 qua:

2290 3697 2597 3765 lactasunt,
2631 3697 2901 3754 intellecta
2930 3699 3344 3769 conspiciuntur
3364 3700 3545 3771 (Rom.
3574 3699 3644 3772 t):
3696 3694 3763 3755 id
3789 3704 3885 3761 est,
3990 3694 3991 3759 ξ

2290 3791 2358 3848 ab
2403 3791 2835 3862 intelligentihus
2880 3790 3157 3847 intellecta
3200 3790 3636 3861 conspiciuntur.
3681 3789 3885 3848 Caelum

2293 3887 2416 3951 hoc,
2447 3894 2531 3941 est
2577 3886 3008 3940 lirmamentum.
3034 3882 3192 3939 Unde
3215 3882 3358 3938 dixit
3385 3900 3400 3939 :
3435 3883 3506 3939 Et
3538 3886 3730 3955 posuit
3758 3883 3884 3939 Deus

2291 3980 2691 4036 ﬁrmamentum
2722 3978 2863 4034 inter
2893 3975 3132 4033 medium
3158 3990 3445 4049 aquarum,
3469 3976 3521 4031 id
3551 3986 3662 4045 est,
3695 3975 3883 4035 cmlum

2291 4074 2502 4147 (Genes.
2534 4072 2601 4145 ι).
2622 4071 2798 4129 Aliter
2827 4072 3134 4129 secundum
3165 4084 3387 4128 sensum
3413 4084 3431 4129 :
3453 4068 3590 4128 (Σωιί
3621 4068 3878 4143 apostoli,

2290 4177 2345 4222 et
2372 4165 2515 4239 quod
2543 4174 2629 4222 est
2650 4166 2848 4239 gloria,
2877 4165 2981 4222 hoc
3012 4174 3119 4232 est,
3151 4180 3292 4237 upus
3327 4183 3341 4221 :
3374 4173 3434 4222 et
3456 4165 3604 4238 quod
3645 4174 3736 4222 est
3764 4178 3881 4220 nar-

2290 4269 2437 4329 rant,
2484 4260 2593 4318 hoc
2620 4269 2706 4317 est
2746 4260 3077 4317 annuntiant
3112 4273 3127 4314 :
3160 4261 3285 4331 quia
3315 4258 3618 4331 pradicant
3658 4255 3881 4330 gloriam

2292 4353 2409 4409 Dei.
2444 4353 2514 4409 Et
2538 4361 2600 4409 ut
2628 4352 2873 4410 sciamus
2898 4352 3023 4425 quia
3054 4352 3158 4409 hoc
3203 4360 3289 4408 est
3318 4352 3725 4408 ﬁrmamentum
3753 4342 3880 4421 quod

2293 4453 2349 4503 et
2373 4447 2571 4504 emtum
2600 4446 2732 4502 dicit
2761 4447 2814 4502 in
2844 4445 3045 4503 Genesi
3071 4464 3083 4500 :
3119 4445 3187 4501 Et
3209 4445 3510 4516 appellavit
3537 4443 3686 4501 Deus
3709 4441 3879 4497 ﬁrma-

2294 4552 2536 4600 mentum
2568 4542 2789 4600 caelum.
2839 4543 3189 4617 Annuntiant.
3223 4540 3381 4598 Unde
3428 4550 3485 4598 et
3513 4540 3781 4598 Dominus
3818 4529 3877 4589 ad

2294 4636 2592 4710 discipulos
2617 4655 2631 4693 :
2670 4637 2867 4695 Omnia
2895 4651 3253 4710 qumeumque
3283 4636 3466 4694 audivi
3493 4652 3521 4693 a
3548 4636 3712 4693 Patre
3738 4643 3870 4696 meo;

2294 4730 2614 4787 annuntiavi
2644 4730 2802 4786 vobis
2833 4728 3017 4803 (Joan.
3049 4729 3172 4803 xv).

2370 4821 2494 4878 Dies
2515 4822 2619 4877 diei
2641 4830 2845 4877 eructat
2871 4821 3103 4891 verbum,
3131 4832 3179 4879 et
3200 4838 3304 4879 nox
3330 4823 3467 4878 nocti
3494 4821 3694 4878 indicat
3721 4817 3873 4875 scien-

2297 4913 2443 4968 tiam.
2463 4913 2624 4969 Paria
2648 4914 2867 4985 paribus
2884 4915 3090 4984 retulit,
3107 4914 3255 4987 quod
3279 4930 3345 4971 ex
3362 4915 3557 4972 ordine
3580 4919 3870 4984 temporum

2296 5005 2363 5061 ad
2396 5006 2487 5063 Dei
2505 5006 2678 5079 magis
2701 5007 2947 5064 notitiam
2981 5010 3387 5079 perveniamus.
3414 5007 3536 5064 Dies
3557 5007 3663 5063 diei
3688 5006 3871 5061 eructat

2294 5098 2520 5169 verbum,
2549 5108 2599 5156 et
2627 5115 2732 5156 nox
2751 5102 2889 5157 nocti
2914 5101 3113 5156 indicat
3141 5102 3428 5158 scientiam.
3449 5100 3576 5156 Dies
3600 5098 3871 5155 hesternus

2294 5190 2438 5247 diem
2494 5191 2819 5248 hodiernum
2867 5192 3249 5262 annuutiavit,
3312 5202 3367 5249 et
3414 5191 3710 5248 hodiernus
3763 5180 3867 5240 ἀίεε

2294 5286 2593 5342 crastinum
2619 5285 2787 5343 diem.
2819 5285 3131 5343 Secundum
3157 5299 3412 5343 sensum:
3442 5286 3580 5354 dies,
3608 5277 3863 5340 Christus.

2298 5380 2368 5436 Et
2397 5379 2576 5448 aliter,
2609 5377 2749 5451 dies,
2767 5379 3027 5451 apostoli.
3049 5378 3335 5449 Quomodo
3358 5377 3609 5436 Christus
3632 5376 3744 5431 dies
3771 5373 3861 5429 est.

2297 5470 2440 5527 sicut
2466 5470 2637 5528 dicit:
2667 5472 2779 5543 Ego
2808 5485 2929 5528 sum
2959 5470 3051 5527 lux
3084 5470 3272 5527 mundi
3313 5469 3497 5544 (Joan.
3531 5465 3682 5540 vni):
3721 5462 3794 5518 sic
3816 5461 3863 5510 el

2296 5564 2528 5636 apostoli
2571 5563 2689 5622 dies
2734 5573 2881 5634 sunt,
2912 5564 3054 5621 sicut
3091 5563 3168 5620 ait
3207 5579 3223 5620 :
3271 5564 3380 5622 Vos
3405 5565 3536 5621 estis
3576 5562 3665 5619 lus
3695 5546 3861 5615 mundi

2298 5654 2522 5728 (Matth.
2555 5655 2635 5730 v).
2679 5656 2752 5713 Et
2797 5671 2939 5715 unus
2982 5655 3123 5726 dies,
3172 5656 3460 5714 duodecim
3493 5655 3656 5712 horas
3694 5644 3856 5705 habet.

2296 5746 2456 5807 Unde
2486 5750 2605 5824 ipse
2633 5750 2898 5809 Dominus
2926 5748 2982 5807 in
3006 5748 3299 5822 Evangelia
3328 5748 3465 5808 dixit
3489 5765 3500 5802 :
3526 5747 3711 5805 Nonne
3735 5737 3856 5796 duo-
