4034 6306
579 224 690 283 875

1366 219 1725 280 APPENDIX
1762 218 1855 277 AD
1891 212 2135 275 TOUUM
2175 209 2530 272 SEPTIIIUM
2571 214 2632 275 S.
2676 214 3075 277 HIERONYMI.

3774 215 3883 275 ετε

578 354 689 394 uno
719 344 937 408 peccato
969 335 1092 392 fecit
1118 336 1222 393 sibi
1245 334 1356 392 duo
1382 338 1584 409 judicia
1616 337 1884 405 diabolus,
1917 331 2172 403 utdupli-
2198 327 2253 389 Α
2276 333 2344 387 de
2387 330 2641 403 passione
2670 334 2841 402 dixit,
2893 332 3056 389 modo
3092 332 3162 391 de
3206 329 3605 389 resurrectione
3629 373 3645 397 ,
3699 338 3757 385 et
3794 348 3881 385 as-

579 433 718 489 citer
737 430 1098 501 judicaretur,
1130 431 1259 501 quia
1283 440 1337 486 et
1366 447 1428 487 se
1448 442 1501 487 et
1532 432 1701 486 alium
1732 428 1956 485 occidit.

652 525 713 579 Si
739 524 837 578 mei
860 540 963 579 non
982 524 1173 593 fuerint
1202 523 1458 579 dominati
1478 566 1493 590 ,
1519 532 1640 578 tunc
1665 522 2033 578 immaculatus
2062 537 2173 577 ero.

579 616 636 673 Si
662 616 762 670 ista
791 622 1015 684 peccata
1043 631 1154 670 non
1182 615 1377 671 iuerint
1406 614 1541 670 mihi
1577 614 1880 682 dominata,
1929 622 2059 670 tunc
2077 628 2176 671 ero

577 705 980 763 immaculatus.
1034 704 1102 765 Ει
1137 706 1458 762 emundabor
1484 723 1517 761 a
1568 706 1759 761 delicto
1810 706 2041 760 maximo
2069 746 2085 772 ,
2120 704 2176 760 id

572 811 659 860 est
688 844 704 869 ,
733 818 766 858 a
805 802 1105 875 superbia;
1134 802 1262 873 quia
1302 802 1560 873 superbia
1613 801 1832 857 initium
1882 809 1967 858 est
1998 798 2178 857 omnis

576 896 807 966 peccati.

649 987 717 1043 Et
744 996 893 1042 erunt
923 996 977 1042 ut
1008 986 1359 1059 complaceant
1383 986 1588 1057 eloquia
1618 986 1725 1041 oris
1752 985 1870 1041 mei.
1902 985 2053 1041 Tunc
2080 985 2177 1041 tibi

575 1082 866 1154 placebunt
900 1080 1116 1153 eloquia
1160 1097 1301 1138 mea.
1357 1079 1423 1135 Et
1462 1079 1730 1135 meditatio
1769 1080 1940 1135 cordis
1984 1080 2085 1134 mei
2122 1080 2178 1134 in

580 1184 852 1244 conspectu
876 1182 964 1229 tuo
994 1190 1215 1246 semper,
1259 1173 1312 1229 id
1336 1182 1422 1230 est
1441 1215 1455 1241 ,
1484 1173 1555 1230 de
1590 1172 1969 1229 recordatione
2000 1171 2179 1227 humi-

580 1265 766 1321 litatis.

642 1358 885 1423 Domine,
915 1358 1127 1430 adjutor
1153 1374 1296 1412 meus
1341 1368 1389 1412 et
1410 1357 1699 1430 redemptor
1736 1374 1901 1413 meus.
1953 1356 2178 1427 Adjutor

574 1466 630 1504 tn
684 1448 1034 1507 tribulatione
1086 1450 1233 1506 etin
1283 1451 1722 1506 necessitatibus.
1775 1450 1841 1505 Et
1887 1452 2180 1523 redemptor

574 1557 717 1599 meus
750 1558 763 1595 :
793 1542 915 1612 quia
945 1550 1000 1597 tu
1033 1557 1121 1598 me
1157 1542 1437 1597 redemisti
1481 1544 1744 1615 sanguine
1775 1551 1867 1598 tuo
1913 1543 2174 1613 pretioso.

572 1632 655 1688 Tu
683 1648 742 1688 es
772 1632 991 1704 adjutor
1020 1634 1239 1691 humani
1262 1636 1482 1706 generis
1507 1655 1518 1690 :
1550 1651 1677 1692 cum
1712 1653 1811 1691 nos
1846 1636 1911 1690 ad
1943 1645 1994 1691 te
2024 1651 2179 1691 accc-

2277 427 2573 494 censione,
2604 435 2663 483 et
2709 426 3169 482 remuneratione.
3234 424 3366 480 Duas
3410 429 3536 477 sunt
3584 420 3879 492 petitiones

2274 518 2477 574 Christi
2510 535 2630 575 cum
2653 519 2786 574 dicit
2819 537 2831 574 :
2862 519 3134 575 Exaudiat
3162 527 3217 575 te
3246 518 3542 583 Dominus,
3568 525 3621 571 et
3651 516 3880 585 impleat

2277 624 2469 667 omnes
2501 612 2797 681 petitiones
2825 620 2964 665 tuas.
2995 610 3224 679 Quando
3251 609 3385 665 dixit
3409 608 3659 665 Christus
3693 610 3760 662 ad
3785 608 3881 663 Pa-

2283 714 2423 761 trem
2459 722 2471 758 :
2505 702 2755 760 Claritica
2788 719 2896 772 me,
2940 705 3123 775 Pater,
3156 704 3296 776 apud
3329 704 3673 776 temetipsum
3722 704 3881 759 clari-

2281 803 2412 864 tate,
2459 811 2619 868 quam
2661 796 2825 853 habui
2855 797 3170 869 priusquam
3207 798 3441 853 mundus
3487 797 3644 853 ﬁeret
3698 795 3876 867 (Joan.

2281 887 2438 960 xvtt).
2469 888 2538 944 Et
2579 889 2711 944 alibi
2742 907 2755 943 :
2790 889 2951 945 Pater
2977 901 3197 960 sancte,
3239 904 3396 946 serva
3428 904 3521 946 eos
3559 889 3612 943 in
3663 889 3881 945 nomine

2282 988 2375 1035 tuo
2396 993 2536 1049 quos
2561 978 2760 1036 dedisti
2792 980 2946 1045 mihi,
2972 991 3028 1034 ut
3054 980 3327 1051 quomodo
3350 995 3451 1036 nos
3476 996 3641 1036 unum
3671 994 3879 1044 sumus,

2280 1071 2361 1126 sic
2388 1081 2442 1126 et
2474 1071 2551 1126 illi
2598 1087 2763 1127 unum
2796 1071 2902 1127 sint
2934 1070 3233 1146 (Ibidem).
3268 1072 3425 1129 Nunc
3470 1073 3713 1144 cognovi,
3766 1088 3885 1143 quo-

2282 1161 2423 1215 niam
2445 1160 2646 1216 saluum
2669 1163 2790 1234 fecit
2816 1161 3074 1217 Dominus
3090 1161 3353 1218 Christum
3375 1179 3546 1218 suum.
3573 1162 3732 1218 Nunc
3759 1162 3883 1219 dicit

2283 1253 2545 1323 pt-Oplteta
2575 1253 2643 1309 ad
2687 1264 2898 1325 tempus
2927 1255 3144 1325 quando
3173 1255 3380 1326 accepit
3420 1255 3684 1325 Spiritum
3732 1270 3883 1311 sanc-

2281 1352 2417 1399 tum.
2444 1343 2596 1400 Tunc
2616 1346 2893 1417 cognovit,
2916 1345 3060 1419 quod
3085 1346 3322 1403 salvaret
3342 1346 3482 1403 Deus
3503 1346 3666 1403 Pater
3690 1347 3882 1403 Filium

2282 1448 2462 1492 suum.

2356 1525 2424 1582 Et
2453 1529 2693 1583 exaudiet
2733 1528 2887 1584 illum
2925 1528 2988 1583 de
3024 1528 3154 1584 caelo
3189 1537 3368 1584 sancto
3404 1545 3499 1583 suo
3524 1544 3546 1584 :
3574 1528 3627 1584 id
3667 1537 3774 1592 est,
3818 1530 3884 1585 de

2281 1621 2575 1692 semetipso
2594 1631 2649 1678 et
2672 1621 2741 1678 de
2761 1634 2947 1678 sancta
2972 1621 3237 1678 Ecclesia.
3263 1621 3329 1677 In
3374 1621 3723 1694 potentatibus
3746 1620 3881 1676 salus

571 1722 703 1780 dere
732 1723 882 1780 facis.
921 1725 1003 1781 Tu
1033 1741 1093 1782 es
1126 1726 1441 1796 redemptor
1471 1745 1485 1782 :
1518 1728 1643 1797 quia
1676 1744 1775 1783 nos
1808 1739 1893 1782 tua
1923 1729 2169 1797 passione

2282 1713 2508 1769 dextera:
2539 1715 2669 1785 ejus.
2718 1714 3092 1770 Petentatibus
3123 1723 3324 1771 sancta:
3356 1714 3617 1771 Ecclesia:
3648 1730 3663 1769 :
3693 1714 3883 1785 quibus

569 1830 635 1870 ac
664 1816 1066 1872 resurrectione
1097 1817 1167 1872 ab
1196 1817 1422 1879 interitu
1454 1818 1767 1885 redemisti,
1794 1820 1886 1891 qui
1917 1836 2015 1875 nos
2038 1820 2175 1891 jngi-

577 1917 657 1964 ter
694 1909 747 1964 in
780 1911 899 1980 lege
940 1917 1032 1965 tua
1063 1910 1375 1982 gradientes
1417 1912 1701 1969 custodire
1731 1912 1971 1984 digneris
2004 1931 2017 1967 :
2054 1915 2178 1980 quia

572 2000 667 2057 tibi
698 2009 782 2056 est
812 2015 932 2056 cum
966 2012 1173 2058 aeterno
1214 2003 1376 2061 Patre
1409 2012 1466 2060 et
1508 2004 1717 2073 Spiritu
1771 2014 1963 2060 saneto
2001 2005 2179 2061 honor

569 2099 625 2147 et
645 2091 816 2164 gloria
840 2091 895 2150 in
920 2094 1116 2150 saecula
1147 2094 1495 2151 saeculorum.
1521 2094 1718 2151 Amen.

1130 2230 1448 2288 PSALMUS
1478 2228 1623 2287 XIX.

574 2337 639 2393 In
668 2341 842 2408 linem,
874 2341 1105 2426 psalmus
1137 2340 1323 2426 David.
1353 2342 1515 2426 istum
1536 2343 1802 2426 psainlum
1830 2346 2087 2426 propheta
2121 2346 2172 2400 in

647 2426 875 2484 persona
888 2412 1155 2484 Ecclesiae
1175 2413 1404 2484 canitde
1425 2412 1661 2469 Christo.
1682 2412 2019 2472 Przevidebat
2048 2433 2175 2484 pro-

646 2483 808 2562 pheta
845 2482 1114 2562 Christum
1150 2482 1679 2562 ad_re_detnptionet_n
1715 2496 1950 2562 nostram
1987 2482 2171 2562 tamira

644 2553 697 2606 in
724 2566 924 2619 carne,
952 2560 1008 2608 et
1038 2567 1136 2623 pro
1167 2553 1401 2610 inimicis
1426 2570 1605 2612 orare.
1638 2556 1768 2613 lude
1792 2556 1955 2615 dixit:
1990 2557 2171 2614 Exau-

644 2623 751 2676 diat
763 2664 774 2675 .

649 2736 912 2792 Exaudiat
943 2748 990 2792 te
1018 2735 1278 2795 Dominus
1303 2740 1358 2794 in
1380 2740 1463 2794 die
1487 2742 1857 2798 tribulationis.
1889 2741 1952 2797 In
1977 2744 2061 2799 die
2082 2745 2175 2799 tri-

571 2829 871 2896 bulationis,
897 2846 993 2901 pro
1020 2842 1172 2901 parte
1205 2833 1389 2888 carnis
1420 2832 1578 2889 dixit.
1610 2834 1835 2901 Quidam
1860 2836 2003 2892 hunc
2031 2839 2174 2908 psal-

570 2937 716 2975 mum
745 2920 950 2976 dictum
976 2932 1167 2992 putant
1198 2939 1264 2979 ex
1295 2939 1427 2980 voce
1452 2926 1635 2998 populi
1670 2927 1738 2983 ad
1773 2929 2049 2986 Christum
2090 2931 2172 2986 lo-

566 3016 805 3084 quentis,
840 3024 896 3069 ut
924 3014 992 3070 ad
1018 3031 1204 3087 regem
1235 3018 1434 3087 pariter
1460 3029 1514 3074 et
1551 3021 1912 3078 sacerdotem.

2281 1808 2428 1864 salus
2459 1808 2597 1864 facta
2624 1818 2705 1864 est
2736 1826 2835 1880 per
2857 1810 3130 1867 Christum
3162 1809 3253 1878 qui
3283 1821 3367 1868 est
3394 1812 3624 1868 dextera
3655 1810 3800 1882 ejus,
3831 1810 3879 1865 id

2280 1913 2363 1959 est
2385 1903 2481 1959 Dei
2512 1903 2705 1971 l’atris,
2729 1904 2853 1975 quia
2879 1903 3042 1959 habet
3060 1904 3309 1964 Ecclesia
3331 1907 3532 1978 ligandi
3555 1917 3612 1962 et
3635 1907 3879 1963 solvendi

2280 2005 2635 2068 potestatem,
2682 2008 2736 2053 et
2774 1998 3116 2069 disciplinam
3165 2000 3418 2057 laelendi.
3470 1999 3539 2057 Et
3570 2000 3876 2055 Domlnus:

2281 2089 2422 2145 Ecce
2447 2088 2570 2143 dedi
2599 2089 2753 2146 vobis
2776 2097 3102 2160 potestatem
3129 2092 3346 2149 calcare
3374 2107 3541 2163 super
3577 2102 3877 2165 serpentes,

2278 2188 2333 2237 et
2363 2181 2597 2237 virtutes
2627 2197 2818 2237 omnes
2847 2182 3053 2239 inimici
3086 2181 3244 2256 (Luc.
3269 2186 3353 2255 ι).
3389 2185 3545 2241 Unde
3575 2185 3777 2241 Paulus
3802 2186 3875 2241 di-

2279 2272 2349 2328 cit
2378 2288 2391 2325 :
2417 2271 2555 2341 Quid
2579 2272 2781 2328 vultis?
2807 2272 2869 2328 In
2895 2275 3045 2343 virga
3074 2277 3287 2331 veniam
3314 2275 3381 2331 ad
3404 2291 3521 2345 vos,
3556 2292 3628 2333 an
3659 2278 3713 2332 itt
3753 2277 3879 2332 cha-

2279 2362 2440 2420 ritatc
2469 2362 2524 2437 (1
2546 2362 2667 2420 Cor.
2694 2364 2813 2435 tv)?
2844 2362 2909 2419 In
2943 2367 3290 2436 potentatibus
3318 2369 3460 2423 salus
3488 2369 3723 2425 dextera:
3752 2372 3877 2442 ejus.

2277 2454 2336 2511 ιιι
2363 2454 2454 2509 ill-1
2489 2456 2726 2525 potentia
2752 2473 2858 2526 qua
2884 2458 3061 2513 victor
3087 2460 3156 2514 ab
3183 2460 3370 2516 inieris
3393 2464 3720 2519 resurrexit.

2349 2548 2426 2603 Hi
2452 2550 2505 2604 in
2533 2550 2793 2615 curribus,
2822 2560 2868 2605 et
2896 2552 2950 2606 hi
2974 2554 3025 2608 in
3046 2555 3214 2625 equis.
3240 2556 3444 2612 Currns
3470 2569 3522 2613 et
3547 2572 3730 2629 equus
3748 2572 3885 2612 sem-

2279 2657 2374 2711 per
2406 2641 2459 2696 in
2491 2641 2738 2713 Egyptiis
2764 2656 3082 2714 arguuntur.
3120 2646 3225 2701 Alii
3246 2647 3470 2705 credant
3518 2649 3687 2706 idolis
3725 2658 3881 2720 atque

2277 2732 2590 2801 dmutoniis;
2615 2750 2715 2791 nos
2741 2736 3080 2792 conﬁdamus
3111 2739 3162 2793 in
3193 2738 3428 2795 Christo.
3456 2739 3553 2796 Vel
3576 2742 3780 2798 aliter:
3813 2741 3878 2795 Ili

2277 2827 2330 2881 in
2351 2828 2608 2895 curribus,
2632 2836 2679 2883 rt
2699 2828 2755 2883 hi
2781 2829 2835 2884 in
2859 2832 3026 2902 equis.
3043 2830 3149 2887 Per
3167 2846 3382 2899 currus,
3404 2833 3661 2905 voluptas
3677 2835 3873 2901 mundi,

2276 2920 2394 2978 sive
2442 2922 2838 2979 mundanorum
2896 2925 3137 2979 omnium
3191 2926 3457 2997 cupidizas
3508 2927 3871 3000 designatur;

2274 3015 2402 3085 quia
2418 3016 2571 3086 quasi
2605 3026 2760 3085 rotae,
2783 3031 2903 3087 qttze
2923 3016 3208 3073 instabiles
3231 3029 3378 3085 sunt,
3396 3019 3585 3089 sieipsi
3622 3020 3678 3074 in
3704 3029 3874 3074 mente

643 3105 821 3161 Mittat
855 3106 947 3160 tibi
977 3085 1246 3163 auxilium
1276 3108 1569 3174 desaltato.
1606 3112 1707 3181 Qui
1751 3114 1980 3170 formam
2029 3116 2169 3172 servi

2281 3107 2385 3163 huc
2410 3085 2643 3179 illucque
2669 3085 3007 3166 discurrunt.
3062 3111 3169 3167 Per
3197 3126 3389 3182 equos,
3415 3085 3666 3183 superbi,
3700 3125 3753 3170 et
3780 3112 3871 3183 ipsi

568 3205 874 3269 acceperat,
910 3208 1059 3254 recte
1085 3200 1132 3255 ci
1164 3202 1320 3271 quasi
1372 3203 1576 3259 homini
1628 3204 1965 3275 imprecatur
2021 3209 2173 3264 auxi-

567 3291 719 3345 lium.
769 3289 940 3346 Mittat
968 3291 1057 3346 tibi
1080 3292 1330 3347 auxilium
1360 3293 1421 3349 de
1468 3306 1685 3351 sancto:
1716 3297 1817 3352 hoc
1840 3309 1955 3368 est,
1987 3300 2055 3355 de
2080 3316 2174 3357 sc-

570 3385 802 3454 tnetipso
822 3426 836 3450 ,
857 3385 982 3454 quia
1028 3385 1115 3439 illa
1148 3385 1407 3442 divinitas
1434 3387 1655 3456 in.ips.o
1679 3404 1910 3460 corpore
1938 3406 2074 3447 erat.
2104 3393 2173 3448 Et

566 3477 629 3530 de
661 3478 789 3533 Sion
818 3477 1060 3548 suscipiat
1087 3486 1133 3532 te
1154 3493 1173 3530 :
1209 3478 1318 3534 lloc
1351 3487 1455 3545 est,
1496 3480 1564 3536 de
1596 3480 1840 3537 Ecclesia
1874 3483 1988 3552 ipsa
2010 3482 2168 3553 Sion,

569 3583 688 3638 quae
713 3577 766 3622 ct
787 3566 1028 3622 Ecclesia
1055 3608 1070 3631 ,
1096 3576 1152 3623 et
1177 3569 1291 3639 ipse
1322 3577 1407 3624 est
1429 3570 1481 3624 in
1515 3571 1777 3627 Ecclesia.

639 3659 837 3713 Memor
863 3658 927 3712 sit
972 3656 1224 3712 Dominus
1256 3660 1420 3714 omnis
1444 3663 1688 3731 sacriﬁcii
1715 3666 1810 3720 tui.
1848 3665 1953 3719 Hoc
1980 3678 2084 3734 cst,
2118 3678 2177 3726 ut.

568 3752 804 3831 redimat
835 3765 929 3822 per
959 3753 1265 3821 passionem
1297 3768 1470 3808 suatn.
1500 3758 1633 3824 Quia
1664 3754 1914 3814 Christus
1946 3760 2061 3827 ipse
2092 3772 2176 3818 est

566 3861 687 3911 rex,
727 3855 782 3899 et
821 3843 1097 3910 sacerdos,
1130 3855 1183 3898 ct
1224 3843 1445 3902 hostia:
1486 3848 1610 3917 quia
1666 3850 2022 3922 semetipsum
2079 3855 2176 3910 ob-

568 3934 688 3988 tulit
719 3934 772 3987 in
816 3934 1071 4002 passione
1096 3975 1111 4000 ,
1162 3936 1289 4005 quia
1330 3952 1428 4007 pro
1459 3938 1615 3994 nobis
1660 3942 1974 4011 sanguinem
2016 3959 2175 4001 suum

566 4024 736 4080 dedit.
776 4023 1151 4080 Holocanstum
1182 4037 1326 4082 tuum
1352 4032 1541 4103 pingue
1560 4034 1678 4102 ﬁat,
1710 4034 1759 4089 id
1790 4048 1896 4101 εει,
1928 4048 2177 4108 acrepta-

568 4119 677 4175 bile
705 4118 768 4174 sit
799 4118 929 4174 Deo.
948 4119 1330 4177 ilolocaustum
1351 4132 1434 4177 cst
1456 4134 1624 4181 totum
1643 4128 1981 4184 combustum
2011 4149 2024 4185 :
2049 4133 2179 4202 quia

567 4209 831 4267 Christus
870 4226 992 4266 cum
1025 4227 1259 4283 corpore
1285 4224 1340 4269 et
1370 4215 1548 4272 anima
1579 4220 1897 4276 ascenditin
1929 4238 2173 4281 crucem.

567 4305 770 4359 Omnes
820 4304 1077 4359 victimae
1104 4314 1241 4371 tum,
1291 4307 1620 4365 sacriﬁcium
1660 4311 1858 4368 (Lhristi
1899 4324 2019 4379 est.
2061 4318 2175 4374 sive

565 4395 709 4468 quod
744 4395 793 4450 ei
822 4410 1013 4450 omnes
1037 4395 1315 4453 oderimus
1345 4398 1690 4470 deprecando
1716 4423 1728 4457 :
1759 4405 1874 4461 sive
1901 4408 2043 4477 quod
2072 4425 2172 4480 pro

564 4489 818 4544 omnibus
847 4505 1007 4544 suum
1039 4490 1155 4560 ipse
1181 4494 1499 4563 sanguinem
1525 4495 1684 4553 ludit.
1718 4499 1785 4555 Et
1812 4511 1895 4556 est
1931 4517 2125 4560 sensus
2152 4521 2165 4558 :

566 4582 646 4639 Ne
693 4583 915 4655 patiaris
954 4598 1282 4654 quemquam
1331 4589 1511 4658 perire
1541 4633 1556 4657 ,
1597 4608 1743 4650 cum.
1769 4609 1866 4663 pro
1911 4599 2167 4656 omnibus

565 4684 818 4731 mortuus
859 4675 965 4744 sis,
1011 4684 1066 4732 et
1113 4691 1327 4734 omnem
1369 4680 1700 4741 voluntatem
1749 4699 1891 4742 tuam
1946 4690 2168 4759 impleat

562 4767 744 4824 Pater.
776 4766 932 4824 Unde
958 4767 1033 4822 ait
1064 4786 1078 4823 :
1111 4768 1246 4825 Volo
1289 4781 1346 4826 ut
1378 4776 1652 4844 quomodo
1688 4794 1789 4850 ego
1816 4791 1872 4836 et
1909 4789 1965 4837 tu
1999 4800 2164 4844 unum

555 4877 767 4929 sumus,
798 4861 877 4915 sic
906 4872 960 4917 et
989 4861 1076 4917 isti
1106 4861 1159 4917 in
1185 4865 1346 4920 nobis
1376 4882 1541 4923 unum
1574 4871 1701 4926 sint.
1725 4872 1905 4945 (Joau.
1938 4879 2088 4951 χιιι).

636 4951 851 5007 Tribuat
888 4951 979 5005 tibi
1016 4951 1269 5009 Dominus
1311 4959 1591 5013 secundum
1630 4979 1716 5017 cor
1762 4973 1930 5033 tuum,
1961 4968 2015 5025 id
2053 4982 2157 5042 est,

563 5045 680 5101 sive
703 5060 803 5115 pro
827 5045 1163 5102 humanitate
1184 5049 1363 5104 carnis
1392 5049 1617 5123 Christi,
1667 5058 1782 5113 sive
1812 5076 1912 5129 pro
1934 5078 2162 5134 corpore

563 5152 684 5204 suo,
715 5138 815 5191 hoc
845 5146 951 5207 est,
976 5137 1242 5207 Ecclesia,
1275 5151 1331 5197 ut
1360 5145 1679 5204 exaudiatur
1706 5161 1877 5222 Optat.
1907 5156 1976 5212 Et
2013 5175 2162 5216 omne

557 5229 832 5284 consilium
861 5238 1008 5284 tuum
1032 5232 1395 5301 conﬁrmet:id
1415 5246 1519 5307 est,
1546 5243 1834 5300 consilium
1855 5246 2155 5310 Trinitatis.

630 5320 1023 5377 Ltetabimurin
1051 5323 1272 5379 salutari
1310 5335 1417 5382 tuo.
1453 5328 1567 5385 Vox
1604 5330 1864 5394 Ecclesia:
1895 5342 1985 5396 :in
2016 5344 2161 5400 salu-

559 5421 667 5468 tem
694 5428 856 5483 quam
877 5414 1074 5471 dedisti
1106 5418 1378 5487 patiendo.
1411 5422 1479 5477 Et
1504 5425 1558 5480 in
1584 5430 1789 5486 nomine
1820 5430 2029 5491 Domini
2055 5435 2158 5494 Dei

555 5504 720 5559 nostri
743 5507 1185 5576 magniﬁcabimur
1217 5530 1230 5568 :
1256 5512 1376 5570 Non
1404 5515 1457 5571 in
1485 5519 1658 5588 nobis,
1688 5524 1782 5579 sed
1810 5525 1864 5581 in
1893 5527 2008 5595 illo,
2034 5531 2155 5600 quia

559 5600 611 5653 in
635 5597 880 5688 Ecclesia
907 5599 962 5655 in
994 5610 1086 5656 tuo
1109 5618 1298 5662 sumus
1327 5612 1548 5668 nomine
1576 5622 1911 5688 congregati.

630 5684 855 5760 Impleat
881 5688 1130 5750 Dominus
1156 5712 1328 5754 omnes
1357 5702 1625 5771 petitiones
1841 5710 2017 5786 Usque
2048 5716 2153 5776 huc

2276 3210 2399 3256 sunt
2425 3201 2627 3270 cupidi.
2688 3201 2801 3257 Nos
2824 3213 2996 3258 autem
3022 3204 3077 3258 in
3107 3205 3312 3258 nomine
3347 3203 3556 3260 Domini
3584 3204 3693 3262 Dei
3722 3204 3876 3260 nostri

2273 3291 2620 3347 inuocabimus
2651 3309 2796 3347 :non
2829 3294 2882 3348 in
2913 3294 2997 3350 his
3021 3310 3185 3367 supra
3207 3296 3366 3353 dictis
3395 3336 3410 3363 ,
3441 3297 3537 3353 scd
3566 3297 3629 3355 in
3668 3296 3876 3354 nomine

2277 3380 2514 3436 Domini.

2347 3472 2374 3526 Ι
2382 3475 2462 3543 psi
2476 3473 2691 3545 obligati
2706 3486 2848 3542 sunt,
2869 3485 2915 3530 et
2930 3478 3227 3534 ceciderunt
3244 3496 3260 3535 :
3275 3480 3366 3552 qui
3386 3482 3638 3539 vitiorum
3663 3482 3869 3538 funibus

2276 3563 2424 3634 ligati
2452 3574 2579 3620 sunt
2603 3576 2656 3622 et
2685 3567 2740 3621 in
2763 3571 3045 3638 superiora
3071 3587 3182 3626 non
3209 3573 3393 3629 valent
3422 3576 3747 3641 ascendere,
3782 3572 3870 3629 sed

2275 3655 2475 3711 cadent
2513 3668 2571 3712 ut
2607 3658 2742 3714 illud
2774 3678 2785 3712 :
2824 3661 2885 3715 Et
2919 3663 3169 3719 abierunt
3205 3674 3532 3732 retrorsum,
3578 3681 3633 3725 et
3668 3669 3871 3725 cecide-

2276 3755 2401 3801 runt
2433 3745 2611 3817 (Joan.
2650 3751 2830 3820 xvrtt).
2877 3750 2991 3806 Nos
3016 3770 3132 3808 vero
3183 3760 3564 3815 resurreximus
3618 3771 3670 3817 et
3727 3760 3873 3815 erecti

2274 3854 2471 3895 sumus.
2525 3837 2921 3897 Resun'eximus
2964 3845 3033 3899 ab
3071 3844 3391 3905 inﬁdelitate
3432 3870 3442 3904 :
3496 3856 3656 3909 erecti
3705 3870 3869 3909 sumus

2277 3943 2374 4000 per
2395 3929 2555 3986 tidem
2590 3949 2601 3984 :
2627 3933 2751 4001 quia
2780 3932 3016 3991 tortuosi
3038 3935 3240 3992 luimus
3265 3939 3320 3993 in
3348 3946 3612 4008 peccatis.

2337 4017 2574 4087 Domine,
2592 4022 2791 4077 saluum
2819 4028 2905 4096 [ac
2931 4042 3099 4098 regem
3125 4044 3135 4079 :
3161 4037 3207 4082 et
3237 4031 3428 4086 exaudi
3454 4049 3548 4088 nos
3582 4036 3639 4090 in
3672 4039 3867 4107 dieque

2275 4112 2675 4170 invocaverintns
2708 4124 2776 4170 te.
2818 4117 3037 4173 Saluum
3065 4122 3147 4191 {ac
3188 4139 3356 4195 regem
3379 4140 3397 4177 :
3426 4124 3528 4181 hoc
3568 4139 3676 4194 est,
3725 4129 3863 4185 Chri-

2272 4211 2437 4271 stum,
2472 4219 2569 4273 pro
2592 4215 2743 4276 parte
2763 4210 2963 4267 carnis.
2996 4210 3062 4266 Et
3081 4213 3269 4267 exaudi
3297 4231 3409 4271 nos.
3435 4218 3609 4289 Rogat
3629 4220 3863 4277 Ecclesia

2274 4305 2335 4351 ut
2369 4298 2691 4356 exaudiatur
2730 4310 2975 4373 tempore
3019 4317 3346 4376 opportuno.
3389 4309 3631 4381 Domine,
3675 4316 3860 4369 satum

2274 4394 2359 4459 [ac
2388 4406 2577 4462 regem,
2611 4402 2657 4446 ef
2679 4394 2871 4450 exaudi
2901 4412 2994 4452 nos
3022 4399 3077 4453 in
3107 4399 3189 4454 die
3217 4418 3321 4472 qua
3359 4404 3766 4461 inuocaoerimns
3794 4416 3854 4459 te.

2274 4480 2330 4536 In
2362 4482 2592 4539 Hebraeo
2621 4486 2690 4540 ita
2722 4488 2980 4558 scriptum
3014 4500 3095 4546 est
3127 4510 3140 4545 :
3174 4489 3415 4559 Domine,
3441 4497 3639 4553 salvum
3670 4500 3753 4571 [ac
3780 4513 3853 4550 re-

2269 4590 2381 4647 gem
2416 4590 2435 4630 :
2461 4578 2549 4648 qui
2578 4580 2823 4633 exaudiat
2854 4596 2949 4636 nos
2989 4584 3045 4637 in
3075 4600 3395 4659 quacumque
3426 4589 3509 4644 die
3547 4588 3852 4646 invocaveri-

2269 4683 2382 4723 mus
2412 4678 2480 4723 te.

2831 4784 3149 4846 PSALMUS
3179 4790 3297 4846 XX.

2342 4890 2580 4963 Domine,
2599 4898 2649 4949 in
2670 4897 2977 4966 fortitudine
2995 4911 3081 4955 tua
3101 4902 3361 4961 (satiabitur
3379 4924 3488 4964 rex.
3519 4908 3620 4966 Iste
3638 4919 3717 4964 est
3739 4921 3841 4967 res.

2268 4985 2354 5039 (ui
2386 4987 2519 5040 etin
2541 4989 2804 5058 superiori
2861 4992 3067 5061 psalmo
3119 4997 3411 5053 secundum
3463 5000 3685 5055 furtum
3716 4992 3839 5052 servi

2264 5087 2453 5133 oratur
2472 5081 2640 5135 salus.
2681 5079 2932 5141 Christus
2953 5101 3047 5141 rex
3071 5102 3288 5159 regum,
3313 5101 3366 5147 et
3390 5092 3647 5148 Dominus
3675 5089 3834 5145 domi-

2265 5174 2532 5228 nantium.
2565 5173 2634 5230 Et
2657 5192 2816 5244 super
2837 5178 3060 5235 salutari
3087 5191 3176 5236 tuo
3200 5184 3475 5239 exsultabit
3495 5185 3793 5240 uehementer
3813 5190 3830 5234 .‘

2267 5264 2318 5319 id
2353 5274 2438 5319 est
2479 5268 2530 5320 itt
2555 5283 2621 5322 eo
2648 5269 2790 5339 quod
2823 5272 3040 5327 salvasti
3072 5275 3322 5333 homines
3351 5296 3364 5331 :
3394 5278 3560 5337 Filius
3609 5290 3726 5335 tuus
3750 5270 3829 5344 qui

2261 5355 2516 5412 Salvator
2546 5371 2653 5426 est,
2683 5364 2993 5420 exsultabit.

2331 5445 2661 5506 Desidet-iuni
2681 5455 2852 5510 cordis
2882 5461 2992 5530 ejus
3013 5458 3199 5514 dedisti
3222 5462 3269 5514 ei
3291 5478 3309 5515 :
3327 5471 3374 5516 et
3396 5463 3653 5518 voluntate
3678 5458 3823 5515 labio-

2257 5556 2371 5594 rum
2394 5542 2506 5612 ejus
2530 5560 2633 5598 non
2663 5546 2927 5615 fraudasti
2951 5566 3084 5605 eum.
3133 5549 3253 5607 Jam
3298 5554 3497 5623 quippe
3521 5571 3623 5611 non
3658 5562 3821 5607 sumus

2258 5632 2424 5699 servi,
2460 5635 2557 5690 sed
2587 5640 2767 5693 amici.
2801 5638 2955 5706 Quod
2986 5643 3195 5711 petivit,
3230 5644 3503 5713 expletum
3548 5657 3630 5702 est
3692 5644 3813 5710 ρυο·

2260 5725 2420 5783 modo
2450 5726 2570 5797 ipse
2598 5738 2655 5787 et
2679 5731 2839 5790 Pater
2863 5749 3030 5791 unum
3079 5746 3241 5807 sunt,
3277 5736 3356 5795 sic
3383 5747 3438 5795 et
3486 5754 3585 5797 nos
3613 5740 3661 5795 in
3714 5737 3818 5806 ipso
