4034 6312
312 296 421 352 877

1302 290 1731 350 BREVIARIUM
1769 289 1838 348 IN
1878 288 2215 350 PSALMOS.
2259 294 2506 352 PSALM.
2550 294 2672 352 XX.

3534 303 3640 357 ΠΒ

319 426 488 467 unum
514 426 737 466 sumus.
769 410 872 467 Vel
901 409 1056 466 aliter
1092 428 1103 462 :
1131 408 1466 465 Desiderium
1487 411 1677 465 animi:
1702 412 1817 482 ejus
1840 407 1931 461 tri-
1965 411 2018 471 Α
2041 414 2118 466 tui
2152 430 2162 465 :
2187 414 2243 469 in
2273 414 2469 471 bonam
2497 423 2702 484 partem
2724 454 2738 479 ,
2774 424 2831 469 ut
2856 416 3244 471 comburantur
3273 415 3484 471 illorum
3513 431 3640 485 pec-

327 505 486 561 buisti
514 505 588 560 ei.
621 503 974 561 Desideravit
1000 502 1167 559 Filius
1195 503 1291 560 Dei
1315 511 1375 558 ut
1403 502 1614 558 veniret
1640 516 1810 573 genus
1841 500 1942 556 hu-

330 613 551 657 manum
576 598 878 656 redimere.
906 597 1060 655 Unde
1097 598 1234 653 dixit
1261 617 1273 652 :
1306 597 1587 653 Desiderio
1636 595 1939 652 desideravi

332 691 442 750 hoc
464 691 665 764 pascha
694 692 1032 748 manducare
1053 689 1334 747 vobiscum
1356 732 1370 756 ,
1403 697 1693 761 antequam
1739 687 1943 742 moriar

339 785 499 856 (Luc.
526 783 692 855 nn).
720 782 789 838 Et
812 783 1075 838 uoluntate
1101 781 1358 837 labiorum
1404 783 1521 854 ejus
1550 797 1654 834 non
1683 777 1944 851 fraudosti

334 895 477 935 eum.
499 876 569 933 Et
588 877 694 932 hoc
724 884 810 931 est
830 874 1050 946 quando
1079 873 1344 931 Dominus
1362 872 1521 930 dixit:
1545 871 1739 928 Pacem
1764 885 1941 926 meam

330 970 410 1026 do
434 968 589 1024 vobis
620 986 633 1022 :
665 982 853 1037 pacem
877 981 1053 1023 meam
1082 967 1331 1037 relinquo
1350 965 1504 1022 vobis
1534 963 1716 1037 (Joan.
1736 964 1869 1032 xiv).

411 1061 670 1129 Quoniam
707 1060 996 1133 prterenisti
1032 1075 1150 1113 eum
1185 1059 1237 1112 in
1282 1055 1715 1111 benedictionibus
1766 1052 1943 1106 dulce-

328 1157 496 1212 dinis.
528 1154 644 1209 lloc
671 1164 755 1209 est
776 1168 806 1207 a
833 1156 1010 1222 longe,
1038 1152 1258 1224 quando
1284 1148 1642 1207 Melchisedec
1670 1144 1948 1202 benedixit

328 1244 610 1304 Abraham
638 1243 852 1317 (Cenes.
887 1242 1022 1315 xiv).
1060 1242 1128 1299 Et
1171 1241 1371 1298 deinde
1397 1249 1661 1311 quotquot
1692 1237 1943 1293 benedic-

328 1341 513 1398 tioues
538 1340 592 1395 in
613 1335 940 1408 patriarchis
971 1351 1143 1405 uSque
1163 1334 1232 1390 ad
1254 1333 1547 1390 adventum
1575 1330 1774 1387 Christi
1825 1327 1944 1383 lito-

326 1443 495 1498 rum,
525 1428 777 1488 Christus
798 1429 852 1485 in
882 1429 1013 1499 ipsis
1032 1426 1354 1484 benedictus
1381 1435 1483 1481 est.
1516 1424 1775 1490 Quoniam
1807 1435 1944 1493 prat-

321 1526 520 1582 uenisti
545 1537 707 1580 eum:
740 1523 841 1578 hoc
868 1530 1098 1578 estante
1123 1517 1386 1591 praevenit
1408 1531 1532 1573 eum
1580 1515 1636 1570 in
1686 1512 1947 1567 benedic-

325 1617 579 1675 tionibus
625 1613 928 1672 dulcedinis
954 1656 970 1681 ,
1011 1628 1173 1685 quam
1204 1627 1232 1664 a
1264 1610 1466 1667 Iudaeis
1513 1607 1586 1665 l'el
1635 1612 1945 1677 porrecturus

327 1718 609 1784 gustasset
639 1727 651 1762 :
678 1710 806 1779 quia
835 1714 994 1761 antea
1020 1720 1144 1760 eum
1176 1705 1292 1758 istae
1330 1701 1747 1757 bcuedictiones
1778 1709 1948 1751 vene-

2043 514 2182 559 cata.
2230 503 2383 561 Sicut
2433 505 2677 562 clibanus
2713 506 3045 563 intrinsecus
3092 506 3283 575 ardet,
3317 507 3395 564 sic
3426 507 3639 563 illorum

2045 598 2378 655 conscientia
2400 599 2731 656 intrinsecus
2763 599 2997 666 ardebit,
3025 616 3091 656 eo
3113 600 3256 671 quod
3270 601 3408 658 bona
3432 616 3538 657 non
3567 601 3642 656 le-

2042 697 2253 745 cerunt.
2281 687 2519 755 Domine,
2544 690 2597 748 in
2617 691 2696 745 ira
2717 692 3050 748 conturbabfs
3068 708 3173 747 eos.
3201 691 3269 746 Et
3293 693 3382 749 hic
3399 694 3643 748 clemen-

2050 784 2117 838 tia
2148 784 2240 841 Dei
2280 800 2384 841 non
2416 785 2591 857 punit,
2644 785 2737 841 sed
2792 787 2991 854 turbat,
3041 799 3099 841 ut
3144 786 3211 841 ad
3263 787 3636 859 pmnitentiam

2045 886 2451 933 convertantur.
2487 877 2761 934 Deuorabtt
2790 895 2878 934 eos
2922 880 3056 950 ignis
3087 920 3101 934 .
3146 896 3175 934 a
3199 880 3404 951 Spiritu
3449 890 3639 937 sancto

2048 967 2267 1024 illorum
2290 977 2533 1040 peccata.
2568 969 2859 1026 Devorahit
2890 970 3029 1043 ignis
3065 970 3119 1026 in
3164 981 3412 1044 tempore
3458 973 3642 1029 vultus

2049 1059 2142 1118 Dei
2175 1102 2190 1125 ,
2219 1075 2343 1117 cum
2380 1061 2593 1118 venerit
2608 1061 2856 1134 judicare
2900 1065 3180 1121 mundum.

2124 1153 2377 1210 Fructum
2402 1172 2582 1212 eorum
2611 1155 2676 1212 de
2703 1167 2841 1213 terra
2866 1159 3048 1230 perdes
3081 1175 3100 1214 :
3130 1158 3182 1214 id
3209 1169 3315 1228 est,
3340 1160 3489 1229 ipsos
3517 1175 3643 1228 pcr-

2048 1247 2165 1313 des,
2189 1248 2275 1303 vel
2307 1262 2475 1318 opera
2508 1252 2751 1318 ipsorum
2774 1251 2842 1307 de
2863 1260 3050 1307 Sancta
3082 1251 3350 1307 Ecclesia.
3389 1251 3454 1306 Et
3474 1269 3645 1306 come-

2048 1342 2133 1396 det
2164 1357 2251 1396 eos
2279 1342 2435 1414 ignis.
2462 1340 2569 1398 lstc
2602 1344 2742 1416 ignis
2769 1353 2852 1401 est
2883 1343 2950 1400 de
2971 1359 3080 1415 quo
3109 1344 3366 1399 Dominus
3390 1344 3444 1399 in
3469 1345 3642 1400 Evan-

2048 1434 2209 1503 gelia"
2242 1434 2318 1489 ait
2350 1452 2363 1488 :
2390 1434 2571 1507 Ignem
2601 1437 2728 1492 veni
2779 1438 2995 1494 mittere
3036 1437 3089 1493 in
3140 1443 3342 1493 terram
3367 1480 3383 1503 ,
3431 1446 3483 1493 et
3514 1437 3640 1505 quid

2049 1527 2176 1582 volo
2207 1527 2307 1583 nisi
2358 1539 2412 1582 ut
2460 1528 2649 1585 ardeat
2675 1529 2694 1599 (
2723 1528 2852 1586 Luc.
2886 1546 2960 1586 xtl
2983 1528 3003 1599 )
3026 1530 3048 1583 τ
3074 1530 3147 1585 De
3179 1529 3281 1583 hoc
3310 1529 3433 1599 igne
3459 1538 3512 1585 et
3536 1529 3645 1584 duo

2050 1619 2247 1688 quibus
2277 1619 2331 1676 in
2362 1620 2556 1677 itinere
2584 1622 2896 1693 Scripturas
2926 1620 3177 1679 Salvator
3220 1622 3466 1694 aperuit,
3495 1622 3645 1677 dice-

2051 1707 2185 1764 bant
2214 1727 2226 1762 :
2258 1709 2451 1766 Nonne
2479 1727 2577 1768 cor
2612 1724 2863 1769 nostrum
2897 1714 3097 1768 ardens
3126 1723 3245 1770 erat
3284 1717 3338 1769 in
3367 1717 3454 1770 via
3476 1756 3490 1781 ,
3522 1730 3643 1769 cum

310 1811 485 1859 'runt.
510 1800 759 1857 Gestavit
779 1807 835 1855 et
849 1794 1641 1867 noluitbibere(illattlt.xxvn).
1661 1788 1936 1852 Gustavit,
1974 1790 2014 1849 ll
2045 1802 2283 1869 aperiret
2307 1801 2464 1858 nobis
2490 1803 2813 1872 Scripturas
2835 1805 2854 1876 (
2878 1803 3016 1859 Ibid.
3050 1821 3177 1861 xxxv
3199 1804 3246 1875 )?
3271 1804 3337 1859 Et
3357 1822 3527 1861 semen
3555 1821 3646 1860 eo-

322 1895 463 1967 quia
491 1892 560 1949 de
585 1900 759 1947 morte
789 1901 979 1946 nostra
1016 1888 1275 1958 suscepit.
1319 1886 1502 1942 Noluit
1556 1884 1784 1939 bibere:
1821 1880 1945 1949 quia

323 1986 426 2044 die
456 1985 610 2041 tertia
633 1982 951 2039 resurrexit.
981 1980 1162 2035 Noluit
1189 1980 1378 2036 bibere
1402 1996 1414 2032 :
1437 1977 1541 2033 hoc
1564 1987 1671 2041 est,
1694 1990 1801 2031 non
1828 1987 1948 2043 pcr-

319 2077 533 2135 mansit
558 2077 613 2132 in
634 2085 832 2131 morte.
868 2071 1096 2128 Posuisti
1114 2088 1271 2144 super
1302 2081 1454 2143 caput
1472 2072 1587 2143 ejus
1613 2080 1857 2122 coronant
1884 2064 1949 2118 de

326 2169 513 2241 lapide
541 2171 786 2241 pretioso.
816 2165 1029 2223 Corona
1055 2166 1145 2220 Dei
1175 2182 1187 2217 :
1214 2163 1454 2219 Ecclesia
1483 2178 1548 2217 ex
1583 2159 1748 2214 variis
1778 2158 1949 2227 genti-

321 2263 444 2317 bus
493 2260 838 2332 congregatio
880 2268 983 2313 est.
1039 2258 1112 2311 De
1162 2272 1268 2328 qua
1318 2254 1514 2309 Paulus
1560 2251 1663 2305 sub
1704 2261 1935 2320 persona

320 2351 670 2410 credentium
695 2355 770 2407 ait
797 2370 810 2404 :
834 2349 1101 2407 Gaudium
1114 2358 1168 2404 et
1190 2361 1389 2404 corona
1418 2361 1532 2401 inca
1548 2342 1806 2415 (Philipp.
1843 2337 1944 2411 tv).

413 2443 581 2499 Vitam
615 2444 758 2513 petiit
785 2488 799 2514 ,
830 2452 879 2496 et
908 2442 1096 2498 dedisti
1126 2442 1193 2496 ei.
1231 2441 1299 2495 Ut
1331 2439 1496 2493 homo
1523 2443 1774 2491 mortuus
1809 2443 1895 2487 est
1921 2477 1935 2501 ,

321 2546 396 2594 ut.
418 2536 581 2591 homo
605 2535 904 2591 resurrexit
932 2552 944 2586 :
972 2535 1114 2589 Dens
1136 2534 1334 2604 quippe
1354 2530 1518 2586 vitam
1537 2530 1815 2600 postulare
1840 2541 1947 2581 nou

319 2631 528 2703 putuit.
553 2628 949 2701 Longitudinem
974 2628 1173 2682 dierum
1194 2628 1245 2681 in
1268 2626 1518 2681 saeuiunt
1544 2622 1741 2677 sa'cttli.
1780 2619 1948 2689 Impia

324 2736 609 2795 synagoga
640 2723 934 2778 conticeat.
954 2719 1087 2788 Quis
1114 2719 1391 2773 hominum
1422 2719 1554 2773 vivit
1574 2718 1629 2771 in
1660 2713 1944 2781 szeculum,

319 2824 391 2872 et
422 2814 478 2871 in
517 2814 771 2869 saeculum
803 2812 1033 2867 saeculi?
1084 2812 1248 2866 David
1289 2819 1343 2866 et
1387 2809 1644 2866 Salomon
1678 2822 1783 2861 non
1834 2820 1950 2860 am-

320 2908 475 2980 plius
500 2922 663 2979 quam
691 2904 1052 2978 quadragenis
1081 2907 1238 2959 annis
1277 2912 1666 2975 regnaverunt.

407 2998 599 3073 Magna
621 3010 695 3053 est
718 2997 888 3070 gloria
909 2999 1021 3070 ejus
1045 2997 1100 3051 in
1126 2997 1348 3051 salutari
1372 3005 1478 3051 tuo.
1534 2997 1818 3066 lmpletum
1857 3009 1943 3054 est

322 3092 477 3165 quod
503 3092 693 3164 ipsein
722 3089 1012 3163 Evangelia
1036 3089 1324 3161 postulavit
1354 3089 1566 3153 :Pater,
1587 3091 1822 3160 gloriﬁca
1854 3107 1942 3147 me

2049 1911 2165 1949 rum
2196 1911 2226 1948 a
2252 1894 2379 1964 ﬁliis
2402 1893 2690 1949 hominum.
2722 1895 2931 1961 Semen,
2965 1895 3019 1951 id
3046 1907 3151 1959 est,
3183 1895 3324 1952 lillos
3362 1899 3453 1968 qui
3474 1913 3645 1968 gene-

2050 1988 2151 2041 rati
2174 1995 2303 2041 suut
2327 1987 2378 2040 in
2412 1986 2550 2042 mala
2575 1987 2844 2044 doctrina.
2874 1988 2918 2042 Α
2947 1988 3075 2058 ﬁliis
3098 1990 3364 2044 hominum
3400 2008 3411 2041 :
3443 1989 3495 2045 id
3525 1998 3636 2054 est,

2051 2092 2078 2132 a
2112 2078 2393 2134 consortio
2423 2077 2690 2134 bonorum
2733 2078 2929 2147 perdes
2962 2080 3104 2134 illos.

2126 2169 2384 2238 Quoniam
2405 2169 2798 2225 declinaverunt
2822 2172 2875 2225 in
2905 2181 2951 2225 te
2976 2169 3135 2225 mala.
3178 2170 3351 2228 Judzei
3382 2172 3527 2243 quod
3551 2187 3644 2228 su-

2053 2276 2149 2333 per
2176 2276 2236 2318 se
2267 2276 2364 2330 per
2389 2260 2591 2330 juStam
2626 2260 2923 2317 vindicum
2958 2264 3206 2334 recipere
3231 2263 3563 2330 debuerant,
3593 2266 3645 2319 in

2050 2352 2326 2411 Christum
2374 2355 2832 2418 declinaverunt,
2886 2354 3104 2423 quando
3151 2353 3455 2419 dixerunt,
3503 2356 3647 2426 quod

2052 2444 2247 2517 dignus
2276 2456 2395 2502 erat
2418 2454 2613 2513 morte,
2639 2459 2693 2500 et
2718 2446 2939 2514 expedit
2960 2454 3017 2499 nt
3038 2461 3176 2499 unus
3194 2443 3459 2500 moriatur
3484 2462 3646 2516 quam

2053 2549 2110 2593 ut
2149 2548 2258 2593 tota
2303 2554 2435 2609 gens
2464 2548 2648 2608 pereat
2682 2537 2877 2612 (Joan.
2909 2555 2960 2593 st
2988 2537 3029 2611 ).
3079 2537 3444 2611 Cogitauerunt
3484 2540 3653 2593 consi-

2052 2629 2177 2683 lium
2204 2629 2341 2695 quod
2370 2647 2473 2684 non
2512 2640 2789 2702 potuerunt
2822 2631 3052 2685 stabilire
3081 2647 3100 2685 :
3130 2630 3347 2702 quando
3390 2630 3645 2687 dixerunt

2052 2718 2120 2774 ad
2150 2718 2381 2775 Pilatum
2416 2738 2430 2774 :
2467 2720 2717 2789 Domine,
2749 2722 3028 2777 recordati
3057 2740 3264 2788 smnus,
3284 2723 3429 2794 quod
3454 2725 3651 2779 seduc-

2056 2820 2141 2865 tor
2169 2811 2259 2866 ille
2286 2810 2423 2866 dixit
2452 2811 2631 2868 adhuc
2658 2813 2867 2875 vivens,
2891 2823 3018 2884 post
3042 2816 3189 2869 diem
3223 2817 3443 2872 tertium
3470 2833 3657 2872 resur-

2052 2914 2194 2974 gant.
2238 2903 2377 2958 Julie
2407 2919 2536 2974 ergo
2560 2904 2824 2959 custodiri
2859 2906 3173 2974 sepulcrum
3208 2923 3377 2979 usque
3406 2909 3473 2963 ad
3504 2910 3649 2964 diem

2057 2997 2298 3053 tertium.
2331 2995 2400 3051 At
2430 2996 2522 3052 ille
2563 3015 2576 3052 :
2613 2997 2833 3051 llabetis
2864 2998 3163 3053 custodiam
3203 3017 3216 3053 ε
3247 3000 3351 3066 ite,
3375 3002 3648 3058 custodite

2052 3090 2193 3145 sicut
2218 3089 2392 3146 scitis.
2430 3090 2493 3145 Et
2524 3100 2709 3160 postea
2742 3101 3039 3161 posuerunt
3072 3091 3283 3162 sigilla,
3314 3093 3408 3148 sed
3441 3096 3639 3149 mortui

327 3186 484 3259 apud
509 3186 854 3256 temetipsum
880 3183 1057 3254 (Joan.
1094 3200 1218 3250 xm,
1244 3186 1400 3253 xvn).
1444 3182 1639 3257 Magna
1663 3193 1737 3237 est
1772 3184 1941 3255 gloria
1968 3174 2015 3238 C
2049 3195 2238 3241 tenere
2279 3185 2555 3240 viventem
2588 3200 2695 3239 non
2731 3192 3023 3254 potuerunt
3048 3186 3066 3257 (
3095 3183 3248 3239 Matt.
3282 3201 3426 3241 xxvu
3448 3187 3493 3257 ).
3535 3187 3645 3241 lle-

322 3281 514 3353 ejusin
537 3280 756 3334 salutari
782 3289 902 3333 tuo:
929 3293 991 3333 ac
1012 3278 1059 3333 si
1086 3279 1258 3333 dicat:
1276 3277 1473 3351 Magna
1499 3287 1572 3331 est
1588 3278 1756 3351 gloria
1787 3279 1898 3348 ejus
1929 3313 1947 3350 ε

325 3388 587 3445 magnum
618 3380 704 3428 est
732 3370 1009 3427 hominem
1036 3378 1374 3440 assumptum
1405 3383 1528 3425 esse
1556 3369 1621 3422 ad
1651 3367 1929 3423 dexteram

324 3466 429 3524 Dei
459 3466 654 3523 Patris.
676 3464 913 3520 Gloriam
935 3474 982 3520 et
1011 3480 1255 3538 magnum
1276 3468 1511 3519 decorem
1535 3462 1767 3533 impones
1792 3478 1948 3533 super

325 3575 491 3625 eum;
521 3558 747 3630 gloriam
778 3557 1235 3621 resurrectionis;
1277 3555 1514 3609 decorem
1542 3594 1556 3617 ,
1619 3553 1838 3624 quando
1890 3554 1943 3609 in

325 3658 519 3707 monte
570 3648 909 3720 resplenduit
956 3648 1121 3703 facies
1165 3647 1286 3719 ejus
1311 3646 1450 3702 sicut
1488 3645 1612 3713 sol,
1664 3654 1719 3701 et
1772 3644 1942 3700 vesti-

327 3750 515 3798 menta
535 3739 656 3811 ejus
686 3738 826 3795 facta
843 3747 971 3794 sunt
996 3733 1116 3793 alba
1140 3739 1281 3793 sicut
1309 3738 1400 3792 nix
1432 3730 1617 3811 (Matt.
1646 3736 1804 3807 xm).

406 3831 667 3902 Quoniam
689 3831 838 3886 dabis
866 3831 911 3885 ei
943 3830 1349 3885 benedictionem
1374 3829 1428 3882 in
1457 3830 1702 3883 swculum
1725 3828 1903 3883 διωσαιί
1921 3843 1940 3882 :

324 3925 453 3996 quia
480 3923 662 3979 omnis
686 3931 938 3978 creatura
965 3922 1238 3976 benedicit
1267 3936 1415 3977 eum.
1445 3918 1759 3989 Lati/icabis
1821 3937 1938 3975 eunt

326 4019 386 4072 in
413 4017 611 4091 gaudio
632 4033 749 4070 cum
768 4016 913 4070 vultu
933 4023 1020 4069 tuo
1044 4031 1063 4069 :
1093 4015 1196 4071 hoc
1222 4023 1330 4079 est,
1360 4015 1466 4070 erit
1496 4021 1671 4069 tecum
1721 4029 1938 4085 semper

328 4110 386 4168 in
415 4111 592 4167 catis.
642 4108 956 4179 Lwtiﬁcabis
1000 4125 1116 4162 cum
1146 4109 1198 4161 in
1235 4108 1424 4179 gaudio
1469 4123 1584 4162 cum
1629 4108 1773 4162 uultu
1824 4118 1933 4163 tuo.

326 4203 485 4261 Tunc
502 4201 807 4258 lmiillcabis
826 4199 1023 4256 Filium
1044 4200 1094 4255 in
1116 4200 1312 4273 gaudio
1330 4241 1344 4266 ,
1376 4214 1497 4254 cum
1521 4200 1756 4254 adunata
1774 4200 1936 4255 fuerit

330 4296 422 4351 illa
451 4294 738 4351 multitudo
768 4302 1080 4349 sanctorum
1112 4334 1125 4358 ,
1158 4301 1214 4347 et
1241 4306 1497 4346 numerus
1544 4294 1829 4347 restitutus
1856 4290 1929 4346 ei.

331 4388 858 4446 GaudebitChristus
872 4402 970 4457 pro
981 4386 1290 4456 acquisiiis,
1306 4400 1402 4455 pro
1414 4388 1610 4456 quibus
1625 4400 1810 4457 passus
1824 4396 1925 4441 est.

408 4481 665 4548 Quoniam
695 4497 787 4536 rex
808 4487 983 4551 sperat
1013 4478 1065 4532 in
1098 4476 1322 4532 Domino
1353 4494 1372 4531 :
1402 4477 1703 4533 secundum
1733 4492 1928 4547 corpo-

2053 3278 2313 3344 surrexit,
2342 3277 2485 3350 quod
2516 3278 2591 3332 illi
2626 3293 2725 3333 nec
2757 3279 3047 3334 voluerunt
3074 3320 3086 3340 ,
3134 3293 3236 3334 nec
3264 3280 3642 3337 crediderunt.

2052 3369 2205 3428 Tunc
2232 3386 2337 3425 non
2373 3378 2670 3441 potuerunt
2701 3370 2951 3426 stabilire
2994 3370 3284 3426 consilium
3313 3371 3458 3443 quod
3489 3373 3645 3444 cogi-

2052 3468 2325 3517 laverunt.

2124 3553 2383 3620 Quoniam
2425 3572 2581 3628 pones
2622 3572 2705 3610 eos
2742 3554 2977 3609 dorsum.
3014 3556 3238 3611 Duobus
3268 3556 3460 3611 modis.
3502 3555 3644 3611 Dor-

2046 3662 2198 3709 sum,
2228 3646 2353 3716 quia
2387 3660 2609 3716 semper
2645 3655 2860 3701 terrena
2901 3645 3216 3703 desiderant
3251 3645 3481 3713 :aliter,
3518 3649 3643 3703 dor-

2045 3729 2195 3803 sum,
2228 3748 2285 3793 ut
2318 3748 2461 3794 retro
2487 3737 2683 3794 eadunt
2706 3782 2720 3807 ,
2766 3747 2859 3793 aut
2884 3739 3101 3809 quando
3134 3740 3427 3812 respiciunt
3470 3748 3638 3797 retro.

2044 3826 2112 3885 In
2140 3831 2370 3901 reliquiis
2408 3831 2507 3885 tuis
2551 3829 2877 3902 prwparabis
2914 3828 3112 3885 vultum
3151 3846 3345 3885 eorum.
3382 3830 3487 3885 Pro
3518 3834 3642 3887 reli-

2042 3924 2199 3992 quiis,
2232 3924 2282 3977 in
2315 3922 2541 3978 Hebraeo
2568 3923 2621 3975 in
2649 3922 2795 3977 bonis
2823 3923 3004 3978 habet.
3054 3922 3259 3979 Sensus
3308 3923 3489 3995 itaque
3534 3925 3639 3981 iste

2042 4014 2358 4069 contexitur
2389 4030 2403 4066 :
2433 4012 2515 4068 Ad
2563 4012 2973 4069 similitudinem
3022 4024 3337 4071 sanctorum
3369 4030 3505 4085 quos
3535 4016 3634 4073 tibi

2040 4105 2108 4159 de
2136 4104 2281 4159 omni
2316 4103 2449 4160 orbe
2476 4103 2732 4171 servasti,
2766 4103 2930 4159 etiam
2958 4119 3054 4160 eos
3075 4105 3165 4177 qui
3196 4108 3482 4164 tormentis
3507 4124 3634 4179 pur-

2038 4197 2144 4266 gati
2178 4205 2337 4265 sunt,
2373 4210 2496 4250 esse.
2523 4195 2724 4262 facias,
2759 4206 2816 4250 ut
2850 4196 3003 4266 juxta
3032 4200 3240 4252 vultum
3271 4207 3584 4254 sanctorum
3612 4244 3626 4269 ,

2037 4287 2218 4343 vultus
2247 4302 2464 4358 quoque
2491 4302 2615 4343 esse
2646 4289 2908 4357 itt0ipiunt
2937 4302 3283 4357 peccatorum
3319 4309 3332 4346 :
3368 4289 3474 4348 hoc
3503 4301 3621 4359 est,

2036 4386 2096 4433 ut
2125 4379 2256 4433 tales
2286 4378 2395 4431 sint
2437 4380 2528 4449 qui
2562 4389 2879 4446 peccatores
2928 4379 3185 4448 luerunt,
3236 4383 3430 4453 quales
3459 4393 3513 4438 et
3562 4382 3619 4438 bi

2034 4470 2124 4537 qui
2153 4469 2325 4523 sancti
2355 4480 2500 4523 sunt.
2540 4468 2633 4523 Vel
2664 4468 2827 4524 aliter
2856 4488 2867 4523 :
2904 4467 2970 4523 In
3018 4472 3245 4543 reliquiis
3274 4476 3381 4529 tuis
3420 4490 3629 4547 pratpa-

331 4575 414 4631 ris
442 4574 909 4644 dispensationem
946 4589 958 4623 :
994 4571 1076 4626 vel
1103 4573 1268 4626 homo
1296 4577 1608 4638 assumptus
1652 4570 1708 4623 in
1738 4568 1934 4623 divini-
1961 4562 2010 4621 D
2035 4561 2176 4615 fabis
2200 4559 2401 4615 υυιιιιηι
2428 4576 2610 4616 eorum
2650 4576 2668 4613 -'
2700 4562 2753 4616 id
2781 4572 2887 4628 681,
2917 4564 3214 4633 ριόρίιειειε
3233 4606 3249 4632 ,
3280 4580 3419 4637 quos
3444 4576 3631 4636 patres

334 4673 469 4722 tate.
501 4662 570 4718 Et
623 4665 678 4718 in
700 4663 1059 4718 misericordia
1099 4662 1354 4717 Altissimi
1382 4675 1487 4714 non
1512 4657 1926 4713 commovebitur.

332 4760 448 4818 Nec
462 4757 777 4814 humanitas
795 4756 942 4822 Filii,
966 4771 1068 4813 nec
1094 4755 1340 4812 Ecclesia
1361 4751 1655 4825 primitiva,
1681 4752 1735 4807 in
1769 4751 1927 4806 linem

333 4850 807 4909 commovebitur.
836 4848 1024 4920 Usque
1054 4849 1182 4915 huc,
1218 4845 1728 4919 propheta-locutus
1755 4855 1838 4899 est
1876 4847 1929 4898 in

334 4960 573 5017 persona
629 4942 892 4999 Ecclesiae
921 4942 988 4997 ad
1022 4943 1189 4996 Deum
1220 4939 1435 4994 Patrem
1478 4939 1548 4994 de
1592 4938 1932 4993 immanitate

332 5038 543 5094 Christi
576 5054 590 5090 :
624 5035 790 5091 modo
818 5035 1066 5105 loquitur
1090 5032 1158 5088 ad
1180 5031 1542 5088 divinitatem.
1570 5031 1726 5088 Unde
1756 5030 1889 5084 dixit
1914 5047 1927 5084 :

407 5130 717 5186 Inveniatur
765 5144 949 5182 manus
977 5136 1067 5182 tua
1106 5129 1341 5181 omnibus
1368 5125 1591 5181 inimicis
1629 5124 1750 5177 tuis.
1777 5122 1931 5176 Inve-

331 5225 493 5283 niant
525 5220 738 5278 inimici
765 5219 843 5274 tui
876 5226 1202 5289 potestatem
1230 5228 1399 5285 tuam,
1424 5226 1483 5273 ut
1504 5221 1852 5272 revertantur
1884 5212 1935 5266 in

331 5318 566 5375 bonum.
599 5311 853 5369 Inveniat
881 5319 1120 5380 potestas
1151 5309 1248 5365 Dei
1280 5309 1405 5364 illos
1429 5309 1523 5379 qui
1549 5307 1602 5361 in
1632 5304 1937 5361 humilitate

332 5410 638 5468 noluerunt
658 5403 936 5460 Christum
968 5401 1193 5458 credere
1220 5419 1231 5454 ε
1265 5399 1545 5456 inveniant
1587 5399 1713 5453 illos
1736 5398 1787 5451 in
1815 5399 1937 5452 vin.

334 5504 502 5563 dicta.
516 5499 749 5556 Dextera
774 5506 867 5551 tua
884 5495 1106 5552 inveniat
1119 5510 1293 5549 omnes
1314 5493 1402 5564 qui
1422 5499 1469 5546 te
1489 5491 1725 5546 oderunt.
1740 5488 1942 5546 Odien-

335 5608 419 5654 tes
448 5612 528 5663 se,
561 5593 733 5651 nimia
758 5590 1051 5646 clementia
1076 5588 1175 5643 Dei
1197 5587 1311 5642 vult
1344 5584 1606 5650 converti,
1632 5598 1756 5639 cum
1779 5582 1943 5640 etiam

337 5691 596 5750 inimicos
620 5701 759 5744 suos
782 5682 1031 5739 invenire
1056 5679 1347 5737 desiderat.

410 5783 592 5840 Panes
651 5796 737 5835 eos
785 5786 835 5829 ut
882 5773 1140 5830 clibatttuu
1196 5772 1331 5845 ignis
1384 5771 1437 5825 in
1487 5778 1712 5839 tempore
1780 5770 1949 5824 vultus

2037 4668 2226 4708 eorum
2256 4652 2594 4708 occiderunt.
2625 4652 2890 4723 Reliquiae
2919 4669 3134 4723 eorum,
3168 4656 3262 4710 lilii
3314 4657 3626 4711 .ludteorum

2038 4747 2129 4818 qui
2155 4745 2472 4801 occiderunt
2516 4755 2680 4814 caput
2711 4745 3104 4815 prophetarum
3138 4763 3151 4799 :
3186 4756 3244 4801 ut
3275 4748 3365 4801 illa
3393 4747 3629 4802 vindicta

2038 4853 2160 4909 qua:
2190 4838 2354 4906 cmpit
2381 4852 2409 4890 a
2446 4835 2746 4907 prophetis,
2776 4837 2965 4891 veniat
2993 4852 3158 4909 super
3186 4838 3311 4893 illos
3338 4839 3431 4907 qui
3453 4839 3631 4895 Domi-

2041 4945 2167 4985 num
2200 4928 2537 4983 occiderunt.
2570 4929 2745 4983 Aliter
2774 4948 2785 4983 :
2822 4928 2887 4982 In
2918 4928 3153 4999 reliquiis
3184 4931 3285 4984 tuis
3314 4933 3635 5001 preparabis

2039 5021 2237 5075 uultum
2260 5020 2474 5075 illorum
2506 5037 2523 5074 :
2559 5021 2661 5075 hoc
2690 5031 2799 5091 est,
2832 5038 2928 5091 per
2954 5020 3131 5076 Eliam
3158 5032 3213 5077 et
3240 5021 3429 5078 Euocb
3458 5025 3637 5081 credi-

2039 5114 2143 5183 turi
2175 5117 2377 5170 suntin
2410 5115 2594 5171 linem.
2631 5114 2969 5184 Prteparabis
2991 5116 3189 5169 vultum
3216 5116 3465 5171 illorum:
3492 5117 3557 5173 ad
3586 5130 3638 5174 te

2040 5206 2408 5275 credentium,
2446 5217 2504 5264 ut
2526 5207 2660 5263 illud
2692 5224 2705 5260 :
2740 5207 2813 5264 Ut
2838 5217 3124 5263 eonvcrtat
3147 5208 3313 5264 eorda
3338 5220 3551 5280 patrum
3588 5213 3640 5267 in

2043 5300 2185 5357 alios
2208 5300 2227 5374 (
2252 5299 2381 5355 Luc.
2408 5302 2477 5372 ι).

2123 5393 2372 5450 Eaaltare
2397 5438 2412 5463 ,
2456 5392 2707 5463 Domine,
2735 5396 2791 5449 in
2813 5395 3001 5449 uirtute
3030 5402 3140 5449 tua.
3196 5394 3309 5450 Vox
3360 5396 3639 5454 Ecclesiae.

2053 5485 2306 5543 Exaltare
2362 5488 2417 5539 in
2464 5486 2650 5540 rirtute
2689 5496 2775 5540 tua
2807 5502 2825 5540 :
2855 5486 2909 5541 id
2960 5495 3082 5553 est,
3133 5486 3447 5544 demonstra
3495 5498 3642 5543 tuam

2047 5588 2369 5650 potestatem
2410 5585 2467 5632 et
2499 5577 2859 5648 maiust-atem,
2894 5582 3019 5649 quia
3052 5582 3201 5649 prius
3229 5582 3426 5637 venisti
3460 5583 3511 5636 in
3544 5582 3645 5637 lin.

2051 5672 2307 5738 militate,
2340 5668 2439 5725 sed
2460 5670 2622 5724 modo
2652 5673 2774 5723 veni
2805 5672 2857 5724 in
2886 5671 3190 5742 majestate.
3218 5671 3555 5729 Cantabimus
3583 5685 3629 5729 et

2056 5763 2335 5835 psallemus
2379 5761 2591 5816 virtutes
2658 5771 2814 5830 tuas,
2879 5760 3115 5819 Domine.
3190 5760 3528 5823 Cantabimus
3595 5769 3651 5824 in
