3980 6304
477 282 580 335 8ῗῦ

481 395 647 451 enrdc
681 409 692 444 :
728 387 1010 460 psallemus
1057 385 1108 439 in
1170 396 1336 454 opere
1375 397 1387 436 :

485 490 702 544 tiatnus.

1031 545 1353 604 PSALMUS
1380 542 1524 599 XXI.

482 677 548 730 In
579 676 754 741 ﬁnem,
785 687 878 743 pro
908 663 1264 743 assumptione
1293 659 1574 740 matutina.
1600 655 1854 743 .pstt‘lmu's
1883 649 2074 743 David:

856 723 1181 796 assumptio
1231 726 1643 787 resurrectionis
1687 723 1982 779 Dominivm
2026 728 2081 775 et

549 813 887 870 ascensionis
930 810 995 862 ad
1056 806 1270 860 Patrem
1322 801 1590 870 signiﬁcat
1651 804 2076 870 sacramentu‘m.

557 861 1171 952 iiSiiE'iiié'ci-iﬁnenem
1220 861 1643 952 llebrdcialiler
1688 866 1893 920 habent
1925 882 1936 916 :
1968 861 2081 952 l’ra

551 973 698 1010 cervo
723 941 1006 1016 matutino,
1037 958 1090 1002 et
1121 941 1573 1016 interpretatione
1596 951 1857 1016 perversa
1889 941 2084 1016 putant

549 1008 618 1082 de
645 1008 686 1064 ἶ
706 1025 902 1080 Esther
945 1008 1118 1075 totum
1164 1008 1482 1085 vigesimum
1529 1009 1762 1085 primum
1811 1008 2078 1085 psalmum

706 1075 1106 1165 compositum,
1137 1075 1281 1165 quod
1311 1075 1582 1165 videlicet.
1618 1079 1789 1165 ipsius
1835 1075 2082 1165 periculo

550 1145 1028 1224 éi'iiuéiééésibne
1059 1145 1200 1228 aptt'd
1226 1169 1406 1228 regem
1443 1153 1527 1228 Δ811
1551 1150 1618 1203 de
1643 1145 2082 1228 periculolsrae-

549 1214 1316 1307 p'o'pu—lusliberatus:
1349 1223 1457 1279 Sed
1488 1236 1588 1276 nos
1617 1214 1842 1307 cervum
1873 1214 2082 1307 qtti'in:

552 1286 1104 1376 lci-hcia'tvs'erpentes
1125 1340 1140 1363 ,
1171 1307 1228 1353 et
1257 1309 1470 1376 venena
1495 1299 1790 1373 consumat
1816 1329 1832 1355 ,
1875 1286 2085 1376 nullum

552 1357 1221 1435 alit-immnis—irChristum
1280 1363 1671 1432 intelligimus,
1725 1359 1868 1416 sicut
1920 1357 2084 1412 totius

556 1450 751 1522 psalmi
779 1452 1072 1505 contextus
1100 1437 1360 1496 ostendit.

554 1585 695 1640 Deus
723 1581 864 1636 Deus
896 1593 1036 1632 meus
1063 1616 1078 1640 ,
1132 1571 1326 1644 respice
1368 1571 1422 1623 in
1450 1582 1530 1621 me
1549 1607 1564 1633 ,
1609 1579 1764 1636 quare
1790 1577 1869 1615 me
1899 1558 2087 1612 dereli-

478 1678 677 1752 quisti?
720 1674 832 1730 lloc
851 1668 1122 1728 versiculo
1149 1664 1405 1719 Dominus
1427 1661 1478 1716 in
1507 1673 1668 1714 cruce
1689 1656 1934 1727 pendens
1955 1666 2087 1708 usus

1274 262 1622 324 APPENDIX
1665 260 1752 316 .-\D
1793 257 2042 315 TOMUM
2082 253 2429 314 SEPTIMUM
2478 253 2534 310 S.
2581 243 2988 305 lllERONYMl.

1441 381 1652 433 virtule
1700 386 1818 432 tuas
1869 389 2077 428 annun-
2107 373 2152 433 Α
2185 368 2465 426 fratribus.
2501 364 2567 420 Et
2595 379 2700 419 uon
2742 360 3034 419 exauditus
3071 374 3084 412 :
3118 355 3220 412 hoc
3252 362 3334 410 cst
3378 366 3480 424 pro
3536 351 3642 408 illis
3689 350 3782 420 qui

3675 235 3782 292 880

2183 477 2288 517 nou
2345 468 2500 516 erant
2549 452 2943 527 prindestinati.
2998 449 3152 506 Unde
3205 448 3344 503 dixit
3399 445 3782 516 evangelista:

2179 551 2412 623 Sanguis
2469 549 2588 620 ejus
2641 562 2808 617 super
2862 559 2962 599 nos
3015 551 3070 597 et
3126 555 3291 611 super
3347 540 3490 593 tilias
3562 545 3782 592 nostros

2185 649 2202 718 (
2230 646 2384 700 Matt.
2416 659 2562 698 xxvtt
2588 642 2630 711 ).
2662 640 2802 709 Ergo
2835 637 2954 692 dies
2985 634 3074 690 hic
3103 650 3200 706 pro
3229 632 3410 701 bonis,
3437 640 3497 688 et
3544 645 3649 686 nox
3688 643 3785 698 pro

2183 739 2347 796 tnalis
2374 736 2713 807 intelligitur.
2746 731 2844 787 Vel
2875 731 2994 785 dics
3024 739 3078 784 ct
3111 743 3217 783 uox
3241 723 3583 798 prosperitas
3610 731 3669 780 et
3701 721 3792 775 ad-

2185 831 2416 888 versitas
2449 831 2503 884 iu
2535 826 2800 884 Ecclesia.
2837 824 3084 879 Ecclesia
3117 837 3224 876 non
3253 818 3548 876 exauditur
3578 817 3632 872 in
3669 830 3793 885 pro-

2184 922 2467 994 speritate,
2495 930 2552 974 ut
2581 935 2688 974 non
2724 933 2782 973 se
2811 916 3059 980 extollat,
3079 923 3132 969 et
3157 927 3265 968 non
3286 910 3582 968 exauditur
3609 909 3663 963 in
3695 906 3793 962 ad-

2189 1014 2472 1078 versitate,
2505 1021 2564 1068 ut
2606 1011 2840 1082 amplius
2867 1007 3178 1064 tnundetur.
3213 1005 3278 1060 Et
3308 1021 3411 1058 non
3438 1003 3510 1057 ad
3538 1001 3797 1070 insipieno

2192 1108 2317 1160 tiam
2363 1105 2489 1159 mihi
2548 1121 2564 1158 :
2621 1103 2672 1158 id
2724 1111 2851 1168 est,
2903 1099 3077 1155 Filius
3135 1106 3442 1160 coteternus
3494 1093 3648 1150 Patri
3692 1093 3798 1148 scit

2185 1199 2388 1264 omnia,
2421 1212 2520 1252 cur
2549 1211 2658 1251 non
2677 1195 2748 1250 sit
2775 1191 3064 1248 exauditus
3092 1189 3143 1244 in
3165 1190 3253 1245 die
3277 1186 3574 1260 passionis,
3602 1183 3656 1240 id
3689 1193 3793 1249 est,

2186 1308 2286 1364 pro
2312 1292 2435 1347 liliis
2467 1290 2682 1356 mortis,
2715 1296 2770 1344 et
2796 1284 3184 1359 prosperitate,
3217 1292 3274 1338 et
3298 1280 3662 1337 tribulatione
3691 1279 3794 1333 Ec-

2187 1385 2369 1441 clesia:
2399 1401 2533 1440 suae.

2263 1475 2339 1530 Tu
2370 1486 2543 1532 autem
2571 1477 2624 1530 in
2652 1484 2835 1529 sancto
2863 1472 3065 1527 habitas
3099 1487 3114 1525 :
3147 1471 3264 1524 laus
3294 1467 3483 1523 Israel.
3525 1467 3643 1522 Vox
3671 1481 3802 1538 pro-

2187 1571 2390 1642 phetze.
2423 1568 2489 1623 In
2519 1578 2699 1624 sancto
2726 1568 2928 1623 habitas
2955 1608 2969 1633 ,
3008 1565 3111 1620 hoc
3139 1570 3227 1621 est
3252 1605 3265 1632 ,
3302 1561 3355 1618 in
3384 1577 3485 1618 suo
3516 1576 3758 1634 corpore
3782 1603 3795 1628 ,

2186 1665 2272 1718 vel
2307 1664 2359 1718 in
2385 1663 2547 1730 coelo,
2585 1662 2699 1717 sive
2722 1661 2774 1716 in
2808 1659 3074 1716 Ecclesia.

477 1744 577 1827 est-
634 1768 711 1823 Ex
741 1779 850 1836 quo
881 1755 1375 1816 animadvertimus
1408 1761 1580 1808 totum
1613 1748 1878 1819 psalmum
1911 1760 1942 1799 a
1973 1744 2081 1798 Do-

2261 1755 2328 1810 ln
2361 1766 2410 1810 te
2434 1762 2768 1826 speraverant
2795 1763 2968 1826 patres
2999 1751 3164 1807 nostri
3190 1792 3204 1818 ,
3232 1748 3455 1804 Domine
3480 1764 3501 1803 .°
3542 1763 3800 1818 sperave-

482 1865 628 1920 mino
672 1860 727 1916 in
773 1871 938 1913 cruce
967 1853 1146 1926 posito
1181 1846 1482 1905 decantari.
1513 1843 1668 1912 Quod
1698 1852 1882 1898 autem
1911 1839 2082 1894 habet

479 1960 535 2014 111
565 1953 768 2015 medio.
801 1949 1010 2006 intende
1034 1946 1182 2010 mihi,
1211 1945 1264 2000 in
1294 1939 1539 1998 Hebraeis
1563 1939 1844 1996 codicibus
1865 1953 1974 1992 non
1996 1935 2084 1990 ha-

478 2050 663 2114 betur,
695 2053 749 2100 et
777 2041 1085 2114 appositum
1110 2053 1214 2094 vox
1241 2033 1457 2090 Domini
1481 2032 1745 2096 declarat,
1772 2045 1895 2100 qua:
1917 2029 2080 2084 etiam

478 2139 614 2196 illud
650 2137 701 2192 in
735 2131 1037 2204 Evangelia
1073 2126 1424 2200 praetermisit
1454 2142 1466 2178 :
1495 2138 1559 2179 ac
1603 2123 1647 2177 si
1678 2121 1826 2177 dicat
1857 2137 1870 2174 :
1907 2120 2084 2186 Quare

481 2249 562 2286 me
603 2227 980 2299 dereliquisti?
1031 2222 1128 2278 Hic
1159 2217 1474 2275 humanitas
1519 2213 1758 2286 loquitur
1809 2211 2083 2284 quomodo

478 2321 742 2379 derelicta
767 2318 867 2372 fuit
890 2316 943 2370 in
961 2314 1154 2378 Adam,
1181 2308 1398 2382 quando
1423 2314 1758 2377 prseceptum
1776 2314 2084 2374 transgres-

477 2430 572 2470 sus
595 2421 699 2468 est.
724 2408 824 2466 Vel
853 2409 904 2462 in
937 2406 1192 2476 passione
1215 2400 1509 2457 derelictus
1535 2397 1788 2452 Christus
1810 2409 1906 2466 pro
1930 2402 2082 2464 parte

481 2505 686 2563 carnis.
723 2502 896 2574 Longe
916 2517 948 2553 a
975 2499 1144 2552 salute
1169 2511 1281 2549 mea
1314 2491 1463 2546 verba
1487 2489 1796 2544 delictorum
1822 2502 2078 2541 meorum.

476 2597 713 2668 Longe:
766 2593 854 2648 ltic
904 2589 1166 2645 divinitas
1224 2585 1486 2654 loquitur.
1554 2579 1717 2634 Verba
1773 2576 2082 2632 delictorum

482 2705 713 2744 meorum
743 2701 761 2740 :
789 2685 912 2756 quia
939 2689 1122 2738 nostra
1173 2687 1397 2749 peccata
1429 2691 1523 2730 sua
1561 2680 1798 2743 reputat.
1846 2671 1981 2727 Nam
2027 2671 2080 2725 in

478 2781 660 2838 salute
695 2793 791 2834 sua
833 2775 1040 2832 nullum
1079 2781 1164 2827 est
1208 2778 1490 2841 peccatum
1527 2785 1540 2821 :
1580 2765 1676 2822 sed
1715 2781 1743 2820 a
1793 2773 2084 2836 peccatore

484 2875 647 2942 longe
676 2877 762 2926 est
792 2868 960 2923 salus.
989 2864 1082 2919 Vel
1113 2863 1271 2918 aliter
1301 2879 1312 2914 :
1348 2859 1525 2932 Longe
1545 2876 1575 2911 a
1601 2858 1766 2912 salute
1796 2873 1907 2911 mea
1933 2856 2084 2910 verba

485 2965 796 3020 delictorum
825 2973 1078 3014 meorum.
1111 2953 1305 3022 Aquila
1337 2952 1480 3007 hunc
1507 2952 1684 3006 locum
1713 2948 2082 3018 siciuterpre-

485 3065 631 3113 tatus
657 3062 743 3110 est
768 3072 778 3107 :
807 3051 987 3122 Longe
1015 3067 1047 3104 a
1073 3048 1241 3104 salute
1276 3062 1389 3098 mea
1435 3043 1587 3099 verba
1617 3040 1644 3080 ι’
1677 3041 1902 3111 gemitus
1932 3039 2032 3094 mei
2061 3053 2080 3094 :

2183 1859 2330 1916 runt,
2357 1857 2401 1902 et
2431 1846 2660 1901 liberasti
2686 1863 2792 1901 eos.
2820 1846 3193 1915 Speraverunt
3222 1841 3554 1914 patriarcha:
3587 1851 3643 1896 et
3669 1855 3794 1912 pro-

2184 1941 2403 2012 pheta},
2460 1939 2546 1994 vel
2594 1937 2788 2006 reliqui
2835 1946 2929 1991 :et
2984 1935 3219 1990 liberasti
3265 1951 3348 1989 eos
3392 1932 3494 1988 :id
3552 1943 3678 1997 est,
3732 1933 3799 1989 dc

2185 2032 2418 2104 [Egyplo
2450 2031 2532 2085 vcl
2579 2030 2645 2085 de
2675 2029 2994 2101 Babylonia.
3039 2026 3164 2081 Non
3203 2035 3325 2080 sunt
3370 2025 3582 2096 confusi
3615 2040 3635 2078 :
3666 2024 3791 2094 quia

2185 2124 2326 2196 quod
2363 2122 2662 2195 promisisti
2693 2120 3005 2192 adimplcsti
3033 2164 3048 2191 ,
3075 2119 3178 2175 hoc
3203 2128 3288 2176 est
3315 2160 3329 2184 ,
3364 2127 3566 2173 terram
3599 2133 3794 2187 repro-

2184 2218 2464 2275 missionis
2504 2225 2556 2272 et
2587 2215 2755 2270 vitam
2783 2215 3023 2284 longam.
3052 2212 3229 2268 Aliter
3256 2229 3269 2266 :
3292 2211 3348 2264 in
3376 2219 3424 2264 te
3449 2217 3792 2282 spernerrunt

2185 2321 2352 2383 patres
2398 2309 2582 2376 notri,
2614 2307 2866 2363 doctores
2915 2304 3202 2361 Ecclesiaa.
3233 2303 3358 2358 Non
3387 2311 3504 2357 sunt
3536 2302 3792 2372 confusi,

2185 2405 2314 2476 quia
2342 2418 2468 2473 spes
2491 2402 2736 2472 ipsorum
2769 2414 2988 2470 semper
3013 2414 3093 2455 es.

2257 2495 2372 2570 Ego
2401 2505 2572 2550 autem
2604 2511 2718 2549 sum
2757 2493 2943 2548 vermis
2983 2503 3030 2547 et
3061 2508 3161 2547 non
3209 2492 3384 2546 homo.
3414 2489 3529 2546 11οε
3558 2498 3792 2560 propter

2185 2589 2546 2645 humilitatem
2579 2586 2851 2657 assumpti
2873 2585 3123 2655 corporis
3151 2585 3393 2655 loquitur
3424 2600 3438 2638 :
3469 2581 3616 2638 Isaia
3645 2597 3788 2652 quo-

2184 2697 2291 2753 que
2322 2680 2510 2736 eadem
2541 2680 2867 2735 concinente
2897 2696 2912 2732 :
2949 2677 3028 2733 Ne
3079 2677 3273 2732 timeas
3298 2718 3313 2744 ,
3365 2675 3570 2731 vermis
3618 2674 3790 2730 Jacob

2189 2775 2366 2848 (Isai.
2401 2791 2483 2830 xta
2509 2773 2550 2847 ).
2585 2772 2932 2845 Opprobrium
2965 2772 3230 2826 hominum
3258 2779 3304 2824 et
3352 2769 3572 2839 abjectio
3602 2769 3792 2838 plebis.

2183 2867 2338 2936 Quod
2368 2867 2541 2938 majus
2571 2864 2921 2936 opprobrium
2966 2877 3132 2933 quam
3163 2860 3385 2917 crucis?
3420 2859 3484 2913 Et
3516 2860 3784 2930 despectio

2183 2962 2344 3035 plebis
2371 2975 2388 3016 :
2412 2959 2464 3016 id
2488 2969 2593 3024 est,
2625 2958 2834 3016 Judaici
2867 2956 3053 3028 populi
3082 2956 3318 3012 derisus.
3350 2953 3461 3010 Cur
3493 2954 3705 3010 vermis
3735 2964 3790 3010 et

2185 3070 2291 3111 non
2325 3053 2528 3119 homo;
2580 3051 2710 3107 dum
2761 3050 2894 3106 dicit
2940 3050 2995 3105 in
3028 3047 3328 3116 Evangelio
3363 3064 3377 3102 :
3408 3045 3573 3102 Venit
3603 3045 3780 3100 Filius

485 3145 884 3220 Symmachus,
943 3141 1096 3198 verba
1141 3139 1424 3212 gemituum
1480 3151 1714 3190 meorum
1749 3150 1764 3186 :
1797 3133 1982 3205 quinta
2029 3140 2081 3188 et

2194 3146 2421 3202 hominis
2452 3144 2720 3200 redimere
2742 3141 2886 3214 quod
2915 3140 3160 3212 perierat
3190 3138 3358 3210 (Luc.
3394 3154 3483 3193 χιι
3509 3137 3578 3210 )?
3630 3136 3792 3193 Chri-

481 3253 640 3300 scxta
669 3241 838 3299 editio
868 3257 882 3293 :
919 3238 1067 3292 verba
1095 3234 1336 3289 clamoris
1360 3232 1480 3288 mei.
1508 3232 1573 3285 Et
1601 3239 1684 3285 est
1714 3228 2077 3297 sensusjuxta

483 3347 714 3392 caeteros
761 3335 1136 3402 interpretes:
1179 3325 1425 3382 Gemitus
1477 3321 1582 3377 mei
1628 3330 1791 3391 atque
1851 3328 2079 3375 conatus

483 3427 680 3497 quibus
710 3439 928 3496 semper
946 3421 1202 3493 populum
1228 3416 1394 3472 Israel
1417 3414 1627 3470 salvarc
1647 3411 1896 3483 quaesivi,
1920 3411 2079 3480 longe

482 3519 613 3576 facti
645 3528 770 3574 sunt
798 3534 827 3571 a
859 3514 1040 3570 salute
1081 3525 1234 3575 mea,
1277 3523 1438 3578 quam
1471 3503 1672 3576 populo
1704 3505 1946 3559 tribuere
1981 3518 2077 3558 cu-

482 3611 696 3682 piebam
731 3624 745 3660 :
779 3605 902 3674 quia
956 3601 1061 3671 ipsi
1131 3599 1423 3653 noluerunt
1473 3593 1716 3664 recipere
1765 3595 2075 3647 sanitatem.

487 3705 649 3760 Juxta
691 3697 837 3756 LXX
885 3709 1022 3751 vero
1067 3693 1398 3761 interpretes
1441 3689 1542 3742 iste
1571 3700 1766 3742 sensus
1812 3694 1896 3741 est
1925 3704 1938 3737 :
1969 3685 2082 3738 lloc

488 3796 634 3866 quod
681 3792 912 3848 salutem
941 3787 1210 3856 deprecor
1233 3822 1250 3848 ,
1281 3779 1423 3851 quod
1470 3793 1556 3834 me
1586 3791 1896 3848 conqueror
1926 3775 2082 3830 derc-

478 3887 667 3942 lietutn
700 3902 714 3937 :
747 3898 858 3938 non
884 3895 950 3935 ex
982 3875 1201 3948 propria
1243 3886 1478 3944 persona
1519 3870 1736 3940 loquor,
1763 3868 1858 3924 sed
1890 3883 1958 3923 ex
1989 3882 2084 3938 po-

482 3978 642 4051 puli,
676 3974 832 4044 cujus
876 3980 1097 4043 peccata
1147 3969 1200 4022 in
1248 3980 1370 4022 meo
1412 3978 1642 4034 corpore
1690 3963 1806 4032 ipse
1846 3961 2080 4031 suscepi.

486 4069 645 4128 Unde
670 4067 793 4123 dico
824 4083 834 4120 :
873 4065 1054 4134 Longe
1080 4070 1209 4116 sunt
1238 4075 1266 4112 a
1289 4059 1464 4114 salute
1487 4071 1628 4121 mea,
1651 4057 1814 4111 verba
1839 4058 1938 4110 ista
1963 4070 2084 4126 quae

485 4159 677 4217 fundo.
731 4155 849 4212 Non
883 4155 1028 4211 enim
1082 4161 1190 4206 tam
1239 4149 1375 4205 mihi
1423 4148 1654 4204 salutem
1689 4147 1940 4216 postulo,
1993 4145 2084 4215 qui

489 4255 638 4310 Deus
668 4265 813 4318 sum,
847 4261 1008 4318 quatn
1042 4242 1245 4316 pepulo
1275 4241 1366 4312 qui
1394 4240 1572 4296 salute
1602 4237 1826 4309 indiget.

563 4341 810 4398 Clamabo
834 4357 922 4410 per
948 4338 1104 4403 diem,
1138 4343 1184 4389 et
1209 4349 1312 4388 non
1336 4331 1582 4388 exaudies
1615 4340 1702 4385 :et
1725 4341 1895 4401 nocte,
1921 4339 2086 4387 etnon

493 4441 562 4497 ad
591 4435 947 4505 insipientiam
975 4429 1125 4485 mihi.
1157 4429 1214 4483 111
1259 4427 1347 4483 die
1380 4424 1623 4498 pendens
1664 4441 1772 4479 non
1801 4425 2087 4480 exauditur

2187 3249 2306 3297 stus
2335 3247 2388 3294 ct
2411 3238 2615 3293 vermis
2642 3235 2844 3292 dicitur
2872 3245 2925 3290 et
2957 3233 3142 3289 homo.
3169 3231 3385 3287 Vermis
3411 3271 3427 3296 ,
3461 3240 3519 3285 ut
3550 3229 3626 3285 ait
3657 3243 3791 3300 pro-

2185 3332 2348 3404 pheta
2376 3347 2390 3385 :
2420 3329 2540 3386 Noli
2568 3329 2765 3384 timere
2789 3369 2803 3396 ,
2849 3327 3056 3381 vermis
3085 3324 3254 3381 Jacob
3282 3340 3296 3390 ;
3325 3331 3381 3379 et
3411 3321 3577 3378 homo
3603 3363 3620 3390 ,
3661 3321 3788 3392 quia

2186 3441 2259 3482 ex
2283 3424 2446 3480 Maria
2472 3430 2634 3478 natus
2658 3462 2672 3487 ,
2719 3420 3054 3476 assimilatur
3099 3433 3193 3472 sua
3249 3415 3510 3470 nativitas
3561 3413 3740 3470 vermi
3773 3429 3788 3467 :

2186 3515 2313 3588 quia
2343 3515 2544 3570 vermis
2574 3513 2664 3584 qui
2693 3512 2745 3567 in
2766 3512 2910 3582 ligno
2937 3510 3200 3573 nascitur,
3224 3524 3331 3562 non
3358 3506 3522 3561 habet
3547 3517 3787 3577 patrem,

2188 3609 2292 3663 nisi
2323 3616 2576 3662 matrem.
2613 3605 2680 3659 Et
2708 3602 2956 3659 Christus
2986 3617 3055 3658 ex
3085 3599 3250 3656 Maria
3274 3608 3359 3653 est
3385 3607 3548 3652 natus
3573 3597 3787 3666 absque

2187 3700 2331 3756 coitu
2359 3699 2482 3754 viri.
2513 3697 2626 3752 Duo
2657 3695 2959 3751 habitacula
2985 3692 3113 3747 fecit
3139 3691 3318 3754 Deus,
3351 3689 3552 3746 etelum
3585 3698 3641 3744 et
3675 3697 3787 3744 ter-

2187 3808 2323 3847 ram.
2357 3790 2567 3847 Caelum
2595 3789 2856 3843 habitatio
2877 3786 3220 3856 angelorum,
3245 3793 3300 3838 et
3333 3790 3481 3838 terra
3514 3780 3784 3836 habitatio

2185 3883 2474 3940 vermium.
2507 3881 2658 3936 Fecit
2685 3881 2824 3934 Deus
2854 3892 3098 3932 vermem
3127 3873 3426 3930 ascendere
3471 3875 3525 3928 in
3558 3875 3788 3942 cmlum,

2187 3984 2243 4030 et
2263 3973 2512 4044 angelum
2541 3971 2594 4026 in
2619 3980 2840 4026 terram.
2873 3966 3126 4022 Christus
3159 3979 3255 4036 per
3290 3963 3657 4020 humilitatem
3699 3979 3792 4020 su-

2189 4082 2287 4138 per
2329 4079 2521 4120 omnes
2549 4063 2776 4134 angelos
2803 4059 3068 4126 ascendit,
3101 4068 3155 4114 et
3185 4055 3438 4113 diabolus
3471 4071 3569 4127 per
3598 4071 3790 4127 supero

2189 4159 2333 4214 biam
2367 4156 2642 4227 projectus
2664 4157 2827 4209 estin
2862 4162 3082 4209 terram.
3137 4147 3491 4220 Upprobrium
3518 4150 3789 4203 hominum

2189 4260 2236 4306 et
2268 4249 2488 4323 abjectio
2519 4245 2678 4316 plebis
2704 4262 2722 4300 :
2755 4245 3118 4317 approbrium,
3148 4239 3367 4311 quando
3396 4239 3663 4296 dixerunt
3689 4239 3782 4296 Ju-

2190 4341 2289 4397 daei
2326 4355 2340 4395 :
2372 4339 2451 4396 Tu
2483 4337 2785 4408 discipulus
2832 4336 2977 4391 illius
3024 4335 3098 4389 sis
3127 4330 3327 4404 (Joan.
3356 4329 3457 4403 111)
3493 4349 3506 4386 :
3539 4331 3788 4403 abjectio,

2189 4431 2407 4502 quando
2430 4431 2712 4501 ejeccrunt
2730 4445 2854 4486 cum
2885 4436 3040 4486 extra
3065 4425 3336 4481 civitatem
3365 4465 3380 4491 ,
3405 4431 3461 4480 et
3492 4424 3786 4480 crttcitixe-

490 4550 523 4588 a
571 4531 730 4588 Patre
758 4546 772 4581 :
803 4534 967 4581 nocte
997 4520 1234 4591 resurgit
1287 4519 1356 4575 ab
1387 4517 1576 4574 inieris
1627 4517 1824 4572 victor.
1868 4518 2040 4574 Aliter
2071 4536 2083 4572 :
2113 4524 2164 4584 1)
2193 4531 2319 4578 rum
2347 4538 2493 4579 eum,

485 4627 590 4695 Qui
614 4624 668 4680 in
690 4621 887 4695 gaudio
918 4634 1030 4674 non
1057 4615 1368 4683 exauditur,
1400 4613 1694 4670 exauditur
1724 4612 1775 4667 iu
1808 4613 2081 4685 lavrymis.

489 4717 650 4774 Unde
673 4714 748 4770 ait
777 4731 790 4766 :
819 4710 939 4767 Non
958 4710 1011 4764 in
1037 4707 1322 4764 stultitiam
1351 4705 1508 4772 mihi,
1539 4704 1592 4759 id
1617 4712 1722 4771 est,
1749 4719 1855 4760 non
1887 4704 2084 4760 frustra

491 4805 746 4866 clamavi.
779 4804 848 4859 Et
879 4801 1074 4874 Aquila
1109 4797 1382 4856 transtulit
1409 4813 1474 4853 ex
1503 4795 1733 4851 llebrteo
1755 4795 1943 4852 dicens
1973 4814 1988 4850 :
2020 4795 2086 4850 Et

488 4913 658 4970 nocte,
693 4909 738 4954 et
765 4914 868 4952 non
901 4895 1094 4950 tacebis
1123 4907 1141 4946 :
1175 4891 1227 4947 id
1258 4899 1361 4956 est,
1417 4887 1606 4944 audies
1633 4903 1755 4944 me:
1791 4890 2087 4958 reSponde-

483 4995 568 5049 bis
614 4989 747 5047 mihi
780 5006 794 5044 :
831 4987 996 5042 facies
1027 4983 1172 5056 quod
1219 4981 1394 5036 oravi.
1449 4979 1591 5034 Deus
1638 4991 1794 5032 meus
1837 4977 2084 5034 clamabo

482 5102 582 5159 per
609 5085 774 5147 diem,
807 5094 908 5136 nec
934 5075 1218 5140 exaudies,
1253 5084 1307 5128 et
1338 5079 1521 5127 nocte.
1543 5068 1807 5125 Clamavit
1827 5068 2082 5126 Christus

478 5181 535 5237 in
569 5193 750 5244 cruce,
775 5182 832 5232 et
855 5171 1035 5229 oravit
1065 5184 1162 5240 pro
1189 5166 1303 5223 suis
1327 5183 1340 5220 :
1369 5161 1679 5232 exauditus,
1707 5173 1761 5218 et
1784 5177 1890 5218 non
1911 5178 2076 5218 exau-

483 5273 649 5329 ditus.
703 5266 1006 5325 Exauditus
1035 5278 1135 5334 pro
1167 5257 1574 5332 praedestinatis
1610 5273 1624 5310 :
1668 5256 1809 5312 sicut
1852 5256 1904 5311 in
1951 5267 2076 5313 octo

478 5365 754 5429 millibus,
785 5361 870 5417 vel
900 5373 1000 5430 pro
1027 5356 1133 5412 illis
1173 5361 1394 5410 centum
1431 5349 1620 5422 viginti
1667 5358 1722 5406 et
1759 5351 2072 5423 quingentis

551 5512 574 5538 η
613 5499 785 5553 Verus
835 5493 1060 5547 llieron.
1109 5490 1162 5544 in
1211 5495 1572 5543 eommeutar.
1615 5485 1668 5539 in
1711 5483 1903 5539 Matth.
1953 5501 2078 5557 cap.

475 5587 631 5628 xxvtt
657 5587 669 5622 :
703 5565 863 5632 Impii
889 5571 1010 5617 sunt
1029 5561 1138 5632 qui
1154 5559 1415 5632 psalmum
1438 5558 1590 5632 istum
1614 5571 1679 5610 ex
1709 5572 1932 5624 persona
1969 5556 2082 5610 Da-

477 5644 566 5695 υἷιΙ
586 5682 600 5707 ,
633 5640 737 5692 sive
767 5628 957 5707 Esther
986 5628 1051 5685 et’
1081 5628 1411 5707 Mardochwi
1454 5628 1653 5680 dictant
1692 5634 1919 5707 putant,
1962 5644 2080 5707 cum

477 5697 635 5763 etiam
679 5704 990 5772 evangelista
1033 5700 1325 5754 testimonia
1348 5714 1410 5752 ex
1433 5713 1490 5753 eo
1529 5703 1742 5767 sumpta
1770 5712 1928 5768 super
1955 5697 2080 5754 Sal-

473 5789 648 5834 uatore
675 5773 948 5842 intelligat.

2269 4615 2458 4671 Omnes
2488 4615 2715 4670 videntes
2746 4630 2824 4668 me
2849 4611 3138 4667 irridebant
3160 4625 3260 4664 me.
3288 4608 3394 4664 Pro
3423 4616 3582 4679 parte
3614 4608 3787 4664 malo-

2191 4725 2311 4764 rum
2339 4708 2568 4775 dicitur,
2598 4707 2740 4762 sicut
2764 4715 2817 4761 et
2844 4704 2946 4775 ipsi
2986 4702 3162 4759 Judzei
3187 4703 3445 4758 dixerunt
3479 4719 3492 4756 :
3520 4702 3578 4758 Si
3613 4701 3786 4756 Filius

2192 4802 2290 4859 Dei
2319 4817 2409 4869 es,
2443 4803 2717 4859 descende
2747 4802 2815 4857 de
2846 4815 3010 4856 cruce
3047 4818 3060 4857 :
3092 4801 3179 4857 vel
3215 4818 3228 4855 :
3261 4798 3375 4854 Ave
3397 4839 3412 4865 ,
3445 4811 3541 4852 rex
3567 4795 3786 4852 Judazo-

2191 4911 2309 4952 rum
2342 4893 2362 4966 (
2388 4893 2581 4949 Matth.
2611 4909 2765 4950 xxvtt
2794 4895 2834 4962 ).
2869 4893 3057 4947 Locuti
3076 4900 3194 4947 sunt
3223 4891 3410 4956 labiis,
3445 4898 3496 4944 et
3519 4895 3782 4944 moverunt

2191 4995 2368 5058 caput.
2402 4984 2584 5040 Locuti
2632 4993 2750 5038 sunt
2795 4982 2984 5047 labiis,
3032 4984 3158 5054 quia
3207 4980 3351 5053 quod
3399 4979 3678 5034 habebant
3730 4979 3779 5032 in

2190 5078 2387 5148 corde,
2419 5077 2524 5133 hoc
2567 5077 2928 5148 loquebantur
2956 5077 3008 5131 in
3039 5075 3242 5132 verbis.
3287 5071 3568 5127 Moverunt
3597 5080 3782 5143 caput:

2183 5171 2236 5227 id
2265 5181 2372 5239 est,
2399 5172 2739 5241 reliquerunt
2769 5185 2935 5224 unum
2964 5177 3127 5239 caput
3150 5164 3293 5238 quod
3325 5174 3407 5220 est
3425 5162 3699 5231 Christus,
3724 5170 3775 5218 et

2182 5263 2436 5318 fecerunt
2465 5263 2632 5318 multa
2662 5261 2767 5316 sibi
2797 5260 2975 5332 eapita
3001 5259 3420 5315 dmmoniorum.

2252 5355 2489 5425 Speravit
2513 5356 2568 5408 in
2592 5355 2835 5420 Domino,
2861 5353 3046 5425 eripiat
3071 5367 3186 5408 eum
3210 5349 3441 5406 :saluunt
3459 5347 3620 5413 faciat
3647 5362 3780 5413 eum,

2261 5488 2289 5527 ι)
2316 5490 2542 5570 Aquila,
2578 5489 2922 5570 βρυχήματὸς
2950 5511 3081 5561 μου,
3120 5485 3362 5570 prolific,
3400 5484 3606 5570 (1.1.9.5018
3657 5484 3778 5570 ηερξν

2192 5575 2301 5616 non
2323 5553 2544 5632 gemitus
2563 5553 2588 5627 ξ
2607 5553 2795 5618 sed'e't.
2823 5553 3016 5632 vereor
3036 5553 3104 5632 ne
3121 5553 3338 5632 sextam
3369 5553 3670 5632 editionem
3702 5553 3779 5632 hic

2189 5627 2424 5686 cum'illa
2459 5632 2850 5688 Theodotionis
2871 5629 3187 5695 confundat,
3215 5629 3522 5700 quiArevctfa
3553 5627 3779 5700 ponatur

2229 5723 2286 5756 ου
2317 5705 2500 5767 vertit,
2533 5713 2591 5759 ut
2623 5713 2678 5758 et
2707 5705 2895 5774 quinta
2921 5719 2934 5768 ;
2967 5717 3088 5756 nam
3123 5695 3272 5754 sexta
3308 5697 3532 5758 δεήσεών
3553 5695 3659 5768 μου
3683 5695 3776 5752 ha-

2263 5780 2301 5836 t,
2333 5788 2528 5844 nempe
2553 5774 2993 5845 supplicationum
3027 5786 3280 5826 mearum.
