4034 6294
281 305 380 363 881

1253 305 1684 363 ΒΒΕῊᾹΒΙΗΜ
1727 305 1790 362 IN
1832 301 2168 364 PSALMOS.
2215 306 2460 364 PSALM.
2505 309 2650 364 XXI.

3490 310 3596 367 88?.

288 427 536 498 quoniam
567 428 684 484 vult
709 447 844 484 eunt.
867 429 980 485 Vox
1014 427 1291 499 prophetae
1319 424 1387 480 de
1432 423 1768 478 humanitate
1811 420 1894 474 ιο·
1921 419 1976 480 Α
2002 420 2216 489 ponitur
2237 466 2252 490 ,
2282 422 2588 477 roboratur.
2626 421 2692 477 Et
2713 421 2967 478 Christus
2995 430 3346 494 posteaquam
3373 423 3426 478 in
3459 424 3600 492 pati-

288 522 493 590 quitur.
546 522 790 594 Sperat-it
815 525 865 576 in
908 521 1135 576 Domino
1163 535 1179 572 :
1204 519 1305 574 hoc
1331 526 1436 584 est,
1476 515 1789 572 humanitas
1838 513 1891 568 in

289 613 596 671 divinitate.
649 615 856 681 Eripiat
876 633 991 669 eum
1015 632 1033 668 :
1066 614 1116 669 id
1144 623 1252 679 est,
1281 611 1350 666 de
1373 609 1598 666 Judmis.
1633 608 1893 676 Quoniam

288 709 400 763 vult
433 726 548 763 eum
573 726 590 762 :
615 709 668 765 id
699 718 802 775 est,
832 709 973 764 Deus
1001 708 1162 763 Pater
1191 705 1360 760 voluit
1380 704 1541 760 talem
1571 701 1769 758 Filium
1801 700 1894 753 ha-

292 803 425 858 bere
447 804 570 860 sine
596 813 843 874 peccato,
869 819 966 874 per
997 817 1158 872 quem
1186 808 1403 870 peccata
1435 795 1622 852 mundi
1650 795 1887 858 tolleret,

291 903 356 949 ut
381 895 455 948 ait
485 895 784 965 propheta:
831 894 950 965 Ipse
981 893 1326 948 infirmitates
1349 899 1562 944 nostras
1589 888 1818 958 accepit,
1840 893 1894 940 et

290 987 644 1058 aegritudines
667 998 882 1044 nostras
915 985 1148 1056 portavit
1172 984 1192 1056 (
1215 982 1346 1038 Isai.
1364 999 1435 1038 ιιι
1460 980 1501 1053 ).

365 1081 623 1147 Quoniam
650 1093 706 1134 tu
735 1098 788 1136 es
821 1081 910 1151 qui
937 1080 1166 1134 eduxisti
1197 1094 1274 1132 me
1301 1077 1364 1130 de
1396 1085 1591 1131 ventre.
1636 1072 1752 1128 Vox
1785 1071 1890 1125 hu-

291 1174 590 1229 manitatis.
627 1173 873 1228 Eduxisti
917 1190 996 1227 me
1029 1172 1092 1227 de
1128 1180 1302 1226 ventre
1332 1185 1348 1222 .'
1379 1169 1432 1222 id
1468 1177 1551 1223 est
1579 1212 1592 1234 ,
1640 1165 1707 1220 de
1738 1175 1893 1219 utero

287 1276 500 1322 sancta
525 1266 729 1336 Marite,
761 1267 846 1320 vel
871 1265 940 1321 de
967 1278 1268 1336 synagoga,
1295 1263 1420 1332 quia
1451 1275 1548 1331 per
1578 1257 1890 1313 vaticinium

289 1359 691 1432 prophetarum
719 1369 1020 1430 conceptus
1045 1366 1152 1426 est,
1187 1366 1243 1412 et
1283 1357 1350 1412 ad
1381 1369 1604 1410 sensum
1634 1353 1894 1423 spiritua-

292 1454 427 1516 lem,
455 1452 612 1524 quasi
637 1453 707 1508 de
730 1463 922 1508 ventre
948 1451 1176 1507 eductus
1201 1459 1309 1505 est.
1337 1449 1472 1519 Spes
1499 1464 1614 1502 utea
1641 1447 1702 1501 ab
1724 1445 1894 1500 uberi-

290 1547 390 1601 bus
420 1547 598 1600 matris
625 1561 772 1612 mete,
797 1556 902 1601 etc.
928 1561 942 1600 :
970 1544 1023 1599 id
1051 1554 1155 1609 est,
1186 1543 1351 1598 ubera
1381 1541 1569 1596 matris
1599 1555 1706 1595 non
1735 1535 1891 1592 dedi-

288 1648 494 1711 gnatus
515 1646 600 1693 est
625 1652 824 1709 sugcre
851 1637 1098 1692 Christus
1128 1653 1142 1691 :
1177 1634 1228 1689 id
1259 1643 1366 1697 est,
1397 1633 1466 1688 ab
1497 1631 1755 1687 uberibus
1785 1627 1891 1682 Ma-

289 1731 418 1786 riae.
452 1730 548 1788 Vel
593 1732 761 1788 ubera
791 1732 976 1787 matris
1010 1745 1024 1785 :
1066 1730 1157 1785 lex
1207 1741 1517 1799 synagogae.
1569 1724 1684 1778 Duo
1725 1721 1890 1776 ubera

1999 510 2182 566 bulum
2214 515 2394 568 crucis
2434 513 2709 580 ascendit,
2748 529 2901 568 suam
2946 514 3247 570 Ecclesiam
3291 515 3592 570 roboravit.

2000 601 2142 675 Ergo
2168 619 2278 660 non
2309 606 2446 660 aruit
2479 606 2620 660 sicut
2647 606 2831 662 fenum
2879 616 2934 661 ut
2965 605 3193 663 caderet
3249 625 3263 663 :
3310 607 3403 662 sed
3435 609 3592 678 quasi

1999 703 2133 749 testa
2170 705 2227 750 ut
2265 695 2594 753 lirmaretur.
2636 697 2704 751 Et
2747 699 2926 770 lingua
2961 715 3074 753 mea
3104 699 3326 752 adita-sit
3356 699 3593 769 faucibus

1997 789 2143 842 meis.
2177 787 2234 843 Id
2261 800 2370 854 est,
2407 789 2607 861 linguze
2634 791 3006 861 apostolorum
3031 791 3423 846 obmutuerunt
3455 801 3596 844 tem-

1997 895 2130 951 pore
2180 880 2456 936 Passionis
2509 899 2522 934 :
2581 882 2709 938 licet
2758 899 2899 937 unus
2963 884 3176 937 locutus
3226 892 3350 945 cst,
3408 891 3590 935 tamen

1997 971 2243 1041 negando
2271 988 2376 1026 non
2404 973 2716 1029 conﬁtendo
2739 1016 2754 1042 ,
2804 975 2855 1030 id
2898 984 2979 1030 est
3013 975 3224 1030 Petrus.
3259 974 3396 1030 Nam
3425 973 3596 1029 disci-

1999 1065 2107 1134 puli
2137 1076 2420 1120 servantes
2466 1075 2735 1137 przecepta
2781 1081 2933 1132 mea,
2973 1067 3041 1122 de
3085 1083 3171 1122 me
3213 1069 3266 1122 in
3312 1074 3592 1138 posterum

1996 1155 2312 1226 loquuntur.
2345 1155 2415 1209 Et
2445 1159 2497 1210 in
2527 1157 2709 1210 limum
2740 1159 2921 1213 mortis
2952 1158 3279 1214 deduxerunt
3327 1175 3428 1213 me.
3472 1159 3588 1214 ΙΙοε

1997 1255 2114 1313 est,
2159 1249 2210 1301 in
2253 1246 2724 1317 incarnationem,
2777 1249 2860 1304 vel
2910 1249 2964 1304 in
3011 1248 3322 1316 infernum,
3377 1249 3597 1320 quando

1996 1338 2208 1393 animas
2254 1350 2564 1394 sanctorum
2628 1339 2830 1396 exinde
2879 1339 3106 1397 deduxit
3152 1357 3360 1401 secum.
3413 1341 3480 1396 Et
3533 1343 3589 1397 in

1997 1433 2178 1486 limum
2205 1434 2382 1487 mortis
2411 1434 2735 1490 deduxerunt
2762 1451 2861 1490 me.
2895 1435 3048 1492 Sicut
3076 1437 3270 1508 impios
3295 1452 3436 1508 quos
3458 1453 3595 1492 ven-

2000 1536 2085 1580 tus
2144 1528 2417 1598 projecit,
2471 1529 2540 1583 ita
2601 1545 2688 1584 me
2741 1529 3196 1586 existimaverunt
3255 1532 3310 1587 iu
3363 1542 3594 1589 mortem

1998 1617 2252 1673 decidere
2286 1638 2298 1673 :
2335 1629 2607 1691 tamquam
2631 1622 2675 1676 si
2705 1637 2995 1692 resurgere
3026 1639 3132 1679 non
3166 1625 3431 1680 valerem.

2073 1710 2332 1777 Quoniam
2371 1713 2826 1768 circumdederunt
2853 1732 2933 1769 me
2958 1733 3110 1771 canes
3159 1716 3332 1771 multi.
3385 1719 3595 1773 Canum

289 1824 511 1880 habere
539 1825 796 1879 dicuntur
819 1866 834 1889 ,
880 1823 1003 1893 quia
1045 1822 1284 1876 litteram
1319 1829 1370 1874 et
1396 1832 1616 1874 sensum
1665 1814 1887 1868 habent.
1922 1802 1969 1861 B
1999 1801 2275 1871 Proprium
2301 1811 2414 1866 ρει,
2451 1814 2507 1856 ut
2533 1803 2758 1859 domino
2797 1821 2898 1861 suo
2924 1807 3336 1878 congaudeant,
3361 1816 3416 1863 et
3439 1809 3598 1864 latro.

286 1921 406 1976 Sed
434 1921 568 1992 ipsi,
603 1920 657 1975 id
673 1917 996 1985 est,lud;ri,
1036 1931 1138 1971 una
1165 1915 1330 1971 ubera
1358 1920 1711 1982 susceperunt
1745 1926 1758 1962 :
1787 1907 1890 1961 hoc

285 2021 424 2079 est,
481 2013 607 2084 quia
659 2013 898 2067 litteram
954 2010 1089 2080 legis
1143 2005 1523 2064 tantummodo
1577 2003 1887 2058 observant.

292 2108 440 2163 Deus
483 2124 622 2162 meus
653 2124 706 2161 es
735 2116 812 2172 tu,
845 2122 907 2160 ne
937 2103 1172 2158 discedas
1202 2121 1233 2156 a
1266 2118 1363 2166 me,
1394 2101 1446 2154 in
1479 2098 1568 2154 die
1601 2093 1888 2168 passionis.

372 2200 635 2268 Quoniam
692 2199 961 2254 tribulatio
1005 2197 1246 2266 proxima
1295 2203 1390 2247 est.
1436 2190 1505 2247 Ut
1555 2191 1671 2260 ipse
1713 2186 1887 2242 dixit:

288 2291 538 2362 Surgite,
559 2306 748 2347 eamus
765 2308 778 2346 :
796 2305 925 2347 ecce
954 2285 1415 2360 apprOpinquavit
1438 2282 1531 2355 qui
1554 2298 1639 2338 me
1667 2281 1891 2336 traditu-

286 2399 393 2440 rus
423 2392 505 2439 est
532 2382 724 2455 (Joan.
753 2386 902 2454 xw}.
928 2382 1051 2437 Non
1073 2391 1146 2436 est
1167 2379 1252 2452 qui
1274 2378 1510 2452 adjuvet,
1531 2391 1705 2448 neque
1729 2389 1892 2446 ange-

288 2480 404 2543 lus,
440 2495 612 2550 neque
645 2478 829 2543 homo,
863 2477 966 2531 nisi
998 2486 1077 2544 tu,
1103 2474 1284 2530 Pater.

369 2569 835 2626 Circumdederunt
867 2587 945 2624 me
981 2568 1134 2623 vituli
1176 2567 1366 2622 multi:
1389 2562 1555 2620 Vituli
1604 2563 1892 2618 lascivien-

287 2675 422 2724 tes:
453 2665 505 2720 id
537 2674 641 2731 est,
665 2663 860 2729 Judaei,
889 2664 979 2733 qui
1010 2661 1359 2718 lascivientes
1405 2668 1457 2714 et
1486 2657 1892 2713 incontinentes

284 2765 474 2814 erant.
506 2755 667 2810 Tauri
695 2757 910 2829 pingues
941 2753 1392 2809 circumdederunt
1415 2767 1516 2805 me.
1550 2751 1657 2806 Pro
1684 2750 1892 2823 pingui-

284 2851 414 2914 bus,
447 2849 806 2919 Symmachus
833 2848 1003 2902 altiles
1028 2847 1418 2916 interpretatus
1446 2853 1550 2900 est.
1575 2843 1632 2898 In
1656 2843 1888 2898 Hebra-o

281 2940 522 2996 verbum
554 2938 770 3010 ponitur
799 2939 997 3004 Bason,
1029 2937 1172 3007 quod
1195 2946 1250 2993 et
1281 2936 1581 3007 ignominia
1602 2931 1892 2989 transferri

291 3040 526 3104 potest:
557 3032 684 3102 quia
736 3029 1192 3084 circumdederunt
1243 3045 1342 3082 me.
1389 3026 1552 3082 Tauri
1602 3025 1887 3094 dicuntur,

284 3132 521 3197 propter
562 3123 873 3195 superbiam
903 3122 1124 3178 illorum
1156 3138 1168 3174 :
1201 3120 1253 3175 id
1280 3129 1396 3185 est,
1447 3119 1723 3191 principes
1769 3119 1891 3174 illo-

1996 1909 2123 1949 nem
2162 1893 2441 1950 allatrent.
2487 1896 2662 1952 Canes
2703 1897 2793 1954 hic
2841 1899 3014 1954 Judasi
3058 1901 3470 1971 intelliguntur,
3505 1905 3597 1973 qui

1994 1985 2388 2042 allatraveruut
2418 1985 2734 2056 Christum,
2788 1999 2846 2046 et
2885 1992 3081 2046 latroni
3111 1993 3391 2063 congavisi
3419 2003 3546 2048 sunt
3579 2012 3595 2050 :

1995 2076 2101 2132 hoc
2123 2087 2200 2132 est
2221 2118 2238 2145 ,
2274 2077 2832 2152 Barrabbaezquando
2861 2083 3011 2138 illum
3033 2085 3338 2154 petierunt,
3367 2093 3422 2140 et
3441 2085 3603 2141 Clari-

1993 2179 2138 2226 stum
2185 2170 2506 2228 occiderunt
2561 2172 2740 2246 (Joan.
2776 2175 2926 2241 xvut)
2987 2194 3000 2230 :
3065 2177 3327 2242 Quoniam
3373 2180 3595 2232 circurn-

1994 2265 2244 2320 dederunt
2271 2282 2351 2320 me
2380 2283 2532 2321 canes
2560 2270 2710 2323 multi
2741 2284 2761 2323 :
2790 2285 2898 2324 non
2933 2269 3230 2341 loquentes
3271 2281 3420 2326 recta
3441 2313 3456 2338 ,
3497 2273 3595 2328 sed

1995 2361 2259 2417 latrantes
2292 2363 2494 2435 iniqua.
2523 2362 2810 2418 Consilium
2831 2364 3231 2438 malignantium
3261 2365 3457 2420 obsedit
3489 2383 3591 2421 me.

1993 2454 2358 2528 Congregatio
2381 2459 2719 2516 Judzeorum.
2751 2458 2914 2516 Canes
2940 2461 3106 2515 multi.
3143 2460 3250 2516 Pro
3279 2461 3505 2518 canibus
3538 2463 3593 2519 in

1996 2548 2228 2607 llebrzeo
2255 2552 2419 2611 habet
2447 2555 2726 2622 chelabim,
2771 2554 2918 2626 quod
2949 2556 3143 2626 Aquila
3188 2565 3243 2610 et
3287 2555 3594 2612 Theodotio

1995 2654 2262 2702 venatores
2306 2648 2650 2718 interpretati
2689 2658 2834 2704 sunt.
2870 2649 3158 2705 Concilium
3201 2651 3594 2722 malignantium

1995 2739 2190 2794 obsedit
2229 2757 2327 2794 me.
2375 2741 2552 2798 Judaei
2591 2741 2962 2799 obsederunt:
2996 2743 3049 2800 id
3075 2753 3190 2814 est,
3221 2745 3598 2802 circumdede-

1996 2842 2124 2887 ruut
2151 2832 2453 2888 Christum.

2068 2929 2340 2986 Foderunt
2373 2947 2557 2987 manus
2614 2948 2754 2986 meas
2795 2941 2844 2986 et
2872 2931 3027 3004 pedes
3057 2948 3216 2986 meos.
3253 2933 3594 2989 Praeter-itum

1997 3044 2095 3099 pro
2141 3028 2327 3084 futuro
2367 3028 2600 3097 ponitur.
2652 3025 2952 3094 Foderunt,
2995 3027 3182 3081 clavos
3237 3027 3501 3095 ﬁxerunt,
3541 3038 3596 3083 et

2001 3122 2235 3176 lruetum
2264 3135 2518 3191 magnum
2561 3119 2887 3174 invenerunt
2922 3137 2935 3174 :
2972 3118 3024 3174 id
3055 3127 3140 3173 est
3161 3159 3175 3184 ,
3205 3119 3432 3174 salutem
3457 3135 3594 3188 gen-

284 3179 419 3274 ium
443 3216 598 3272 Anna
629 3179 685 3272 et
711 3214 972 3286 Caiphas,
1005 3214 1088 3269 vel
1119 3213 1336 3283 reliqui.
1369 3211 1636 3283 Pingues,
1669 3219 1892 3282 prOpter
1919 3179 1966 3243 ϐ
1999 3213 2152 3268 tium.
2178 3212 2247 3266 Et
2287 3212 2741 3266 dinumeraverunt
2789 3210 2961 3264 omnia
2990 3226 3107 3264 ossa
3154 3225 3284 3264 mea.
3331 3209 3390 3264 In
3427 3224 3597 3266 cruce

283 3307 713 3366 crassitudinem
748 3305 992 3362 malitim.

369 3404 695 3470 Aperuerunt
722 3402 774 3455 in
804 3417 884 3454 me
906 3416 961 3454 os
987 3415 1160 3454 suum.
1185 3395 1417 3466 Quando
1448 3395 1737 3460 dixerunt,
1765 3409 1891 3450 cru-

283 3495 569 3566 ciiigatur.
599 3494 746 3549 Sicut
777 3493 855 3548 leo
882 3493 1085 3564 rapiens
1113 3500 1158 3546 et
1182 3491 1414 3563 rugiens.
1442 3488 1498 3543 ld
1526 3497 1609 3543 est
1627 3530 1642 3554 ,
1673 3487 1891 3558 quando

285 3590 362 3644 de
420 3587 516 3642 illo
582 3585 899 3657 cogitabant
963 3583 1240 3656 quomodo
1304 3598 1428 3638 eum
1487 3581 1883 3638 interficerent.

289 3681 525 3751 Rapiens
545 3720 559 3745 ,
599 3678 813 3748 quando
846 3693 969 3734 cum
1001 3677 1197 3748 gladiis
1224 3684 1280 3732 et
1310 3675 1549 3731 fustibus
1581 3690 1707 3731 eum
1737 3689 1890 3730 com-

289 3772 732 3848 prehenderunt.

373 3865 517 3919 Sicut
550 3880 685 3935 aqua
737 3862 930 3930 effusus
975 3879 1120 3927 sum,
1169 3870 1215 3916 et
1270 3862 1504 3934 dispersa
1551 3871 1674 3916 sunt
1718 3862 1892 3915 omnia

288 3973 412 4012 ossa
443 3973 575 4012 mea.
603 3955 694 4011 Sic
719 3955 1008 4011 voluerunt
1029 3955 1202 4011 Judaei
1233 3954 1508 4011 Christum
1542 3957 1893 4024 exstinguere

288 4051 452 4122 quasi
505 4065 734 4120 aquam,
787 4065 906 4120 qua:
967 4051 1247 4115 hauritur,
1301 4057 1359 4104 et
1413 4049 1773 4119 dispergitur,
1838 4059 1894 4104 et

293 4159 407 4199 non
441 4143 754 4197 revertitur.
791 4139 1040 4211 Dispersa
1073 4149 1191 4194 sunt
1238 4142 1413 4195 omnia
1439 4158 1555 4197 ossa
1585 4158 1720 4197 mea.
1754 4142 1891 4197 Ossa

292 4234 523 4300 Christi,
554 4234 789 4303 apostoli
829 4233 1110 4299 dicuntur;
1143 4233 1266 4302 quia
1293 4234 1435 4290 sicut
1474 4249 1603 4290 caro
1636 4237 1706 4290 ab
1753 4236 1895 4290 ossi-

295 4329 404 4383 bus
431 4327 739 4395 robora:ur,
778 4328 848 4382 ita
875 4334 929 4380 et
949 4341 1148 4395 corpus
1170 4323 1406 4395 Christi,
1433 4329 1576 4397 quod
1603 4336 1684 4382 est
1709 4326 1896 4382 Eccle-

294 4421 376 4474 sia
396 4461 410 4484 ,
441 4419 509 4474 ab
539 4417 801 4489 apostolis
829 4418 914 4472 vel
941 4417 1262 4472 doctoribus
1296 4417 1567 4472 lirmatur.

373 4509 595 4565 Factum
622 4519 696 4564 est
721 4527 809 4565 cor
839 4527 1025 4565 meum.
1055 4510 1161 4565 Cor
1186 4506 1392 4564 Christi
1417 4509 1668 4564 Ecclesia
1691 4508 1893 4564 intelli-

292 4605 462 4676 gitur,
507 4611 797 4674 antequam
843 4603 1096 4658 Christus
1160 4599 1491 4656 ascenderet
1533 4601 1584 4654 in
1627 4599 1891 4672 crucemi:

295 4715 423 4770 quae
468 4699 605 4754 dura
635 4697 918 4754 videbatur
959 4714 1119 4762 esse,
1170 4695 1296 4768 quia
1340 4694 1496 4765 pauci
1531 4711 1628 4764 pro
1675 4693 1897 4750 nomine

299 4792 447 4847 illius
477 4790 844 4861 patiebantur.
875 4789 1030 4846 Unde
1055 4789 1257 4844 dicitur
1284 4806 1295 4841 :
1329 4786 1436 4841 Pro
1461 4785 1609 4856 justo
1635 4786 1756 4856 quis
1784 4800 1899 4840 mo-

296 4886 484 4941 ritur?
536 4883 826 4953 Tamquam
871 4900 988 4938 cera
1049 4885 1360 4954 liquesceus.
1413 4879 1551 4947 Quia
1611 4892 1896 4952 postquam

298 4975 556 5031 Christus
578 4974 824 5030 ascendit
848 4976 900 5029 in
922 4989 1159 5043 crucem,
1177 4985 1362 5045 postea
1387 4985 1581 5027 omnes
1595 4973 1763 5027 sancti
1788 4987 1897 5028 cte-

300 5077 502 5138 perunt
559 5066 963 5121 tribulationem
1023 5081 1122 5135 pro
1167 5066 1285 5136 ipso
1341 5065 1620 5119 sustinere
1678 5075 1901 5134 propter

297 5175 454 5230 spem
513 5158 887 5214 retributionis
935 5157 1104 5213 futuri
1157 5158 1401 5212 muneris
1450 5156 1642 5228 (Rom.
1695 5154 1770 5226 v).
1832 5154 1898 5210 In

298 5253 468 5309 medio
521 5252 708 5306 ventris
763 5251 884 5306 mei.
936 5251 1048 5305 Hoc
1104 5258 1221 5316 est,
1276 5249 1330 5303 in
1379 5249 1562 5306 medio
1616 5247 1896 5303 Ecclesiae.

300 5341 527 5398 Factum
572 5352 646 5398 est
682 5359 772 5398 cor
820 5359 988 5396 meum
1037 5354 1299 5412 tamquam
1343 5358 1461 5396 cera
1510 5343 1797 5412 liquescens
1846 5342 1900 5396 in

297 5436 471 5493 medio
515 5437 702 5490 ventris
750 5436 869 5490 mei.
922 5435 1203 5507 Sapientia
1243 5450 1387 5502 mea,
1423 5450 1541 5505 qua:
1589 5434 1742 5504 prius
1791 5450 1898 5490 non

295 5529 743 5600 intelligebatur,
785 5543 1016 5585 accensa
1051 5529 1162 5600 igni
1211 5526 1482 5598 passionis
1531 5527 1793 5595 incaluit,
1845 5536 1900 5584 ct

294 5623 552 5695 suscepta
580 5634 664 5680 εει
691 5623 760 5679 ab
786 5622 1060 5679 Ecclesia.

375 5715 598 5772 Exaruit
621 5727 879 5788 tamquam
909 5726 1039 5770 testa
1064 5717 1224 5771 virtus
1253 5731 1389 5770 mea.
1411 5713 1577 5770 Testa
1610 5722 1899 5787 antequam

292 5813 354 5868 in
397 5809 523 5883 igne
561 5820 828 5882 ponatur,
883 5809 1092 5868 infirma
1137 5818 1222 5867 est
1272 5827 1285 5865 :
1342 5810 1735 5883 postquam.in
1781 5809 1902 5882 igne

1852 4571 1977 4630 s.D

1995 3307 2232 3362 distenta
2261 3313 2664 3375 conspexerunt
2690 3302 2936 3359 membra
2968 3316 3087 3356 sua.

2068 3397 2180 3469 Ipsi
2225 3414 2344 3452 vero
2387 3396 2867 3460 consideraverunt,
2916 3401 3022 3449 etc.
3069 3391 3323 3447 Dicentes
3374 3411 3386 3448 :
3437 3393 3593 3450 Alios

1993 3493 2178 3548 salvos
2218 3492 2346 3547 lecit
2393 3507 2406 3544 :
2457 3490 2697 3561 seipsum
2746 3501 2852 3542 nou
2915 3493 3095 3556 potest
3146 3485 3357 3541 salvum
3411 3486 3596 3543 lacero

1997 3586 2176 3659 (Matt.
2211 3586 2411 3656 xxvn).

2067 3677 2366 3735 Diviserunt
2397 3678 2492 3732 sibi
2523 3678 2822 3732 vestimenta
2858 3693 2990 3732 mea.
3025 3675 3320 3731 Facientes
3364 3673 3582 3730 unicui-

1994 3789 2101 3844 quc
2125 3771 2284 3827 militi
2309 3784 2522 3842 partem
2549 3788 2729 3826 suam.
2763 3769 2831 3824 Et
2857 3787 3012 3840 super
3039 3779 3220 3826 restent
3245 3785 3412 3824 meam
3433 3768 3587 3824 mise-

1995 3874 2117 3920 runt
2143 3874 2352 3920 sortem.
2385 3865 2710 3920 Tractautes
2753 3864 2822 3920 de
2862 3863 3043 3920 tunica
3078 3881 3092 3918 :
3122 3862 3240 3918 Non
3268 3863 3585 3919 seindamus

1997 3972 2116 4012 eam
2160 3975 2174 4012 :
2223 3957 2317 4011 sed
2363 3956 2658 4011 sortiamur
2706 3957 2774 4011 de
2817 3972 2881 4012 ea
2921 3958 3079 4028 cujus
3113 3958 3205 4031 sit.
3242 3956 3338 4013 Vel
3370 3958 3538 4013 aliter
3575 3978 3589 4014 :

1999 4047 2301 4104 Diriserunt
2329 4049 2426 4104 sibi
2457 4050 2757 4104 vestimenta
2778 4067 2920 4114 utea,
2953 4062 3000 4106 et
3027 4068 3184 4124 super
3208 4062 3397 4106 vestem
3422 4069 3590 4106 meam

1999 4143 2247 4197 miserunt
2293 4151 2502 4197 sortem.
2555 4142 2711 4211 Quod
2773 4153 3010 4215 quatuor
3080 4144 3288 4200 milites
3344 4145 3596 4201 fecerunt

1998 4247 2228 4304 quatuor
2261 4243 2480 4305 partes,
2513 4243 2570 4290 et
2597 4234 2839 4290 tunicam
2873 4251 2978 4290 non
3021 4234 3334 4291 diviserunt
3367 4255 3380 4291 :
3420 4238 3594 4308 signi-

1998 4324 2200 4381 ﬁcabat
2239 4327 2502 4382 unitatem
2549 4327 2843 4395 Ecclesiae,
2890 4327 3036 4398 quod
3068 4344 3174 4383 non
3223 4328 3597 4387 scinderetur.

1999 4415 2204 4472 Volunt
2229 4416 2474 4473 ha'retiei
2514 4434 2634 4473 eam
2665 4418 2948 4486 scindere,
2974 4429 3028 4476 et
3057 4435 3164 4477 non
3195 4431 3444 4492 possunt.

2079 4508 2156 4562 Tu
2187 4518 2391 4575 autem,
2436 4508 2686 4576 Domine,
2717 4527 2780 4564 ne
2809 4512 3132 4582 elongaveris
3163 4513 3421 4568 auxilium
3450 4525 3596 4570 tuum

2001 4617 2034 4654 a
2062 4618 2162 4654 me.
2195 4600 2524 4656 Humanitas
2554 4603 2622 4656 ad
2652 4603 2996 4660 divinitatem
3039 4607 3281 4676 loquitur
3315 4625 3326 4660 :
3361 4614 3418 4660 ut
3445 4608 3600 4662 auxi-

2003 4695 2166 4749 lietur
2189 4693 2239 4748 ei
2271 4695 2322 4748 in
2355 4703 2601 4765 tempore
2631 4696 2934 4751 Passionis.
2970 4697 3054 4751 Tu
3084 4708 3287 4766 autem,
3333 4698 3590 4764 Domine,

2002 4805 2066 4843 ue
2102 4787 2422 4860 elongavrris
2463 4789 2717 4844 auxilium
2764 4800 2910 4844 tuum
2960 4807 2992 4844 a
3046 4807 3160 4858 me;
3206 4793 3302 4848 sed
3347 4793 3597 4862 protinus

2005 4899 2091 4938 nte
2127 4885 2416 4940 resuscita.
2466 4884 2547 4937 Ad
2594 4884 2939 4954 defensionem
2983 4902 3152 4940 meam
3188 4888 3458 4958 ’conspice.
3504 4887 3587 4944 Ne

2003 4978 2131 5048 quid
2161 4977 2292 5032 mihi
2326 4993 2452 5049 pars
2481 4978 2678 5033 inl'erni
2707 4978 2796 5033 illa
2826 4979 3048 5033 voracis
3077 4979 3399 5048 praevaleat.

2077 5068 2217 5124 Erue
2242 5073 2494 5140 aframea
2529 5071 2758 5124 animant
2781 5085 2968 5124 meam.
3019 5070 3168 5126 Erue
3211 5085 3239 5124 a
3288 5069 3471 5141 gladio
3510 5071 3600 5128 vel

2003 5161 2209 5217 malitia
2237 5159 2572 5216 Judreorum.
2618 5159 2711 5215 Vel
2745 5176 2880 5216 erue
2918 5162 3159 5218 animam
3192 5175 3367 5217 meam
3398 5161 3467 5216 de
3495 5161 3588 5217 illa

2002 5261 2299 5322 potestate,
2331 5268 2452 5323 qua:
2474 5251 2787 5308 seducendo
2805 5252 3044 5324 jugulat.
3079 5251 3145 5306 Et
3173 5254 3238 5306 de
3261 5269 3420 5308 manu
3443 5255 3589 5310 canis

2004 5345 2207 5398 unicam
2238 5360 2422 5398 meam.
2466 5345 2671 5409 Canes,
2700 5343 2896 5400 Judaei.
2943 5343 3107 5400 Unica
3147 5362 3160 5398 :
3193 5343 3246 5399 id
3279 5352 3386 5414 est,
3418 5345 3600 5402 anima

2007 5434 2233 5491 Christi.
2266 5433 2432 5490 Unica
2475 5433 2710 5502 dicitur,
2762 5435 2886 5506 quia
2933 5450 3045 5490 non
3095 5435 3261 5492 habet
3306 5444 3594 5506 peccatum

2014 5527 2108 5583 illa
2134 5527 2312 5583 anima
2335 5569 2349 5593 ,
2379 5536 2435 5583 et
2463 5528 2582 5583 alia:
2609 5528 2807 5584 animae
2833 5530 2903 5585 ab
2933 5530 3048 5601 ipsa
3090 5531 3443 5586 mundantur.
3497 5529 3598 5588 Vel

2010 5621 2170 5677 unica
2192 5662 2205 5686 ,
2236 5620 2482 5678 Ecclesia
2516 5637 2530 5677 :
2561 5630 2610 5676 et
2640 5622 2705 5677 de
2733 5639 2890 5677 manu
2921 5623 3064 5678 canis
3106 5638 3126 5680 :
3153 5624 3222 5681 de
3246 5638 3342 5681 ore
3372 5623 3600 5692 inferni,

2012 5717 2104 5789 qui
2131 5729 2282 5772 more
2307 5716 2505 5772 canino
2524 5713 2681 5771 avide
2706 5715 2958 5772 devorat.

2085 5809 2302 5866 Salvam
2328 5824 2408 5866 me
2444 5810 2526 5881 {ac
2563 5808 2627 5864 de
2655 5825 2746 5866 ore
2778 5809 2959 5870 leonis.
3004 5809 3078 5869 Os
3122 5811 3329 5881 leonis,
3378 5809 3610 5884 populus
