3980 6278
464 328 570 380 8ἓ5

466 439 731 496 Judaicus
764 450 778 487 :
813 437 989 502 proptr

473 528 718 588 cornibus
767 520 1097 577 unicornium
1135 508 1481 567 humilitatem
1526 516 1711 556 meam.
1743 494 2060 560 Unicornis,

476 626 593 693 ipse
625 616 860 690 populus
886 607 1145 667 Judaicus
1174 597 1499 667 intelligitur
1529 612 1543 648 :
1579 591 1703 660 quia
1735 603 1903 642 unum
1936 598 2062 641 cor-

478 732 552 772 nu
593 712 789 773 habet,
823 704 876 760 id
916 709 1034 766 est,
1079 712 1242 752 unum
1283 694 1459 762 legem
1508 705 1520 740 :

477 819 674 863 omnes
701 808 895 872 gentes
932 801 1058 848 ante
1098 782 1611 860 praevaricationem
1645 775 1886 829 illorum.
1928 769 1991 823 ιςι

480 861 730 954 cornibus:
744 887 1069 946 unicornium
1091 878 1439 934 humilitatem
1460 885 1646 927 meam.
1671 867 1718 925 Α
1740 861 2071 921 satellitibus

480 990 697 1045 Satanae
727 1002 739 1036 :
773 995 869 1053 per
898 991 1040 1049 quos
1071 972 1319 1029 homines
1349 961 1702 1035 singulariter
1735 958 1790 1013 in
1817 954 2072 1026 superbia

480 1045 813 1136 exaltantur.
847 1045 1031 1139 Usque
1068 1066 1173 1119 huc
1202 1061 1270 1117 de
1301 1058 1564 1114 Passione
1603 1051 1742 1108 dixit
1794 1067 1808 1104 :
1850 1048 1960 1118 jam
2005 1045 2074 1099 de

481 1167 893 1228 resurrectione
926 1160 1166 1230 loquitur
1195 1168 1318 1209 cum
1347 1150 1482 1205 dICll
1511 1165 1524 1202 :

558 1260 804 1319 Narrabo
832 1229 1018 1311 nomen
1062 1262 1203 1303 tuum
1237 1242 1487 1317 fratribus
1512 1238 1658 1293 meis.
1700 1234 1813 1289 Vox
1853 1229 2074 1286 Christi.

486 1358 749 1418 Fratres,
804 1344 1076 1419 apostoli,
1119 1349 1412 1411 postquam
1462 1326 1797 1395 resurrexit,
1854 1333 1913 1379 ut
1960 1323 2078 1393 ipse

484 1452 602 1504 ait:
637 1415 745 1509 Ite,
772 1415 1023 1496 nuntiate
1046 1432 1303 1489 fratribus
1337 1428 1505 1494 meis,
1560 1435 1617 1479 ut
1646 1428 1774 1479 eaut
1822 1419 1877 1473 in
1927 1415 2078 1472 Gali-

487 1542 645 1597 laeam
667 1579 681 1603 ,
715 1508 790 1590 ibi
836 1546 925 1587 me
966 1527 1224 1583 videbunt
1272 1520 1453 1595 (Matt.
1496 1516 1577 1589 ι).
1610 1514 1675 1569 1η
1704 1511 1873 1568 medio
1902 1508 2081 1564 Eccle-

487 1634 578 1688 sia:
624 1626 846 1683 laudabo
876 1635 944 1680 te.
996 1621 1109 1676 lloc
1137 1625 1244 1685 est,
1276 1617 1328 1670 in
1388 1613 1597 1667 unitate
1648 1604 1912 1663 Ecclesiae
1968 1619 1981 1656 :
2030 1600 2083 1655 in

486 1729 671 1782 medio
728 1718 1067 1777 credentium
1124 1711 1473 1784 populorum.
1515 1700 1765 1759 Laudabo
1806 1708 1889 1762 te,
1937 1710 2082 1766 pra:-

490 1816 686 1872 dicubn
716 1825 788 1868 te.

570 1908 671 1976 Qui
704 1904 892 1960 timetis
923 1900 1225 1961 Dominum,
1255 1892 1465 1949 laudate
1502 1903 1642 1943 eum.
1670 1884 1873 1942 Omnes
1912 1875 2086 1933 sancti

494 2002 587 2074 qui
615 2001 815 2055 timore
851 2006 1043 2051 sancto
1085 1990 1235 2045 illum
1264 1988 1493 2049 timent,
1524 1978 1746 2036 laudant
1780 1990 1926 2031 eunt.
1961 1968 2093 2025 Uni-

494 2110 695 2150 versum
716 2104 885 2144 semen
905 2086 1090 2152 Jacob,
1119 2078 1448 2152 magniﬁcate
1474 2091 1610 2131 eum.
1640 2071 1693 2126 ld
1719 2080 1828 2136 eSI,
1859 2062 2094 2138 populus

497 2192 679 2250 minor
696 2234 709 2259 ,
734 2186 1189 2259 supplantatores
1211 2174 1506 2235 vitiorum,
1533 2163 1878 2236 magnilicate
1903 2158 2090 2214 illum:

501 2256 943 2343 Christianarum
998 2277 1187 2346 utique
1233 2284 1457 2336 semen,
1503 2263 1593 2321 cui
1638 2261 1851 2318 serviet
1896 2256 2093 2327 major.

502 2381 659 2457 (Gen.
696 2378 847 2448 xxv).

580 2476 781 2530 Timeat
821 2486 936 2525 eum
982 2481 1131 2522 omne
1177 2478 1347 2519 semen
1395 2456 1584 2515 Israel.
1638 2451 1754 2509 Hoc
1778 2456 1863 2507 est
1907 2457 2100 2503 omnes

507 2570 762 2623 videntes
791 2564 963 2619 Deum
988 2600 1003 2625 ,
1034 2558 1125 2628 qui
1155 2552 1332 2611 renati
1365 2567 1463 2623 per
1494 2546 1822 2617 baptismum
1850 2580 1866 2605 ,
1896 2537 2098 2593 videtis

510 2671 695 2717 mente
736 2658 930 2713 Deum.
982 2650 1243 2719 Quoniam
1290 2664 1393 2702 non
1436 2641 1624 2716 sprevit
1668 2654 1828 2708 neque
1870 2633 2101 2706 despexit

511 2757 925 2829 deprecationem
961 2745 1203 2819 pauperis
1231 2761 1248 2798 :
1282 2740 1477 2806 Meam,
1509 2736 1600 2807 qui
1631 2748 1726 2805 pro
1752 2730 1907 2787 vobis
1929 2729 2103 2782 tactus

512 2818 633 2905 su'm
682 2860 909 2915 pauper.
936 2840 1037 2896 Vel
1070 2818 1311 2909 populus
1354 2829 1700 2887 Christianos
1748 2842 1853 2879 ttou
1897 2818 2107 2892 sprevit

520 2948 681 3004 Deus.
716 2939 810 2995 sed
846 2932 1125 2992 exaudivit
1140 2969 1153 2984 .
1866 2980 1871 2985 δ

590 3036 771 3106 Neque
800 3029 985 3087 avertit
1014 3025 1202 3094 faciem
1230 3036 1380 3075 suout
1416 3034 1447 3072 a
1489 3032 1589 3072 me.
1620 3010 1729 3070 Sed
1758 3005 2107 3066 resnscitavit

514 3148 604 3187 me
634 3146 663 3185 a
695 3124 939 3184 mortuis.
970 3119 1038 3175 Et
1067 3131 1183 3173 cum
1218 3113 1494 3169 clamarent
1543 3109 1610 3162 ad
1649 3122 1764 3162 eum
1786 3145 1801 3171 ,
1836 3098 2107 3158 exaudivit

507 3241 607 3280 me.
641 3221 1000 3289 liespondens
1033 3231 1045 3267 :
1093 3212 1157 3266 Et
1191 3204 1526 3269 clariticavi,
1572 3213 1624 3257 et
1666 3202 1863 3254 iterum
1901 3194 2105 3250 clariti-

515 3286 856 3385 cabo(1oan.
887 3307 989 3376 xu)
1020 3322 1033 3358 :
1062 3300 1318 3357 Christus
1338 3293 1624 3353 exauditus
1642 3301 1725 3346 est
1748 3291 1800 3344 in
1826 3286 2106 3354 Passione,

516 3420 573 3463 et
603 3404 845 3461 Ecclesia
878 3401 931 3453 in
961 3393 1332 3450 tribulatione.

593 3496 746 3569 Apud
792 3503 839 3547 te
867 3491 980 3546 laus
1014 3502 1131 3539 mea
1158 3483 1211 3537 in
1240 3478 1480 3533 Ecclesia
1509 3490 1715 3546 magna.
1749 3469 1806 3525 Id
1832 3478 1937 3534 est,
1969 3466 2110 3538 apud

519 3557 739 3647 Patrem
764 3593 818 3636 ut
837 3579 973 3636 dixit
999 3595 1010 3629 :
1040 3576 1151 3644 Ego
1170 3583 1223 3626 et
1247 3571 1407 3625 Pater
1429 3582 1594 3620 unum
1616 3578 1802 3620 smnus
1826 3559 2005 3631 (Joan.
2030 3557 2110 3630 ι).

517 3682 670 3756 Apud
694 3689 741 3732 te
762 3675 877 3729 laus
903 3686 1015 3725 mea
1037 3669 1092 3721 in
1116 3663 1348 3718 Ecclesia
1369 3674 1598 3731 magna:
1626 3670 1748 3727 qua:
1773 3669 1869 3726 per
1892 3667 2112 3708 omnem

521 3744 713 3831 urbem
756 3778 1021 3823 terrarum
1065 3754 1388 3814 credulitate
1429 3750 1621 3807 diﬁ‘usa
1664 3758 1768 3805 est.
1830 3744 1957 3799 Vota
2002 3761 2116 3799 mea

524 3866 749 3922 Domino
781 3858 995 3915 reddam
1016 3867 1192 3908 coram
1222 3846 1516 3903 timentibus
1546 3860 1680 3899 cum.
1713 3840 1847 3895 Vota
1875 3838 2115 3906 Christi,

529 3954 786 4013 nativitas
830 3950 917 4004 vel
959 3945 1143 4016 passio
1188 3958 1204 3995 :
1248 3947 1375 3997 vota
1428 3936 1722 4004 Ecclesitc,
1754 3949 1920 4003 opera
1952 3931 2113 3987 bona.

527 4047 628 4102 Vel
675 4041 1000 4113 mysterium
1049 4030 1297 4104 corporis
1339 4044 1403 4085 ac
1439 4026 1720 4098 sanguinis
1751 4024 1857 4079 mei
1888 4022 2117 4078 otl‘erant

530 4154 651 4197 cum
684 4138 768 4193 his
794 4133 885 4205 qui
913 4134 965 4187 in
995 4129 1113 4201 ejus
1145 4127 1338 4183 timore
1377 4123 1495 4179 hmo
1526 4120 1826 4177 celebrant.

605 4229 777 4284 Edent
822 4236 1070 4297 pauperes
1106 4227 1152 4273 et
1188 4216 1585 4281 saturabuntur.
1627 4212 1942 4281 Pauperes,
1986 4220 2121 4277 apo-

533 4321 696 4387 stoli,
743 4316 910 4373 edent
955 4326 1154 4382 corpus
1201 4306 1423 4365 Christi.
1476 4303 1789 4359 Laudabunt
1841 4296 2125 4353 Dominum

532 4414 621 4481 qui
649 4409 906 4481 requirent
929 4420 1068 4460 eum.
1093 4401 1200 4458 Per
1229 4399 1388 4455 tinem
1420 4406 1476 4453 et
1502 4410 1667 4467 opera
1690 4398 2123 4462 cognoscentes,

534 4505 680 4579 quod
725 4504 841 4574 ipse
888 4508 973 4556 est
1017 4497 1169 4570 panis
1215 4495 1365 4551 vivus
1409 4490 1501 4563 qui
1551 4489 1618 4546 de
1663 4488 1805 4544 caelo
1842 4483 2127 4541 descendit

538 4601 721 4673 (toan.
754 4596 855 4669 Vl).

619 4691 799 4748 Vivent
828 4686 989 4742 corda
1012 4701 1189 4741 eorum
1215 4685 1270 4739 in
1304 4682 1552 4738 steculum
1582 4679 1781 4741 amuli.
1811 4677 1919 4736 Cor
1948 4679 2129 4735 animo

539 4788 803 4858 ipsorum.
844 4779 975 4837 Sine
1008 4776 1297 4848 tine,quia
1344 4776 1435 4847 qui
1480 4773 1886 4830 manducaverit
1917 4788 1984 4828 ex
2029 4771 2133 4828 hoc

542 4891 684 4949 pane
704 4916 720 4943 ,
754 4874 900 4929 vivet
926 4871 978 4926 in
1007 4885 1073 4927 eo
1094 4868 1395 4942 spiritualis
1416 4881 1613 4923 sensus
1636 4865 1690 4921 in
1714 4864 2130 4935 sempiternum.

615 4968 1025 5025 Reminisceutur
1055 4971 1106 5018 et
1145 4968 1499 5018 convertentur
1542 4957 1613 5012 ad
1643 4956 1920 5013 Dominunt
1959 4971 2133 5010 omnes

541 5067 669 5136 ﬁnes
700 5073 872 5118 terrae.
905 5060 1022 5115 Hoc
1045 5065 1162 5125 est,
1208 5055 1337 5113 fecit
1380 5053 1640 5109 Dominus
1688 5053 1829 5108 Deus
1872 5048 2129 5121 pollutum

538 5156 913 5215 Christianum
935 5196 951 5222 ,
979 5163 1038 5207 ιιι
1065 5149 1451 5207 recordaretur
1474 5146 1529 5203 in
1553 5162 1677 5203 eum
1697 5186 1714 5215 ,
1744 5154 1801 5202 et
1830 5152 2132 5202 revertere-

542 5261 633 5307 tur
660 5251 727 5306 de
754 5248 855 5304 viis
897 5245 1015 5303 suis
1063 5243 1270 5315 pravis.
1302 5240 1497 5296 Omnis
1549 5238 1837 5295 multitudo
1885 5238 2137 5310 gentium

544 5348 943 5413 recognoscant
973 5351 1034 5393 se
1060 5336 1117 5391 in
1162 5332 1407 5391 tenebris
1446 5332 1717 5389 involutos
1763 5348 1776 5387 :
1814 5329 1942 5387 ideo
1973 5346 2135 5387 acce-

546 5437 681 5491 dunt
709 5444 765 5488 ιιι
792 5429 1193 5487 illuminentur.

616 5527 687 5583 Et
731 5524 1026 5580 adorabunt
1070 5523 1128 5577 in
1173 5528 1447 5593 conspectu
1491 5520 1607 5591 ejus
1632 5518 1882 5574 universa!
1921 5514 2140 5587 familia:

542 5618 787 5688 gentium.
841 5616 906 5671 Et
953 5614 1038 5669 hic
1084 5610 1346 5677 adorant.
1384 5611 1522 5665 etin
1562 5608 1744 5665 futuro
1776 5626 1789 5663 :
1821 5608 1947 5679 quia
1975 5607 2134 5676 juxta

545 5704 866 5771 Apostolum
884 5745 899 5767 ,
928 5702 1029 5771 ipsi
1051 5700 1340 5755 nectentur
1358 5700 1537 5754 omnia
1556 5713 1731 5770 genua
1755 5696 2017 5772 (Philipp.
2047 5696 2139 5766 ιι).

622 5791 881 5857 Quoniam
914 5791 1125 5845 Domini
1156 5800 1227 5846 est
1256 5807 1468 5864 regnum
1512 5804 1601 5847 :et
1652 5794 1760 5864 ipse
1795 5790 2141 5847 dominabitur

1251 294 1598 356 APPENDIX
1642 292 1734 349 AD
1772 285 2020 344 τθιιιιιι
2061 274 2419 341 ΒῖιΡΤιΜυΜ
2459 273 2520 329 S.
2564 265 2865 324 IllERONY
2882 261 2972 319 Ml.

993 442 1037 480 ιι·
1067 419 1443 479 fortitudinem
1490 408 1709 466 malitia:
1749 420 1883 461 sum.
1918 401 1989 457 Et
2025 417 2057 454 a
2086 410 2133 467 Α
2161 394 2409 472 gentium.
2435 366 3653 458 Regnumdiaholiceridit,ctregnnmChriSti
3682 363 3775 418 ad-

2166 455 2336 543 venit.
2356 480 2697 539 Aseendcnte
2714 491 2780 529 eo
2807 475 2859 529 in
2880 470 3059 534 cretis,
3083 465 3264 521 omnia
3282 462 3529 532 subjecta
3555 466 3685 512 sunt
3701 455 3773 510 ei.

2153 4558 2209 4619 Β

3662 248 3781 305 881.

2244 574 2686 633 Manducuverunt
2717 576 2762 621 et
2809 563 3154 618 adoraverunt
3177 571 3350 610 omnes
3389 550 3574 606 divites
3600 556 3771 599 terra.

1570 643 1713 739 unde
1764 677 2068 736 ventilabat
2169 671 2229 727 Id
2270 679 2392 739 est,
2442 662 2674 734 apostoli
2728 658 2814 715 vcl
2862 653 3045 711 caeteri
3093 647 3268 705 sancti
3311 643 3779 702 manducaveruot

2036 784 2070 821 a
2170 732 2626 831 corpusChristi,
2660 760 2719 806 ut
2745 749 2879 806 dixit
2901 743 3174 817 superius.
3224 737 3593 795 Divitesterrte
3627 732 3771 788 :hoc

2174 829 2288 917 est,
2324 853 2376 906 in
2407 848 2543 917 iidc,
2573 855 2628 902 et
2655 858 2859 914 apere.
2888 836 2972 894 vel
3013 831 3302 890 virtutibus
3327 848 3340 885 :
3370 829 3770 900 cognoscentes

2175 945 2299 1015 quia
2338 914 2538 997 suavis
2559 945 2644 993 est
2691 932 2970 990 Dominus.
3024 926 3089 982 In
3128 929 3406 994 conspectu
3436 919 3555 991 ejus
3588 914 3776 971 cadent

2174 1033 2399 1092 universi
2424 1032 2511 1104 qui
2541 1027 2853 1085 descendunt
2883 1024 2939 1077 in
2969 1028 3179 1075 terram.
3209 1008 3503 1071 Procident
3524 1053 3540 1078 ,
3574 1007 3630 1065 id
3659 1010 3742 1064 est
3766 1048 3783 1074 ,

2178 1135 2491 1199 peccatores
2530 1123 2584 1178 in
2631 1121 2720 1177 die
2765 1115 2957 1189 jndicii
3003 1115 3056 1169 in
3097 1118 3391 1181 conspectu
3444 1105 3542 1161 Dei
3590 1111 3775 1158 erant.

2180 1218 2531 1277 Descendunt
2562 1231 2591 1271 a
2624 1211 2880 1283 superbia
2922 1208 3107 1264 Steculi
3137 1222 3151 1261 :
3182 1212 3240 1261 ut
3264 1201 3494 1258 adorent
3524 1197 3580 1254 in
3613 1211 3779 1252 sensu

2187 1310 2509 1367 humilitatis
2538 1321 2716 1380 purae.

2253 1403 2442 1458 Anima
2467 1377 2585 1454 mea
2614 1397 2694 1453 illi
2726 1396 2850 1451 vivet
2882 1409 2899 1447 :
2936 1400 2981 1447 et
3010 1406 3180 1446 semen
3224 1401 3395 1441 meum
3434 1381 3621 1439 serviet
3664 1377 3787 1450 ipsi.

2184 1495 2458 1560 Ecclesia,
2520 1506 2642 1563 qua:
2696 1489 2807 1560 jam
2867 1500 2973 1542 non
3026 1480 3133 1538 sibi
3189 1479 3349 1544 vivit,
3410 1472 3550 1530 vivit
3599 1477 3783 1526 autem

2183 1588 2434 1646 Christus
2470 1584 2522 1639 in
2552 1598 2635 1638 ea.
2671 1578 2764 1635 Vel
2799 1576 2955 1633 aliter
2988 1593 3002 1630 ε
3036 1572 3223 1628 Anima
3261 1585 3374 1624 mea
3421 1566 3502 1621 illi
3530 1565 3705 1633 vivet,
3749 1568 3795 1616 et

2187 1697 2359 1737 semen
2403 1693 2574 1731 meum
2616 1672 2796 1729 serviet
2842 1668 2965 1743 ipsi.
3017 1664 3210 1722 Anima
3251 1658 3453 1717 Christi
3500 1656 3641 1715 vivit
3688 1654 3798 1709 Deo

2118 1788 2163 1849 Β
2195 1772 2373 1836 Patri,
2397 1777 2454 1826 et
2473 1782 2619 1822 mors
2639 1763 2687 1821 ei
2711 1762 2848 1818 ultra
2872 1776 2979 1815 non
3004 1754 3373 1812 dominabitur
3417 1748 3601 1823 (Rom.
3648 1745 3790 1815 vm).

2199 1864 2293 1918 Vel
2361 1859 2603 1917 Ecclesia
2664 1856 2814 1911 vivet
2870 1848 3109 1907 Christo.
3184 1847 3371 1904 Semen
3423 1858 3633 1908 meum,
3693 1838 3784 1894 lilii

2198 1953 2490 2020 Ecclesiae,
2518 1948 2698 2005 serviet
2731 1945 2862 2019 ipsi,
2897 1940 3129 2015 populus
3156 1935 3522 1994 credentitnn.

2271 2041 2675 2101 Annuntiabitur
2707 2035 2933 2094 Domino
2963 2031 3226 2106 generatio
3256 2038 3492 2083 ventura.
3531 2020 3797 2094 Propheta

2198 2135 2332 2192 dicit
2359 2156 2374 2190 :
2402 2130 2682 2191 Generatio
2710 2136 2928 2182 ventura
2950 2167 2965 2193 ,
2993 2123 3098 2178 hoc
3121 2131 3204 2177 est
3220 2162 3235 2187 ,
3269 2116 3509 2190 populus
3528 2115 3797 2186 gentium,

2199 2228 2291 2299 qui
2348 2223 2565 2281 venturi
2632 2229 2790 2277 erant
2838 2220 3132 2285 antequam
3186 2210 3437 2267 Christus
3482 2206 3698 2263 veniret
3748 2207 3798 2258 in

2203 2317 2465 2375 mundum
2497 2314 2563 2370 ad
2590 2309 2926 2369 credendum
2956 2306 3031 2364 ei.
3081 2305 3207 2368 Vel.
3251 2301 3520 2374 generatio
3545 2306 3795 2362 ventura,

2203 2412 2308 2468 hoc
2334 2418 2455 2477 est,
2480 2410 2532 2463 in
2554 2406 2698 2463 diem
2720 2402 2916 2476 judicii
2944 2409 3055 2456 tota
3077 2399 3293 2469 integra
3316 2394 3565 2451 claritas.
3592 2391 3805 2446 Annuu-

2203 2504 2405 2559 tiabunt
2457 2501 2572 2556 coeli
2610 2497 2874 2572 justitiam
2931 2495 3068 2565 ejus.
3116 2486 3232 2545 Hoc
3258 2495 3373 2556 est,
3432 2483 3668 2557 apostoli
3722 2481 3800 2539 rel

2202 2599 2478 2653 doctores.
2520 2593 2791 2650 Justitiam
2833 2590 2966 2662 ejus.
3010 2584 3124 2641 Hoc
3169 2592 3288 2651 est,
3340 2578 3593 2635 mandata
3640 2572 3800 2631 illius.

2203 2689 2420 2764 Populo
2450 2692 2541 2759 qui
2581 2693 2840 2740 nascetur.
2877 2681 2991 2736 lloc
3019 2686 3131 2743 est,
3164 2690 3261 2745 per
3289 2674 3514 2730 verbum
3544 2668 3801 2741 pradica-

2205 2783 2362 2839 tionis
2375 2823 2387 2837 .
2409 2782 2568 2849 Quem
2584 2779 2703 2851 fecit
2720 2776 2991 2831 Dominus.
3009 2772 3125 2829 lloc
3139 2778 3242 2837 est,
3261 2766 3672 2837 pra‘destinavit
3688 2772 3808 2819 ante

2204 2875 2424 2932 saecula.
2443 2871 2645 2944 Papulo
2656 2872 2742 2943 qui
2754 2878 2985 2924 nascetur
3007 2881 3150 2934 quem
3169 2862 3287 2934 fecit
3304 2859 3575 2915 Dominus.
3597 2858 3697 2926 Qui
3720 2871 3810 2928 per

2207 2966 2366 3023 ﬁdem
2393 2963 2783 3033 accedens,per
2810 2960 3241 3030 haptismunyest
3268 2948 3805 3008 renatnsinChristo.

2196 3059 2307 3126 Qui
2331 3057 2484 3112 nobis
2508 3063 2764 3126 praestare
2783 3050 3032 3120 dignetur
3046 3048 3097 3101 in
3121 3053 3416 3117 conspectu
3433 3049 3629 3097 nostro
3650 3039 3811 3095 habe-

2131 3167 2174 3227 ς
2211 3165 2269 3205 re
2299 3151 2517 3203 vulnera
2553 3146 2672 3215 ejus
2697 3188 2711 3210 ,
2770 3153 2823 3199 et
2853 3159 2974 3199 cum
3001 3134 3207 3196 Thoma
3263 3136 3545 3209 palpantes
3585 3135 3809 3189 tixuram

2212 3247 2485 3301 clavorum
2520 3241 2665 3296 illius
2712 3237 2891 3305 (Joan.
2925 3235 3058 3307 xx):
3109 3232 3194 3289 vel
3233 3224 3304 3286 de
3330 3228 3476 3285 omni
3507 3226 3807 3282 humilitate

2217 3337 2487 3409 passionis
2533 3335 2652 3402 ejus
2714 3333 2898 3403 jngem
2955 3327 3277 3384 memoriam
3333 3323 3638 3386 facientes,
3684 3333 3795 3373 cum

2215 3430 2455 3499 saepirio
2516 3427 2678 3481 etiam
2726 3439 2851 3479 eum
2895 3435 2995 3493 pro
3047 3408 3286 3491 peccatis
3338 3416 3542 3471 nostris
3598 3411 3793 3468 inferna

2219 3526 2536 3591 penetrasse
2566 3518 2908 3580 recolentes,
2942 3529 3003 3569 ea
3059 3527 3282 3579 semper
3330 3520 3556 3575 agamus
3602 3505 3655 3559 in
3707 3502 3797 3557 hoc

2218 3627 2446 3683 corpore
2500 3621 2758 3673 terreno,
2813 3618 2869 3662 ιιι
2921 3605 3022 3676 ipsi
3078 3603 3321 3672 comitari
3379 3613 3691 3656 mereamur
3757 3597 3808 3650 in

2220 3721 2409 3778 regno'
2440 3704 2635 3760 Amen'
2760 3769 3080 3831 assumus
3123 3766 3291 3823 xxn.

2225 3889 2466 3947 Psalmus
2498 3887 2685 3944 David.
2723 3886 2977 3941 Psalmns
3007 3883 3112 3939 iste
3133 3880 3389 3937 continet
3414 3888 3606 3934 vocem
3635 3872 3810 3933 επιε-

2622 3960 2716 4013 size
2744 3955 3105 4012 collaudantis
3126 3952 3435 4010 Cbrismm.

2297 4051 2552 4106 Dominus
2577 4050 2740 4122 pascit
2767 4065 2883 4115 me,
2914 4055 2961 4103 et
3002 4045 3136 4101 nihil
3182 4044 3312 4097 mihi
3358 4042 3542 4096 deerit.
3599 4040 3678 4095 De
3720 4041 3816 4093 ista

2228 4152 2444 4217 pastore
2464 4183 2480 4210 ,
2510 4151 2565 4198 et
2596 4141 2844 4196 Ezechiel
2874 4141 3120 4211 loquitur
3150 4155 3163 4192 :
3194 4136 3487 4193 Suscitabo
3514 4141 3805 4205 pastorem,

2228 4249 2284 4294 et
2332 4245 2520 4308 pascet
2563 4248 2658 4290 eos
2703 4248 2895 4289 servus
2931 4244 3086 4287 meus
3138 4230 3307 4286 David
3353 4227 3572 4301 (Ezech.
3609 4226 3809 4297 xxxiv).

2232 4329 2325 4385 Vel
2351 4328 2513 4388 aliter
2539 4344 2552 4381 :
2589 4327 2778 4381 Pastor
2806 4326 2980 4380 bonus
2998 4365 3013 4387 ,
3041 4322 3388 4392 unianimam
3414 4332 3571 4373 suam
3598 4333 3701 4390 pro
3725 4332 3806 4373 me

2233 4422 2412 4492 posuit
2452 4418 2637 4489 (Joan.
2666 4420 2725 4487 χ)
2772 4432 2787 4471 :
2831 4428 2991 4486 sequo
3037 4426 3126 4469 me
3171 4412 3549 4468 moderamine
3599 4411 3742 4479 regit
3805 4423 3817 4459 :

2233 4517 2355 4571 ideo
2382 4513 2581 4570 nullius
2626 4522 2781 4583 egeo.
2812 4508 2910 4565 Vel
2941 4508 3137 4563 aliter:
3171 4505 3332 4576 Regit
3380 4517 3466 4558 me
3519 4520 3533 4556 :
3589 4500 3817 4557 Ecclesia

2236 4607 2567 4665 ilduciallter
2590 4603 2831 4673 loquitur
2860 4617 2959 4672 per
2988 4599 3152 4656 tidem
3184 4615 3199 4656 :
3227 4597 3354 4669 quia
3378 4603 3507 4651 ante
3536 4594 3823 4651 adventum

2235 4702 2478 4767 Christi,
2544 4697 2796 4754 diabolus
2846 4694 3074 4766 regebat
3123 4691 3387 4749 mundum
3439 4705 3453 4746 :
3509 4688 3607 4744 sed
3669 4687 3824 4743 modo

2236 4795 2491 4850 Christus
2518 4791 2656 4861 regit
2687 4782 2988 4844 Ecclesium
3020 4799 3197 4841 suam.
3232 4783 3385 4852 Quod
3418 4796 3521 4837 nos
3545 4781 3782 4837 dicimus
3809 4794 3824 4834 :

2239 4884 2496 4941 Dominus
2533 4883 2662 4954 regit
2711 4896 2810 4936 me.
2870 4879 3086 4936 Hebraei
3128 4879 3346 4944 dicunt,
3395 4877 3539 4933 sicut
3584 4877 3827 4947 superius

2240 4986 2325 5035 est
2345 4974 2603 5046 scriptum
2630 4992 2642 5028 :
2671 4971 2921 5028 Dominus
2945 4972 3108 5043 pascit
3136 4987 3235 5037 me,
3268 4981 3314 5024 et
3341 4968 3473 5024 nihil
3498 4966 3632 5023 mihi
3652 4967 3823 5023 deerit.

2235 5070 2341 5139 Qui
2374 5069 2541 5125 Deum
2573 5066 2766 5130 habet,
2805 5075 2861 5121 et
2904 5064 2997 5136 qui
3026 5064 3139 5119 Deo
3184 5062 3463 5127 adhaeret,
3517 5058 3658 5115 nihil
3705 5057 3823 5116 boat

2239 5163 2399 5219 deest
2431 5161 2522 5230 ei,
2558 5169 2618 5216 ut
2647 5160 2725 5215 ait
2767 5159 3033 5228 propheta
3065 5173 3080 5209 :
3111 5155 3261 5212 Nihil
3309 5154 3468 5211 deest
3514 5153 3825 5209 timentibus

2239 5268 2365 5311 eum
2421 5250 2598 5326 (Beat.
2629 5250 2808 5321 χχιιι).
2838 5246 2905 5303 In
2932 5250 3045 5304 loro
3078 5262 3283 5316 pascua:
3328 5246 3401 5301 ibi
3433 5262 3513 5299 mc
3542 5244 3822 5301 collocavit.

2241 5344 2320 5401 Ac
2348 5348 2393 5400 si
2415 5344 2598 5400 dicat:
2625 5340 2682 5396 In
2708 5342 2969 5397 unitatem
2993 5338 3119 5395 tldei
3136 5380 3150 5404 ,
3178 5339 3231 5394 in
3256 5337 3527 5393 unitatem
3551 5336 3820 5392 Ecclesia.

2242 5436 2311 5491 In
2340 5436 2455 5491 loco
2484 5449 2691 5507 pascute
2714 5432 2787 5487 ibi
2817 5447 2896 5486 me
2923 5428 3196 5486 collocavit
3226 5447 3243 5485 :
3271 5428 3333 5484 In
3368 5428 3551 5484 futura
3599 5425 3824 5483 beatitu-

2244 5528 2369 5584 dine
2400 5525 2716 5597 composuit
2752 5538 2906 5594 spem
2952 5532 3151 5578 meam.
3180 5521 3391 5577 Paseua
3439 5519 3626 5586 enim,
3657 5518 3820 5574 futura

2245 5619 2566 5689 intelligitur
2597 5616 2901 5674 beatitudo.

2317 5708 2491 5779 Super
2511 5722 2700 5780 aquam
2721 5705 3016 5776 refectionls
3039 5705 3283 5762 educavit
3303 5718 3405 5761 me.
3430 5700 3719 5761 Ablnendo
3737 5706 3818 5770 per

2244 5799 2574 5871 baptismum
2608 5811 2693 5854 me
2722 5797 2986 5855 enutrivlt
3012 5837 3027 5865 ,
3073 5796 3163 5854 vel
3201 5796 3446 5855 doctrina
3491 5785 3816 5869 patriarcha-
