  <div class='ocr_page' id='page_1' title='image "/cluster/home/n/w/nwhite01/storage/ocr_20150623/26/uva.x000826568/450.png"; bbox 0 0 3980 6300; ppageno 0'>
   <div class='ocr_carea' id='block_1_1' title="bbox 192 302 307 359">
    <p class='ocr_par' dir='ltr' id='par_1_1' title="bbox 192 302 307 359">
     <span class='ocr_line' id='line_1_1' title="bbox 192 302 307 359; baseline 0.035 -4"><span class='ocrx_word' id='word_1_1' title='bbox 192 302 307 359; x_wconf 63' lang='grc'><strong>885</strong></span> 
     </span>
    </p>
   </div>
   <div class='ocr_carea' id='block_1_2' title="bbox 1132 304 2563 369">
    <p class='ocr_par' dir='ltr' id='par_1_2' title="bbox 1132 304 2563 369">
     <span class='ocr_line' id='line_1_2' title="bbox 1132 304 2563 369; baseline 0.006 -9"><span class='ocrx_word' id='word_1_2' title='bbox 1132 304 1565 364; x_wconf 72' lang='lat' dir='ltr'><strong>BRVHRIUM</strong></span> <span class='ocrx_word' id='word_1_3' title='bbox 1605 306 1671 363; x_wconf 84' lang='lat' dir='ltr'><strong>IN</strong></span> <span class='ocrx_word' id='word_1_4' title='bbox 1711 306 2046 367; x_wconf 68' lang='lat' dir='ltr'><strong>PSMsMOS.</strong></span> <span class='ocrx_word' id='word_1_5' title='bbox 2086 308 2335 369; x_wconf 74' lang='lat' dir='ltr'><strong>PSALM.</strong></span> <span class='ocrx_word' id='word_1_6' title='bbox 2380 307 2563 369; x_wconf 65' lang='lat' dir='ltr'><strong>XXIII.</strong></span> 
     </span>
    </p>
   </div>
   <div class='ocr_carea' id='block_1_3' title="bbox 3394 312 3500 376">
    <p class='ocr_par' dir='ltr' id='par_1_3' title="bbox 3394 312 3500 376">
     <span class='ocr_line' id='line_1_3' title="bbox 3394 312 3500 376; baseline 0.009 -1"><span class='ocrx_word' id='word_1_7' title='bbox 3394 312 3500 376; x_wconf 74' lang='lat'><strong>880</strong></span> 
     </span>
    </p>
   </div>
   <div class='ocr_carea' id='block_1_4' title="bbox 194 415 3499 500">
    <p class='ocr_par' dir='ltr' id='par_1_4' title="bbox 194 415 3499 500">
     <span class='ocr_line' id='line_1_4' title="bbox 194 415 3499 500; baseline 0.004 -29"><span class='ocrx_word' id='word_1_8' title='bbox 194 430 320 471; x_wconf 89' lang='lat' dir='ltr'><strong>rum</strong></span> <span class='ocrx_word' id='word_1_9' title='bbox 345 454 363 483; x_wconf 91' lang='lat'><strong>,</strong></span> <span class='ocrx_word' id='word_1_10' title='bbox 404 426 462 470; x_wconf 89' lang='lat' dir='ltr'><strong>et</strong></span> <span class='ocrx_word' id='word_1_11' title='bbox 503 415 893 487; x_wconf 84' lang='lat' dir='ltr'><strong>pr0pbetarum</strong></span> <span class='ocrx_word' id='word_1_12' title='bbox 915 457 931 485; x_wconf 88' lang='lat'><strong>,</strong></span> <span class='ocrx_word' id='word_1_13' title='bbox 982 418 1100 472; x_wconf 87' lang='lat' dir='ltr'><strong>sive</strong></span> <span class='ocrx_word' id='word_1_14' title='bbox 1136 419 1529 490; x_wconf 74' lang='lat' dir='ltr'><strong>apostolorum.</strong></span> <span class='ocrx_word' id='word_1_15' title='bbox 1563 418 1802 473; x_wconf 83' lang='lat' dir='ltr'><strong>Animam</strong></span> <span class='ocrx_word' id='word_1_16' title='bbox 1827 418 1879 480; x_wconf 86' lang='lat' dir='ltr'><strong>A</strong></span> <span class='ocrx_word' id='word_1_17' title='bbox 1906 430 1956 476; x_wconf 91' lang='lat' dir='ltr'><strong>et</strong></span> <span class='ocrx_word' id='word_1_18' title='bbox 1985 420 2352 493; x_wconf 77' lang='lat' dir='ltr'><strong>subsequitur.</strong></span> <span class='ocrx_word' id='word_1_19' title='bbox 2388 422 2657 478; x_wconf 73' lang='lat' dir='ltr'><strong>Prtevenlt</strong></span> <span class='ocrx_word' id='word_1_20' title='bbox 2678 467 2693 487; x_wconf 88' lang='lat'><strong>,</strong></span> <span class='ocrx_word' id='word_1_21' title='bbox 2735 438 2831 494; x_wconf 88' lang='lat' dir='ltr'><strong>per</strong></span> <span class='ocrx_word' id='word_1_22' title='bbox 2861 424 3020 481; x_wconf 81' lang='lat' dir='ltr'><strong>ﬁdem</strong></span> <span class='ocrx_word' id='word_1_23' title='bbox 3051 443 3065 481; x_wconf 86' lang='lat'><strong>:</strong></span> <span class='ocrx_word' id='word_1_24' title='bbox 3098 427 3459 500; x_wconf 68' lang='lat' dir='ltr'><strong>subsequitur</strong></span> <span class='ocrx_word' id='word_1_25' title='bbox 3484 469 3499 495; x_wconf 91' lang='lat'><strong>,</strong></span> 
     </span>
    </p>
   </div>
   <div class='ocr_carea' id='block_1_5' title="bbox 195 511 1798 583">
    <p class='ocr_par' dir='ltr' id='par_1_5' title="bbox 195 511 1798 583">
     <span class='ocr_line' id='line_1_5' title="bbox 195 511 1798 583; baseline 0.001 -20"><span class='ocrx_word' id='word_1_26' title='bbox 195 525 371 566; x_wconf 84' lang='lat' dir='ltr'><strong>meam</strong></span> <span class='ocrx_word' id='word_1_27' title='bbox 400 511 673 565; x_wconf 72' lang='lat' dir='ltr'><strong>conuertit.</strong></span> <span class='ocrx_word' id='word_1_28' title='bbox 709 512 789 565; x_wconf 77' lang='lat' dir='ltr'><strong>Ad</strong></span> <span class='ocrx_word' id='word_1_29' title='bbox 829 525 888 567; x_wconf 90' lang='lat' dir='ltr'><strong>se</strong></span> <span class='ocrx_word' id='word_1_30' title='bbox 917 512 1359 583; x_wconf 84' lang='lat' dir='ltr'><strong>cognoscendum</strong></span> <span class='ocrx_word' id='word_1_31' title='bbox 1388 528 1402 566; x_wconf 88' lang='lat'><strong>:</strong></span> <span class='ocrx_word' id='word_1_32' title='bbox 1441 511 1494 566; x_wconf 92' lang='lat' dir='ltr'><strong>id</strong></span> <span class='ocrx_word' id='word_1_33' title='bbox 1523 523 1645 576; x_wconf 89' lang='lat' dir='ltr'><strong>est,</strong></span> <span class='ocrx_word' id='word_1_34' title='bbox 1676 511 1798 566; x_wconf 86' lang='lat' dir='ltr'><strong>ani-</strong></span> 
     </span>
    </p>
   </div>
   <div class='ocr_carea' id='block_1_6' title="bbox 192 602 1799 674">
    <p class='ocr_par' dir='ltr' id='par_1_6' title="bbox 192 602 1799 674">
     <span class='ocr_line' id='line_1_6' title="bbox 192 602 1799 674; baseline 0.001 -18"><span class='ocrx_word' id='word_1_35' title='bbox 192 616 343 656; x_wconf 89' lang='lat' dir='ltr'><strong>mam</strong></span> <span class='ocrx_word' id='word_1_36' title='bbox 370 602 670 658; x_wconf 62' lang='lat' dir='ltr'><strong>Ecclesia}:</strong></span> <span class='ocrx_word' id='word_1_37' title='bbox 700 602 829 674; x_wconf 84' lang='lat' dir='ltr'><strong>quia</strong></span> <span class='ocrx_word' id='word_1_38' title='bbox 859 612 1022 661; x_wconf 87' lang='lat' dir='ltr'><strong>antea</strong></span> <span class='ocrx_word' id='word_1_39' title='bbox 1046 604 1114 658; x_wconf 86' lang='lat' dir='ltr'><strong>ad</strong></span> <span class='ocrx_word' id='word_1_40' title='bbox 1138 603 1410 659; x_wconf 89' lang='lat' dir='ltr'><strong>infernum</strong></span> <span class='ocrx_word' id='word_1_41' title='bbox 1438 603 1799 659; x_wconf 85' lang='lat' dir='ltr'><strong>descenderat</strong></span> 
     </span>
    </p>
   </div>
   <div class='ocr_carea' id='block_1_7' title="bbox 190 693 1794 765">
    <p class='ocr_par' dir='ltr' id='par_1_7' title="bbox 190 693 1794 765">
     <span class='ocr_line' id='line_1_7' title="bbox 190 693 1794 765; baseline -0.001 -16"><span class='ocrx_word' id='word_1_42' title='bbox 190 708 296 764; x_wconf 88' lang='lat' dir='ltr'><strong>per</strong></span> <span class='ocrx_word' id='word_1_43' title='bbox 327 693 550 765; x_wconf 85' lang='lat' dir='ltr'><strong>culpam</strong></span> <span class='ocrx_word' id='word_1_44' title='bbox 579 695 738 765; x_wconf 81' lang='lat' dir='ltr'><strong>primi</strong></span> <span class='ocrx_word' id='word_1_45' title='bbox 772 695 1011 750; x_wconf 85' lang='lat' dir='ltr'><strong>hominis</strong></span> <span class='ocrx_word' id='word_1_46' title='bbox 1035 694 1168 751; x_wconf 79' lang='lat' dir='ltr'><strong>Atla:</strong></span> <span class='ocrx_word' id='word_1_47' title='bbox 1202 713 1214 749; x_wconf 90' lang='lat'>:</span> <span class='ocrx_word' id='word_1_48' title='bbox 1245 695 1343 752; x_wconf 87' lang='lat' dir='ltr'><strong>sed</strong></span> <span class='ocrx_word' id='word_1_49' title='bbox 1368 695 1527 751; x_wconf 91' lang='lat' dir='ltr'><strong>tnodo</strong></span> <span class='ocrx_word' id='word_1_50' title='bbox 1550 694 1619 749; x_wconf 86' lang='lat' dir='ltr'><strong>ad</strong></span> <span class='ocrx_word' id='word_1_51' title='bbox 1638 693 1794 749; x_wconf 80' lang='lat' dir='ltr'><strong>Chri-</strong></span> 
     </span>
    </p>
   </div>
   <div class='ocr_carea' id='block_1_8' title="bbox 193 786 1083 859">
    <p class='ocr_par' dir='ltr' id='par_1_8' title="bbox 193 786 1083 859">
     <span class='ocr_line' id='line_1_8' title="bbox 193 786 1083 859; baseline 0.002 -20"><span class='ocrx_word' id='word_1_52' title='bbox 193 795 346 841; x_wconf 93' lang='lat' dir='ltr'><strong>stum</strong></span> <span class='ocrx_word' id='word_1_53' title='bbox 370 793 638 842; x_wconf 74' lang='lat' dir='ltr'><strong>con&#39;tersa</strong></span> <span class='ocrx_word' id='word_1_54' title='bbox 664 794 748 843; x_wconf 86' lang='lat' dir='ltr'><strong>est</strong></span> <span class='ocrx_word' id='word_1_55' title='bbox 774 802 874 859; x_wconf 88' lang='lat' dir='ltr'><strong>per</strong></span> <span class='ocrx_word' id='word_1_56' title='bbox 899 786 1083 843; x_wconf 83' lang='lat' dir='ltr'><strong>fidem.</strong></span> 
     </span>
    </p>
   </div>
   <div class='ocr_carea' id='block_1_9' title="bbox 269 877 1794 953">
    <p class='ocr_par' dir='ltr' id='par_1_9' title="bbox 269 877 1794 953">
     <span class='ocr_line' id='line_1_9' title="bbox 269 877 1794 953; baseline 0.003 -22"><span class='ocrx_word' id='word_1_57' title='bbox 269 877 504 933; x_wconf 70' lang='lat' dir='ltr'><strong>Deduxit</strong></span> <span class='ocrx_word' id='word_1_58' title='bbox 522 895 602 933; x_wconf 90' lang='lat' dir='ltr'><strong>me</strong></span> <span class='ocrx_word' id='word_1_59' title='bbox 616 895 777 950; x_wconf 84' lang='lat' dir='ltr'><strong>super</strong></span> <span class='ocrx_word' id='word_1_60' title='bbox 793 881 1027 934; x_wconf 80' lang='lat' dir='ltr'><strong>semitam</strong></span> <span class='ocrx_word' id='word_1_61' title='bbox 1040 880 1298 953; x_wconf 74' lang='lat' dir='ltr'><strong>justitiw:</strong></span> <span class='ocrx_word' id='word_1_62' title='bbox 1317 879 1367 935; x_wconf 89' lang='lat' dir='ltr'><strong>id</strong></span> <span class='ocrx_word' id='word_1_63' title='bbox 1387 887 1495 946; x_wconf 84' lang='lat' dir='ltr'><strong>est,</strong></span> <span class='ocrx_word' id='word_1_64' title='bbox 1513 894 1682 950; x_wconf 87' lang='lat' dir='ltr'><strong>super</strong></span> <span class='ocrx_word' id='word_1_65' title='bbox 1707 893 1794 935; x_wconf 89' lang='lat' dir='ltr'><strong>se-</strong></span> 
     </span>
    </p>
   </div>
   <div class='ocr_carea' id='block_1_10' title="bbox 188 970 1796 1046">
    <p class='ocr_par' dir='ltr' id='par_1_10' title="bbox 188 970 1796 1046">
     <span class='ocr_line' id='line_1_10' title="bbox 188 970 1796 1046; baseline 0.001 -20"><span class='ocrx_word' id='word_1_66' title='bbox 188 970 391 1027; x_wconf 87' lang='lat' dir='ltr'><strong>mitam</strong></span> <span class='ocrx_word' id='word_1_67' title='bbox 419 973 807 1028; x_wconf 75' lang='lat' dir='ltr'><strong>mandatorum</strong></span> <span class='ocrx_word' id='word_1_68' title='bbox 834 989 931 1044; x_wconf 91' lang='lat' dir='ltr'><strong>per</strong></span> <span class='ocrx_word' id='word_1_69' title='bbox 952 984 1155 1031; x_wconf 81' lang='lat' dir='ltr'><strong>arctam</strong></span> <span class='ocrx_word' id='word_1_70' title='bbox 1177 976 1342 1032; x_wconf 88' lang='lat' dir='ltr'><strong>viam.</strong></span> <span class='ocrx_word' id='word_1_71' title='bbox 1372 975 1593 1046; x_wconf 83' lang='lat' dir='ltr'><strong>Pmpter</strong></span> <span class='ocrx_word' id='word_1_72' title='bbox 1612 988 1796 1030; x_wconf 80' lang='lat' dir='ltr'><strong>nomen</strong></span> 
     </span>
    </p>
   </div>
   <div class='ocr_carea' id='block_1_11' title="bbox 186 1069 1292 1136">
    <p class='ocr_par' dir='ltr' id='par_1_11' title="bbox 186 1069 1292 1136">
     <span class='ocr_line' id='line_1_11' title="bbox 186 1069 1292 1136; baseline 0.003 -18"><span class='ocrx_word' id='word_1_73' title='bbox 186 1080 352 1119; x_wconf 81' lang='lat' dir='ltr'><strong>suum</strong></span> <span class='ocrx_word' id='word_1_74' title='bbox 374 1082 392 1129; x_wconf 91' lang='lat'><strong><em>;</em></strong></span> <span class='ocrx_word' id='word_1_75' title='bbox 416 1079 527 1120; x_wconf 92' lang='lat' dir='ltr'><strong>non</strong></span> <span class='ocrx_word' id='word_1_76' title='bbox 559 1074 785 1136; x_wconf 84' lang='lat' dir='ltr'><strong>propter</strong></span> <span class='ocrx_word' id='word_1_77' title='bbox 807 1081 987 1121; x_wconf 90' lang='lat' dir='ltr'><strong>meum</strong></span> <span class='ocrx_word' id='word_1_78' title='bbox 1016 1069 1292 1122; x_wconf 90' lang='lat' dir='ltr'><strong>meritum.</strong></span> 
     </span>
    </p>
   </div>
   <div class='ocr_carea' id='block_1_12' title="bbox 267 1156 1793 1229">
    <p class='ocr_par' dir='ltr' id='par_1_12' title="bbox 267 1156 1793 1229">
     <span class='ocr_line' id='line_1_12' title="bbox 267 1156 1793 1229; baseline 0.002 -18"><span class='ocrx_word' id='word_1_79' title='bbox 267 1156 412 1211; x_wconf 87' lang='lat' dir='ltr'><strong>Nam</strong></span> <span class='ocrx_word' id='word_1_80' title='bbox 438 1168 484 1211; x_wconf 87' lang='lat' dir='ltr'><strong>et</strong></span> <span class='ocrx_word' id='word_1_81' title='bbox 514 1158 561 1212; x_wconf 86' lang='lat' dir='ltr'><strong>si</strong></span> <span class='ocrx_word' id='word_1_82' title='bbox 588 1158 919 1213; x_wconf 86' lang='lat' dir='ltr'><strong>ambulavero</strong></span> <span class='ocrx_word' id='word_1_83' title='bbox 941 1159 995 1212; x_wconf 88' lang='lat' dir='ltr'><strong>in</strong></span> <span class='ocrx_word' id='word_1_84' title='bbox 1024 1161 1193 1214; x_wconf 87' lang='lat' dir='ltr'><strong>medio</strong></span> <span class='ocrx_word' id='word_1_85' title='bbox 1216 1159 1411 1215; x_wconf 67' lang='lat' dir='ltr'><strong>umbra:</strong></span> <span class='ocrx_word' id='word_1_86' title='bbox 1438 1160 1620 1213; x_wconf 84' lang='lat' dir='ltr'><strong>mortis</strong></span> <span class='ocrx_word' id='word_1_87' title='bbox 1645 1175 1664 1212; x_wconf 91' lang='lat'><strong><em>:</em></strong></span> <span class='ocrx_word' id='word_1_88' title='bbox 1697 1173 1793 1229; x_wconf 89' lang='lat' dir='ltr'><strong>per</strong></span> 
     </span>
    </p>
   </div>
   <div class='ocr_carea' id='block_1_13' title="bbox 200 1247 1792 1321">
    <p class='ocr_par' dir='ltr' id='par_1_13' title="bbox 200 1247 1792 1321">
     <span class='ocr_line' id='line_1_13' title="bbox 200 1247 1792 1321; baseline 0.003 -20"><span class='ocrx_word' id='word_1_89' title='bbox 200 1247 370 1318; x_wconf 84' lang='lat' dir='ltr'><strong>hujus</strong></span> <span class='ocrx_word' id='word_1_90' title='bbox 392 1248 581 1304; x_wconf 71' lang='lat' dir='ltr'><strong>saeculi</strong></span> <span class='ocrx_word' id='word_1_91' title='bbox 603 1250 971 1307; x_wconf 80' lang='lat' dir='ltr'><strong>obscuritates</strong></span> <span class='ocrx_word' id='word_1_92' title='bbox 989 1268 1001 1305; x_wconf 88' lang='lat'><strong>:</strong></span> <span class='ocrx_word' id='word_1_93' title='bbox 1019 1267 1122 1305; x_wconf 89' lang='lat' dir='ltr'><strong>non</strong></span> <span class='ocrx_word' id='word_1_94' title='bbox 1145 1251 1332 1306; x_wconf 81' lang='lat' dir='ltr'><strong>timebo</strong></span> <span class='ocrx_word' id='word_1_95' title='bbox 1355 1250 1495 1305; x_wconf 90' lang='lat' dir='ltr'><strong>mala</strong></span> <span class='ocrx_word' id='word_1_96' title='bbox 1506 1271 1525 1306; x_wconf 74' lang='grc'><strong>.’</strong></span> <span class='ocrx_word' id='word_1_97' title='bbox 1545 1251 1792 1321; x_wconf 87' lang='lat' dir='ltr'><strong>quoniam</strong></span> 
     </span>
    </p>
   </div>
   <div class='ocr_carea' id='block_1_14' title="bbox 188 1343 1789 1414">
    <p class='ocr_par' dir='ltr' id='par_1_14' title="bbox 188 1343 1789 1414">
     <span class='ocr_line' id='line_1_14' title="bbox 188 1343 1789 1414; baseline -0.001 -15"><span class='ocrx_word' id='word_1_98' title='bbox 188 1352 251 1399; x_wconf 72' lang='lat' dir='ltr'><strong>tu</strong></span> <span class='ocrx_word' id='word_1_99' title='bbox 280 1359 485 1397; x_wconf 84' lang='lat' dir='ltr'><strong>mecum</strong></span> <span class='ocrx_word' id='word_1_100' title='bbox 512 1360 586 1398; x_wconf 85' lang='lat' dir='ltr'><strong>es.</strong></span> <span class='ocrx_word' id='word_1_101' title='bbox 619 1343 874 1414; x_wconf 88' lang='lat' dir='ltr'><strong>Domine,</strong></span> <span class='ocrx_word' id='word_1_102' title='bbox 911 1355 964 1401; x_wconf 90' lang='lat' dir='ltr'><strong>te</strong></span> <span class='ocrx_word' id='word_1_103' title='bbox 994 1344 1164 1401; x_wconf 89' lang='lat' dir='ltr'><strong>corde</strong></span> <span class='ocrx_word' id='word_1_104' title='bbox 1195 1344 1429 1401; x_wconf 91' lang='lat' dir='ltr'><strong>retineo.</strong></span> <span class='ocrx_word' id='word_1_105' title='bbox 1463 1343 1561 1401; x_wconf 78' lang='lat' dir='ltr'><strong>Vel</strong></span> <span class='ocrx_word' id='word_1_106' title='bbox 1587 1343 1789 1399; x_wconf 85' lang='lat' dir='ltr'><strong>aliter:</strong></span> 
     </span>
    </p>
   </div>
   <div class='ocr_carea' id='block_1_15' title="bbox 188 1436 1792 1508">
    <p class='ocr_par' dir='ltr' id='par_1_15' title="bbox 188 1436 1792 1508">
     <span class='ocr_line' id='line_1_15' title="bbox 188 1436 1792 1508; baseline 0 -15"><span class='ocrx_word' id='word_1_107' title='bbox 188 1436 397 1493; x_wconf 85' lang='lat' dir='ltr'><strong>Umbra</strong></span> <span class='ocrx_word' id='word_1_108' title='bbox 421 1436 639 1493; x_wconf 90' lang='lat' dir='ltr'><strong>duobus</strong></span> <span class='ocrx_word' id='word_1_109' title='bbox 661 1438 859 1505; x_wconf 85' lang='lat' dir='ltr'><strong>modis,</strong></span> <span class='ocrx_word' id='word_1_110' title='bbox 894 1438 946 1494; x_wconf 89' lang='lat' dir='ltr'><strong>id</strong></span> <span class='ocrx_word' id='word_1_111' title='bbox 978 1447 1085 1505; x_wconf 87' lang='lat' dir='ltr'><strong>est,</strong></span> <span class='ocrx_word' id='word_1_112' title='bbox 1116 1454 1145 1493; x_wconf 90' lang='lat' dir='ltr'><strong>a</strong></span> <span class='ocrx_word' id='word_1_113' title='bbox 1174 1452 1428 1508; x_wconf 87' lang='lat' dir='ltr'><strong>corpore,</strong></span> <span class='ocrx_word' id='word_1_114' title='bbox 1457 1447 1511 1492; x_wconf 90' lang='lat' dir='ltr'><strong>et</strong></span> <span class='ocrx_word' id='word_1_115' title='bbox 1533 1452 1563 1492; x_wconf 90' lang='lat' dir='ltr'><strong>a</strong></span> <span class='ocrx_word' id='word_1_116' title='bbox 1586 1436 1792 1493; x_wconf 91' lang='lat' dir='ltr'><strong>lumine</strong></span> 
     </span>
    </p>
   </div>
   <div class='ocr_carea' id='block_1_16' title="bbox 186 1529 1785 1602">
    <p class='ocr_par' dir='ltr' id='par_1_16' title="bbox 186 1529 1785 1602">
     <span class='ocr_line' id='line_1_16' title="bbox 186 1529 1785 1602; baseline 0.001 -18"><span class='ocrx_word' id='word_1_117' title='bbox 186 1530 275 1585; x_wconf 80' lang='lat' dir='ltr'><strong>ﬁt.</strong></span> <span class='ocrx_word' id='word_1_118' title='bbox 323 1530 426 1586; x_wconf 88' lang='lat' dir='ltr'><strong>Per</strong></span> <span class='ocrx_word' id='word_1_119' title='bbox 454 1546 655 1600; x_wconf 89' lang='lat' dir='ltr'><strong>corpus</strong></span> <span class='ocrx_word' id='word_1_120' title='bbox 680 1572 695 1597; x_wconf 94' lang='lat'><strong>,</strong></span> <span class='ocrx_word' id='word_1_121' title='bbox 742 1546 891 1588; x_wconf 86' lang='lat' dir='ltr'><strong>mors</strong></span> <span class='ocrx_word' id='word_1_122' title='bbox 933 1532 1303 1602; x_wconf 80' lang='lat' dir='ltr'><strong>intelligitur:</strong></span> <span class='ocrx_word' id='word_1_123' title='bbox 1347 1547 1445 1602; x_wconf 90' lang='lat' dir='ltr'><strong>per</strong></span> <span class='ocrx_word' id='word_1_124' title='bbox 1490 1529 1743 1586; x_wconf 84' lang='lat' dir='ltr'><strong>umbram</strong></span> <span class='ocrx_word' id='word_1_125' title='bbox 1768 1570 1785 1598; x_wconf 88' lang='lat'><strong>,</strong></span> 
     </span>
    </p>
   </div>
   <div class='ocr_carea' id='block_1_17' title="bbox 183 1621 1787 1695">
    <p class='ocr_par' dir='ltr' id='par_1_17' title="bbox 183 1621 1787 1695">
     <span class='ocr_line' id='line_1_17' title="bbox 183 1621 1787 1695; baseline 0.001 -18"><span class='ocrx_word' id='word_1_126' title='bbox 183 1632 418 1692; x_wconf 86' lang='lat' dir='ltr'><strong>peccata</strong></span> <span class='ocrx_word' id='word_1_127' title='bbox 466 1634 521 1678; x_wconf 86' lang='lat' dir='ltr'><strong>et</strong></span> <span class='ocrx_word' id='word_1_128' title='bbox 553 1623 882 1695; x_wconf 75' lang='lat' dir='ltr'><strong>ignorantia.</strong></span> <span class='ocrx_word' id='word_1_129' title='bbox 917 1623 985 1679; x_wconf 88' lang='lat' dir='ltr'><strong>Et</strong></span> <span class='ocrx_word' id='word_1_130' title='bbox 1017 1635 1218 1691; x_wconf 87' lang='lat' dir='ltr'><strong>tamen,</strong></span> <span class='ocrx_word' id='word_1_131' title='bbox 1261 1621 1509 1694; x_wconf 78' lang='lat' dir='ltr'><strong>quamvis</strong></span> <span class='ocrx_word' id='word_1_132' title='bbox 1542 1622 1787 1679; x_wconf 86' lang='lat' dir='ltr'><strong>Ecclesia</strong></span> 
     </span>
    </p>
   </div>
   <div class='ocr_carea' id='block_1_18' title="bbox 182 1714 1787 1787">
    <p class='ocr_par' dir='ltr' id='par_1_18' title="bbox 182 1714 1787 1787">
     <span class='ocr_line' id='line_1_18' title="bbox 182 1714 1787 1787; baseline -0.001 -16"><span class='ocrx_word' id='word_1_133' title='bbox 182 1715 336 1771; x_wconf 84' lang='lat' dir='ltr'><strong>inter</strong></span> <span class='ocrx_word' id='word_1_134' title='bbox 366 1715 482 1771; x_wconf 73' lang='lat' dir='ltr'><strong>haec</strong></span> <span class='ocrx_word' id='word_1_135' title='bbox 513 1716 829 1787; x_wconf 86' lang='lat' dir='ltr'><strong>supradicta</strong></span> <span class='ocrx_word' id='word_1_136' title='bbox 854 1716 1121 1785; x_wconf 78' lang='lat' dir='ltr'><strong>ambulet,</strong></span> <span class='ocrx_word' id='word_1_137' title='bbox 1156 1731 1262 1771; x_wconf 91' lang='lat' dir='ltr'><strong>non</strong></span> <span class='ocrx_word' id='word_1_138' title='bbox 1299 1716 1454 1771; x_wconf 86' lang='lat' dir='ltr'><strong>timet</strong></span> <span class='ocrx_word' id='word_1_139' title='bbox 1482 1733 1495 1769; x_wconf 88' lang='lat'><strong>:</strong></span> <span class='ocrx_word' id='word_1_140' title='bbox 1523 1714 1649 1785; x_wconf 91' lang='lat' dir='ltr'><strong>quia</strong></span> <span class='ocrx_word' id='word_1_141' title='bbox 1685 1714 1787 1769; x_wconf 89' lang='lat' dir='ltr'><strong>Do-</strong></span> 
     </span>
    </p>
   </div>
   <div class='ocr_carea' id='block_1_19' title="bbox 183 1788 1863 1878">
    <p class='ocr_par' dir='ltr' id='par_1_19' title="bbox 183 1788 1863 1878">
     <span class='ocr_line' id='line_1_19' title="bbox 183 1788 1863 1878; baseline -0.001 -16"><span class='ocrx_word' id='word_1_142' title='bbox 183 1808 399 1862; x_wconf 87' lang='lat' dir='ltr'><strong>minum</strong></span> <span class='ocrx_word' id='word_1_143' title='bbox 431 1807 573 1878; x_wconf 86' lang='lat' dir='ltr'><strong>apud</strong></span> <span class='ocrx_word' id='word_1_144' title='bbox 601 1822 664 1864; x_wconf 91' lang='lat' dir='ltr'><strong>se</strong></span> <span class='ocrx_word' id='word_1_145' title='bbox 692 1807 890 1875; x_wconf 82' lang='lat' dir='ltr'><strong>habet,</strong></span> <span class='ocrx_word' id='word_1_146' title='bbox 936 1818 997 1863; x_wconf 92' lang='lat' dir='ltr'><strong>ut</strong></span> <span class='ocrx_word' id='word_1_147' title='bbox 1026 1808 1142 1877; x_wconf 88' lang='lat' dir='ltr'><strong>ipse</strong></span> <span class='ocrx_word' id='word_1_148' title='bbox 1172 1807 1313 1862; x_wconf 77' lang='lat' dir='ltr'><strong>dixit</strong></span> <span class='ocrx_word' id='word_1_149' title='bbox 1342 1825 1354 1861; x_wconf 93' lang='lat'>:</span> <span class='ocrx_word' id='word_1_150' title='bbox 1386 1806 1530 1862; x_wconf 87' lang='lat' dir='ltr'><strong>Ecce</strong></span> <span class='ocrx_word' id='word_1_151' title='bbox 1562 1821 1663 1877; x_wconf 88' lang='lat' dir='ltr'><strong>ego</strong></span> <span class='ocrx_word' id='word_1_152' title='bbox 1690 1822 1786 1861; x_wconf 83' lang='lat' dir='ltr'><strong>vo-</strong></span> <span class='ocrx_word' id='word_1_153' title='bbox 1820 1788 1863 1848; x_wconf 78' lang='grc' dir='ltr'>Β</span> 
     </span>
    </p>
   </div>
   <div class='ocr_carea' id='block_1_20' title="bbox 190 1898 1784 1971">
    <p class='ocr_par' dir='ltr' id='par_1_20' title="bbox 190 1898 1784 1971">
     <span class='ocr_line' id='line_1_20' title="bbox 190 1898 1784 1971; baseline -0.003 -15"><span class='ocrx_word' id='word_1_154' title='bbox 190 1899 410 1957; x_wconf 73' lang='lat' dir='ltr'><strong>hiscum</strong></span> <span class='ocrx_word' id='word_1_155' title='bbox 451 1915 572 1955; x_wconf 89' lang='lat' dir='ltr'><strong>sum</strong></span> <span class='ocrx_word' id='word_1_156' title='bbox 615 1901 871 1957; x_wconf 90' lang='lat' dir='ltr'><strong>omnibus</strong></span> <span class='ocrx_word' id='word_1_157' title='bbox 900 1900 1095 1956; x_wconf 90' lang='lat' dir='ltr'><strong>diebus</strong></span> <span class='ocrx_word' id='word_1_158' title='bbox 1136 1915 1307 1971; x_wconf 88' lang='lat' dir='ltr'><strong>usque</strong></span> <span class='ocrx_word' id='word_1_159' title='bbox 1340 1898 1407 1953; x_wconf 86' lang='lat' dir='ltr'><strong>ad</strong></span> <span class='ocrx_word' id='word_1_160' title='bbox 1434 1912 1784 1953; x_wconf 87' lang='lat' dir='ltr'><strong>consumma-</strong></span> 
     </span>
    </p>
   </div>
   <div class='ocr_carea' id='block_1_21' title="bbox 184 1989 1781 2064">
    <p class='ocr_par' dir='ltr' id='par_1_21' title="bbox 184 1989 1781 2064">
     <span class='ocr_line' id='line_1_21' title="bbox 184 1989 1781 2064; baseline -0.002 -17"><span class='ocrx_word' id='word_1_161' title='bbox 184 1993 399 2047; x_wconf 79' lang='lat' dir='ltr'><strong>tionem</strong></span> <span class='ocrx_word' id='word_1_162' title='bbox 429 1991 613 2047; x_wconf 71' lang='lat' dir='ltr'><strong>saeculi</strong></span> <span class='ocrx_word' id='word_1_163' title='bbox 648 1991 823 2064; x_wconf 80' lang='lat' dir='ltr'><strong>(Mat.</strong></span> <span class='ocrx_word' id='word_1_164' title='bbox 852 1991 992 2061; x_wconf 86' lang='lat' dir='ltr'><strong>ult.)</strong></span> <span class='ocrx_word' id='word_1_165' title='bbox 1038 1991 1338 2061; x_wconf 81' lang='lat' dir='ltr'><strong>Propterea</strong></span> <span class='ocrx_word' id='word_1_166' title='bbox 1380 1989 1628 2045; x_wconf 87' lang='lat' dir='ltr'><strong>Ecclesia</strong></span> <span class='ocrx_word' id='word_1_167' title='bbox 1672 2003 1781 2044; x_wconf 90' lang='lat' dir='ltr'><strong>non</strong></span> 
     </span>
    </p>
   </div>
   <div class='ocr_carea' id='block_1_22' title="bbox 181 2084 363 2140">
    <p class='ocr_par' dir='ltr' id='par_1_22' title="bbox 181 2084 363 2140">
     <span class='ocr_line' id='line_1_22' title="bbox 181 2084 363 2140; baseline 0 -3"><span class='ocrx_word' id='word_1_168' title='bbox 181 2084 363 2140; x_wconf 90' lang='lat' dir='ltr'><strong>timet.</strong></span> 
     </span>
    </p>
   </div>
   <div class='ocr_carea' id='block_1_23' title="bbox 266 2174 1777 2247">
    <p class='ocr_par' dir='ltr' id='par_1_23' title="bbox 266 2174 1777 2247">
     <span class='ocr_line' id='line_1_23' title="bbox 266 2174 1777 2247; baseline 0.001 -19"><span class='ocrx_word' id='word_1_169' title='bbox 266 2174 427 2246; x_wconf 82' lang='lat' dir='ltr'><strong>Virga</strong></span> <span class='ocrx_word' id='word_1_170' title='bbox 457 2183 546 2230; x_wconf 87' lang='lat' dir='ltr'><strong>tua</strong></span> <span class='ocrx_word' id='word_1_171' title='bbox 574 2184 622 2229; x_wconf 87' lang='lat' dir='ltr'><strong>et</strong></span> <span class='ocrx_word' id='word_1_172' title='bbox 655 2175 870 2232; x_wconf 80' lang='lat' dir='ltr'><strong>baculus</strong></span> <span class='ocrx_word' id='word_1_173' title='bbox 903 2188 1024 2232; x_wconf 84' lang='lat' dir='ltr'><strong>tuus</strong></span> <span class='ocrx_word' id='word_1_174' title='bbox 1056 2193 1073 2230; x_wconf 72' lang='grc' dir='ltr'><strong>ι</strong></span> <span class='ocrx_word' id='word_1_175' title='bbox 1104 2177 1219 2247; x_wconf 87' lang='lat' dir='ltr'><strong>ipsa</strong></span> <span class='ocrx_word' id='word_1_176' title='bbox 1242 2193 1322 2231; x_wconf 85' lang='lat' dir='ltr'><strong>me</strong></span> <span class='ocrx_word' id='word_1_177' title='bbox 1342 2175 1608 2231; x_wconf 89' lang='lat' dir='ltr'><strong>consolata</strong></span> <span class='ocrx_word' id='word_1_178' title='bbox 1639 2186 1777 2230; x_wconf 74' lang='lat' dir='ltr'><strong>sunt.</strong></span> 
     </span>
    </p>
   </div>
   <div class='ocr_carea' id='block_1_24' title="bbox 178 2266 1781 2341">
    <p class='ocr_par' dir='ltr' id='par_1_24' title="bbox 178 2266 1781 2341">
     <span class='ocr_line' id='line_1_24' title="bbox 178 2266 1781 2341; baseline 0.001 -20"><span class='ocrx_word' id='word_1_179' title='bbox 178 2268 361 2336; x_wconf 84' lang='lat' dir='ltr'><strong>Quem</strong></span> <span class='ocrx_word' id='word_1_180' title='bbox 393 2268 539 2323; x_wconf 90' lang='lat' dir='ltr'><strong>enim</strong></span> <span class='ocrx_word' id='word_1_181' title='bbox 563 2267 737 2339; x_wconf 79' lang='lat' dir='ltr'><strong>diligit</strong></span> <span class='ocrx_word' id='word_1_182' title='bbox 765 2268 1052 2334; x_wconf 92' lang='lat' dir='ltr'><strong>Dominus,</strong></span> <span class='ocrx_word' id='word_1_183' title='bbox 1082 2268 1307 2339; x_wconf 84' lang='lat' dir='ltr'><strong>corripit</strong></span> <span class='ocrx_word' id='word_1_184' title='bbox 1334 2266 1522 2341; x_wconf 80' lang='lat' dir='ltr'><strong>(Prov.</strong></span> <span class='ocrx_word' id='word_1_185' title='bbox 1548 2266 1650 2339; x_wconf 86' lang='grc' dir='ltr'><strong>ιιι).</strong></span> <span class='ocrx_word' id='word_1_186' title='bbox 1679 2267 1781 2323; x_wconf 85' lang='grc' dir='ltr'>Ρει·</span> 
     </span>
    </p>
   </div>
   <div class='ocr_carea' id='block_1_25' title="bbox 179 2358 1776 2431">
    <p class='ocr_par' dir='ltr' id='par_1_25' title="bbox 179 2358 1776 2431">
     <span class='ocr_line' id='line_1_25' title="bbox 179 2358 1776 2431; baseline -0.001 -16"><span class='ocrx_word' id='word_1_187' title='bbox 179 2360 394 2431; x_wconf 84' lang='lat' dir='ltr'><strong>virgam</strong></span> <span class='ocrx_word' id='word_1_188' title='bbox 439 2358 762 2429; x_wconf 76' lang='lat' dir='ltr'><strong>intelligitur</strong></span> <span class='ocrx_word' id='word_1_189' title='bbox 805 2360 1093 2416; x_wconf 86' lang='lat' dir='ltr'><strong>tribulatio</strong></span> <span class='ocrx_word' id='word_1_190' title='bbox 1120 2361 1207 2416; x_wconf 83' lang='lat' dir='ltr'><strong>vel</strong></span> <span class='ocrx_word' id='word_1_191' title='bbox 1233 2358 1526 2430; x_wconf 88' lang='lat' dir='ltr'><strong>disciplina</strong></span> <span class='ocrx_word' id='word_1_192' title='bbox 1564 2359 1776 2430; x_wconf 87' lang='lat' dir='ltr'><strong>patris,</strong></span> 
     </span>
    </p>
   </div>
   <div class='ocr_carea' id='block_1_26' title="bbox 178 2450 1779 2522">
    <p class='ocr_par' dir='ltr' id='par_1_26' title="bbox 178 2450 1779 2522">
     <span class='ocr_line' id='line_1_26' title="bbox 178 2450 1779 2522; baseline 0.001 -17"><span class='ocrx_word' id='word_1_193' title='bbox 178 2460 279 2506; x_wconf 91' lang='lat' dir='ltr'><strong>aut</strong></span> <span class='ocrx_word' id='word_1_194' title='bbox 309 2451 623 2522; x_wconf 88' lang='lat' dir='ltr'><strong>persecutio</strong></span> <span class='ocrx_word' id='word_1_195' title='bbox 653 2451 931 2506; x_wconf 82' lang='lat' dir='ltr'><strong>Ecclesiae.</strong></span> <span class='ocrx_word' id='word_1_196' title='bbox 980 2451 1046 2506; x_wconf 85' lang='lat' dir='ltr'><strong>Et</strong></span> <span class='ocrx_word' id='word_1_197' title='bbox 1078 2452 1293 2506; x_wconf 79' lang='lat' dir='ltr'><strong>baculus</strong></span> <span class='ocrx_word' id='word_1_198' title='bbox 1325 2462 1467 2514; x_wconf 88' lang='lat' dir='ltr'><strong>tuus,</strong></span> <span class='ocrx_word' id='word_1_199' title='bbox 1501 2467 1609 2521; x_wconf 91' lang='lat' dir='ltr'><strong>quo</strong></span> <span class='ocrx_word' id='word_1_200' title='bbox 1640 2450 1779 2506; x_wconf 81' lang='lat' dir='ltr'><strong>lilios</strong></span> 
     </span>
    </p>
   </div>
   <div class='ocr_carea' id='block_1_27' title="bbox 174 2543 1779 2615">
    <p class='ocr_par' dir='ltr' id='par_1_27' title="bbox 174 2543 1779 2615">
     <span class='ocr_line' id='line_1_27' title="bbox 174 2543 1779 2615; baseline 0 -16"><span class='ocrx_word' id='word_1_201' title='bbox 174 2543 417 2615; x_wconf 82' lang='lat' dir='ltr'><strong>castigas</strong></span> <span class='ocrx_word' id='word_1_202' title='bbox 443 2545 779 2614; x_wconf 85' lang='lat' dir='ltr'><strong>spirituales.</strong></span> <span class='ocrx_word' id='word_1_203' title='bbox 820 2545 913 2601; x_wconf 80' lang='lat' dir='ltr'><strong>Vel</strong></span> <span class='ocrx_word' id='word_1_204' title='bbox 942 2561 1038 2615; x_wconf 89' lang='lat' dir='ltr'><strong>per</strong></span> <span class='ocrx_word' id='word_1_205' title='bbox 1066 2545 1339 2612; x_wconf 85' lang='lat' dir='ltr'><strong>baculum,</strong></span> <span class='ocrx_word' id='word_1_206' title='bbox 1376 2545 1702 2600; x_wconf 88' lang='lat' dir='ltr'><strong>sustentatio</strong></span> <span class='ocrx_word' id='word_1_207' title='bbox 1723 2553 1779 2601; x_wconf 89' lang='lat' dir='ltr'><strong>et</strong></span> 
     </span>
    </p>
   </div>
   <div class='ocr_carea' id='block_1_28' title="bbox 172 2635 1776 2709">
    <p class='ocr_par' dir='ltr' id='par_1_28' title="bbox 172 2635 1776 2709">
     <span class='ocr_line' id='line_1_28' title="bbox 172 2635 1776 2709; baseline -0.001 -15"><span class='ocrx_word' id='word_1_208' title='bbox 172 2635 486 2694; x_wconf 85' lang='lat' dir='ltr'><strong>consolatio</strong></span> <span class='ocrx_word' id='word_1_209' title='bbox 506 2637 705 2692; x_wconf 90' lang='lat' dir='ltr'><strong>futura.</strong></span> <span class='ocrx_word' id='word_1_210' title='bbox 731 2636 863 2709; x_wconf 84' lang='lat' dir='ltr'><strong>Ipsa</strong></span> <span class='ocrx_word' id='word_1_211' title='bbox 887 2654 966 2693; x_wconf 89' lang='lat' dir='ltr'><strong>me</strong></span> <span class='ocrx_word' id='word_1_212' title='bbox 987 2637 1255 2693; x_wconf 75' lang='lat' dir='ltr'><strong>consolata</strong></span> <span class='ocrx_word' id='word_1_213' title='bbox 1275 2648 1417 2692; x_wconf 89' lang='lat' dir='ltr'><strong>sunt.</strong></span> <span class='ocrx_word' id='word_1_214' title='bbox 1445 2637 1776 2693; x_wconf 87' lang='lat' dir='ltr'><strong>Erudierunt</strong></span> 
     </span>
    </p>
   </div>
   <div class='ocr_carea' id='block_1_29' title="bbox 172 2729 1568 2797">
    <p class='ocr_par' dir='ltr' id='par_1_29' title="bbox 172 2729 1568 2797">
     <span class='ocr_line' id='line_1_29' title="bbox 172 2729 1568 2797; baseline -0.001 -11"><span class='ocrx_word' id='word_1_215' title='bbox 172 2745 266 2786; x_wconf 90' lang='lat' dir='ltr'><strong>me</strong></span> <span class='ocrx_word' id='word_1_216' title='bbox 292 2729 655 2797; x_wconf 58' lang='lat' dir='ltr'><strong>clinsolando,</strong></span> <span class='ocrx_word' id='word_1_217' title='bbox 688 2745 796 2786; x_wconf 90' lang='lat' dir='ltr'><strong>non</strong></span> <span class='ocrx_word' id='word_1_218' title='bbox 822 2729 1135 2786; x_wconf 82' lang='lat' dir='ltr'><strong>afﬂixerunt</strong></span> <span class='ocrx_word' id='word_1_219' title='bbox 1164 2730 1568 2786; x_wconf 88' lang='lat' dir='ltr'><strong>mortilicando.</strong></span> 
     </span>
    </p>
   </div>
   <div class='ocr_carea' id='block_1_30' title="bbox 249 2822 1771 2895">
    <p class='ocr_par' dir='ltr' id='par_1_30' title="bbox 249 2822 1771 2895">
     <span class='ocr_line' id='line_1_30' title="bbox 249 2822 1771 2895; baseline -0.001 -18"><span class='ocrx_word' id='word_1_220' title='bbox 249 2822 467 2880; x_wconf 84' lang='lat' dir='ltr'><strong>Parasti</strong></span> <span class='ocrx_word' id='word_1_221' title='bbox 497 2825 551 2877; x_wconf 90' lang='lat' dir='ltr'><strong>in</strong></span> <span class='ocrx_word' id='word_1_222' title='bbox 580 2834 858 2895; x_wconf 87' lang='lat' dir='ltr'><strong>conspectu</strong></span> <span class='ocrx_word' id='word_1_223' title='bbox 887 2841 999 2879; x_wconf 87' lang='lat' dir='ltr'><strong>meo</strong></span> <span class='ocrx_word' id='word_1_224' title='bbox 1022 2840 1277 2891; x_wconf 81' lang='lat' dir='ltr'><strong>mensam,</strong></span> <span class='ocrx_word' id='word_1_225' title='bbox 1308 2833 1417 2879; x_wconf 87' lang='lat' dir='ltr'><strong>etc.</strong></span> <span class='ocrx_word' id='word_1_226' title='bbox 1446 2822 1639 2893; x_wconf 89' lang='lat' dir='ltr'><strong>Utjam</strong></span> <span class='ocrx_word' id='word_1_227' title='bbox 1662 2838 1771 2878; x_wconf 87' lang='lat' dir='ltr'><strong>non</strong></span> 
     </span>
    </p>
   </div>
   <div class='ocr_carea' id='block_1_31' title="bbox 166 2915 1773 2986">
    <p class='ocr_par' dir='ltr' id='par_1_31' title="bbox 166 2915 1773 2986">
     <span class='ocr_line' id='line_1_31' title="bbox 166 2915 1773 2986; baseline -0.001 -15"><span class='ocrx_word' id='word_1_228' title='bbox 166 2916 323 2971; x_wconf 87' lang='lat' dir='ltr'><strong>lacte</strong></span> <span class='ocrx_word' id='word_1_229' title='bbox 350 2915 506 2986; x_wconf 87' lang='lat' dir='ltr'><strong>quasi</strong></span> <span class='ocrx_word' id='word_1_230' title='bbox 533 2916 792 2986; x_wconf 89' lang='lat' dir='ltr'><strong>parvulus</strong></span> <span class='ocrx_word' id='word_1_231' title='bbox 816 2916 950 2983; x_wconf 84' lang='lat' dir='ltr'><strong>alar,</strong></span> <span class='ocrx_word' id='word_1_232' title='bbox 981 2916 1078 2972; x_wconf 89' lang='lat' dir='ltr'><strong>sed</strong></span> <span class='ocrx_word' id='word_1_233' title='bbox 1106 2915 1283 2970; x_wconf 87' lang='lat' dir='ltr'><strong>solido</strong></span> <span class='ocrx_word' id='word_1_234' title='bbox 1311 2915 1435 2970; x_wconf 92' lang='lat' dir='ltr'><strong>cibo</strong></span> <span class='ocrx_word' id='word_1_235' title='bbox 1465 2932 1479 2970; x_wconf 89' lang='lat'><strong>:</strong></span> <span class='ocrx_word' id='word_1_236' title='bbox 1506 2916 1556 2969; x_wconf 91' lang='lat' dir='ltr'><strong>id</strong></span> <span class='ocrx_word' id='word_1_237' title='bbox 1585 2922 1688 2978; x_wconf 84' lang='lat' dir='ltr'><strong>est,</strong></span> <span class='ocrx_word' id='word_1_238' title='bbox 1717 2925 1773 2983; x_wconf 87' lang='lat' dir='ltr'><strong>ut</strong></span> 
     </span>
    </p>
   </div>
   <div class='ocr_carea' id='block_1_32' title="bbox 164 3006 1767 3078">
    <p class='ocr_par' dir='ltr' id='par_1_32' title="bbox 164 3006 1767 3078">
     <span class='ocr_line' id='line_1_32' title="bbox 164 3006 1767 3078; baseline 0.001 -18"><span class='ocrx_word' id='word_1_239' title='bbox 164 3006 448 3076; x_wconf 89' lang='lat' dir='ltr'><strong>spirituali</strong></span> <span class='ocrx_word' id='word_1_240' title='bbox 471 3006 637 3063; x_wconf 89' lang='lat' dir='ltr'><strong>dente</strong></span> <span class='ocrx_word' id='word_1_241' title='bbox 660 3008 943 3062; x_wconf 88' lang='lat' dir='ltr'><strong>ruminans</strong></span> <span class='ocrx_word' id='word_1_242' title='bbox 965 3008 1273 3078; x_wconf 84' lang='lat' dir='ltr'><strong>Scripturas</strong></span> <span class='ocrx_word' id='word_1_243' title='bbox 1296 3016 1536 3073; x_wconf 88' lang='lat' dir='ltr'><strong>sanctas,</strong></span> <span class='ocrx_word' id='word_1_244' title='bbox 1565 3006 1767 3077; x_wconf 91' lang='lat' dir='ltr'><strong>possim</strong></span> 
     </span>
    </p>
   </div>
   <div class='ocr_carea' id='block_1_33' title="bbox 164 3098 1770 3172">
    <p class='ocr_par' dir='ltr' id='par_1_33' title="bbox 164 3098 1770 3172">
     <span class='ocr_line' id='line_1_33' title="bbox 164 3098 1770 3172; baseline 0 -20"><span class='ocrx_word' id='word_1_245' title='bbox 164 3099 451 3170; x_wconf 80' lang='lat' dir='ltr'><strong>perversis</strong></span> <span class='ocrx_word' id='word_1_246' title='bbox 477 3098 757 3156; x_wconf 84' lang='lat' dir='ltr'><strong>resistere.</strong></span> <span class='ocrx_word' id='word_1_247' title='bbox 790 3099 1000 3154; x_wconf 85' lang='lat' dir='ltr'><strong>Parasti</strong></span> <span class='ocrx_word' id='word_1_248' title='bbox 1025 3101 1077 3154; x_wconf 88' lang='lat' dir='ltr'><strong>in</strong></span> <span class='ocrx_word' id='word_1_249' title='bbox 1103 3110 1383 3172; x_wconf 84' lang='lat' dir='ltr'><strong>conspectu</strong></span> <span class='ocrx_word' id='word_1_250' title='bbox 1404 3116 1515 3153; x_wconf 88' lang='lat' dir='ltr'><strong>meo</strong></span> <span class='ocrx_word' id='word_1_251' title='bbox 1542 3114 1770 3153; x_wconf 80' lang='lat' dir='ltr'><strong>mensam</strong></span> 
     </span>
    </p>
   </div>
   <div class='ocr_carea' id='block_1_34' title="bbox 1903 511 3506 576">
    <p class='ocr_par' dir='ltr' id='par_1_34' title="bbox 1903 511 3506 576">
     <span class='ocr_line' id='line_1_34' title="bbox 1903 511 3506 576; baseline 0.006 -10"><span class='ocrx_word' id='word_1_252' title='bbox 1903 511 1956 566; x_wconf 92' lang='lat' dir='ltr'><strong>in</strong></span> <span class='ocrx_word' id='word_1_253' title='bbox 1998 512 2361 569; x_wconf 89' lang='lat' dir='ltr'><strong>custodiendo</strong></span> <span class='ocrx_word' id='word_1_254' title='bbox 2404 514 2655 570; x_wconf 77' lang='lat' dir='ltr'><strong>mandata</strong></span> <span class='ocrx_word' id='word_1_255' title='bbox 2699 515 2817 571; x_wconf 88' lang='lat' dir='ltr'><strong>Dei.</strong></span> <span class='ocrx_word' id='word_1_256' title='bbox 2865 517 3114 576; x_wconf 85' lang='lat' dir='ltr'><strong>Omnibus</strong></span> <span class='ocrx_word' id='word_1_257' title='bbox 3161 520 3340 575; x_wconf 81' lang='lat' dir='ltr'><strong>diebus</strong></span> <span class='ocrx_word' id='word_1_258' title='bbox 3387 520 3506 575; x_wconf 74' lang='lat' dir='ltr'><strong>vita:</strong></span> 
     </span>
    </p>
   </div>
   <div class='ocr_carea' id='block_1_35' title="bbox 1902 606 3028 683">
    <p class='ocr_par' dir='ltr' id='par_1_35' title="bbox 1902 606 3028 683">
     <span class='ocr_line' id='line_1_35' title="bbox 1902 606 3028 683; baseline 0.008 -24"><span class='ocrx_word' id='word_1_259' title='bbox 1902 621 2048 660; x_wconf 78' lang='lat' dir='ltr'><strong>mete.</strong></span> <span class='ocrx_word' id='word_1_260' title='bbox 2080 606 2349 675; x_wconf 86' lang='lat' dir='ltr'><strong>Quamdiu</strong></span> <span class='ocrx_word' id='word_1_261' title='bbox 2382 608 2435 661; x_wconf 92' lang='lat' dir='ltr'><strong>in</strong></span> <span class='ocrx_word' id='word_1_262' title='bbox 2468 608 2570 664; x_wconf 90' lang='lat' dir='ltr'><strong>hoc</strong></span> <span class='ocrx_word' id='word_1_263' title='bbox 2599 618 2831 677; x_wconf 88' lang='lat' dir='ltr'><strong>corpore</strong></span> <span class='ocrx_word' id='word_1_264' title='bbox 2870 611 3028 683; x_wconf 82' lang='lat' dir='ltr'><strong>dego.</strong></span> 
     </span>
    </p>
   </div>
   <div class='ocr_carea' id='block_1_36' title="bbox 1974 697 3498 782">
    <p class='ocr_par' dir='ltr' id='par_1_36' title="bbox 1974 697 3498 782">
     <span class='ocr_line' id='line_1_36' title="bbox 1974 697 3498 782; baseline 0.01 -30"><span class='ocrx_word' id='word_1_265' title='bbox 1974 697 2043 752; x_wconf 82' lang='lat' dir='ltr'><strong>Et</strong></span> <span class='ocrx_word' id='word_1_266' title='bbox 2076 708 2129 753; x_wconf 79' lang='lat' dir='ltr'><strong>ut</strong></span> <span class='ocrx_word' id='word_1_267' title='bbox 2148 700 2432 756; x_wconf 77' lang='lat' dir='ltr'><strong>inhabilem</strong></span> <span class='ocrx_word' id='word_1_268' title='bbox 2452 703 2504 756; x_wconf 90' lang='lat' dir='ltr'><strong>in</strong></span> <span class='ocrx_word' id='word_1_269' title='bbox 2527 703 2679 758; x_wconf 83' lang='lat' dir='ltr'><strong>domo</strong></span> <span class='ocrx_word' id='word_1_270' title='bbox 2707 702 2939 760; x_wconf 82' lang='lat' dir='ltr'><strong>Domini.</strong></span> <span class='ocrx_word' id='word_1_271' title='bbox 2963 708 3207 764; x_wconf 87' lang='lat' dir='ltr'><strong>Ecclesia</strong></span> <span class='ocrx_word' id='word_1_272' title='bbox 3232 710 3321 765; x_wconf 89' lang='lat' dir='ltr'><strong>hlc</strong></span> <span class='ocrx_word' id='word_1_273' title='bbox 3342 711 3498 782; x_wconf 84' lang='lat' dir='ltr'><strong>quasi</strong></span> 
     </span>
    </p>
   </div>
   <div class='ocr_carea' id='block_1_37' title="bbox 1900 791 3496 867">
    <p class='ocr_par' dir='ltr' id='par_1_37' title="bbox 1900 791 3496 867">
     <span class='ocr_line' id='line_1_37' title="bbox 1900 791 3496 867; baseline 0.011 -21"><span class='ocrx_word' id='word_1_274' title='bbox 1900 791 1954 847; x_wconf 92' lang='lat' dir='ltr'><strong>in</strong></span> <span class='ocrx_word' id='word_1_275' title='bbox 2004 792 2357 849; x_wconf 84' lang='lat' dir='ltr'><strong>tabernaculo</strong></span> <span class='ocrx_word' id='word_1_276' title='bbox 2409 796 2681 852; x_wconf 82' lang='lat' dir='ltr'><strong>consiSIit.</strong></span> <span class='ocrx_word' id='word_1_277' title='bbox 2729 800 2865 867; x_wconf 82' lang='lat' dir='ltr'><strong>Quia</strong></span> <span class='ocrx_word' id='word_1_278' title='bbox 2905 802 3053 857; x_wconf 88' lang='lat' dir='ltr'><strong>sicut</strong></span> <span class='ocrx_word' id='word_1_279' title='bbox 3088 802 3496 863; x_wconf 86' lang='lat' dir='ltr'><strong>tabernaculum</strong></span> 
     </span>
    </p>
   </div>
   <div class='ocr_carea' id='block_1_38' title="bbox 1900 887 3498 957">
    <p class='ocr_par' dir='ltr' id='par_1_38' title="bbox 1900 887 3498 957">
     <span class='ocr_line' id='line_1_38' title="bbox 1900 887 3498 957; baseline 0.011 -17"><span class='ocrx_word' id='word_1_280' title='bbox 1900 895 2144 942; x_wconf 88' lang='lat' dir='ltr'><strong>mutatur</strong></span> <span class='ocrx_word' id='word_1_281' title='bbox 2170 887 2240 944; x_wconf 90' lang='lat' dir='ltr'><strong>de</strong></span> <span class='ocrx_word' id='word_1_282' title='bbox 2268 888 2392 945; x_wconf 87' lang='lat' dir='ltr'><strong>loco</strong></span> <span class='ocrx_word' id='word_1_283' title='bbox 2420 888 2473 944; x_wconf 87' lang='lat' dir='ltr'><strong>in</strong></span> <span class='ocrx_word' id='word_1_284' title='bbox 2504 890 2682 946; x_wconf 90' lang='lat' dir='ltr'><strong>locum</strong></span> <span class='ocrx_word' id='word_1_285' title='bbox 2730 910 2742 948; x_wconf 90' lang='lat'><strong>:</strong></span> <span class='ocrx_word' id='word_1_286' title='bbox 2785 893 2865 949; x_wconf 89' lang='lat' dir='ltr'><strong>sic</strong></span> <span class='ocrx_word' id='word_1_287' title='bbox 2906 904 2962 951; x_wconf 88' lang='lat' dir='ltr'><strong>et</strong></span> <span class='ocrx_word' id='word_1_288' title='bbox 2989 895 3233 953; x_wconf 90' lang='lat' dir='ltr'><strong>Ecclesia</strong></span> <span class='ocrx_word' id='word_1_289' title='bbox 3278 897 3347 955; x_wconf 89' lang='lat' dir='ltr'><strong>de</strong></span> <span class='ocrx_word' id='word_1_290' title='bbox 3394 902 3498 957; x_wconf 90' lang='lat' dir='ltr'><strong>isto</strong></span> 
     </span>
    </p>
   </div>
   <div class='ocr_carea' id='block_1_39' title="bbox 1901 981 3493 1058">
    <p class='ocr_par' dir='ltr' id='par_1_39' title="bbox 1901 981 3493 1058">
     <span class='ocr_line' id='line_1_39' title="bbox 1901 981 3493 1058; baseline 0.009 -23"><span class='ocrx_word' id='word_1_291' title='bbox 1901 981 2250 1037; x_wconf 83' lang='lat' dir='ltr'><strong>tabernaculo</strong></span> <span class='ocrx_word' id='word_1_292' title='bbox 2271 982 2599 1040; x_wconf 85' lang='lat' dir='ltr'><strong>transfertur</strong></span> <span class='ocrx_word' id='word_1_293' title='bbox 2620 985 2677 1039; x_wconf 87' lang='lat' dir='ltr'><strong>in</strong></span> <span class='ocrx_word' id='word_1_294' title='bbox 2700 985 2944 1057; x_wconf 90' lang='lat' dir='ltr'><strong>domum,</strong></span> <span class='ocrx_word' id='word_1_295' title='bbox 2978 989 3086 1046; x_wconf 87' lang='lat' dir='ltr'><strong>hoc</strong></span> <span class='ocrx_word' id='word_1_296' title='bbox 3114 999 3222 1058; x_wconf 89' lang='lat' dir='ltr'><strong>est,</strong></span> <span class='ocrx_word' id='word_1_297' title='bbox 3246 990 3299 1048; x_wconf 91' lang='lat' dir='ltr'><strong>in</strong></span> <span class='ocrx_word' id='word_1_298' title='bbox 3324 993 3493 1049; x_wconf 89' lang='lat' dir='ltr'><strong>vitam</strong></span> 
     </span>
    </p>
   </div>
   <div class='ocr_carea' id='block_1_40' title="bbox 1900 1074 3499 1145">
    <p class='ocr_par' dir='ltr' id='par_1_40' title="bbox 1900 1074 3499 1145">
     <span class='ocr_line' id='line_1_40' title="bbox 1900 1074 3499 1145; baseline 0.01 -19"><span class='ocrx_word' id='word_1_299' title='bbox 1900 1083 2184 1139; x_wconf 68' lang='lat' dir='ltr'><strong>aeternam,</strong></span> <span class='ocrx_word' id='word_1_300' title='bbox 2228 1074 2345 1129; x_wconf 84' lang='lat' dir='ltr'><strong>sive</strong></span> <span class='ocrx_word' id='word_1_301' title='bbox 2388 1085 2728 1145; x_wconf 86' lang='lat' dir='ltr'><strong>perpetuam,</strong></span> <span class='ocrx_word' id='word_1_302' title='bbox 2762 1079 2853 1133; x_wconf 91' lang='lat' dir='ltr'><strong>ubi</strong></span> <span class='ocrx_word' id='word_1_303' title='bbox 2886 1080 3005 1136; x_wconf 88' lang='lat' dir='ltr'><strong>sine</strong></span> <span class='ocrx_word' id='word_1_304' title='bbox 3037 1083 3142 1138; x_wconf 86' lang='lat' dir='ltr'><strong>llue</strong></span> <span class='ocrx_word' id='word_1_305' title='bbox 3173 1082 3499 1142; x_wconf 81' lang='lat' dir='ltr'><strong>habitabant</strong></span> 
     </span>
    </p>
   </div>
   <div class='ocr_carea' id='block_1_41' title="bbox 1898 1165 3496 1241">
    <p class='ocr_par' dir='ltr' id='par_1_41' title="bbox 1898 1165 3496 1241">
     <span class='ocr_line' id='line_1_41' title="bbox 1898 1165 3496 1241; baseline 0.007 -20"><span class='ocrx_word' id='word_1_306' title='bbox 1898 1167 2092 1221; x_wconf 88' lang='lat' dir='ltr'><strong>sancti.</strong></span> <span class='ocrx_word' id='word_1_307' title='bbox 2124 1165 2193 1220; x_wconf 85' lang='lat' dir='ltr'><strong>In</strong></span> <span class='ocrx_word' id='word_1_308' title='bbox 2225 1168 2605 1241; x_wconf 83' lang='lat' dir='ltr'><strong>longitudinem</strong></span> <span class='ocrx_word' id='word_1_309' title='bbox 2634 1170 2858 1227; x_wconf 86' lang='lat' dir='ltr'><strong>dierum.</strong></span> <span class='ocrx_word' id='word_1_310' title='bbox 2890 1171 3089 1229; x_wconf 87' lang='lat' dir='ltr'><strong>Diebus</strong></span> <span class='ocrx_word' id='word_1_311' title='bbox 3115 1175 3235 1231; x_wconf 87' lang='lat' dir='ltr'><strong>sine</strong></span> <span class='ocrx_word' id='word_1_312' title='bbox 3266 1176 3395 1233; x_wconf 82' lang='lat' dir='ltr'><strong>line.</strong></span> <span class='ocrx_word' id='word_1_313' title='bbox 3427 1176 3496 1233; x_wconf 86' lang='lat' dir='ltr'><strong>Ut</strong></span> 
     </span>
    </p>
   </div>
   <div class='ocr_carea' id='block_1_42' title="bbox 1895 1257 3493 1334">
    <p class='ocr_par' dir='ltr' id='par_1_42' title="bbox 1895 1257 3493 1334">
     <span class='ocr_line' id='line_1_42' title="bbox 1895 1257 3493 1334; baseline 0.008 -23"><span class='ocrx_word' id='word_1_314' title='bbox 1895 1257 2176 1313; x_wconf 76' lang='lat' dir='ltr'><strong>inhabilem</strong></span> <span class='ocrx_word' id='word_1_315' title='bbox 2202 1260 2256 1313; x_wconf 87' lang='lat' dir='ltr'><strong>in</strong></span> <span class='ocrx_word' id='word_1_316' title='bbox 2279 1260 2432 1314; x_wconf 82' lang='lat' dir='ltr'><strong>dente</strong></span> <span class='ocrx_word' id='word_1_317' title='bbox 2454 1258 2667 1315; x_wconf 86' lang='lat' dir='ltr'><strong>Domini</strong></span> <span class='ocrx_word' id='word_1_318' title='bbox 2693 1263 2745 1315; x_wconf 90' lang='lat' dir='ltr'><strong>in</strong></span> <span class='ocrx_word' id='word_1_319' title='bbox 2773 1261 3152 1334; x_wconf 82' lang='lat' dir='ltr'><strong>longitudinem</strong></span> <span class='ocrx_word' id='word_1_320' title='bbox 3171 1267 3376 1322; x_wconf 83' lang='lat' dir='ltr'><strong>dierum</strong></span> <span class='ocrx_word' id='word_1_321' title='bbox 3400 1285 3418 1323; x_wconf 91' lang='lat'><em>:</em></span> <span class='ocrx_word' id='word_1_322' title='bbox 3440 1269 3493 1325; x_wconf 91' lang='lat' dir='ltr'><strong>id</strong></span> 
     </span>
    </p>
   </div>
   <div class='ocr_carea' id='block_1_43' title="bbox 1894 1349 3494 1417">
    <p class='ocr_par' dir='ltr' id='par_1_43' title="bbox 1894 1349 3494 1417">
     <span class='ocr_line' id='line_1_43' title="bbox 1894 1349 3494 1417; baseline 0.008 -13"><span class='ocrx_word' id='word_1_323' title='bbox 1894 1358 2001 1416; x_wconf 91' lang='lat' dir='ltr'><strong>est,</strong></span> <span class='ocrx_word' id='word_1_324' title='bbox 2033 1349 2314 1406; x_wconf 76' lang='lat' dir='ltr'><strong>ctelestem</strong></span> <span class='ocrx_word' id='word_1_325' title='bbox 2344 1350 2645 1407; x_wconf 86' lang='lat' dir='ltr'><strong>Jerusalem</strong></span> <span class='ocrx_word' id='word_1_326' title='bbox 2690 1358 3061 1411; x_wconf 89' lang='lat' dir='ltr'><strong>communiter</strong></span> <span class='ocrx_word' id='word_1_327' title='bbox 3089 1368 3212 1412; x_wconf 89' lang='lat' dir='ltr'><strong>cum</strong></span> <span class='ocrx_word' id='word_1_328' title='bbox 3241 1361 3494 1417; x_wconf 86' lang='lat' dir='ltr'><strong>omnibus</strong></span> 
     </span>
    </p>
   </div>
   <div class='ocr_carea' id='block_1_44' title="bbox 1894 1443 3358 1519">
    <p class='ocr_par' dir='ltr' id='par_1_44' title="bbox 1894 1443 3358 1519">
     <span class='ocr_line' id='line_1_44' title="bbox 1894 1443 3358 1519; baseline 0.008 -22"><span class='ocrx_word' id='word_1_329' title='bbox 1894 1443 2103 1500; x_wconf 85' lang='lat' dir='ltr'><strong>sanctis</strong></span> <span class='ocrx_word' id='word_1_330' title='bbox 2133 1446 2487 1517; x_wconf 83' lang='lat' dir='ltr'><strong>congregatis</strong></span> <span class='ocrx_word' id='word_1_331' title='bbox 2516 1445 2569 1500; x_wconf 92' lang='lat' dir='ltr'><strong>in</strong></span> <span class='ocrx_word' id='word_1_332' title='bbox 2602 1462 2687 1502; x_wconf 90' lang='lat' dir='ltr'><strong>me</strong></span> <span class='ocrx_word' id='word_1_333' title='bbox 2709 1462 2810 1519; x_wconf 88' lang='lat' dir='ltr'><strong>per</strong></span> <span class='ocrx_word' id='word_1_334' title='bbox 2840 1448 3002 1505; x_wconf 81' lang='lat' dir='ltr'><strong>tidem</strong></span> <span class='ocrx_word' id='word_1_335' title='bbox 3036 1450 3358 1509; x_wconf 86' lang='lat' dir='ltr'><strong>inhabitem.</strong></span> 
     </span>
    </p>
   </div>
   <div class='ocr_carea' id='block_1_45' title="bbox 2418 1558 2970 1618">
    <p class='ocr_par' dir='ltr' id='par_1_45' title="bbox 2418 1558 2970 1618">
     <span class='ocr_line' id='line_1_45' title="bbox 2418 1558 2970 1618; baseline 0.007 -4"><span class='ocrx_word' id='word_1_336' title='bbox 2418 1558 2543 1615; x_wconf 86' lang='lat' dir='ltr'><strong>PSA</strong></span> <span class='ocrx_word' id='word_1_337' title='bbox 2555 1558 2739 1617; x_wconf 83' lang='lat' dir='ltr'><strong>LMUS</strong></span> <span class='ocrx_word' id='word_1_338' title='bbox 2780 1560 2970 1618; x_wconf 79' lang='lat' dir='ltr'><strong>XXIII.</strong></span> 
     </span>
    </p>
   </div>
   <div class='ocr_carea' id='block_1_46' title="bbox 1896 1647 3491 1724">
    <p class='ocr_par' dir='ltr' id='par_1_46' title="bbox 1896 1647 3491 1724">
     <span class='ocr_line' id='line_1_46' title="bbox 1896 1647 3491 1724; baseline 0.009 -22"><span class='ocrx_word' id='word_1_339' title='bbox 1896 1647 2144 1724; x_wconf 85' lang='lat' dir='ltr'><strong>Psalmus</strong></span> <span class='ocrx_word' id='word_1_340' title='bbox 2193 1649 2364 1704; x_wconf 79' lang='lat' dir='ltr'><strong>David</strong></span> <span class='ocrx_word' id='word_1_341' title='bbox 2391 1693 2430 1724; x_wconf 10' lang='grc' dir='ltr'>,ᾗ</span> <span class='ocrx_word' id='word_1_342' title='bbox 2464 1651 2516 1705; x_wconf 88' lang='lat' dir='ltr'><strong>in</strong></span> <span class='ocrx_word' id='word_1_343' title='bbox 2568 1654 2738 1724; x_wconf 86' lang='lat' dir='ltr'><strong>prima</strong></span> <span class='ocrx_word' id='word_1_344' title='bbox 2786 1654 3028 1711; x_wconf 85' lang='lat' dir='ltr'><strong>Snbbati.</strong></span> <span class='ocrx_word' id='word_1_345' title='bbox 3086 1654 3336 1724; x_wconf 82' lang='lat' dir='ltr'><strong>Psaltnus</strong></span> <span class='ocrx_word' id='word_1_346' title='bbox 3388 1661 3491 1716; x_wconf 80' lang='lat' dir='ltr'><strong>iste</strong></span> 
     </span>
    </p>
   </div>
   <div class='ocr_carea' id='block_1_47' title="bbox 1963 1721 3493 1798">
    <p class='ocr_par' dir='ltr' id='par_1_47' title="bbox 1963 1721 3493 1798">
     <span class='ocr_line' id='line_1_47' title="bbox 1963 1721 3493 1798; baseline 0.008 -24"><span class='ocrx_word' id='word_1_347' title='bbox 1963 1723 2209 1798; x_wconf 74' lang='lat' dir='ltr'><strong>continet</strong></span> <span class='ocrx_word' id='word_1_348' title='bbox 2255 1722 2529 1777; x_wconf 90' lang='lat' dir='ltr'><strong>interdum</strong></span> <span class='ocrx_word' id='word_1_349' title='bbox 2569 1721 2764 1780; x_wconf 71' lang='lat' dir='ltr'><strong>vocem</strong></span> <span class='ocrx_word' id='word_1_350' title='bbox 2814 1726 3099 1798; x_wconf 58' lang='lat' dir='ltr'><strong>propheta;</strong></span> <span class='ocrx_word' id='word_1_351' title='bbox 3144 1728 3214 1785; x_wconf 90' lang='lat' dir='ltr'><strong>de</strong></span> <span class='ocrx_word' id='word_1_352' title='bbox 3244 1721 3493 1786; x_wconf 83' lang='lat' dir='ltr'><strong>Ecclesia</strong></span> 
     </span>
    </p>
   </div>
   <div class='ocr_carea' id='block_1_48' title="bbox 1965 1791 2265 1861">
    <p class='ocr_par' dir='ltr' id='par_1_48' title="bbox 1965 1791 2265 1861">
     <span class='ocr_line' id='line_1_48' title="bbox 1965 1791 2265 1861; baseline 0.003 -16"><span class='ocrx_word' id='word_1_353' title='bbox 1965 1791 2265 1861; x_wconf 86' lang='lat' dir='ltr'><strong>loquentis.</strong></span> 
     </span>
    </p>
   </div>
   <div class='ocr_carea' id='block_1_49' title="bbox 1962 1902 3494 1983">
    <p class='ocr_par' dir='ltr' id='par_1_49' title="bbox 1962 1902 3494 1983">
     <span class='ocr_line' id='line_1_49' title="bbox 1962 1902 3494 1983; baseline 0.009 -27"><span class='ocrx_word' id='word_1_354' title='bbox 1962 1902 2178 1958; x_wconf 81' lang='lat' dir='ltr'><strong>Domini</strong></span> <span class='ocrx_word' id='word_1_355' title='bbox 2205 1916 2280 1959; x_wconf 84' lang='lat' dir='ltr'><strong>est</strong></span> <span class='ocrx_word' id='word_1_356' title='bbox 2313 1915 2451 1961; x_wconf 83' lang='lat' dir='ltr'><strong>terra</strong></span> <span class='ocrx_word' id='word_1_357' title='bbox 2477 1918 2524 1961; x_wconf 85' lang='lat' dir='ltr'><strong>et</strong></span> <span class='ocrx_word' id='word_1_358' title='bbox 2564 1909 2834 1978; x_wconf 76' lang='lat' dir='ltr'><strong>plenitudo</strong></span> <span class='ocrx_word' id='word_1_359' title='bbox 2878 1914 3014 1983; x_wconf 86' lang='lat' dir='ltr'><strong>ejus.</strong></span> <span class='ocrx_word' id='word_1_360' title='bbox 3066 1912 3202 1967; x_wconf 86' lang='lat' dir='ltr'><strong>Cum</strong></span> <span class='ocrx_word' id='word_1_361' title='bbox 3243 1915 3494 1970; x_wconf 81' lang='lat' dir='ltr'><strong>conversi</strong></span> 
     </span>
    </p>
   </div>
   <div class='ocr_carea' id='block_1_50' title="bbox 1886 1995 3482 2073">
    <p class='ocr_par' dir='ltr' id='par_1_50' title="bbox 1886 1995 3482 2073">
     <span class='ocr_line' id='line_1_50' title="bbox 1886 1995 3482 2073; baseline 0.007 -23"><span class='ocrx_word' id='word_1_362' title='bbox 1886 1995 2087 2051; x_wconf 81' lang='lat' dir='ltr'><strong>fuerint</strong></span> <span class='ocrx_word' id='word_1_363' title='bbox 2111 1996 2204 2065; x_wconf 90' lang='lat' dir='ltr'><strong>qui</strong></span> <span class='ocrx_word' id='word_1_364' title='bbox 2232 2006 2447 2053; x_wconf 87' lang='lat' dir='ltr'><strong>terrena</strong></span> <span class='ocrx_word' id='word_1_365' title='bbox 2472 1999 2712 2070; x_wconf 88' lang='lat' dir='ltr'><strong>sapiunt.</strong></span> <span class='ocrx_word' id='word_1_366' title='bbox 2735 2000 2948 2055; x_wconf 89' lang='lat' dir='ltr'><strong>Domini</strong></span> <span class='ocrx_word' id='word_1_367' title='bbox 2973 2011 3047 2056; x_wconf 83' lang='lat' dir='ltr'><strong>est</strong></span> <span class='ocrx_word' id='word_1_368' title='bbox 3071 2013 3233 2070; x_wconf 88' lang='lat' dir='ltr'><strong>terra,</strong></span> <span class='ocrx_word' id='word_1_369' title='bbox 3253 2004 3359 2060; x_wconf 87' lang='lat' dir='ltr'><strong>hoc</strong></span> <span class='ocrx_word' id='word_1_370' title='bbox 3380 2016 3482 2073; x_wconf 91' lang='lat' dir='ltr'><strong>est,</strong></span> 
     </span>
    </p>
   </div>
   <div class='ocr_carea' id='block_1_51' title="bbox 1889 2090 3483 2167">
    <p class='ocr_par' dir='ltr' id='par_1_51' title="bbox 1889 2090 3483 2167">
     <span class='ocr_line' id='line_1_51' title="bbox 1889 2090 3483 2167; baseline 0.005 -22"><span class='ocrx_word' id='word_1_371' title='bbox 1889 2101 2034 2145; x_wconf 89' lang='lat' dir='ltr'><strong>totus</strong></span> <span class='ocrx_word' id='word_1_372' title='bbox 2056 2090 2294 2146; x_wconf 89' lang='lat' dir='ltr'><strong>mundus</strong></span> <span class='ocrx_word' id='word_1_373' title='bbox 2325 2110 2337 2145; x_wconf 93' lang='lat'><strong>:</strong></span> <span class='ocrx_word' id='word_1_374' title='bbox 2362 2100 2407 2146; x_wconf 85' lang='lat' dir='ltr'><strong>et</strong></span> <span class='ocrx_word' id='word_1_375' title='bbox 2428 2093 2698 2165; x_wconf 82' lang='lat' dir='ltr'><strong>plenitudo</strong></span> <span class='ocrx_word' id='word_1_376' title='bbox 2718 2096 2856 2167; x_wconf 89' lang='lat' dir='ltr'><strong>ejus,</strong></span> <span class='ocrx_word' id='word_1_377' title='bbox 2882 2093 2985 2150; x_wconf 89' lang='lat' dir='ltr'><strong>hoc</strong></span> <span class='ocrx_word' id='word_1_378' title='bbox 3009 2107 3112 2162; x_wconf 86' lang='lat' dir='ltr'><strong>est,</strong></span> <span class='ocrx_word' id='word_1_379' title='bbox 3142 2097 3483 2154; x_wconf 74' lang='lat' dir='ltr'><strong>habitatores</strong></span> 
     </span>
    </p>
   </div>
   <div class='ocr_carea' id='block_1_52' title="bbox 1885 2183 3478 2257">
    <p class='ocr_par' dir='ltr' id='par_1_52' title="bbox 1885 2183 3478 2257">
     <span class='ocr_line' id='line_1_52' title="bbox 1885 2183 3478 2257; baseline 0.004 -19"><span class='ocrx_word' id='word_1_380' title='bbox 1885 2183 2070 2239; x_wconf 90' lang='lat' dir='ltr'><strong>mundi</strong></span> <span class='ocrx_word' id='word_1_381' title='bbox 2098 2184 2411 2253; x_wconf 68' lang='lat' dir='ltr'><strong>istius.\&quot;el,</strong></span> <span class='ocrx_word' id='word_1_382' title='bbox 2434 2184 2646 2241; x_wconf 88' lang='lat' dir='ltr'><strong>Domini</strong></span> <span class='ocrx_word' id='word_1_383' title='bbox 2666 2196 2739 2241; x_wconf 85' lang='lat' dir='ltr'><strong>est</strong></span> <span class='ocrx_word' id='word_1_384' title='bbox 2763 2197 2923 2256; x_wconf 86' lang='lat' dir='ltr'><strong>terra,</strong></span> <span class='ocrx_word' id='word_1_385' title='bbox 2954 2187 3056 2244; x_wconf 88' lang='lat' dir='ltr'><strong>hoc</strong></span> <span class='ocrx_word' id='word_1_386' title='bbox 3077 2200 3181 2257; x_wconf 90' lang='lat' dir='ltr'><strong>est,</strong></span> <span class='ocrx_word' id='word_1_387' title='bbox 3203 2188 3478 2246; x_wconf 81' lang='lat' dir='ltr'><strong>Ecclesia:</strong></span> 
     </span>
    </p>
   </div>
   <div class='ocr_carea' id='block_1_53' title="bbox 1884 2274 3481 2348">
    <p class='ocr_par' dir='ltr' id='par_1_53' title="bbox 1884 2274 3481 2348">
     <span class='ocr_line' id='line_1_53' title="bbox 1884 2274 3481 2348; baseline 0.004 -20"><span class='ocrx_word' id='word_1_388' title='bbox 1884 2283 1931 2328; x_wconf 86' lang='lat' dir='ltr'><strong>et</strong></span> <span class='ocrx_word' id='word_1_389' title='bbox 1963 2274 2239 2343; x_wconf 86' lang='lat' dir='ltr'><strong>plenitudo</strong></span> <span class='ocrx_word' id='word_1_390' title='bbox 2268 2281 2403 2348; x_wconf 88' lang='lat' dir='ltr'><strong>ejus,</strong></span> <span class='ocrx_word' id='word_1_391' title='bbox 2437 2276 2492 2331; x_wconf 88' lang='lat' dir='ltr'><strong>id</strong></span> <span class='ocrx_word' id='word_1_392' title='bbox 2527 2287 2633 2345; x_wconf 90' lang='lat' dir='ltr'><strong>est,</strong></span> <span class='ocrx_word' id='word_1_393' title='bbox 2668 2294 2861 2333; x_wconf 88' lang='lat' dir='ltr'><strong>omnes</strong></span> <span class='ocrx_word' id='word_1_394' title='bbox 2890 2283 3091 2334; x_wconf 83' lang='lat' dir='ltr'><strong>sancti.</strong></span> <span class='ocrx_word' id='word_1_395' title='bbox 3125 2281 3279 2338; x_wconf 84' lang='lat' dir='ltr'><strong>Urbis</strong></span> <span class='ocrx_word' id='word_1_396' title='bbox 3312 2293 3481 2337; x_wconf 86' lang='lat' dir='ltr'><strong>terra-</strong></span> 
     </span>
    </p>
   </div>
   <div class='ocr_carea' id='block_1_54' title="bbox 1882 2368 3474 2440">
    <p class='ocr_par' dir='ltr' id='par_1_54' title="bbox 1882 2368 3474 2440">
     <span class='ocr_line' id='line_1_54' title="bbox 1882 2368 3474 2440; baseline 0.006 -21"><span class='ocrx_word' id='word_1_397' title='bbox 1882 2382 1999 2420; x_wconf 85' lang='lat' dir='ltr'><strong>rum</strong></span> <span class='ocrx_word' id='word_1_398' title='bbox 2020 2408 2033 2432; x_wconf 92' lang='lat'><strong>,</strong></span> <span class='ocrx_word' id='word_1_399' title='bbox 2067 2376 2115 2421; x_wconf 90' lang='lat' dir='ltr'><strong>et</strong></span> <span class='ocrx_word' id='word_1_400' title='bbox 2166 2368 2391 2422; x_wconf 84' lang='lat' dir='ltr'><strong>universi</strong></span> <span class='ocrx_word' id='word_1_401' title='bbox 2416 2369 2504 2440; x_wconf 85' lang='lat' dir='ltr'><strong>qui</strong></span> <span class='ocrx_word' id='word_1_402' title='bbox 2531 2368 2768 2423; x_wconf 83' lang='lat' dir='ltr'><strong>habitant</strong></span> <span class='ocrx_word' id='word_1_403' title='bbox 2795 2371 2847 2425; x_wconf 84' lang='lat' dir='ltr'><strong>in</strong></span> <span class='ocrx_word' id='word_1_404' title='bbox 2876 2388 2957 2425; x_wconf 89' lang='lat' dir='ltr'><strong>ea.</strong></span> <span class='ocrx_word' id='word_1_405' title='bbox 2986 2370 3297 2428; x_wconf 81' lang='lat' dir='ltr'><strong>Clarificato</strong></span> <span class='ocrx_word' id='word_1_406' title='bbox 3324 2375 3474 2439; x_wconf 75' lang='lat' dir='ltr'><strong>Jestt,</strong></span> 
     </span>
    </p>
   </div>
   <div class='ocr_carea' id='block_1_55' title="bbox 1881 2462 3079 2532">
    <p class='ocr_par' dir='ltr' id='par_1_55' title="bbox 1881 2462 3079 2532">
     <span class='ocr_line' id='line_1_55' title="bbox 1881 2462 3079 2532; baseline 0.002 -15"><span class='ocrx_word' id='word_1_407' title='bbox 1881 2462 2122 2517; x_wconf 90' lang='lat' dir='ltr'><strong>omnium</strong></span> <span class='ocrx_word' id='word_1_408' title='bbox 2153 2463 2394 2532; x_wconf 89' lang='lat' dir='ltr'><strong>gentium</strong></span> <span class='ocrx_word' id='word_1_409' title='bbox 2423 2463 2558 2519; x_wconf 81' lang='lat' dir='ltr'><strong>fides</strong></span> <span class='ocrx_word' id='word_1_410' title='bbox 2588 2462 2648 2517; x_wconf 82' lang='lat' dir='ltr'><strong>ﬁt</strong></span> <span class='ocrx_word' id='word_1_411' title='bbox 2677 2479 2780 2518; x_wconf 90' lang='lat' dir='ltr'><strong>una</strong></span> <span class='ocrx_word' id='word_1_412' title='bbox 2816 2464 3079 2520; x_wconf 86' lang='lat' dir='ltr'><strong>Ecclesia.</strong></span> 
     </span>
    </p>
   </div>
   <div class='ocr_carea' id='block_1_56' title="bbox 1952 2551 3479 2626">
    <p class='ocr_par' dir='ltr' id='par_1_56' title="bbox 1952 2551 3479 2626">
     <span class='ocr_line' id='line_1_56' title="bbox 1952 2551 3479 2626; baseline 0.005 -20"><span class='ocrx_word' id='word_1_413' title='bbox 1952 2551 2077 2622; x_wconf 84' lang='lat' dir='ltr'><strong>Ipse</strong></span> <span class='ocrx_word' id='word_1_414' title='bbox 2103 2571 2258 2626; x_wconf 80' lang='lat' dir='ltr'><strong>super</strong></span> <span class='ocrx_word' id='word_1_415' title='bbox 2280 2556 2447 2610; x_wconf 86' lang='lat' dir='ltr'><strong>maria</strong></span> <span class='ocrx_word' id='word_1_416' title='bbox 2474 2557 2717 2626; x_wconf 78' lang='lat' dir='ltr'><strong>fundavit</strong></span> <span class='ocrx_word' id='word_1_417' title='bbox 2737 2574 2870 2611; x_wconf 85' lang='lat' dir='ltr'><strong>eam.</strong></span> <span class='ocrx_word' id='word_1_418' title='bbox 2901 2558 3003 2612; x_wconf 84' lang='lat' dir='ltr'><strong>Per</strong></span> <span class='ocrx_word' id='word_1_419' title='bbox 3029 2557 3223 2626; x_wconf 87' lang='lat' dir='ltr'><strong>maria,</strong></span> <span class='ocrx_word' id='word_1_420' title='bbox 3254 2558 3479 2615; x_wconf 80' lang='lat' dir='ltr'><strong>ﬂuctua-</strong></span> 
     </span>
    </p>
   </div>
   <div class='ocr_carea' id='block_1_57' title="bbox 1882 2648 3475 2724">
    <p class='ocr_par' dir='ltr' id='par_1_57' title="bbox 1882 2648 3475 2724">
     <span class='ocr_line' id='line_1_57' title="bbox 1882 2648 3475 2724; baseline 0.004 -22"><span class='ocrx_word' id='word_1_421' title='bbox 1882 2648 2060 2703; x_wconf 88' lang='lat' dir='ltr'><strong>tiones</strong></span> <span class='ocrx_word' id='word_1_422' title='bbox 2088 2648 2246 2703; x_wconf 82' lang='lat' dir='ltr'><strong>iStius</strong></span> <span class='ocrx_word' id='word_1_423' title='bbox 2299 2649 2484 2705; x_wconf 88' lang='lat' dir='ltr'><strong>mundi</strong></span> <span class='ocrx_word' id='word_1_424' title='bbox 2517 2650 2685 2721; x_wconf 88' lang='lat' dir='ltr'><strong>:quia</strong></span> <span class='ocrx_word' id='word_1_425' title='bbox 2711 2650 2927 2707; x_wconf 84' lang='lat' dir='ltr'><strong>caleant</strong></span> <span class='ocrx_word' id='word_1_426' title='bbox 2986 2661 3041 2708; x_wconf 89' lang='lat' dir='ltr'><strong>et</strong></span> <span class='ocrx_word' id='word_1_427' title='bbox 3082 2664 3341 2724; x_wconf 86' lang='lat' dir='ltr'><strong>superant</strong></span> <span class='ocrx_word' id='word_1_428' title='bbox 3377 2654 3475 2709; x_wconf 80' lang='lat' dir='ltr'><strong>Ec-</strong></span> 
     </span>
    </p>
   </div>
   <div class='ocr_carea' id='block_1_58' title="bbox 1879 2739 3469 2813">
    <p class='ocr_par' dir='ltr' id='par_1_58' title="bbox 1879 2739 3469 2813">
     <span class='ocr_line' id='line_1_58' title="bbox 1879 2739 3469 2813; baseline 0.003 -18"><span class='ocrx_word' id='word_1_429' title='bbox 1879 2739 2102 2795; x_wconf 87' lang='lat' dir='ltr'><strong>clesiam</strong></span> <span class='ocrx_word' id='word_1_430' title='bbox 2135 2739 2205 2794; x_wconf 91' lang='lat' dir='ltr'><strong>ab</strong></span> <span class='ocrx_word' id='word_1_431' title='bbox 2228 2740 2383 2795; x_wconf 90' lang='lat' dir='ltr'><strong>initio</strong></span> <span class='ocrx_word' id='word_1_432' title='bbox 2405 2739 2788 2798; x_wconf 83' lang='lat' dir='ltr'><strong>ﬂuctuationes</strong></span> <span class='ocrx_word' id='word_1_433' title='bbox 2815 2744 3027 2800; x_wconf 58' lang='lat' dir='ltr'><strong>sa&#39;culi.</strong></span> <span class='ocrx_word' id='word_1_434' title='bbox 3060 2743 3168 2801; x_wconf 89' lang='lat' dir='ltr'><strong>Sed</strong></span> <span class='ocrx_word' id='word_1_435' title='bbox 3202 2743 3469 2813; x_wconf 84' lang='lat' dir='ltr'><strong>fundavit,</strong></span> 
     </span>
    </p>
   </div>
   <div class='ocr_carea' id='block_1_59' title="bbox 1877 2829 3475 2906">
    <p class='ocr_par' dir='ltr' id='par_1_59' title="bbox 1877 2829 3475 2906">
     <span class='ocr_line' id='line_1_59' title="bbox 1877 2829 3475 2906; baseline 0.004 -21"><span class='ocrx_word' id='word_1_436' title='bbox 1877 2829 1982 2885; x_wconf 89' lang='lat' dir='ltr'><strong>hoc</strong></span> <span class='ocrx_word' id='word_1_437' title='bbox 2007 2840 2114 2897; x_wconf 89' lang='lat' dir='ltr'><strong>est,</strong></span> <span class='ocrx_word' id='word_1_438' title='bbox 2145 2832 2518 2886; x_wconf 83' lang='lat' dir='ltr'><strong>corroboravit</strong></span> <span class='ocrx_word' id='word_1_439' title='bbox 2553 2832 2859 2888; x_wconf 89' lang='lat' dir='ltr'><strong>Ecclesiam</strong></span> <span class='ocrx_word' id='word_1_440' title='bbox 2885 2849 3036 2889; x_wconf 85' lang='lat' dir='ltr'><strong>suam</strong></span> <span class='ocrx_word' id='word_1_441' title='bbox 3070 2835 3123 2890; x_wconf 89' lang='lat' dir='ltr'><strong>in</strong></span> <span class='ocrx_word' id='word_1_442' title='bbox 3152 2834 3277 2890; x_wconf 84' lang='lat' dir='ltr'><strong>fide.</strong></span> <span class='ocrx_word' id='word_1_443' title='bbox 3300 2836 3475 2906; x_wconf 89' lang='lat' dir='ltr'><strong>Super</strong></span> 
     </span>
    </p>
   </div>
   <div class='ocr_carea' id='block_1_60' title="bbox 1878 2921 3472 2993">
    <p class='ocr_par' dir='ltr' id='par_1_60' title="bbox 1878 2921 3472 2993">
     <span class='ocr_line' id='line_1_60' title="bbox 1878 2921 3472 2993; baseline 0.002 -15"><span class='ocrx_word' id='word_1_444' title='bbox 1878 2921 2077 2978; x_wconf 84' lang='lat' dir='ltr'><strong>fluctus</strong></span> <span class='ocrx_word' id='word_1_445' title='bbox 2109 2923 2267 2993; x_wconf 90' lang='lat' dir='ltr'><strong>hujus</strong></span> <span class='ocrx_word' id='word_1_446' title='bbox 2298 2924 2481 2979; x_wconf 69' lang='lat' dir='ltr'><strong>saeculi</strong></span> <span class='ocrx_word' id='word_1_447' title='bbox 2504 2925 2768 2980; x_wconf 82' lang='lat' dir='ltr'><strong>stabilivit</strong></span> <span class='ocrx_word' id='word_1_448' title='bbox 2795 2940 2939 2989; x_wconf 86' lang='lat' dir='ltr'><strong>eam,</strong></span> <span class='ocrx_word' id='word_1_449' title='bbox 2971 2942 3040 2982; x_wconf 93' lang='lat' dir='ltr'><strong>ne</strong></span> <span class='ocrx_word' id='word_1_450' title='bbox 3066 2929 3135 2982; x_wconf 87' lang='lat' dir='ltr'><strong>ab</strong></span> <span class='ocrx_word' id='word_1_451' title='bbox 3160 2927 3246 2982; x_wconf 89' lang='lat' dir='ltr'><strong>bis</strong></span> <span class='ocrx_word' id='word_1_452' title='bbox 3267 2928 3472 2983; x_wconf 82' lang='lat' dir='ltr'><strong>dilaba-</strong></span> 
     </span>
    </p>
   </div>
   <div class='ocr_carea' id='block_1_61' title="bbox 1874 3015 3468 3088">
    <p class='ocr_par' dir='ltr' id='par_1_61' title="bbox 1874 3015 3468 3088">
     <span class='ocr_line' id='line_1_61' title="bbox 1874 3015 3468 3088; baseline 0.003 -17"><span class='ocrx_word' id='word_1_453' title='bbox 1874 3025 1985 3072; x_wconf 91' lang='lat' dir='ltr'><strong>tur.</strong></span> <span class='ocrx_word' id='word_1_454' title='bbox 2031 3015 2100 3069; x_wconf 89' lang='lat' dir='ltr'><strong>Et</strong></span> <span class='ocrx_word' id='word_1_455' title='bbox 2137 3032 2290 3086; x_wconf 85' lang='lat' dir='ltr'><strong>super</strong></span> <span class='ocrx_word' id='word_1_456' title='bbox 2316 3017 2537 3087; x_wconf 83' lang='lat' dir='ltr'><strong>ﬂumina</strong></span> <span class='ocrx_word' id='word_1_457' title='bbox 2565 3019 2874 3088; x_wconf 79' lang='lat' dir='ltr'><strong>prwpararit</strong></span> <span class='ocrx_word' id='word_1_458' title='bbox 2907 3017 3077 3077; x_wconf 84' lang='lat' dir='ltr'><strong>illam.</strong></span> <span class='ocrx_word' id='word_1_459' title='bbox 3111 3019 3217 3074; x_wconf 88' lang='lat' dir='ltr'><strong>Per</strong></span> <span class='ocrx_word' id='word_1_460' title='bbox 3247 3020 3468 3076; x_wconf 83' lang='lat' dir='ltr'><strong>fluniina</strong></span> 
     </span>
    </p>
   </div>
   <div class='ocr_carea' id='block_1_62' title="bbox 1874 3106 3465 3179">
    <p class='ocr_par' dir='ltr' id='par_1_62' title="bbox 1874 3106 3465 3179">
     <span class='ocr_line' id='line_1_62' title="bbox 1874 3106 3465 3179; baseline 0.005 -19"><span class='ocrx_word' id='word_1_461' title='bbox 1874 3106 2250 3179; x_wconf 88' lang='lat' dir='ltr'><strong>intelliguntur</strong></span> <span class='ocrx_word' id='word_1_462' title='bbox 2282 3116 2530 3178; x_wconf 87' lang='lat' dir='ltr'><strong>potentes</strong></span> <span class='ocrx_word' id='word_1_463' title='bbox 2560 3108 2771 3178; x_wconf 78' lang='lat' dir='ltr'><strong>saeculi,</strong></span> <span class='ocrx_word' id='word_1_464' title='bbox 2808 3109 2889 3165; x_wconf 77' lang='lat' dir='ltr'><strong>vel</strong></span> <span class='ocrx_word' id='word_1_465' title='bbox 2916 3110 3099 3179; x_wconf 90' lang='lat' dir='ltr'><strong>cupidi</strong></span> <span class='ocrx_word' id='word_1_466' title='bbox 3134 3129 3147 3165; x_wconf 90' lang='lat'><strong>:</strong></span> <span class='ocrx_word' id='word_1_467' title='bbox 3181 3123 3238 3166; x_wconf 93' lang='lat' dir='ltr'><strong>ut</strong></span> <span class='ocrx_word' id='word_1_468' title='bbox 3265 3111 3465 3168; x_wconf 80' lang='lat' dir='ltr'><strong>aitSa-</strong></span> 
     </span>
    </p>
   </div>
   <div class='ocr_carea' id='block_1_63' title="bbox 162 3176 3459 3274">
    <p class='ocr_par' dir='ltr' id='par_1_63' title="bbox 162 3176 3459 3274">
     <span class='ocr_line' id='line_1_63' title="bbox 162 3176 3459 3274; baseline 0.001 -18"><span class='ocrx_word' id='word_1_469' title='bbox 162 3193 421 3247; x_wconf 66' lang='lat' dir='ltr'><strong>adversus</strong></span> <span class='ocrx_word' id='word_1_470' title='bbox 439 3208 524 3248; x_wconf 75' lang='lat'><strong>808</strong></span> <span class='ocrx_word' id='word_1_471' title='bbox 545 3194 637 3264; x_wconf 76' lang='lat' dir='ltr'><strong>qui</strong></span> <span class='ocrx_word' id='word_1_472' title='bbox 658 3192 908 3248; x_wconf 76' lang='grc' dir='ltr'>ινὲίηιιαηι</span> <span class='ocrx_word' id='word_1_473' title='bbox 931 3194 1258 3261; x_wconf 64' lang='lat' dir='ltr'><strong>&quot;lc-Mensa.</strong></span> <span class='ocrx_word' id='word_1_474' title='bbox 1281 3194 1333 3248; x_wconf 71' lang='lat' dir='ltr'><strong>id</strong></span> <span class='ocrx_word' id='word_1_475' title='bbox 1359 3202 1464 3260; x_wconf 50' lang='lat' dir='ltr'><strong>cal.</strong></span> <span class='ocrx_word' id='word_1_476' title='bbox 1484 3194 1769 3265; x_wconf 72' lang='lat' dir='ltr'><strong>Scriptura</strong></span> <span class='ocrx_word' id='word_1_477' title='bbox 1796 3176 1841 3239; x_wconf 58' lang='grc' dir='ltr'><strong>(ἶ</strong></span> <span class='ocrx_word' id='word_1_478' title='bbox 1875 3176 2106 3255; x_wconf 27' lang='grc' dir='ltr'>Ιοιιιυηνε</span> <span class='ocrx_word' id='word_1_479' title='bbox 2140 3176 2334 3255; x_wconf 85' lang='lat' dir='ltr'><strong>Omnia</strong></span> <span class='ocrx_word' id='word_1_480' title='bbox 2365 3197 2588 3255; x_wconf 82' lang='lat' dir='ltr'><strong>ﬂumina</strong></span> <span class='ocrx_word' id='word_1_481' title='bbox 2620 3176 2826 3255; x_wconf 85' lang='lat' dir='ltr'><strong>intrant</strong></span> <span class='ocrx_word' id='word_1_482' title='bbox 2853 3202 2906 3255; x_wconf 90' lang='lat' dir='ltr'><strong>in</strong></span> <span class='ocrx_word' id='word_1_483' title='bbox 2948 3176 3119 3257; x_wconf 79' lang='lat' dir='ltr'><strong>mare.</strong></span> <span class='ocrx_word' id='word_1_484' title='bbox 3154 3201 3243 3257; x_wconf 90' lang='lat' dir='ltr'><strong>Sic</strong></span> <span class='ocrx_word' id='word_1_485' title='bbox 3273 3214 3331 3257; x_wconf 90' lang='lat' dir='ltr'><strong>et</strong></span> <span class='ocrx_word' id='word_1_486' title='bbox 3361 3205 3459 3274; x_wconf 83' lang='lat' dir='ltr'><strong>ipsi</strong></span> 
     </span>
    </p>
   </div>
   <div class='ocr_carea' id='block_1_64' title="bbox 164 3285 1769 3357">
    <p class='ocr_par' dir='ltr' id='par_1_64' title="bbox 164 3285 1769 3357">
     <span class='ocr_line' id='line_1_64' title="bbox 164 3285 1769 3357; baseline 0 -16"><span class='ocrx_word' id='word_1_487' title='bbox 164 3287 375 3342; x_wconf 83' lang='lat' dir='ltr'><strong>divina.</strong></span> <span class='ocrx_word' id='word_1_488' title='bbox 421 3285 573 3343; x_wconf 87' lang='lat' dir='ltr'><strong>Sicut</strong></span> <span class='ocrx_word' id='word_1_489' title='bbox 606 3298 727 3357; x_wconf 92' lang='lat' dir='ltr'><strong>post</strong></span> <span class='ocrx_word' id='word_1_490' title='bbox 759 3287 1000 3342; x_wconf 88' lang='lat' dir='ltr'><strong>laborem</strong></span> <span class='ocrx_word' id='word_1_491' title='bbox 1032 3287 1082 3341; x_wconf 92' lang='lat' dir='ltr'><strong>in</strong></span> <span class='ocrx_word' id='word_1_492' title='bbox 1115 3302 1302 3341; x_wconf 87' lang='lat' dir='ltr'><strong>tuensa</strong></span> <span class='ocrx_word' id='word_1_493' title='bbox 1335 3286 1611 3342; x_wconf 89' lang='lat' dir='ltr'><strong>invenitur</strong></span> <span class='ocrx_word' id='word_1_494' title='bbox 1637 3301 1769 3341; x_wconf 85' lang='lat' dir='ltr'><strong>con-</strong></span> 
     </span>
    </p>
   </div>
   <div class='ocr_carea' id='block_1_65' title="bbox 162 3377 1763 3450">
    <p class='ocr_par' dir='ltr' id='par_1_65' title="bbox 162 3377 1763 3450">
     <span class='ocr_line' id='line_1_65' title="bbox 162 3377 1763 3450; baseline -0.001 -15"><span class='ocrx_word' id='word_1_495' title='bbox 162 3379 392 3446; x_wconf 89' lang='lat' dir='ltr'><strong>solatio,</strong></span> <span class='ocrx_word' id='word_1_496' title='bbox 419 3388 474 3434; x_wconf 90' lang='lat' dir='ltr'><strong>et</strong></span> <span class='ocrx_word' id='word_1_497' title='bbox 497 3378 752 3443; x_wconf 88' lang='lat' dir='ltr'><strong>refectio,</strong></span> <span class='ocrx_word' id='word_1_498' title='bbox 788 3379 867 3434; x_wconf 91' lang='lat' dir='ltr'><strong>sic</strong></span> <span class='ocrx_word' id='word_1_499' title='bbox 894 3386 951 3433; x_wconf 92' lang='lat' dir='ltr'><strong>et</strong></span> <span class='ocrx_word' id='word_1_500' title='bbox 970 3379 1144 3434; x_wconf 67' lang='lat' dir='ltr'><strong>Sancti</strong></span> <span class='ocrx_word' id='word_1_501' title='bbox 1170 3394 1265 3450; x_wconf 90' lang='lat' dir='ltr'><strong>per</strong></span> <span class='ocrx_word' id='word_1_502' title='bbox 1286 3392 1554 3445; x_wconf 87' lang='lat' dir='ltr'><strong>mensam,</strong></span> <span class='ocrx_word' id='word_1_503' title='bbox 1585 3377 1635 3433; x_wconf 90' lang='lat' dir='ltr'><strong>id</strong></span> <span class='ocrx_word' id='word_1_504' title='bbox 1659 3386 1763 3446; x_wconf 92' lang='lat' dir='ltr'><strong>est,</strong></span> 
     </span>
    </p>
   </div>
   <div class='ocr_carea' id='block_1_66' title="bbox 162 3471 1768 3551">
    <p class='ocr_par' dir='ltr' id='par_1_66' title="bbox 162 3471 1768 3551">
     <span class='ocr_line' id='line_1_66' title="bbox 162 3471 1768 3551; baseline 0 -23"><span class='ocrx_word' id='word_1_505' title='bbox 162 3488 268 3551; x_wconf 86' lang='lat' dir='ltr'><strong>per</strong></span> <span class='ocrx_word' id='word_1_506' title='bbox 306 3472 649 3544; x_wconf 88' lang='lat' dir='ltr'><strong>Scripturam</strong></span> <span class='ocrx_word' id='word_1_507' title='bbox 677 3473 916 3528; x_wconf 79' lang='lat' dir='ltr'><strong>divinam</strong></span> <span class='ocrx_word' id='word_1_508' title='bbox 952 3473 1153 3529; x_wconf 88' lang='lat' dir='ltr'><strong>habent</strong></span> <span class='ocrx_word' id='word_1_509' title='bbox 1192 3471 1670 3540; x_wconf 87' lang='lat' dir='ltr'><strong>consolationem,</strong></span> <span class='ocrx_word' id='word_1_510' title='bbox 1713 3480 1768 3528; x_wconf 86' lang='lat' dir='ltr'><strong>et</strong></span> 
     </span>
    </p>
   </div>
   <div class='ocr_carea' id='block_1_67' title="bbox 165 3566 1761 3638">
    <p class='ocr_par' dir='ltr' id='par_1_67' title="bbox 165 3566 1761 3638">
     <span class='ocr_line' id='line_1_67' title="bbox 165 3566 1761 3638; baseline -0.001 -14"><span class='ocrx_word' id='word_1_511' title='bbox 165 3566 534 3624; x_wconf 79' lang='lat' dir='ltr'><strong>refectionem</strong></span> <span class='ocrx_word' id='word_1_512' title='bbox 555 3610 570 3635; x_wconf 95' lang='lat'><strong>,</strong></span> <span class='ocrx_word' id='word_1_513' title='bbox 614 3566 667 3622; x_wconf 84' lang='lat' dir='ltr'><strong>id</strong></span> <span class='ocrx_word' id='word_1_514' title='bbox 699 3579 784 3624; x_wconf 80' lang='lat' dir='ltr'><strong>est</strong></span> <span class='ocrx_word' id='word_1_515' title='bbox 810 3613 824 3637; x_wconf 89' lang='lat'><strong>,</strong></span> <span class='ocrx_word' id='word_1_516' title='bbox 867 3583 1017 3638; x_wconf 74' lang='lat' dir='ltr'><strong>Spem</strong></span> <span class='ocrx_word' id='word_1_517' title='bbox 1047 3612 1060 3635; x_wconf 88' lang='lat'><strong>,</strong></span> <span class='ocrx_word' id='word_1_518' title='bbox 1104 3568 1259 3623; x_wconf 76' lang='lat' dir='ltr'><strong>fidem</strong></span> <span class='ocrx_word' id='word_1_519' title='bbox 1282 3612 1296 3637; x_wconf 88' lang='lat'><strong>,</strong></span> <span class='ocrx_word' id='word_1_520' title='bbox 1330 3580 1384 3623; x_wconf 90' lang='lat' dir='ltr'><strong>et</strong></span> <span class='ocrx_word' id='word_1_521' title='bbox 1420 3568 1761 3623; x_wconf 83' lang='lat' dir='ltr'><strong>charitatcttt.</strong></span> 
     </span>
    </p>
   </div>
   <div class='ocr_carea' id='block_1_68' title="bbox 163 3658 1764 3731">
    <p class='ocr_par' dir='ltr' id='par_1_68' title="bbox 163 3658 1764 3731">
     <span class='ocr_line' id='line_1_68' title="bbox 163 3658 1764 3731; baseline 0.001 -15"><span class='ocrx_word' id='word_1_522' title='bbox 163 3660 431 3716; x_wconf 82' lang='lat' dir='ltr'><strong>Adrersus</strong></span> <span class='ocrx_word' id='word_1_523' title='bbox 450 3676 536 3714; x_wconf 84' lang='lat' dir='ltr'><strong>eos</strong></span> <span class='ocrx_word' id='word_1_524' title='bbox 556 3660 647 3731; x_wconf 89' lang='lat' dir='ltr'><strong>qui</strong></span> <span class='ocrx_word' id='word_1_525' title='bbox 670 3658 924 3715; x_wconf 82' lang='lat' dir='ltr'><strong>tribulant</strong></span> <span class='ocrx_word' id='word_1_526' title='bbox 948 3677 1047 3714; x_wconf 86' lang='lat' dir='ltr'><strong>me.</strong></span> <span class='ocrx_word' id='word_1_527' title='bbox 1067 3659 1454 3716; x_wconf 81' lang='lat' dir='ltr'><strong>Persecutores</strong></span> <span class='ocrx_word' id='word_1_528' title='bbox 1474 3662 1730 3717; x_wconf 80' lang='lat' dir='ltr'><strong>Ecclesia:</strong></span> <span class='ocrx_word' id='word_1_529' title='bbox 1746 3702 1764 3731; x_wconf 90' lang='lat'><strong>,</strong></span> 
     </span>
    </p>
   </div>
   <div class='ocr_carea' id='block_1_69' title="bbox 164 3747 1765 3820">
    <p class='ocr_par' dir='ltr' id='par_1_69' title="bbox 164 3747 1765 3820">
     <span class='ocr_line' id='line_1_69' title="bbox 164 3747 1765 3820; baseline 0.003 -16"><span class='ocrx_word' id='word_1_530' title='bbox 164 3751 262 3820; x_wconf 90' lang='lat' dir='ltr'><strong>qui</strong></span> <span class='ocrx_word' id='word_1_531' title='bbox 295 3756 427 3803; x_wconf 91' lang='lat' dir='ltr'><strong>sunt</strong></span> <span class='ocrx_word' id='word_1_532' title='bbox 450 3747 764 3816; x_wconf 86' lang='lat' dir='ltr'><strong>daemones,</strong></span> <span class='ocrx_word' id='word_1_533' title='bbox 806 3749 976 3805; x_wconf 81' lang='lat' dir='ltr'><strong>Judaei</strong></span> <span class='ocrx_word' id='word_1_534' title='bbox 1010 3758 1065 3805; x_wconf 88' lang='lat' dir='ltr'><strong>et</strong></span> <span class='ocrx_word' id='word_1_535' title='bbox 1101 3750 1364 3807; x_wconf 65' lang='lat' dir='ltr'><strong>haaretici.</strong></span> <span class='ocrx_word' id='word_1_536' title='bbox 1395 3750 1599 3811; x_wconf 85' lang='lat' dir='ltr'><strong>Contra</strong></span> <span class='ocrx_word' id='word_1_537' title='bbox 1631 3754 1765 3809; x_wconf 91' lang='lat' dir='ltr'><strong>istos</strong></span> 
     </span>
    </p>
   </div>
   <div class='ocr_carea' id='block_1_70' title="bbox 163 3839 1762 3912">
    <p class='ocr_par' dir='ltr' id='par_1_70' title="bbox 163 3839 1762 3912">
     <span class='ocr_line' id='line_1_70' title="bbox 163 3839 1762 3912; baseline 0.003 -16"><span class='ocrx_word' id='word_1_538' title='bbox 163 3857 363 3897; x_wconf 85' lang='lat' dir='ltr'><strong>omnes</strong></span> <span class='ocrx_word' id='word_1_539' title='bbox 384 3839 439 3896; x_wconf 91' lang='lat' dir='ltr'><strong>in</strong></span> <span class='ocrx_word' id='word_1_540' title='bbox 454 3841 757 3912; x_wconf 89' lang='lat' dir='ltr'><strong>Scripturis</strong></span> <span class='ocrx_word' id='word_1_541' title='bbox 781 3840 957 3898; x_wconf 82' lang='lat' dir='ltr'><strong>sacris</strong></span> <span class='ocrx_word' id='word_1_542' title='bbox 980 3843 1289 3899; x_wconf 76' lang='lat' dir='ltr'><strong>invenimus</strong></span> <span class='ocrx_word' id='word_1_543' title='bbox 1307 3844 1762 3901; x_wconf 89' lang='lat' dir='ltr'><strong>consolationem.</strong></span> 
     </span>
    </p>
   </div>
   <div class='ocr_carea' id='block_1_71' title="bbox 240 3934 1764 4010">
    <p class='ocr_par' dir='ltr' id='par_1_71' title="bbox 240 3934 1764 4010">
     <span class='ocr_line' id='line_1_71' title="bbox 240 3934 1764 4010; baseline 0.004 -21"><span class='ocrx_word' id='word_1_544' title='bbox 240 3934 601 4010; x_wconf 85' lang='lat' dir='ltr'><strong>Impinguasti</strong></span> <span class='ocrx_word' id='word_1_545' title='bbox 636 3937 693 3992; x_wconf 87' lang='lat' dir='ltr'><strong>in</strong></span> <span class='ocrx_word' id='word_1_546' title='bbox 716 3936 828 3991; x_wconf 87' lang='lat' dir='ltr'><strong>oleo</strong></span> <span class='ocrx_word' id='word_1_547' title='bbox 849 3948 1005 4009; x_wconf 86' lang='lat' dir='ltr'><strong>caput</strong></span> <span class='ocrx_word' id='word_1_548' title='bbox 1033 3954 1221 3993; x_wconf 86' lang='lat' dir='ltr'><strong>meum.</strong></span> <span class='ocrx_word' id='word_1_549' title='bbox 1246 3938 1350 3994; x_wconf 87' lang='lat' dir='ltr'><strong>Per</strong></span> <span class='ocrx_word' id='word_1_550' title='bbox 1370 3951 1555 4009; x_wconf 85' lang='lat' dir='ltr'><strong>caput,</strong></span> <span class='ocrx_word' id='word_1_551' title='bbox 1584 3940 1634 3995; x_wconf 91' lang='lat' dir='ltr'><strong>id</strong></span> <span class='ocrx_word' id='word_1_552' title='bbox 1658 3949 1764 4010; x_wconf 86' lang='lat' dir='ltr'><strong>est,</strong></span> 
     </span>
    </p>
   </div>
   <div class='ocr_carea' id='block_1_72' title="bbox 165 4029 1762 4101">
    <p class='ocr_par' dir='ltr' id='par_1_72' title="bbox 165 4029 1762 4101">
     <span class='ocr_line' id='line_1_72' title="bbox 165 4029 1762 4101; baseline 0.003 -16"><span class='ocrx_word' id='word_1_553' title='bbox 165 4029 471 4101; x_wconf 88' lang='lat' dir='ltr'><strong>principale</strong></span> <span class='ocrx_word' id='word_1_554' title='bbox 492 4029 711 4095; x_wconf 89' lang='lat' dir='ltr'><strong>mentis,</strong></span> <span class='ocrx_word' id='word_1_555' title='bbox 737 4029 987 4085; x_wconf 80' lang='lat' dir='ltr'><strong>Ecclesia</strong></span> <span class='ocrx_word' id='word_1_556' title='bbox 1009 4029 1355 4101; x_wconf 83' lang='lat' dir='ltr'><strong>intelligitur.</strong></span> <span class='ocrx_word' id='word_1_557' title='bbox 1388 4032 1540 4087; x_wconf 84' lang='lat' dir='ltr'><strong>Mens</strong></span> <span class='ocrx_word' id='word_1_558' title='bbox 1562 4032 1762 4089; x_wconf 90' lang='lat' dir='ltr'><strong>etenim</strong></span> 
     </span>
    </p>
   </div>
   <div class='ocr_carea' id='block_1_73' title="bbox 163 4123 1760 4197">
    <p class='ocr_par' dir='ltr' id='par_1_73' title="bbox 163 4123 1760 4197">
     <span class='ocr_line' id='line_1_73' title="bbox 163 4123 1760 4197; baseline 0 -18"><span class='ocrx_word' id='word_1_559' title='bbox 163 4134 335 4193; x_wconf 86' lang='lat' dir='ltr'><strong>caput</strong></span> <span class='ocrx_word' id='word_1_560' title='bbox 357 4130 582 4178; x_wconf 79' lang='lat' dir='ltr'><strong>vocatur</strong></span> <span class='ocrx_word' id='word_1_561' title='bbox 601 4141 614 4177; x_wconf 92' lang='lat'><strong>:</strong></span> <span class='ocrx_word' id='word_1_562' title='bbox 631 4123 757 4194; x_wconf 84' lang='lat' dir='ltr'><strong>quia</strong></span> <span class='ocrx_word' id='word_1_563' title='bbox 780 4124 922 4179; x_wconf 90' lang='lat' dir='ltr'><strong>sicut</strong></span> <span class='ocrx_word' id='word_1_564' title='bbox 940 4137 971 4178; x_wconf 89' lang='lat' dir='ltr'><strong>a</strong></span> <span class='ocrx_word' id='word_1_565' title='bbox 995 4123 1171 4193; x_wconf 89' lang='lat' dir='ltr'><strong>capite</strong></span> <span class='ocrx_word' id='word_1_566' title='bbox 1195 4134 1461 4196; x_wconf 87' lang='lat' dir='ltr'><strong>reguntur</strong></span> <span class='ocrx_word' id='word_1_567' title='bbox 1482 4125 1724 4181; x_wconf 87' lang='lat' dir='ltr'><strong>membra</strong></span> <span class='ocrx_word' id='word_1_568' title='bbox 1744 4171 1760 4197; x_wconf 93' lang='lat'><strong>,</strong></span> 
     </span>
    </p>
   </div>
   <div class='ocr_carea' id='block_1_74' title="bbox 162 4213 1765 4286">
    <p class='ocr_par' dir='ltr' id='par_1_74' title="bbox 162 4213 1765 4286">
     <span class='ocr_line' id='line_1_74' title="bbox 162 4213 1765 4286; baseline 0.001 -15"><span class='ocrx_word' id='word_1_569' title='bbox 162 4217 243 4271; x_wconf 84' lang='lat' dir='ltr'><strong>ita</strong></span> <span class='ocrx_word' id='word_1_570' title='bbox 273 4215 633 4285; x_wconf 68' lang='lat' dir='ltr'><strong>cogitationes</strong></span> <span class='ocrx_word' id='word_1_571' title='bbox 656 4224 843 4271; x_wconf 90' lang='lat' dir='ltr'><strong>mente</strong></span> <span class='ocrx_word' id='word_1_572' title='bbox 866 4213 1250 4286; x_wconf 87' lang='lat' dir='ltr'><strong>disponuntur.</strong></span> <span class='ocrx_word' id='word_1_573' title='bbox 1272 4216 1375 4272; x_wconf 85' lang='lat' dir='ltr'><strong>Per</strong></span> <span class='ocrx_word' id='word_1_574' title='bbox 1395 4218 1576 4272; x_wconf 89' lang='lat' dir='ltr'><strong>oleum</strong></span> <span class='ocrx_word' id='word_1_575' title='bbox 1603 4218 1765 4273; x_wconf 85' lang='lat' dir='ltr'><strong>intel-</strong></span> 
     </span>
    </p>
   </div>
   <div class='ocr_carea' id='block_1_75' title="bbox 160 4308 1764 4380">
    <p class='ocr_par' dir='ltr' id='par_1_75' title="bbox 160 4308 1764 4380">
     <span class='ocr_line' id='line_1_75' title="bbox 160 4308 1764 4380; baseline -0.001 -15"><span class='ocrx_word' id='word_1_576' title='bbox 160 4308 357 4379; x_wconf 87' lang='lat' dir='ltr'><strong>ligitur</strong></span> <span class='ocrx_word' id='word_1_577' title='bbox 382 4308 687 4364; x_wconf 88' lang='lat' dir='ltr'><strong>consolatio</strong></span> <span class='ocrx_word' id='word_1_578' title='bbox 720 4323 733 4361; x_wconf 90' lang='lat'><strong>:</strong></span> <span class='ocrx_word' id='word_1_579' title='bbox 767 4309 894 4378; x_wconf 85' lang='lat' dir='ltr'><strong>quia</strong></span> <span class='ocrx_word' id='word_1_580' title='bbox 924 4310 1191 4380; x_wconf 74' lang='lat' dir='ltr'><strong>sicut.per</strong></span> <span class='ocrx_word' id='word_1_581' title='bbox 1227 4308 1407 4365; x_wconf 90' lang='lat' dir='ltr'><strong>oleum</strong></span> <span class='ocrx_word' id='word_1_582' title='bbox 1446 4310 1764 4366; x_wconf 81' lang='lat' dir='ltr'><strong>eonsolalur</strong></span> 
     </span>
    </p>
   </div>
   <div class='ocr_carea' id='block_1_76' title="bbox 162 4401 1764 4472">
    <p class='ocr_par' dir='ltr' id='par_1_76' title="bbox 162 4401 1764 4472">
     <span class='ocr_line' id='line_1_76' title="bbox 162 4401 1764 4472; baseline 0 -13"><span class='ocrx_word' id='word_1_583' title='bbox 162 4416 373 4471; x_wconf 89' lang='lat' dir='ltr'><strong>corpus</strong></span> <span class='ocrx_word' id='word_1_584' title='bbox 392 4441 408 4467; x_wconf 92' lang='lat'><strong>,</strong></span> <span class='ocrx_word' id='word_1_585' title='bbox 426 4401 499 4456; x_wconf 90' lang='lat' dir='ltr'><strong>ita</strong></span> <span class='ocrx_word' id='word_1_586' title='bbox 520 4409 575 4457; x_wconf 89' lang='lat' dir='ltr'><strong>et</strong></span> <span class='ocrx_word' id='word_1_587' title='bbox 597 4416 695 4471; x_wconf 88' lang='lat' dir='ltr'><strong>per</strong></span> <span class='ocrx_word' id='word_1_588' title='bbox 713 4402 1142 4458; x_wconf 85' lang='lat' dir='ltr'><strong>censolationem</strong></span> <span class='ocrx_word' id='word_1_589' title='bbox 1158 4402 1589 4472; x_wconf 82' lang='lat' dir='ltr'><strong>Scripturarum,</strong></span> <span class='ocrx_word' id='word_1_590' title='bbox 1609 4420 1764 4459; x_wconf 80' lang='lat' dir='ltr'><strong>mens</strong></span> 
     </span>
    </p>
   </div>
   <div class='ocr_carea' id='block_1_77' title="bbox 162 4490 1760 4566">
    <p class='ocr_par' dir='ltr' id='par_1_77' title="bbox 162 4490 1760 4566">
     <span class='ocr_line' id='line_1_77' title="bbox 162 4490 1760 4566; baseline -0.001 -16"><span class='ocrx_word' id='word_1_591' title='bbox 162 4493 455 4550; x_wconf 62' lang='lat' dir='ltr'><strong>Ecclesia}.</strong></span> <span class='ocrx_word' id='word_1_592' title='bbox 477 4490 833 4566; x_wconf 84' lang='lat' dir='ltr'><strong>Impinguasti</strong></span> <span class='ocrx_word' id='word_1_593' title='bbox 853 4493 907 4546; x_wconf 89' lang='lat' dir='ltr'><strong>in</strong></span> <span class='ocrx_word' id='word_1_594' title='bbox 925 4494 1036 4548; x_wconf 89' lang='lat' dir='ltr'><strong>oleo</strong></span> <span class='ocrx_word' id='word_1_595' title='bbox 1057 4502 1211 4564; x_wconf 85' lang='lat' dir='ltr'><strong>caput</strong></span> <span class='ocrx_word' id='word_1_596' title='bbox 1231 4509 1399 4548; x_wconf 85' lang='lat' dir='ltr'><strong>meum</strong></span> <span class='ocrx_word' id='word_1_597' title='bbox 1416 4513 1435 4547; x_wconf 89' lang='lat'><strong><em>:</em></strong></span> <span class='ocrx_word' id='word_1_598' title='bbox 1454 4493 1760 4549; x_wconf 72' lang='lat' dir='ltr'><strong>Lmtilicasti</strong></span> 
     </span>
    </p>
   </div>
   <div class='ocr_carea' id='block_1_78' title="bbox 1873 3291 3456 3364">
    <p class='ocr_par' dir='ltr' id='par_1_78' title="bbox 1873 3291 3456 3364">
     <span class='ocr_line' id='line_1_78' title="bbox 1873 3291 3456 3364; baseline 0.003 -19"><span class='ocrx_word' id='word_1_599' title='bbox 1873 3303 2153 3362; x_wconf 89' lang='lat' dir='ltr'><strong>potentes,</strong></span> <span class='ocrx_word' id='word_1_600' title='bbox 2187 3292 2314 3347; x_wconf 89' lang='lat' dir='ltr'><strong>licet</strong></span> <span class='ocrx_word' id='word_1_601' title='bbox 2342 3306 2596 3362; x_wconf 89' lang='lat' dir='ltr'><strong>magnum</strong></span> <span class='ocrx_word' id='word_1_602' title='bbox 2628 3291 2866 3347; x_wconf 75' lang='lat' dir='ltr'><strong>habeant</strong></span> <span class='ocrx_word' id='word_1_603' title='bbox 2890 3307 3136 3362; x_wconf 82' lang='lat' dir='ltr'><strong>censum,</strong></span> <span class='ocrx_word' id='word_1_604' title='bbox 3157 3308 3456 3364; x_wconf 90' lang='lat' dir='ltr'><strong>numquam</strong></span> 
     </span>
    </p>
   </div>
   <div class='ocr_carea' id='block_1_79' title="bbox 1869 3382 3466 3453">
    <p class='ocr_par' dir='ltr' id='par_1_79' title="bbox 1869 3382 3466 3453">
     <span class='ocr_line' id='line_1_79' title="bbox 1869 3382 3466 3453; baseline 0.003 -15"><span class='ocrx_word' id='word_1_605' title='bbox 1869 3385 2156 3438; x_wconf 87' lang='lat' dir='ltr'><strong>satiantur.</strong></span> <span class='ocrx_word' id='word_1_606' title='bbox 2193 3382 2369 3453; x_wconf 88' lang='lat' dir='ltr'><strong>Super</strong></span> <span class='ocrx_word' id='word_1_607' title='bbox 2400 3383 2501 3438; x_wconf 90' lang='lat' dir='ltr'><strong>ista</strong></span> <span class='ocrx_word' id='word_1_608' title='bbox 2533 3382 2752 3438; x_wconf 86' lang='lat' dir='ltr'><strong>flumina</strong></span> <span class='ocrx_word' id='word_1_609' title='bbox 2797 3395 2882 3438; x_wconf 89' lang='lat' dir='ltr'><strong>est</strong></span> <span class='ocrx_word' id='word_1_610' title='bbox 2923 3384 3166 3441; x_wconf 77' lang='lat' dir='ltr'><strong>Ecclesia</strong></span> <span class='ocrx_word' id='word_1_611' title='bbox 3201 3428 3215 3452; x_wconf 96' lang='lat'><strong>,</strong></span> <span class='ocrx_word' id='word_1_612' title='bbox 3260 3394 3319 3441; x_wconf 87' lang='lat' dir='ltr'><strong>ut</strong></span> <span class='ocrx_word' id='word_1_613' title='bbox 3360 3387 3466 3442; x_wconf 86' lang='lat' dir='ltr'><strong>illis</strong></span> 
     </span>
    </p>
   </div>
   <div class='ocr_carea' id='block_1_80' title="bbox 1868 3477 3464 3548">
    <p class='ocr_par' dir='ltr' id='par_1_80' title="bbox 1868 3477 3464 3548">
     <span class='ocr_line' id='line_1_80' title="bbox 1868 3477 3464 3548; baseline 0.003 -17"><span class='ocrx_word' id='word_1_614' title='bbox 1868 3477 2126 3548; x_wconf 63' lang='lat' dir='ltr'><strong>praedicet</strong></span> <span class='ocrx_word' id='word_1_615' title='bbox 2154 3497 2165 3531; x_wconf 84' lang='lat'>:</span> <span class='ocrx_word' id='word_1_616' title='bbox 2193 3486 2248 3532; x_wconf 90' lang='lat' dir='ltr'><strong>et</strong></span> <span class='ocrx_word' id='word_1_617' title='bbox 2273 3486 2663 3532; x_wconf 83' lang='lat' dir='ltr'><strong>convertantur</strong></span> <span class='ocrx_word' id='word_1_618' title='bbox 2685 3478 2774 3547; x_wconf 89' lang='lat' dir='ltr'><strong>qui</strong></span> <span class='ocrx_word' id='word_1_619' title='bbox 2804 3486 3132 3548; x_wconf 87' lang='lat' dir='ltr'><strong>potestatem</strong></span> <span class='ocrx_word' id='word_1_620' title='bbox 3161 3478 3385 3535; x_wconf 90' lang='lat' dir='ltr'><strong>habent.</strong></span> <span class='ocrx_word' id='word_1_621' title='bbox 3406 3481 3464 3535; x_wconf 85' lang='lat' dir='ltr'><strong>Si</strong></span> 
     </span>
    </p>
   </div>
   <div class='ocr_carea' id='block_1_81' title="bbox 1867 3567 3460 3642">
    <p class='ocr_par' dir='ltr' id='par_1_81' title="bbox 1867 3567 3460 3642">
     <span class='ocr_line' id='line_1_81' title="bbox 1867 3567 3460 3642; baseline 0.004 -21"><span class='ocrx_word' id='word_1_622' title='bbox 1867 3567 2058 3623; x_wconf 89' lang='lat' dir='ltr'><strong>audire</strong></span> <span class='ocrx_word' id='word_1_623' title='bbox 2106 3568 2377 3622; x_wconf 87' lang='lat' dir='ltr'><strong>noluerint</strong></span> <span class='ocrx_word' id='word_1_624' title='bbox 2415 3586 2425 3620; x_wconf 93' lang='lat'>:</span> <span class='ocrx_word' id='word_1_625' title='bbox 2472 3583 2629 3638; x_wconf 86' lang='lat' dir='ltr'><strong>super</strong></span> <span class='ocrx_word' id='word_1_626' title='bbox 2665 3571 2886 3638; x_wconf 78' lang='lat' dir='ltr'><strong>[lumina</strong></span> <span class='ocrx_word' id='word_1_627' title='bbox 2930 3572 3244 3642; x_wconf 71' lang='lat' dir='ltr'><strong>prtt’parat‘t&#39;l</strong></span> <span class='ocrx_word' id='word_1_628' title='bbox 3286 3572 3460 3628; x_wconf 82' lang='lat' dir='ltr'><strong>illam.</strong></span> 
     </span>
    </p>
   </div>
   <div class='ocr_carea' id='block_1_82' title="bbox 1867 3659 3462 3731">
    <p class='ocr_par' dir='ltr' id='par_1_82' title="bbox 1867 3659 3462 3731">
     <span class='ocr_line' id='line_1_82' title="bbox 1867 3659 3462 3731; baseline 0.003 -15"><span class='ocrx_word' id='word_1_629' title='bbox 1867 3659 2041 3731; x_wconf 88' lang='lat' dir='ltr'><strong>Super</strong></span> <span class='ocrx_word' id='word_1_630' title='bbox 2071 3661 2397 3730; x_wconf 86' lang='lat' dir='ltr'><strong>cupiditates</strong></span> <span class='ocrx_word' id='word_1_631' title='bbox 2429 3660 2593 3731; x_wconf 84' lang='lat' dir='ltr'><strong>hujus</strong></span> <span class='ocrx_word' id='word_1_632' title='bbox 2633 3662 2817 3717; x_wconf 74' lang='lat' dir='ltr'><strong>saeculi</strong></span> <span class='ocrx_word' id='word_1_633' title='bbox 2852 3663 3133 3718; x_wconf 85' lang='lat' dir='ltr'><strong>constituit</strong></span> <span class='ocrx_word' id='word_1_634' title='bbox 3165 3680 3283 3719; x_wconf 89' lang='lat' dir='ltr'><strong>eam</strong></span> <span class='ocrx_word' id='word_1_635' title='bbox 3339 3684 3349 3720; x_wconf 91' lang='lat'><strong>:</strong></span> <span class='ocrx_word' id='word_1_636' title='bbox 3407 3674 3462 3722; x_wconf 91' lang='lat' dir='ltr'><strong>ut</strong></span> 
     </span>
    </p>
   </div>
   <div class='ocr_carea' id='block_1_83' title="bbox 1868 3752 3351 3828">
    <p class='ocr_par' dir='ltr' id='par_1_83' title="bbox 1868 3752 3351 3828">
     <span class='ocr_line' id='line_1_83' title="bbox 1868 3752 3351 3828; baseline 0.003 -22"><span class='ocrx_word' id='word_1_637' title='bbox 1868 3752 1983 3824; x_wconf 84' lang='lat' dir='ltr'><strong>ipsa</strong></span> <span class='ocrx_word' id='word_1_638' title='bbox 2016 3755 2268 3825; x_wconf 90' lang='lat' dir='ltr'><strong>superior</strong></span> <span class='ocrx_word' id='word_1_639' title='bbox 2297 3761 2465 3821; x_wconf 89' lang='lat' dir='ltr'><strong>esset,</strong></span> <span class='ocrx_word' id='word_1_640' title='bbox 2502 3752 2702 3808; x_wconf 89' lang='lat' dir='ltr'><strong>munda</strong></span> <span class='ocrx_word' id='word_1_641' title='bbox 2728 3754 2847 3810; x_wconf 90' lang='lat' dir='ltr'><strong>sine</strong></span> <span class='ocrx_word' id='word_1_642' title='bbox 2876 3757 3082 3811; x_wconf 89' lang='lat' dir='ltr'><strong>macula</strong></span> <span class='ocrx_word' id='word_1_643' title='bbox 3114 3766 3169 3811; x_wconf 89' lang='lat' dir='ltr'><strong>et</strong></span> <span class='ocrx_word' id='word_1_644' title='bbox 3195 3773 3351 3828; x_wconf 88' lang='lat' dir='ltr'><strong>ruga.</strong></span> 
     </span>
    </p>
   </div>
   <div class='ocr_carea' id='block_1_84' title="bbox 1915 3843 3463 3922">
    <p class='ocr_par' dir='ltr' id='par_1_84' title="bbox 1915 3843 3463 3922">
     <span class='ocr_line' id='line_1_84' title="bbox 1915 3843 3463 3922; baseline 0.005 -22"><span class='ocrx_word' id='word_1_645' title='bbox 1915 3846 2041 3913; x_wconf 87' lang='lat' dir='ltr'><strong>Quis</strong></span> <span class='ocrx_word' id='word_1_646' title='bbox 2067 3849 2296 3903; x_wconf 79' lang='lat' dir='ltr'><strong>ascendit</strong></span> <span class='ocrx_word' id='word_1_647' title='bbox 2313 3847 2366 3901; x_wconf 89' lang='lat' dir='ltr'><strong>in</strong></span> <span class='ocrx_word' id='word_1_648' title='bbox 2390 3856 2609 3902; x_wconf 88' lang='lat' dir='ltr'><strong>montem</strong></span> <span class='ocrx_word' id='word_1_649' title='bbox 2626 3843 2838 3905; x_wconf 83' lang='lat' dir='ltr'><strong>David?</strong></span> <span class='ocrx_word' id='word_1_650' title='bbox 2861 3850 2972 3906; x_wconf 78' lang='lat' dir='ltr'><strong>Vox</strong></span> <span class='ocrx_word' id='word_1_651' title='bbox 2990 3851 3270 3922; x_wconf 73' lang='lat' dir='ltr'><strong>prophetae</strong></span> <span class='ocrx_word' id='word_1_652' title='bbox 3296 3853 3463 3907; x_wconf 50' lang='lat' dir='ltr'><strong>inter-</strong></span> 
     </span>
    </p>
   </div>
   <div class='ocr_carea' id='block_1_85' title="bbox 1867 3942 3460 4016">
    <p class='ocr_par' dir='ltr' id='par_1_85' title="bbox 1867 3942 3460 4016">
     <span class='ocr_line' id='line_1_85' title="bbox 1867 3942 3460 4016; baseline 0.001 -19"><span class='ocrx_word' id='word_1_653' title='bbox 1867 3942 2120 4012; x_wconf 85' lang='lat' dir='ltr'><strong>rogantis</strong></span> <span class='ocrx_word' id='word_1_654' title='bbox 2149 3958 2163 3997; x_wconf 73' lang='grc' dir='ltr'>ε</span> <span class='ocrx_word' id='word_1_655' title='bbox 2199 3942 2249 3996; x_wconf 92' lang='lat' dir='ltr'><strong>id</strong></span> <span class='ocrx_word' id='word_1_656' title='bbox 2282 3953 2385 4010; x_wconf 89' lang='lat' dir='ltr'><strong>est,</strong></span> <span class='ocrx_word' id='word_1_657' title='bbox 2416 3942 2469 3998; x_wconf 91' lang='lat' dir='ltr'><strong>in</strong></span> <span class='ocrx_word' id='word_1_658' title='bbox 2503 3945 2783 4000; x_wconf 70' lang='lat' dir='ltr'><strong>caelestem</strong></span> <span class='ocrx_word' id='word_1_659' title='bbox 2815 3944 3166 3999; x_wconf 81' lang='lat' dir='ltr'><strong>Jerusalem?</strong></span> <span class='ocrx_word' id='word_1_660' title='bbox 3199 3946 3331 4013; x_wconf 83' lang='lat' dir='ltr'><strong>Quis</strong></span> <span class='ocrx_word' id='word_1_661' title='bbox 3363 3958 3460 4016; x_wconf 85' lang='lat' dir='ltr'><strong>pro</strong></span> 
     </span>
    </p>
   </div>
   <div class='ocr_carea' id='block_1_86' title="bbox 1866 4034 3464 4108">
    <p class='ocr_par' dir='ltr' id='par_1_86' title="bbox 1866 4034 3464 4108">
     <span class='ocr_line' id='line_1_86' title="bbox 1866 4034 3464 4108; baseline 0.002 -19"><span class='ocrx_word' id='word_1_662' title='bbox 1866 4034 2134 4089; x_wconf 88' lang='lat' dir='ltr'><strong>charitate</strong></span> <span class='ocrx_word' id='word_1_663' title='bbox 2163 4034 2403 4105; x_wconf 87' lang='lat' dir='ltr'><strong>ponitur.</strong></span> <span class='ocrx_word' id='word_1_664' title='bbox 2436 4034 2527 4091; x_wconf 85' lang='lat' dir='ltr'><strong>Vel</strong></span> <span class='ocrx_word' id='word_1_665' title='bbox 2560 4053 2718 4091; x_wconf 91' lang='lat' dir='ltr'><strong>mons</strong></span> <span class='ocrx_word' id='word_1_666' title='bbox 2750 4036 2837 4091; x_wconf 91' lang='lat' dir='ltr'><strong>hic</strong></span> <span class='ocrx_word' id='word_1_667' title='bbox 2866 4053 2964 4107; x_wconf 90' lang='lat' dir='ltr'><strong>pro</strong></span> <span class='ocrx_word' id='word_1_668' title='bbox 2992 4038 3099 4092; x_wconf 88' lang='lat' dir='ltr'><strong>alla</strong></span> <span class='ocrx_word' id='word_1_669' title='bbox 3121 4037 3333 4108; x_wconf 88' lang='lat' dir='ltr'><strong>justitia</strong></span> <span class='ocrx_word' id='word_1_670' title='bbox 3360 4055 3371 4091; x_wconf 91' lang='lat'>:</span> <span class='ocrx_word' id='word_1_671' title='bbox 3405 4046 3464 4094; x_wconf 86' lang='lat' dir='ltr'><strong>ut</strong></span> 
     </span>
    </p>
   </div>
   <div class='ocr_carea' id='block_1_87' title="bbox 1866 4126 3457 4201">
    <p class='ocr_par' dir='ltr' id='par_1_87' title="bbox 1866 4126 3457 4201">
     <span class='ocr_line' id='line_1_87' title="bbox 1866 4126 3457 4201; baseline 0.003 -20"><span class='ocrx_word' id='word_1_672' title='bbox 1866 4126 1998 4181; x_wconf 82' lang='lat' dir='ltr'><strong>illud</strong></span> <span class='ocrx_word' id='word_1_673' title='bbox 2021 4126 2220 4196; x_wconf 85' lang='lat' dir='ltr'><strong>:Vade,</strong></span> <span class='ocrx_word' id='word_1_674' title='bbox 2252 4127 2428 4183; x_wconf 83' lang='lat' dir='ltr'><strong>vende</strong></span> <span class='ocrx_word' id='word_1_675' title='bbox 2457 4129 2634 4184; x_wconf 86' lang='lat' dir='ltr'><strong>omnia</strong></span> <span class='ocrx_word' id='word_1_676' title='bbox 2666 4145 2790 4201; x_wconf 67' lang='lat' dir='ltr'><strong>qum</strong></span> <span class='ocrx_word' id='word_1_677' title='bbox 2816 4128 3006 4198; x_wconf 87' lang='lat' dir='ltr'><strong>habes,</strong></span> <span class='ocrx_word' id='word_1_678' title='bbox 3039 4141 3091 4185; x_wconf 91' lang='lat' dir='ltr'><strong>et</strong></span> <span class='ocrx_word' id='word_1_679' title='bbox 3113 4130 3178 4184; x_wconf 82' lang='lat' dir='ltr'><strong>da</strong></span> <span class='ocrx_word' id='word_1_680' title='bbox 3205 4132 3457 4201; x_wconf 86' lang='lat' dir='ltr'><strong>pauperi-</strong></span> 
     </span>
    </p>
   </div>
   <div class='ocr_carea' id='block_1_88' title="bbox 1864 4217 3460 4294">
    <p class='ocr_par' dir='ltr' id='par_1_88' title="bbox 1864 4217 3460 4294">
     <span class='ocr_line' id='line_1_88' title="bbox 1864 4217 3460 4294; baseline 0.003 -21"><span class='ocrx_word' id='word_1_681' title='bbox 1864 4217 1965 4274; x_wconf 91' lang='lat' dir='ltr'><strong>bus</strong></span> <span class='ocrx_word' id='word_1_682' title='bbox 1991 4236 2004 4273; x_wconf 90' lang='lat'><strong>:</strong></span> <span class='ocrx_word' id='word_1_683' title='bbox 2034 4228 2089 4273; x_wconf 92' lang='lat' dir='ltr'><strong>et</strong></span> <span class='ocrx_word' id='word_1_684' title='bbox 2112 4218 2334 4275; x_wconf 87' lang='lat' dir='ltr'><strong>habebis</strong></span> <span class='ocrx_word' id='word_1_685' title='bbox 2362 4219 2680 4276; x_wconf 87' lang='lat' dir='ltr'><strong>thesaurum</strong></span> <span class='ocrx_word' id='word_1_686' title='bbox 2705 4222 2760 4276; x_wconf 90' lang='lat' dir='ltr'><strong>in</strong></span> <span class='ocrx_word' id='word_1_687' title='bbox 2784 4221 2939 4278; x_wconf 75' lang='lat' dir='ltr'><strong>cmlis</strong></span> <span class='ocrx_word' id='word_1_688' title='bbox 2962 4221 3118 4294; x_wconf 88' lang='lat' dir='ltr'><strong>(Luc.</strong></span> <span class='ocrx_word' id='word_1_689' title='bbox 3150 4222 3460 4294; x_wconf 80' lang='lat' dir='ltr'><strong>xvm).&#39;_Aut</strong></span> 
     </span>
    </p>
   </div>
   <div class='ocr_carea' id='block_1_89' title="bbox 1864 4309 3461 4387">
    <p class='ocr_par' dir='ltr' id='par_1_89' title="bbox 1864 4309 3461 4387">
     <span class='ocr_line' id='line_1_89' title="bbox 1864 4309 3461 4387; baseline 0.004 -24"><span class='ocrx_word' id='word_1_690' title='bbox 1864 4309 1978 4380; x_wconf 85' lang='lat' dir='ltr'><strong>quis</strong></span> <span class='ocrx_word' id='word_1_691' title='bbox 2005 4310 2160 4367; x_wconf 88' lang='lat' dir='ltr'><strong>stabit</strong></span> <span class='ocrx_word' id='word_1_692' title='bbox 2189 4311 2243 4365; x_wconf 88' lang='lat' dir='ltr'><strong>in</strong></span> <span class='ocrx_word' id='word_1_693' title='bbox 2275 4310 2389 4366; x_wconf 90' lang='lat' dir='ltr'><strong>loco</strong></span> <span class='ocrx_word' id='word_1_694' title='bbox 2418 4322 2599 4368; x_wconf 83' lang='lat' dir='ltr'><strong>sancto</strong></span> <span class='ocrx_word' id='word_1_695' title='bbox 2628 4315 2784 4387; x_wconf 87' lang='lat' dir='ltr'><strong>ejus?</strong></span> <span class='ocrx_word' id='word_1_696' title='bbox 2814 4312 2991 4385; x_wconf 87' lang='lat' dir='ltr'><strong>Super</strong></span> <span class='ocrx_word' id='word_1_697' title='bbox 3019 4314 3347 4371; x_wconf 89' lang='lat' dir='ltr'><strong>altissimam</strong></span> <span class='ocrx_word' id='word_1_698' title='bbox 3374 4317 3461 4386; x_wconf 86' lang='lat' dir='ltr'><strong>jn-</strong></span> 
     </span>
    </p>
   </div>
   <div class='ocr_carea' id='block_1_90' title="bbox 1864 4403 3463 4479">
    <p class='ocr_par' dir='ltr' id='par_1_90' title="bbox 1864 4403 3463 4479">
     <span class='ocr_line' id='line_1_90' title="bbox 1864 4403 3463 4479; baseline 0.004 -22"><span class='ocrx_word' id='word_1_699' title='bbox 1864 4403 2067 4457; x_wconf 79' lang='lat' dir='ltr'><strong>Stitiam</strong></span> <span class='ocrx_word' id='word_1_700' title='bbox 2115 4403 2232 4472; x_wconf 90' lang='lat' dir='ltr'><strong>ejus</strong></span> <span class='ocrx_word' id='word_1_701' title='bbox 2272 4421 2285 4457; x_wconf 87' lang='lat'>:</span> <span class='ocrx_word' id='word_1_702' title='bbox 2330 4419 2395 4458; x_wconf 89' lang='lat' dir='ltr'><strong>ac</strong></span> <span class='ocrx_word' id='word_1_703' title='bbox 2432 4406 2477 4460; x_wconf 90' lang='lat' dir='ltr'><strong>si</strong></span> <span class='ocrx_word' id='word_1_704' title='bbox 2514 4406 2690 4471; x_wconf 89' lang='lat' dir='ltr'><strong>dicat,</strong></span> <span class='ocrx_word' id='word_1_705' title='bbox 2722 4406 2845 4477; x_wconf 89' lang='lat' dir='ltr'><strong>quis</strong></span> <span class='ocrx_word' id='word_1_706' title='bbox 2874 4407 3296 4477; x_wconf 83' lang='lat' dir='ltr'><strong>perseverabit?</strong></span> <span class='ocrx_word' id='word_1_707' title='bbox 3335 4410 3463 4479; x_wconf 84' lang='lat' dir='ltr'><strong>quia</strong></span> 
     </span>
    </p>
   </div>
   <div class='ocr_carea' id='block_1_91' title="bbox 1869 4495 3013 4566">
    <p class='ocr_par' dir='ltr' id='par_1_91' title="bbox 1869 4495 3013 4566">
     <span class='ocr_line' id='line_1_91' title="bbox 1869 4495 3013 4566; baseline 0.007 -18"><span class='ocrx_word' id='word_1_708' title='bbox 1869 4495 2025 4549; x_wconf 89' lang='lat' dir='ltr'><strong>multi</strong></span> <span class='ocrx_word' id='word_1_709' title='bbox 2066 4495 2390 4562; x_wconf 82' lang='lat' dir='ltr'><strong>ascendunt,</strong></span> <span class='ocrx_word' id='word_1_710' title='bbox 2419 4505 2475 4550; x_wconf 90' lang='lat' dir='ltr'><strong>et</strong></span> <span class='ocrx_word' id='word_1_711' title='bbox 2502 4512 2609 4553; x_wconf 91' lang='lat' dir='ltr'><strong>non</strong></span> <span class='ocrx_word' id='word_1_712' title='bbox 2641 4507 3013 4566; x_wconf 88' lang='lat' dir='ltr'><strong>perseverant.</strong></span> 
     </span>
    </p>
   </div>
   <div class='ocr_carea' id='block_1_92' title="bbox 164 4558 3458 4664">
    <p class='ocr_par' dir='ltr' id='par_1_92' title="bbox 164 4558 3458 4664">
     <span class='ocr_line' id='line_1_92' title="bbox 164 4558 3458 4664; baseline 0.001 -19"><span class='ocrx_word' id='word_1_713' title='bbox 164 4585 443 4658; x_wconf 83' lang='lat' dir='ltr'><strong>spirituali</strong></span> <span class='ocrx_word' id='word_1_714' title='bbox 470 4586 653 4641; x_wconf 68' lang='lat' dir='ltr'><strong>laetitia</strong></span> <span class='ocrx_word' id='word_1_715' title='bbox 678 4594 916 4640; x_wconf 84' lang='lat' dir='ltr'><strong>mentem</strong></span> <span class='ocrx_word' id='word_1_716' title='bbox 943 4600 1141 4651; x_wconf 88' lang='lat' dir='ltr'><strong>meam,</strong></span> <span class='ocrx_word' id='word_1_717' title='bbox 1167 4602 1286 4656; x_wconf 79' lang='lat' dir='ltr'><strong>qua:</strong></span> <span class='ocrx_word' id='word_1_718' title='bbox 1310 4595 1472 4655; x_wconf 86' lang='lat' dir='ltr'><strong>caput</strong></span> <span class='ocrx_word' id='word_1_719' title='bbox 1493 4593 1578 4639; x_wconf 90' lang='lat' dir='ltr'><strong>est</strong></span> <span class='ocrx_word' id='word_1_720' title='bbox 1597 4586 1761 4641; x_wconf 87' lang='lat' dir='ltr'><strong>totius</strong></span> <span class='ocrx_word' id='word_1_721' title='bbox 1794 4558 1843 4617; x_wconf 76' lang='grc' dir='ltr'>Π</span> <span class='ocrx_word' id='word_1_722' title='bbox 1942 4584 2202 4640; x_wconf 86' lang='lat' dir='ltr'><strong>Innocens</strong></span> <span class='ocrx_word' id='word_1_723' title='bbox 2251 4586 2486 4640; x_wconf 82' lang='lat' dir='ltr'><strong>manibus</strong></span> <span class='ocrx_word' id='word_1_724' title='bbox 2508 4597 2555 4641; x_wconf 87' lang='lat' dir='ltr'><strong>et</strong></span> <span class='ocrx_word' id='word_1_725' title='bbox 2580 4589 2772 4642; x_wconf 88' lang='lat' dir='ltr'><strong>mundo</strong></span> <span class='ocrx_word' id='word_1_726' title='bbox 2793 4589 2967 4645; x_wconf 85' lang='lat' dir='ltr'><strong>corde.</strong></span> <span class='ocrx_word' id='word_1_727' title='bbox 2987 4590 3164 4646; x_wconf 88' lang='lat' dir='ltr'><strong>Purus</strong></span> <span class='ocrx_word' id='word_1_728' title='bbox 3184 4592 3237 4647; x_wconf 91' lang='lat' dir='ltr'><strong>in</strong></span> <span class='ocrx_word' id='word_1_729' title='bbox 3260 4608 3458 4664; x_wconf 87' lang='lat' dir='ltr'><strong>opere:</strong></span> 
     </span>
    </p>
   </div>
   <div class='ocr_carea' id='block_1_93' title="bbox 165 4677 1757 4753">
    <p class='ocr_par' dir='ltr' id='par_1_93' title="bbox 165 4677 1757 4753">
     <span class='ocr_line' id='line_1_93' title="bbox 165 4677 1757 4753; baseline -0.001 -16"><span class='ocrx_word' id='word_1_730' title='bbox 165 4680 439 4750; x_wconf 85' lang='lat' dir='ltr'><strong>corporis.</strong></span> <span class='ocrx_word' id='word_1_731' title='bbox 476 4677 541 4732; x_wconf 82' lang='lat' dir='ltr'><strong>Et</strong></span> <span class='ocrx_word' id='word_1_732' title='bbox 566 4680 706 4735; x_wconf 74' lang='lat' dir='ltr'><strong>calix</strong></span> <span class='ocrx_word' id='word_1_733' title='bbox 729 4696 874 4735; x_wconf 84' lang='lat' dir='ltr'><strong>meus</strong></span> <span class='ocrx_word' id='word_1_734' title='bbox 897 4681 1157 4737; x_wconf 88' lang='lat' dir='ltr'><strong>inebrians</strong></span> <span class='ocrx_word' id='word_1_735' title='bbox 1179 4696 1335 4753; x_wconf 87' lang='lat' dir='ltr'><strong>quam</strong></span> <span class='ocrx_word' id='word_1_736' title='bbox 1359 4680 1639 4752; x_wconf 79' lang='lat' dir='ltr'><strong>prwclarus</strong></span> <span class='ocrx_word' id='word_1_737' title='bbox 1663 4689 1757 4735; x_wconf 86' lang='lat' dir='ltr'><strong>est.</strong></span> 
     </span>
    </p>
   </div>
   <div class='ocr_carea' id='block_1_94' title="bbox 166 4771 1761 4845">
    <p class='ocr_par' dir='ltr' id='par_1_94' title="bbox 166 4771 1761 4845">
     <span class='ocr_line' id='line_1_94' title="bbox 166 4771 1761 4845; baseline -0.001 -15"><span class='ocrx_word' id='word_1_738' title='bbox 166 4774 324 4830; x_wconf 77' lang='lat' dir='ltr'><strong>Catia:</strong></span> <span class='ocrx_word' id='word_1_739' title='bbox 353 4772 676 4843; x_wconf 81' lang='lat' dir='ltr'><strong>intelligitur</strong></span> <span class='ocrx_word' id='word_1_740' title='bbox 708 4773 934 4829; x_wconf 86' lang='lat' dir='ltr'><strong>verbum</strong></span> <span class='ocrx_word' id='word_1_741' title='bbox 973 4773 1091 4828; x_wconf 89' lang='lat' dir='ltr'><strong>Dei.</strong></span> <span class='ocrx_word' id='word_1_742' title='bbox 1140 4771 1413 4829; x_wconf 80' lang='lat' dir='ltr'><strong>Inebrians</strong></span> <span class='ocrx_word' id='word_1_743' title='bbox 1440 4815 1455 4843; x_wconf 90' lang='lat'><strong>,</strong></span> <span class='ocrx_word' id='word_1_744' title='bbox 1497 4775 1624 4844; x_wconf 88' lang='lat' dir='ltr'><strong>quia</strong></span> <span class='ocrx_word' id='word_1_745' title='bbox 1662 4788 1761 4845; x_wconf 88' lang='lat' dir='ltr'><strong>per</strong></span> 
     </span>
    </p>
   </div>
   <div class='ocr_carea' id='block_1_95' title="bbox 163 4864 1762 4940">
    <p class='ocr_par' dir='ltr' id='par_1_95' title="bbox 163 4864 1762 4940">
     <span class='ocr_line' id='line_1_95' title="bbox 163 4864 1762 4940; baseline -0.002 -18"><span class='ocrx_word' id='word_1_746' title='bbox 163 4864 618 4940; x_wconf 64' lang='lat' dir='ltr'><strong>praedicationem</strong></span> <span class='ocrx_word' id='word_1_747' title='bbox 640 4865 1025 4935; x_wconf 89' lang='lat' dir='ltr'><strong>compungitur</strong></span> <span class='ocrx_word' id='word_1_748' title='bbox 1048 4868 1210 4920; x_wconf 87' lang='lat' dir='ltr'><strong>homo</strong></span> <span class='ocrx_word' id='word_1_749' title='bbox 1238 4865 1289 4919; x_wconf 86' lang='lat' dir='ltr'><strong>in</strong></span> <span class='ocrx_word' id='word_1_750' title='bbox 1315 4873 1517 4934; x_wconf 87' lang='lat' dir='ltr'><strong>mente,</strong></span> <span class='ocrx_word' id='word_1_751' title='bbox 1542 4864 1762 4935; x_wconf 90' lang='lat' dir='ltr'><strong>quando</strong></span> 
     </span>
    </p>
   </div>
   <div class='ocr_carea' id='block_1_96' title="bbox 163 4957 1760 5030">
    <p class='ocr_par' dir='ltr' id='par_1_96' title="bbox 163 4957 1760 5030">
     <span class='ocr_line' id='line_1_96' title="bbox 163 4957 1760 5030; baseline -0.003 -13"><span class='ocrx_word' id='word_1_752' title='bbox 163 4967 388 5030; x_wconf 83' lang='lat' dir='ltr'><strong>separat</strong></span> <span class='ocrx_word' id='word_1_753' title='bbox 411 4957 693 5015; x_wconf 89' lang='lat' dir='ltr'><strong>hominem</strong></span> <span class='ocrx_word' id='word_1_754' title='bbox 723 5000 739 5026; x_wconf 89' lang='lat'><strong>,</strong></span> <span class='ocrx_word' id='word_1_755' title='bbox 784 4958 835 5014; x_wconf 91' lang='lat' dir='ltr'><strong>id</strong></span> <span class='ocrx_word' id='word_1_756' title='bbox 867 4969 949 5014; x_wconf 90' lang='lat' dir='ltr'><strong>est</strong></span> <span class='ocrx_word' id='word_1_757' title='bbox 972 5003 986 5028; x_wconf 90' lang='lat'><strong>,</strong></span> <span class='ocrx_word' id='word_1_758' title='bbox 1038 4969 1245 5030; x_wconf 86' lang='lat' dir='ltr'><strong>patrem</strong></span> <span class='ocrx_word' id='word_1_759' title='bbox 1276 4976 1302 5012; x_wconf 90' lang='lat' dir='ltr'><strong>a</strong></span> <span class='ocrx_word' id='word_1_760' title='bbox 1339 4958 1451 5013; x_wconf 86' lang='lat' dir='ltr'><strong>filio</strong></span> <span class='ocrx_word' id='word_1_761' title='bbox 1481 4977 1495 5014; x_wconf 87' lang='lat'><strong>:</strong></span> <span class='ocrx_word' id='word_1_762' title='bbox 1529 4958 1695 5014; x_wconf 76' lang='lat' dir='ltr'><strong>ﬁlium</strong></span> <span class='ocrx_word' id='word_1_763' title='bbox 1730 4975 1760 5013; x_wconf 88' lang='lat' dir='ltr'><strong>a</strong></span> 
     </span>
    </p>
   </div>
   <div class='ocr_carea' id='block_1_97' title="bbox 164 5051 1763 5125">
    <p class='ocr_par' dir='ltr' id='par_1_97' title="bbox 164 5051 1763 5125">
     <span class='ocr_line' id='line_1_97' title="bbox 164 5051 1763 5125; baseline 0.001 -19"><span class='ocrx_word' id='word_1_764' title='bbox 164 5062 322 5125; x_wconf 87' lang='lat' dir='ltr'><strong>patre</strong></span> <span class='ocrx_word' id='word_1_765' title='bbox 352 5067 452 5107; x_wconf 86' lang='lat' dir='ltr'><strong>suo</strong></span> <span class='ocrx_word' id='word_1_766' title='bbox 481 5069 495 5105; x_wconf 87' lang='lat'><strong>:</strong></span> <span class='ocrx_word' id='word_1_767' title='bbox 527 5062 758 5107; x_wconf 90' lang='lat' dir='ltr'><strong>matrem</strong></span> <span class='ocrx_word' id='word_1_768' title='bbox 791 5066 819 5106; x_wconf 88' lang='lat' dir='ltr'><strong>a</strong></span> <span class='ocrx_word' id='word_1_769' title='bbox 846 5051 978 5118; x_wconf 87' lang='lat' dir='ltr'><strong>lilia,</strong></span> <span class='ocrx_word' id='word_1_770' title='bbox 1011 5059 1066 5107; x_wconf 90' lang='lat' dir='ltr'><strong>et</strong></span> <span class='ocrx_word' id='word_1_771' title='bbox 1092 5051 1257 5107; x_wconf 84' lang='lat' dir='ltr'><strong>filiam</strong></span> <span class='ocrx_word' id='word_1_772' title='bbox 1281 5066 1312 5104; x_wconf 90' lang='lat' dir='ltr'><strong>a</strong></span> <span class='ocrx_word' id='word_1_773' title='bbox 1340 5062 1510 5108; x_wconf 91' lang='lat' dir='ltr'><strong>matre</strong></span> <span class='ocrx_word' id='word_1_774' title='bbox 1540 5069 1634 5108; x_wconf 87' lang='lat' dir='ltr'><strong>sua</strong></span> <span class='ocrx_word' id='word_1_775' title='bbox 1663 5071 1675 5108; x_wconf 88' lang='lat'><strong>:</strong></span> <span class='ocrx_word' id='word_1_776' title='bbox 1707 5061 1763 5108; x_wconf 87' lang='lat' dir='ltr'><strong>et</strong></span> 
     </span>
    </p>
   </div>
   <div class='ocr_carea' id='block_1_98' title="bbox 165 5143 1760 5210">
    <p class='ocr_par' dir='ltr' id='par_1_98' title="bbox 165 5143 1760 5210">
     <span class='ocr_line' id='line_1_98' title="bbox 165 5143 1760 5210; baseline -0.003 -8"><span class='ocrx_word' id='word_1_777' title='bbox 165 5160 367 5202; x_wconf 88' lang='lat' dir='ltr'><strong>nurum</strong></span> <span class='ocrx_word' id='word_1_778' title='bbox 410 5143 672 5200; x_wconf 84' lang='lat' dir='ltr'><strong>adversus</strong></span> <span class='ocrx_word' id='word_1_779' title='bbox 712 5158 932 5200; x_wconf 86' lang='lat' dir='ltr'><strong>socrum</strong></span> <span class='ocrx_word' id='word_1_780' title='bbox 970 5159 1144 5199; x_wconf 87' lang='lat' dir='ltr'><strong>suam.</strong></span> <span class='ocrx_word' id='word_1_781' title='bbox 1180 5144 1330 5200; x_wconf 88' lang='lat' dir='ltr'><strong>Tunc</strong></span> <span class='ocrx_word' id='word_1_782' title='bbox 1357 5159 1456 5199; x_wconf 89' lang='lat' dir='ltr'><strong>nos</strong></span> <span class='ocrx_word' id='word_1_783' title='bbox 1490 5144 1760 5210; x_wconf 90' lang='lat' dir='ltr'><strong>inebriat,</strong></span> 
     </span>
    </p>
   </div>
   <div class='ocr_carea' id='block_1_99' title="bbox 164 5234 1761 5309">
    <p class='ocr_par' dir='ltr' id='par_1_99' title="bbox 164 5234 1761 5309">
     <span class='ocr_line' id='line_1_99' title="bbox 164 5234 1761 5309; baseline -0.001 -18"><span class='ocrx_word' id='word_1_784' title='bbox 164 5236 385 5309; x_wconf 85' lang='lat' dir='ltr'><strong>quando</strong></span> <span class='ocrx_word' id='word_1_785' title='bbox 406 5234 509 5291; x_wconf 79' lang='lat' dir='ltr'><strong>ista</strong></span> <span class='ocrx_word' id='word_1_786' title='bbox 532 5235 685 5292; x_wconf 81' lang='lat' dir='ltr'><strong>facit.</strong></span> <span class='ocrx_word' id='word_1_787' title='bbox 710 5235 816 5292; x_wconf 89' lang='lat' dir='ltr'><strong>Per</strong></span> <span class='ocrx_word' id='word_1_788' title='bbox 837 5237 1083 5304; x_wconf 83' lang='lat' dir='ltr'><strong>calicem,</strong></span> <span class='ocrx_word' id='word_1_789' title='bbox 1120 5249 1373 5290; x_wconf 88' lang='lat' dir='ltr'><strong>mensura</strong></span> <span class='ocrx_word' id='word_1_790' title='bbox 1402 5234 1761 5306; x_wconf 80' lang='lat' dir='ltr'><strong>intelligitur:</strong></span> 
     </span>
    </p>
   </div>
   <div class='ocr_carea' id='block_1_100' title="bbox 165 5329 1762 5402">
    <p class='ocr_par' dir='ltr' id='par_1_100' title="bbox 165 5329 1762 5402">
     <span class='ocr_line' id='line_1_100' title="bbox 165 5329 1762 5402; baseline -0.001 -19"><span class='ocrx_word' id='word_1_791' title='bbox 165 5330 294 5402; x_wconf 83' lang='lat' dir='ltr'><strong>quia</strong></span> <span class='ocrx_word' id='word_1_792' title='bbox 330 5329 618 5400; x_wconf 90' lang='lat' dir='ltr'><strong>unicuique</strong></span> <span class='ocrx_word' id='word_1_793' title='bbox 643 5329 798 5399; x_wconf 79' lang='lat' dir='ltr'><strong>juxta</strong></span> <span class='ocrx_word' id='word_1_794' title='bbox 828 5329 973 5400; x_wconf 86' lang='lat' dir='ltr'><strong>quod</strong></span> <span class='ocrx_word' id='word_1_795' title='bbox 1006 5340 1283 5397; x_wconf 89' lang='lat' dir='ltr'><strong>meretur,</strong></span> <span class='ocrx_word' id='word_1_796' title='bbox 1324 5329 1407 5384; x_wconf 85' lang='lat' dir='ltr'><strong>vel</strong></span> <span class='ocrx_word' id='word_1_797' title='bbox 1449 5336 1629 5398; x_wconf 80' lang='lat' dir='ltr'><strong>potest</strong></span> <span class='ocrx_word' id='word_1_798' title='bbox 1671 5343 1762 5384; x_wconf 82' lang='lat' dir='ltr'><strong>ca-</strong></span> 
     </span>
    </p>
   </div>
   <div class='ocr_carea' id='block_1_101' title="bbox 168 5420 1763 5492">
    <p class='ocr_par' dir='ltr' id='par_1_101' title="bbox 168 5420 1763 5492">
     <span class='ocr_line' id='line_1_101' title="bbox 168 5420 1763 5492; baseline 0.001 -15"><span class='ocrx_word' id='word_1_799' title='bbox 168 5438 334 5492; x_wconf 88' lang='lat' dir='ltr'><strong>pere,</strong></span> <span class='ocrx_word' id='word_1_800' title='bbox 368 5422 451 5476; x_wconf 89' lang='lat' dir='ltr'><strong>sic</strong></span> <span class='ocrx_word' id='word_1_801' title='bbox 482 5420 562 5476; x_wconf 90' lang='lat' dir='ltr'><strong>illi</strong></span> <span class='ocrx_word' id='word_1_802' title='bbox 592 5421 784 5477; x_wconf 80' lang='lat' dir='ltr'><strong>dividit</strong></span> <span class='ocrx_word' id='word_1_803' title='bbox 812 5422 958 5477; x_wconf 86' lang='lat' dir='ltr'><strong>Deus</strong></span> <span class='ocrx_word' id='word_1_804' title='bbox 982 5462 996 5487; x_wconf 89' lang='lat'><strong>,</strong></span> <span class='ocrx_word' id='word_1_805' title='bbox 1029 5420 1080 5475; x_wconf 90' lang='lat' dir='ltr'><strong>id</strong></span> <span class='ocrx_word' id='word_1_806' title='bbox 1109 5430 1226 5489; x_wconf 90' lang='lat' dir='ltr'><strong>est,</strong></span> <span class='ocrx_word' id='word_1_807' title='bbox 1260 5421 1375 5476; x_wconf 90' lang='lat' dir='ltr'><strong>dat.</strong></span> <span class='ocrx_word' id='word_1_808' title='bbox 1407 5421 1500 5476; x_wconf 82' lang='lat' dir='ltr'><strong>Vel</strong></span> <span class='ocrx_word' id='word_1_809' title='bbox 1534 5422 1763 5491; x_wconf 78' lang='lat' dir='ltr'><strong>mystico</strong></span> 
     </span>
    </p>
   </div>
   <div class='ocr_carea' id='block_1_102' title="bbox 165 5512 1762 5581">
    <p class='ocr_par' dir='ltr' id='par_1_102' title="bbox 165 5512 1762 5581">
     <span class='ocr_line' id='line_1_102' title="bbox 165 5512 1762 5581; baseline -0.003 -10"><span class='ocrx_word' id='word_1_810' title='bbox 165 5531 252 5571; x_wconf 90' lang='lat' dir='ltr'><strong>me</strong></span> <span class='ocrx_word' id='word_1_811' title='bbox 283 5513 456 5569; x_wconf 86' lang='lat' dir='ltr'><strong>calice</strong></span> <span class='ocrx_word' id='word_1_812' title='bbox 486 5512 799 5581; x_wconf 87' lang='lat' dir='ltr'><strong>inebriasti,</strong></span> <span class='ocrx_word' id='word_1_813' title='bbox 832 5522 891 5569; x_wconf 89' lang='lat' dir='ltr'><strong>ut</strong></span> <span class='ocrx_word' id='word_1_814' title='bbox 920 5512 1181 5570; x_wconf 82' lang='lat' dir='ltr'><strong>oblivioni</strong></span> <span class='ocrx_word' id='word_1_815' title='bbox 1216 5514 1486 5569; x_wconf 87' lang='lat' dir='ltr'><strong>traderem</strong></span> <span class='ocrx_word' id='word_1_816' title='bbox 1516 5513 1762 5570; x_wconf 84' lang='lat' dir='ltr'><strong>delecta-</strong></span> 
     </span>
    </p>
   </div>
   <div class='ocr_carea' id='block_1_103' title="bbox 166 5606 760 5678">
    <p class='ocr_par' dir='ltr' id='par_1_103' title="bbox 166 5606 760 5678">
     <span class='ocr_line' id='line_1_103' title="bbox 166 5606 760 5678; baseline -0.01 -13"><span class='ocrx_word' id='word_1_817' title='bbox 166 5611 341 5665; x_wconf 80' lang='lat' dir='ltr'><strong>tiones</strong></span> <span class='ocrx_word' id='word_1_818' title='bbox 383 5606 584 5678; x_wconf 89' lang='lat' dir='ltr'><strong>prioris</strong></span> <span class='ocrx_word' id='word_1_819' title='bbox 613 5607 760 5662; x_wconf 85' lang='lat' dir='ltr'><strong>vitae.</strong></span> 
     </span>
    </p>
   </div>
   <div class='ocr_carea' id='block_1_104' title="bbox 240 5696 1767 5769">
    <p class='ocr_par' dir='ltr' id='par_1_104' title="bbox 240 5696 1767 5769">
     <span class='ocr_line' id='line_1_104' title="bbox 240 5696 1767 5769; baseline 0.002 -17"><span class='ocrx_word' id='word_1_820' title='bbox 240 5698 305 5753; x_wconf 87' lang='lat' dir='ltr'><strong>Et</strong></span> <span class='ocrx_word' id='word_1_821' title='bbox 338 5696 705 5751; x_wconf 85' lang='lat' dir='ltr'><strong>misericordia</strong></span> <span class='ocrx_word' id='word_1_822' title='bbox 736 5704 847 5767; x_wconf 84' lang='lat' dir='ltr'><strong>tua,</strong></span> <span class='ocrx_word' id='word_1_823' title='bbox 882 5698 1123 5767; x_wconf 83' lang='lat' dir='ltr'><strong>Domine,</strong></span> <span class='ocrx_word' id='word_1_824' title='bbox 1156 5698 1493 5769; x_wconf 72' lang='lat' dir='ltr'><strong>subsequatur</strong></span> <span class='ocrx_word' id='word_1_825' title='bbox 1522 5714 1620 5752; x_wconf 88' lang='lat' dir='ltr'><strong>me.</strong></span> <span class='ocrx_word' id='word_1_826' title='bbox 1652 5697 1767 5755; x_wconf 80' lang='lat' dir='ltr'><strong>Vox</strong></span> 
     </span>
    </p>
   </div>
   <div class='ocr_carea' id='block_1_105' title="bbox 168 5787 1767 5862">
    <p class='ocr_par' dir='ltr' id='par_1_105' title="bbox 168 5787 1767 5862">
     <span class='ocr_line' id='line_1_105' title="bbox 168 5787 1767 5862; baseline -0.006 -9"><span class='ocrx_word' id='word_1_827' title='bbox 168 5792 440 5853; x_wconf 79' lang='lat' dir='ltr'><strong>Ecclesiae</strong></span> <span class='ocrx_word' id='word_1_828' title='bbox 474 5788 542 5844; x_wconf 87' lang='lat' dir='ltr'><strong>ad</strong></span> <span class='ocrx_word' id='word_1_829' title='bbox 573 5787 874 5846; x_wconf 85' lang='lat' dir='ltr'><strong>Christum.</strong></span> <span class='ocrx_word' id='word_1_830' title='bbox 909 5790 1283 5847; x_wconf 86' lang='lat' dir='ltr'><strong>Misericordia</strong></span> <span class='ocrx_word' id='word_1_831' title='bbox 1306 5787 1401 5847; x_wconf 91' lang='lat' dir='ltr'><strong>Dei</strong></span> <span class='ocrx_word' id='word_1_832' title='bbox 1428 5798 1479 5847; x_wconf 90' lang='lat' dir='ltr'><strong>et</strong></span> <span class='ocrx_word' id='word_1_833' title='bbox 1507 5789 1767 5862; x_wconf 77' lang='lat' dir='ltr'><strong>prmrenit</strong></span> 
     </span>
    </p>
   </div>
   <div class='ocr_carea' id='block_1_106' title="bbox 1864 4678 3458 4751">
    <p class='ocr_par' dir='ltr' id='par_1_106' title="bbox 1864 4678 3458 4751">
     <span class='ocr_line' id='line_1_106' title="bbox 1864 4678 3458 4751; baseline 0.006 -21"><span class='ocrx_word' id='word_1_834' title='bbox 1864 4678 1988 4750; x_wconf 87' lang='lat' dir='ltr'><strong>quia</strong></span> <span class='ocrx_word' id='word_1_835' title='bbox 2012 4692 2108 4748; x_wconf 88' lang='lat' dir='ltr'><strong>per</strong></span> <span class='ocrx_word' id='word_1_836' title='bbox 2133 4691 2347 4743; x_wconf 88' lang='lat' dir='ltr'><strong>manus,</strong></span> <span class='ocrx_word' id='word_1_837' title='bbox 2373 4692 2538 4746; x_wconf 87' lang='lat' dir='ltr'><strong>opera</strong></span> <span class='ocrx_word' id='word_1_838' title='bbox 2563 4678 2971 4748; x_wconf 89' lang='lat' dir='ltr'><strong>intelliguntur:</strong></span> <span class='ocrx_word' id='word_1_839' title='bbox 2994 4691 3040 4734; x_wconf 87' lang='lat' dir='ltr'><strong>et</strong></span> <span class='ocrx_word' id='word_1_840' title='bbox 3066 4684 3258 4738; x_wconf 89' lang='lat' dir='ltr'><strong>mundo</strong></span> <span class='ocrx_word' id='word_1_841' title='bbox 3279 4684 3458 4751; x_wconf 79' lang='lat' dir='ltr'><strong>corde,</strong></span> 
     </span>
    </p>
   </div>
   <div class='ocr_carea' id='block_1_107' title="bbox 1866 4769 3460 4841">
    <p class='ocr_par' dir='ltr' id='par_1_107' title="bbox 1866 4769 3460 4841">
     <span class='ocr_line' id='line_1_107' title="bbox 1866 4769 3460 4841; baseline 0.002 -13"><span class='ocrx_word' id='word_1_842' title='bbox 1866 4771 1919 4828; x_wconf 89' lang='lat' dir='ltr'><strong>id</strong></span> <span class='ocrx_word' id='word_1_843' title='bbox 1942 4782 2047 4837; x_wconf 80' lang='lat' dir='ltr'><strong>est,</strong></span> <span class='ocrx_word' id='word_1_844' title='bbox 2071 4769 2289 4826; x_wconf 89' lang='lat' dir='ltr'><strong>mundis</strong></span> <span class='ocrx_word' id='word_1_845' title='bbox 2308 4769 2680 4826; x_wconf 84' lang='lat' dir='ltr'><strong>sermonibus.</strong></span> <span class='ocrx_word' id='word_1_846' title='bbox 2699 4769 2797 4825; x_wconf 70' lang='lat' dir='ltr'><strong>Vel</strong></span> <span class='ocrx_word' id='word_1_847' title='bbox 2814 4772 3018 4828; x_wconf 87' lang='lat' dir='ltr'><strong>mundo</strong></span> <span class='ocrx_word' id='word_1_848' title='bbox 3038 4774 3225 4841; x_wconf 90' lang='lat' dir='ltr'><strong>corde,</strong></span> <span class='ocrx_word' id='word_1_849' title='bbox 3241 4785 3460 4831; x_wconf 89' lang='lat' dir='ltr'><strong>sanctus</strong></span> 
     </span>
    </p>
   </div>
   <div class='ocr_carea' id='block_1_108' title="bbox 1864 4861 3457 4936">
    <p class='ocr_par' dir='ltr' id='par_1_108' title="bbox 1864 4861 3457 4936">
     <span class='ocr_line' id='line_1_108' title="bbox 1864 4861 3457 4936; baseline -0.001 -17"><span class='ocrx_word' id='word_1_850' title='bbox 1864 4865 1919 4921; x_wconf 90' lang='lat' dir='ltr'><strong>in</strong></span> <span class='ocrx_word' id='word_1_851' title='bbox 1963 4864 2317 4936; x_wconf 85' lang='lat' dir='ltr'><strong>cogitatione.</strong></span> <span class='ocrx_word' id='word_1_852' title='bbox 2373 4861 2474 4930; x_wconf 84' lang='lat' dir='ltr'><strong>Qui</strong></span> <span class='ocrx_word' id='word_1_853' title='bbox 2522 4878 2625 4915; x_wconf 88' lang='lat' dir='ltr'><strong>non</strong></span> <span class='ocrx_word' id='word_1_854' title='bbox 2663 4865 2859 4932; x_wconf 83' lang='lat' dir='ltr'><strong>accepit</strong></span> <span class='ocrx_word' id='word_1_855' title='bbox 2902 4864 2954 4917; x_wconf 77' lang='lat' dir='ltr'><strong>in</strong></span> <span class='ocrx_word' id='word_1_856' title='bbox 2998 4879 3185 4918; x_wconf 83' lang='lat' dir='ltr'><strong>uanum</strong></span> <span class='ocrx_word' id='word_1_857' title='bbox 3226 4867 3457 4921; x_wconf 86' lang='lat' dir='ltr'><strong>animant</strong></span> 
     </span>
    </p>
   </div>
   <div class='ocr_carea' id='block_1_109' title="bbox 1865 4951 3458 5027">
    <p class='ocr_par' dir='ltr' id='par_1_109' title="bbox 1865 4951 3458 5027">
     <span class='ocr_line' id='line_1_109' title="bbox 1865 4951 3458 5027; baseline 0.001 -15"><span class='ocrx_word' id='word_1_858' title='bbox 1865 4973 2036 5013; x_wconf 88' lang='lat' dir='ltr'><strong>suam.</strong></span> <span class='ocrx_word' id='word_1_859' title='bbox 2060 4955 2162 5023; x_wconf 87' lang='lat' dir='ltr'><strong>Qui</strong></span> <span class='ocrx_word' id='word_1_860' title='bbox 2200 4953 2366 5008; x_wconf 89' lang='lat' dir='ltr'><strong>nullis</strong></span> <span class='ocrx_word' id='word_1_861' title='bbox 2395 4968 2514 5009; x_wconf 89' lang='lat' dir='ltr'><strong>eam</strong></span> <span class='ocrx_word' id='word_1_862' title='bbox 2549 4951 2773 5008; x_wconf 74' lang='lat' dir='ltr'><strong>fmcibus</strong></span> <span class='ocrx_word' id='word_1_863' title='bbox 2803 4955 3179 5023; x_wconf 85' lang='lat' dir='ltr'><strong>peccaminum</strong></span> <span class='ocrx_word' id='word_1_864' title='bbox 3210 4966 3335 5027; x_wconf 87' lang='lat' dir='ltr'><strong>post</strong></span> <span class='ocrx_word' id='word_1_865' title='bbox 3364 4958 3458 5013; x_wconf 86' lang='lat' dir='ltr'><strong>ba-</strong></span> 
     </span>
    </p>
   </div>
   <div class='ocr_carea' id='block_1_110' title="bbox 1868 5042 3457 5119">
    <p class='ocr_par' dir='ltr' id='par_1_110' title="bbox 1868 5042 3457 5119">
     <span class='ocr_line' id='line_1_110' title="bbox 1868 5042 3457 5119; baseline 0.001 -17"><span class='ocrx_word' id='word_1_866' title='bbox 1868 5049 2122 5119; x_wconf 87' lang='lat' dir='ltr'><strong>ptismum</strong></span> <span class='ocrx_word' id='word_1_867' title='bbox 2140 5043 2448 5100; x_wconf 87' lang='lat' dir='ltr'><strong>maculavit.</strong></span> <span class='ocrx_word' id='word_1_868' title='bbox 2469 5042 2562 5099; x_wconf 91' lang='lat' dir='ltr'><strong>Ille</strong></span> <span class='ocrx_word' id='word_1_869' title='bbox 2583 5042 2638 5099; x_wconf 90' lang='lat' dir='ltr'><strong>in</strong></span> <span class='ocrx_word' id='word_1_870' title='bbox 2654 5058 2849 5098; x_wconf 89' lang='lat' dir='ltr'><strong>vanum</strong></span> <span class='ocrx_word' id='word_1_871' title='bbox 2869 5058 2975 5098; x_wconf 91' lang='lat' dir='ltr'><strong>non</strong></span> <span class='ocrx_word' id='word_1_872' title='bbox 2995 5046 3208 5115; x_wconf 88' lang='lat' dir='ltr'><strong>accepit</strong></span> <span class='ocrx_word' id='word_1_873' title='bbox 3222 5048 3457 5103; x_wconf 86' lang='lat' dir='ltr'><strong>animam</strong></span> 
     </span>
    </p>
   </div>
   <div class='ocr_carea' id='block_1_111' title="bbox 1867 5132 3460 5209">
    <p class='ocr_par' dir='ltr' id='par_1_111' title="bbox 1867 5132 3460 5209">
     <span class='ocr_line' id='line_1_111' title="bbox 1867 5132 3460 5209; baseline -0.003 -13"><span class='ocrx_word' id='word_1_874' title='bbox 1867 5156 2042 5205; x_wconf 90' lang='lat' dir='ltr'><strong>suam,</strong></span> <span class='ocrx_word' id='word_1_875' title='bbox 2076 5139 2164 5209; x_wconf 88' lang='lat' dir='ltr'><strong>qui</strong></span> <span class='ocrx_word' id='word_1_876' title='bbox 2194 5152 2363 5208; x_wconf 86' lang='lat' dir='ltr'><strong>opera</strong></span> <span class='ocrx_word' id='word_1_877' title='bbox 2396 5136 2536 5190; x_wconf 86' lang='lat' dir='ltr'><strong>bona</strong></span> <span class='ocrx_word' id='word_1_878' title='bbox 2564 5135 2696 5206; x_wconf 81' lang='lat' dir='ltr'><strong>agit.</strong></span> <span class='ocrx_word' id='word_1_879' title='bbox 2733 5132 2846 5189; x_wconf 86' lang='lat' dir='ltr'><strong>Nec</strong></span> <span class='ocrx_word' id='word_1_880' title='bbox 2873 5136 3060 5203; x_wconf 74' lang='lat' dir='ltr'><strong>iuravit</strong></span> <span class='ocrx_word' id='word_1_881' title='bbox 3086 5137 3142 5191; x_wconf 87' lang='lat' dir='ltr'><strong>in</strong></span> <span class='ocrx_word' id='word_1_882' title='bbox 3174 5138 3297 5192; x_wconf 85' lang='lat' dir='ltr'><strong>dolo</strong></span> <span class='ocrx_word' id='word_1_883' title='bbox 3334 5156 3460 5209; x_wconf 88' lang='lat' dir='ltr'><strong>pro-</strong></span> 
     </span>
    </p>
   </div>
   <div class='ocr_carea' id='block_1_112' title="bbox 1866 5230 3459 5302">
    <p class='ocr_par' dir='ltr' id='par_1_112' title="bbox 1866 5230 3459 5302">
     <span class='ocr_line' id='line_1_112' title="bbox 1866 5230 3459 5302; baseline -0.001 -12"><span class='ocrx_word' id='word_1_884' title='bbox 1866 5236 2009 5290; x_wconf 82' lang='lat' dir='ltr'><strong>:ritno</strong></span> <span class='ocrx_word' id='word_1_885' title='bbox 2048 5249 2165 5289; x_wconf 88' lang='lat' dir='ltr'><strong>suo.</strong></span> <span class='ocrx_word' id='word_1_886' title='bbox 2217 5231 2311 5286; x_wconf 84' lang='lat' dir='ltr'><strong>Ille</strong></span> <span class='ocrx_word' id='word_1_887' title='bbox 2355 5232 2405 5285; x_wconf 91' lang='lat' dir='ltr'><strong>in</strong></span> <span class='ocrx_word' id='word_1_888' title='bbox 2441 5230 2568 5285; x_wconf 90' lang='lat' dir='ltr'><strong>dolo</strong></span> <span class='ocrx_word' id='word_1_889' title='bbox 2602 5246 2707 5284; x_wconf 90' lang='lat' dir='ltr'><strong>non</strong></span> <span class='ocrx_word' id='word_1_890' title='bbox 2732 5230 2879 5300; x_wconf 88' lang='lat' dir='ltr'><strong>jurat</strong></span> <span class='ocrx_word' id='word_1_891' title='bbox 2905 5230 3161 5301; x_wconf 80' lang='lat' dir='ltr'><strong>proximo</strong></span> <span class='ocrx_word' id='word_1_892' title='bbox 3199 5248 3320 5302; x_wconf 90' lang='lat' dir='ltr'><strong>suo,</strong></span> <span class='ocrx_word' id='word_1_893' title='bbox 3365 5234 3459 5302; x_wconf 86' lang='lat' dir='ltr'><strong>qui</strong></span> 
     </span>
    </p>
   </div>
   <div class='ocr_carea' id='block_1_113' title="bbox 1866 5320 3461 5399">
    <p class='ocr_par' dir='ltr' id='par_1_113' title="bbox 1866 5320 3461 5399">
     <span class='ocr_line' id='line_1_113' title="bbox 1866 5320 3461 5399; baseline -0.003 -16"><span class='ocrx_word' id='word_1_894' title='bbox 1866 5342 1988 5399; x_wconf 67' lang='lat' dir='ltr'><strong>qua:</strong></span> <span class='ocrx_word' id='word_1_895' title='bbox 2013 5326 2238 5396; x_wconf 77' lang='lat' dir='ltr'><strong>cogitat,</strong></span> <span class='ocrx_word' id='word_1_896' title='bbox 2268 5322 2384 5378; x_wconf 68' lang='lat' dir='ltr'><strong>haec</strong></span> <span class='ocrx_word' id='word_1_897' title='bbox 2415 5320 2700 5392; x_wconf 83' lang='lat' dir='ltr'><strong>praedicat,</strong></span> <span class='ocrx_word' id='word_1_898' title='bbox 2730 5331 2785 5376; x_wconf 93' lang='lat' dir='ltr'><strong>et</strong></span> <span class='ocrx_word' id='word_1_899' title='bbox 2810 5321 2862 5376; x_wconf 91' lang='lat' dir='ltr'><strong>in</strong></span> <span class='ocrx_word' id='word_1_900' title='bbox 2888 5336 3054 5391; x_wconf 80' lang='lat' dir='ltr'><strong>opere</strong></span> <span class='ocrx_word' id='word_1_901' title='bbox 3079 5322 3287 5392; x_wconf 88' lang='lat' dir='ltr'><strong>implet.</strong></span> <span class='ocrx_word' id='word_1_902' title='bbox 3311 5324 3461 5379; x_wconf 88' lang='lat' dir='ltr'><strong>Multi</strong></span> 
     </span>
    </p>
   </div>
   <div class='ocr_carea' id='block_1_114' title="bbox 1867 5413 3454 5486">
    <p class='ocr_par' dir='ltr' id='par_1_114' title="bbox 1867 5413 3454 5486">
     <span class='ocr_line' id='line_1_114' title="bbox 1867 5413 3454 5486; baseline -0.001 -13"><span class='ocrx_word' id='word_1_903' title='bbox 1867 5429 1991 5476; x_wconf 90' lang='lat' dir='ltr'><strong>sunt</strong></span> <span class='ocrx_word' id='word_1_904' title='bbox 2016 5417 2162 5473; x_wconf 91' lang='lat' dir='ltr'><strong>enim</strong></span> <span class='ocrx_word' id='word_1_905' title='bbox 2186 5416 2274 5486; x_wconf 87' lang='lat' dir='ltr'><strong>qui</strong></span> <span class='ocrx_word' id='word_1_906' title='bbox 2298 5413 2489 5470; x_wconf 59' lang='lat' dir='ltr'><strong>d0l036</strong></span> <span class='ocrx_word' id='word_1_907' title='bbox 2505 5414 2709 5484; x_wconf 90' lang='lat' dir='ltr'><strong>jurant,</strong></span> <span class='ocrx_word' id='word_1_908' title='bbox 2738 5422 2795 5467; x_wconf 92' lang='lat' dir='ltr'><strong>ut</strong></span> <span class='ocrx_word' id='word_1_909' title='bbox 2813 5413 3084 5483; x_wconf 86' lang='lat' dir='ltr'><strong>decipiant</strong></span> <span class='ocrx_word' id='word_1_910' title='bbox 3109 5416 3454 5485; x_wconf 82' lang='lat' dir='ltr'><strong>proximum:</strong></span> 
     </span>
    </p>
   </div>
   <div class='ocr_carea' id='block_1_115' title="bbox 1865 5505 3460 5584">
    <p class='ocr_par' dir='ltr' id='par_1_115' title="bbox 1865 5505 3460 5584">
     <span class='ocr_line' id='line_1_115' title="bbox 1865 5505 3460 5584; baseline -0.002 -18"><span class='ocrx_word' id='word_1_911' title='bbox 1865 5510 2009 5584; x_wconf 89' lang='lat' dir='ltr'><strong>quod</strong></span> <span class='ocrx_word' id='word_1_912' title='bbox 2040 5508 2387 5565; x_wconf 81' lang='lat' dir='ltr'><strong>abetninatur</strong></span> <span class='ocrx_word' id='word_1_913' title='bbox 2418 5506 2580 5561; x_wconf 86' lang='lat' dir='ltr'><strong>Pater</strong></span> <span class='ocrx_word' id='word_1_914' title='bbox 2610 5505 2873 5559; x_wconf 87' lang='lat' dir='ltr'><strong>lumimun</strong></span> <span class='ocrx_word' id='word_1_915' title='bbox 2909 5505 3078 5570; x_wconf 89' lang='lat' dir='ltr'><strong>Deus,</strong></span> <span class='ocrx_word' id='word_1_916' title='bbox 3113 5506 3331 5563; x_wconf 87' lang='lat' dir='ltr'><strong>dicente</strong></span> <span class='ocrx_word' id='word_1_917' title='bbox 3354 5509 3460 5564; x_wconf 88' lang='lat' dir='ltr'><strong>Pc-</strong></span> 
     </span>
    </p>
   </div>
   <div class='ocr_carea' id='block_1_116' title="bbox 1867 5594 3458 5675">
    <p class='ocr_par' dir='ltr' id='par_1_116' title="bbox 1867 5594 3458 5675">
     <span class='ocr_line' id='line_1_116' title="bbox 1867 5594 3458 5675; baseline -0.001 -16"><span class='ocrx_word' id='word_1_918' title='bbox 1867 5614 1951 5659; x_wconf 91' lang='lat' dir='ltr'><strong>tro</strong></span> <span class='ocrx_word' id='word_1_919' title='bbox 1979 5620 1992 5660; x_wconf 88' lang='lat'><strong>:</strong></span> <span class='ocrx_word' id='word_1_920' title='bbox 2024 5594 2139 5658; x_wconf 82' lang='lat' dir='ltr'><strong>Non</strong></span> <span class='ocrx_word' id='word_1_921' title='bbox 2170 5616 2231 5655; x_wconf 87' lang='lat' dir='ltr'><strong>es</strong></span> <span class='ocrx_word' id='word_1_922' title='bbox 2257 5597 2567 5654; x_wconf 90' lang='lat' dir='ltr'><strong>hominibus</strong></span> <span class='ocrx_word' id='word_1_923' title='bbox 2596 5596 2891 5663; x_wconf 90' lang='lat' dir='ltr'><strong>mentitus,</strong></span> <span class='ocrx_word' id='word_1_924' title='bbox 2942 5596 3038 5652; x_wconf 87' lang='lat' dir='ltr'><strong>sed</strong></span> <span class='ocrx_word' id='word_1_925' title='bbox 3071 5598 3179 5655; x_wconf 91' lang='lat' dir='ltr'><strong>Deo</strong></span> <span class='ocrx_word' id='word_1_926' title='bbox 3210 5596 3347 5670; x_wconf 84' lang='lat' dir='ltr'><strong>(Act.</strong></span> <span class='ocrx_word' id='word_1_927' title='bbox 3380 5601 3458 5675; x_wconf 89' lang='lat' dir='ltr'><strong>v).</strong></span> 
     </span>
    </p>
   </div>
   <div class='ocr_carea' id='block_1_117' title="bbox 1868 5688 3071 5767">
    <p class='ocr_par' dir='ltr' id='par_1_117' title="bbox 1868 5688 3071 5767">
     <span class='ocr_line' id='line_1_117' title="bbox 1868 5688 3071 5767; baseline -0.007 -15"><span class='ocrx_word' id='word_1_928' title='bbox 1868 5698 2012 5767; x_wconf 87' lang='lat' dir='ltr'><strong>Ergo</strong></span> <span class='ocrx_word' id='word_1_929' title='bbox 2039 5696 2130 5766; x_wconf 91' lang='lat' dir='ltr'><strong>qui</strong></span> <span class='ocrx_word' id='word_1_930' title='bbox 2164 5708 2224 5750; x_wconf 87' lang='lat' dir='ltr'><strong>se</strong></span> <span class='ocrx_word' id='word_1_931' title='bbox 2252 5693 2320 5747; x_wconf 88' lang='lat' dir='ltr'><strong>ab</strong></span> <span class='ocrx_word' id='word_1_932' title='bbox 2353 5691 2438 5746; x_wconf 89' lang='lat' dir='ltr'><strong>his</strong></span> <span class='ocrx_word' id='word_1_933' title='bbox 2467 5688 2788 5745; x_wconf 83' lang='lat' dir='ltr'><strong>custodierit</strong></span> <span class='ocrx_word' id='word_1_934' title='bbox 2820 5689 3071 5756; x_wconf 87' lang='lat' dir='ltr'><strong>maculis,</strong></span> 
     </span>
    </p>
   </div>
   <div class='ocr_carea' id='block_1_118' title="bbox 1870 5778 3464 5859">
    <p class='ocr_par' dir='ltr' id='par_1_118' title="bbox 1870 5778 3464 5859">
     <span class='ocr_line' id='line_1_118' title="bbox 1870 5778 3464 5859; baseline 0.002 -20"><span class='ocrx_word' id='word_1_935' title='bbox 1870 5791 1898 5859; x_wconf 35' lang='lat'><strong>{.-</strong></span> <span class='ocrx_word' id='word_1_936' title='bbox 1944 5778 2048 5841; x_wconf 73' lang='lat' dir='ltr'><strong>Ilic</strong></span> <span class='ocrx_word' id='word_1_937' title='bbox 2090 5783 2307 5854; x_wconf 79' lang='lat' dir='ltr'><strong>accipiet</strong></span> <span class='ocrx_word' id='word_1_938' title='bbox 2348 5780 2751 5837; x_wconf 81' lang='lat' dir='ltr'><strong>benedictionem</strong></span> <span class='ocrx_word' id='word_1_939' title='bbox 2779 5796 2811 5834; x_wconf 90' lang='lat' dir='ltr'><strong>a</strong></span> <span class='ocrx_word' id='word_1_940' title='bbox 2842 5778 3065 5837; x_wconf 82' lang='lat' dir='ltr'><strong>Domino</strong></span> <span class='ocrx_word' id='word_1_941' title='bbox 3108 5796 3125 5834; x_wconf 89' lang='lat'><strong><em>:</em></strong></span> <span class='ocrx_word' id='word_1_942' title='bbox 3172 5782 3220 5837; x_wconf 80' lang='lat' dir='ltr'><strong>el</strong></span> <span class='ocrx_word' id='word_1_943' title='bbox 3260 5782 3464 5842; x_wconf 84' lang='lat' dir='ltr'><strong>miseri-</strong></span> 
     </span>
    </p>
   </div>
  </div>
