4034 6318
533 297 636 358 887

1315 297 1668 357 APPENDIX
1713 299 1805 355 AD
1842 299 2088 358 TOMUM
2129 299 2484 359 SEPTIMUM
2525 300 2581 358 S.
2624 298 3031 357 IIIERONYMI.
3715 299 3817 360 888

537 417 768 472 cordiam
795 432 827 471 α
854 415 964 472 Deo
994 415 1214 472 salutari
1241 429 1355 470 suo.
1391 418 1430 470 A
1463 414 1683 470 Christo
1712 414 1912 485 tequali
1939 414 2126 482 Patri,
2160 421 2206 482 Α
2237 424 2562 471 xternarum
2605 413 2804 471 :edium
2854 414 3049 470 valva).
3103 412 3171 468 Et
3214 413 3450 470 introibit
3490 430 3583 470 rex
3622 415 3814 486 glorior.

538 509 695 578 cujus
726 519 900 565 morte
931 509 1173 563 salvatus
1213 517 1319 564 est.
1373 507 1474 564 Vel
1514 506 1676 563 aliter
1716 523 1730 564 :
1772 507 1874 562 Hic
1912 509 2129 580 accipiet

539 599 942 654 benedictionem
985 615 1017 652 a
1057 597 1306 651 Domino.
1345 596 1422 653 De
1463 597 1569 652 isto
1609 598 1924 668 supradicto
1951 598 2126 654 dicit:

537 689 640 758 Qui
673 705 778 743 non
807 689 955 758 jurat
985 689 1036 743 in
1068 687 1200 743 dolo
1236 689 1484 759 proximo
1514 703 1616 745 suo
1640 730 1656 757 ,
1702 690 1932 760 accipiet
1969 689 2135 745 bene-

541 781 838 838 dictionem
867 795 896 834 a
923 780 1180 850 Domino,
1209 779 1432 852 quando
1459 780 1705 836 dicturus
1733 781 1839 837 erit
1866 799 1881 839 :
1914 781 2132 852 Venite,

543 871 816 927 benedicti
833 871 1010 928 Patris
1031 873 1158 938 mei,
1177 872 1440 943 percipite
1463 880 1710 943 paratum
1731 872 1887 928 vobis
1909 888 2135 943 regnum

542 981 575 1020 a
596 965 991 1022 constitutione
1016 965 1202 1020 mundi
1228 963 1620 1037 (Matth.xxv).
1644 962 1709 1016 Et
1733 965 2138 1020 misericordiam

542 1077 576 1115 α
601 1060 706 1116 Deo
727 1061 952 1116 salutari
973 1078 1088 1117 suo.
1116 1061 1550 1118 Misericordiam
1576 1077 1605 1115 a
1633 1062 1740 1118 Deo
1761 1064 2137 1134 consequitur,

545 1156 638 1226 qui
666 1171 726 1211 se
760 1163 913 1226 putat
943 1171 1069 1212 esse
1102 1155 1387 1212 miserum.

620 1245 752 1302 Hice
777 1255 851 1301 est
880 1249 1146 1318 generatio
1175 1249 1520 1316 quwrentium
1543 1249 1846 1305 Dominum.
1877 1249 2142 1322 Superius

549 1339 903 1410 singulariter
929 1339 1099 1396 dixit:
1129 1339 1233 1394 Hic
1258 1342 1473 1412 accipiet
1505 1342 1910 1397 benedictionem
1942 1360 1959 1397 :
1984 1344 2144 1400 modo

551 1433 832 1503 pluraliter
856 1475 870 1499 ,
916 1433 1044 1503 quia
1090 1432 1331 1488 Ecclesia
1358 1450 1424 1488 ex
1459 1434 1706 1505 pluribus
1738 1436 1985 1506 personis
2016 1452 2145 1492 con-

548 1534 811 1594 gregatur
853 1543 866 1579 :
898 1535 950 1580 et
991 1534 1173 1582 tamen
1208 1541 1311 1581 una
1341 1527 1543 1582 dicitur
1571 1570 1584 1594 ,
1630 1537 1852 1599 prepter
1881 1530 2144 1586 unitatem

555 1616 700 1673 tidei.
739 1617 1030 1673 Generatio
1053 1619 1192 1689 hxc,
1228 1619 1278 1675 id
1304 1629 1407 1688 est,
1437 1621 1667 1692 populus
1687 1621 2144 1692 ChriStianorum,

553 1724 672 1779 qua:
704 1709 755 1764 in
796 1710 1040 1767 tenebris
1063 1712 1288 1782 jacens,
1339 1729 1523 1769 verum
1567 1714 1856 1771 Dominum
1899 1715 2147 1774 Salvato-

554 1817 780 1874 remque
811 1805 1081 1874 quaesivit.

628 1897 1021 1970 Requirentium
1049 1901 1237 1971 facient
1278 1900 1375 1956 Dei
1410 1902 1592 1958 Jacob.
1643 1903 1699 1959 ld
1742 1913 1827 1960 est
1855 1946 1870 1974 ,
1920 1907 2152 1976 populus

560 1990 904 2048 Christianus
930 1992 1162 2063 requirit
1191 1993 1385 2051 faciem
1413 1995 1505 2051 Dei
1534 1994 1725 2053 Jacob.
1765 1997 1918 2054 Unde
1943 1999 2150 2056 dictum

559 2093 642 2140 est
667 2102 681 2140 :
707 2084 877 2156 Major
899 2087 1098 2142 serviet
1122 2087 1317 2144 minori
1342 2086 1500 2161 (Gen.
1531 2089 1666 2164 xxv)
1697 2110 1706 2146 :
1732 2093 1855 2164 quia
1879 2095 2154 2164 posterius

561 2188 690 2234 nato
723 2181 1016 2250 primatum
1047 2180 1220 2238 dedit.
1267 2181 1560 2239 lntercedit
1585 2185 1879 2258 diapsalma
1905 2228 1920 2255 ,
1966 2197 2024 2242 ut
2053 2188 2154 2244 im-

560 2282 734 2328 mutet
763 2289 1078 2344 personam.
1117 2276 1236 2347 ipse
1265 2279 1410 2333 enim
1447 2278 1709 2334 Dominus
1739 2295 1882 2336 nunc
1909 2282 2152 2338 ctelestia

561 2378 724 2434 regna
752 2374 1028 2435 repetens,
1062 2368 1361 2424 nuntiatur.
1385 2369 1726 2426 Ascendente
1750 2386 1882 2442 ergo
1911 2389 2033 2429 eum
2059 2391 2156 2430 an-

562 2455 702 2526 gelis
725 2500 740 2524 ,
784 2455 838 2512 hi
865 2459 957 2528 qui
988 2459 1371 2528 praecedebant
1400 2463 1515 2518 sive
1543 2463 1982 2532 comitabantur,
2035 2467 2157 2524 aliis

563 2562 752 2604 eorum
789 2549 1132 2620 principibus
1163 2553 1539 2611 acclamabant
1567 2575 1581 2612 :

636 2639 828 2698 Tollite
859 2653 1038 2714 portas
1066 2688 1080 2712 ,
1127 2647 1389 2720 principes
1410 2689 1425 2714 ,
1467 2659 1664 2705 vestras
1706 2667 1725 2706 :
1767 2661 1814 2705 et
1843 2653 2114 2709 eleramini
2140 2696 2154 2721 ,

567 2743 733 2804 portu:
765 2739 1051 2793 teternales.
1096 2739 1209 2796 Hoc
1237 2749 1338 2806 est,
1374 2753 1617 2800 reserate
1647 2745 1905 2801 etelestes
1937 2745 2154 2801 aditus:

563 2838 746 2900 pateat
770 2833 1099 2890 azternitatis
1125 2834 1426 2906 ingressus.
1451 2837 1575 2903 Vel,
1602 2840 1766 2893 tollite
1787 2848 1992 2910 portas,
2013 2840 2159 2911 prin-

566 2921 728 2993 cipes,
749 2932 941 2979 uestras
965 2941 984 2979 :
1003 2924 1111 2982 Vox
1137 2928 1455 2998 angelorum
1483 2938 1508 2967 α
1533 2930 1822 2997 bonorum,
1845 2931 1914 2987 ad
1938 2931 2159 3003 angelos

565 3013 744 3069 malos
775 3031 788 3068 :
821 3030 1054 3085 quorum
1087 3019 1339 3090 princeps
1369 3020 1620 3076 diabolus
1648 3031 1752 3078 est.
1779 3021 1991 3090 Portus,
2017 3024 2162 3093 prin-

567 3106 725 3178 cipes,
757 3116 996 3163 vestras:
1026 3109 1077 3165 id
1107 3119 1212 3179 est,
1243 3111 1592 3182 cupiditatem
1626 3125 1680 3171 et
1708 3116 1980 3172 timorem.
2013 3116 2158 3173 Bene

567 3200 851 3270 conjunxit
896 3203 1249 3274 cupiditatem
1279 3216 1333 3262 et
1363 3207 1615 3264 timorem
1643 3227 1656 3265 :
1680 3211 1804 3280 quia
1831 3212 2158 3282 quicumque

569 3310 667 3365 per
691 3296 1048 3367 cupiditatem
1072 3310 1384 3371 congregat,
1420 3317 1516 3373 per
1541 3304 1792 3360 timorem
1819 3315 1876 3361 et
1901 3305 2158 3362 malitiam

2233 509 2370 577 Quia
2414 524 2520 564 non
2563 509 2740 564 solum
2782 517 2902 579 post
2944 507 3405 565 resurrectionem
3436 549 3451 575 ,
3501 508 3820 565 immensam

2236 601 2478 672 possedit
2517 603 2824 659 claritatem

2235 694 2495 765 aequalem
2527 710 2652 750 cum
2682 694 2847 750 Patre
2885 693 3075 751 habuit
3111 693 3426 768 priusquam
3475 695 3635 750 fieret
3665 711 3819 750 mun-

2237 785 2360 842 dus.
2386 785 2688 841 Adoranles
2715 787 2880 856 igitur
2907 787 2960 840 hi
2991 796 3154 842 tantm
3181 786 3372 858 gloria:
3398 787 3617 842 unicam
3649 786 3820 858 singu-

2873 620 2886 656 :
2931 617 3118 658 verum
3165 603 3328 657 etiam
3375 611 3431 658 et
3476 601 3625 657 illam
3667 618 3816 673 quam

2240 877 2523 949 laremque
2554 879 2850 949 potentiam
2870 923 2884 947 ,
2921 879 3072 934 aiunt
3100 895 3114 933 :

2314 971 2440 1038 Quis
2471 978 2544 1025 est
2575 971 2669 1026 iste
2699 987 2793 1026 rex
2821 971 3046 1042 gloria?
3077 969 3465 1042 Respondetur
3494 969 3582 1026 his
3611 988 3623 1025 :
3656 969 3826 1025 Domi-

2242 1077 2340 1116 nus
2368 1062 2612 1115 virtutum
2638 1061 2749 1132 ipse
2778 1069 2849 1116 est
2880 1078 2970 1116 rex
3005 1060 3207 1132 gloriw.
3242 1060 3533 1117 Pluraliter
3562 1061 3654 1117 hic
3683 1063 3825 1116 virtu-

2243 1152 2641 1217 tum.Christus
2666 1154 2985 1222 intelligitur
3009 1175 3021 1208 :
3044 1155 3171 1225 quia
3195 1169 3358 1226 super
3383 1169 3580 1211 novem
3608 1156 3825 1212 virtutes

2243 1248 2506 1304 caelorum
2529 1248 2706 1304 sedet.
2732 1248 2833 1303 Vel
2856 1249 3098 1304 virtutum
3120 1249 3251 1304 dicit
3276 1267 3289 1302 :
3315 1249 3439 1320 quia
3460 1264 3629 1321 super
3649 1263 3827 1306 omnes

2244 1343 2474 1399 virtutes
2503 1342 2731 1409 diaboli,
2764 1343 3026 1398 Dominus
3055 1352 3159 1398 est.
3201 1343 3294 1399 Vel
3323 1344 3570 1398 virtutum
3604 1343 3828 1400 dicitur:

2245 1433 2368 1506 quia
2409 1433 2659 1491 diabolus
2704 1448 2897 1490 novem
2949 1433 3171 1490 ordines
3219 1436 3542 1506 angelorum
3592 1437 3694 1491 sub
3743 1452 3831 1492 sua

2247 1526 2436 1583 habuit
2483 1525 2876 1594 dominatione,
2930 1525 3044 1581 sive
3089 1526 3264 1581 bonos
3319 1526 3433 1583 sive
3481 1527 3674 1583 malos.
3716 1525 3832 1582 Tol-

2250 1622 2338 1677 lite
2363 1631 2560 1693 portas.
2603 1619 2717 1676 Vox
2747 1621 3064 1691 angelorum
3094 1621 3385 1676 bonorum.
3415 1621 3514 1679 Vel
3541 1639 3644 1678 vox
3674 1623 3835 1678 Domi-

2253 1713 2374 1768 nica
2404 1713 2472 1768 ad
2501 1711 2724 1783 angelos
2751 1712 2945 1768 bonos.
2982 1711 3174 1768 Tollite
3200 1723 3396 1784 portas,
3423 1713 3527 1770 hoc
3559 1723 3647 1771 est
3674 1756 3690 1781 ,
3721 1715 3834 1786 quia

2181 1785 2228 1846 Β
2256 1805 2472 1878 quando
2495 1806 2668 1861 Adam
2699 1806 2980 1876 peccavit,
3007 1817 3179 1877 porta:
3219 1807 3456 1878 paradisi
3488 1808 3696 1864 clausa:
3727 1785 3836 1864 fue-

2253 1909 2382 1956 runt
2415 1908 2508 1955 :et
2537 1899 2660 1954 data
2695 1907 2778 1956 est
2807 1897 3081 1969 romphtea
3114 1901 3269 1970 ignea
3306 1901 3505 1972 angelo
3534 1901 3834 1972 Seraphim,

2255 2004 2314 2050 ut
2342 2009 2466 2050 eum
2513 1993 2791 2051 custodire
2838 1993 3085 2050 deberet.
3133 1993 3240 2050 Sed
3269 2004 3556 2066 postquam
3601 1993 3837 2051 Christus

2256 2087 2404 2142 venit
2433 2086 2486 2141 in
2516 2087 2798 2154 mttndum,
2825 2094 2882 2142 et
2916 2085 3140 2142 luctavit
3174 2101 3299 2140 cum
3332 2085 3558 2142 diabolo
3586 2129 3601 2154 ,
3634 2087 3838 2158 aperuit

2258 2179 2527 2235 infernum
2555 2222 2570 2246 ,
2619 2188 2672 2234 et
2717 2177 2926 2234 animas
2973 2188 3288 2234 sanctorum
3319 2192 3506 2233 secum
3539 2179 3760 2234 eduxit:
3789 2188 3840 2234 et

2256 2287 2377 2330 cum
2405 2273 2612 2343 angelis
2639 2272 2796 2328 bonis
2825 2271 2893 2328 ad
2916 2271 3161 2328 caelestia
3183 2270 3463 2326 remeavit.
3499 2271 3657 2326 Tunc
3684 2279 3837 2342 portte

2258 2365 2516 2439 paradisi,
2548 2380 2670 2436 qua:
2702 2373 2828 2421 ante
2852 2364 3051 2420 clausa:
3078 2362 3315 2430 fuerant,
3346 2371 3552 2433 aperta:
3574 2370 3717 2418 sunt.
3749 2360 3837 2416 Vel

2258 2469 2422 2532 porta:
2440 2458 2708 2514 wternales
2731 2499 2747 2526 ,
2793 2456 2970 2528 angeli
3009 2455 3261 2511 dicuntur
3289 2471 3304 2510 ;
3337 2470 3436 2526 per
3469 2469 3700 2525 quorum
3729 2468 3841 2508 eus-

2261 2553 2462 2609 todiam
2485 2595 2501 2622 ,
2531 2551 2597 2606 ad
2625 2551 2869 2608 coelestia
2899 2549 3348 2606 conscendimus.
3377 2548 3620 2605 Elevata:
3663 2547 3840 2605 dicun-

2262 2659 2354 2705 tur
2383 2667 2398 2704 :
2427 2649 2552 2720 quia
2591 2657 2752 2703 antea
2781 2660 2972 2703 omnes
3013 2646 3209 2701 animae
3239 2653 3555 2701 sanctorum
3583 2643 3650 2699 ad
3690 2642 3842 2698 inier-

2262 2757 2390 2799 num
2417 2740 2841 2798 descendebant.
2872 2739 2979 2795 Sed
3020 2748 3302 2810 postquam
3332 2736 3588 2794 Christus
3614 2734 3842 2792 ascendit

2262 2851 2368 2892 una
2391 2849 2514 2891 cum
2537 2848 2770 2904 corpore
2799 2847 2898 2888 suo
2919 2847 3085 2903 super
3106 2845 3296 2887 omnes
3309 2831 3544 2887 virtutes
3566 2829 3836 2894 ctelorum,

2263 2937 2387 3000 post
2439 2927 2619 3000 angeli
2667 2927 2830 2984 laetati
2875 2935 3000 2982 sunt
3041 2943 3055 2980 :
3102 2927 3226 2997 quia
3277 2925 3488 2980 animas
3543 2933 3838 2980 sanctorum

2263 3021 2402 3093 apud
2434 3037 2496 3078 se
2526 3021 2653 3077 illuc
2690 3019 2935 3077 deduxit.
2974 3017 3098 3086 Quis
3127 3027 3202 3072 est
3231 3019 3328 3072 iste
3373 3033 3464 3073 rex
3493 3017 3714 3088 glorix?
3737 3013 3839 3069 Vox

2265 3115 2578 3186 angelorum
2601 3154 2616 3182 ,
2649 3113 2739 3184 qui
2765 3112 2904 3183 apud
2930 3111 3150 3167 Patrem
3181 3125 3398 3182 semper
3422 3109 3640 3166 fuerant
3673 3127 3686 3164 :
3721 3122 3778 3163 ac
3799 3105 3840 3161 si

2264 3209 2509 3266 dicerent
2535 3228 2545 3264 :
2570 3207 2678 3265 Nos
2707 3208 2942 3276 Patrem,
2980 3217 3032 3264 et
3064 3205 3259 3262 Filium
3285 3219 3500 3276 semper
3532 3202 3692 3260 simul
3731 3213 3843 3257 esse

2262 3303 2514 3359 videmus
2541 3322 2557 3359 :
2587 3303 2688 3359 iSle
2718 3317 2810 3359 rex
2840 3302 3024 3373 gloria:
3048 3301 3166 3372 quis
3209 3299 3333 3357 est?
3359 3299 3464 3354 Pro
3490 3306 3658 3370 parte
3679 3294 3840 3350 carnis

569 3389 830 3458 custodit,
867 3402 926 3446 ut
955 3407 1061 3448 non
1092 3394 1311 3463 perdat;
1345 3404 1399 3450 et
1427 3397 1519 3466 qui
1551 3397 1823 3464 timorem,
1869 3409 1923 3454 et
1951 3401 2165 3472 cupidi-
2264 3397 2526 3452 dicebant
2559 3414 2571 3450 :
2600 3395 2793 3451 Tollite
2822 3405 2999 3468 portas
3032 3411 3051 3450 :
3076 3397 3189 3451 Vox
3221 3394 3497 3466 prophetae
3529 3393 3600 3448 de
3627 3389 3836 3455 Judteis,

571 3491 758 3551 tatem,
791 3497 846 3541 et
876 3486 1137 3542 malitiam
1168 3487 1351 3552 habet,
1397 3490 1648 3558 spiritum
1681 3492 1974 3562 malignum
2007 3493 2074 3548 de
2100 3508 2160 3549 se

571 3595 680 3634 non
711 3580 916 3650 dejicit.
961 3581 1031 3634 Et
1069 3582 1368 3649 elevamini,
1398 3593 1560 3654 porta:
1585 3585 1854 3640 ceteruales
1881 3602 1899 3639 :
1942 3586 1992 3640 id
2034 3596 2118 3642 est
2141 3627 2157 3654 ,

569 3672 702 3730 fides
721 3682 775 3729 et
799 3674 1060 3730 charitas.
1086 3672 1399 3732 Eternales
1427 3675 1716 3734 dicuntur:
1749 3679 1872 3748 quia
1895 3680 1964 3735 ab
1985 3679 2156 3734 Adam

570 3781 739 3838 usque
770 3767 835 3822 ad
863 3766 1135 3823 Christum
1161 3768 1214 3823 in
1239 3769 1347 3823 imo
1365 3767 1659 3840 jacuerunt
1686 3788 1698 3825 :
1727 3779 1782 3826 et
1805 3771 1927 3827 ideo
1952 3772 2158 3828 elevari

567 3859 841 3916 dicuntur.
877 3858 946 3913 Et
977 3860 1210 3916 introibit
1238 3877 1336 3916 rex
1363 3861 1542 3932 gloria:
1565 3879 1584 3919 :
1607 3863 1710 3919 hoc
1737 3873 1839 3933 est,
1871 3864 2153 3932 Christus;

565 3953 690 4023 quia
723 3968 819 4021 per
877 3953 1036 4008 fidem
1101 3963 1157 4008 et
1193 3954 1516 4011 cltaritatem
1562 3957 1805 4012 introivit
1827 3957 2078 4013 Christus
2106 3959 2158 4013 in

567 4048 890 4104 Ecclesiam.
923 4047 988 4102 Et
1008 4049 1238 4104 introibit
1261 4067 1351 4104 rex
1374 4051 1556 4124 gloria:
1579 4069 1597 4108 :
1617 4051 1870 4108 Christus
1897 4053 2158 4108 Dominus

565 4139 846 4195 immensae
874 4139 1142 4196 claritatis
1172 4141 1417 4197 retinens
1449 4158 1695 4213 regnum.
1735 4145 1797 4198 lli
1829 4159 2047 4216 quoque
2076 4155 2160 4201 at-

561 4233 716 4288 toniti
748 4240 804 4288 et
829 4233 1029 4288 mentis
1058 4242 1281 4301 stupore
1309 4235 1543 4303 perculsi
1572 4235 1760 4292 dicunt
1789 4254 1801 4289 :

641 4321 770 4388 Quis
797 4331 870 4376 est
897 4323 990 4377 iste
1014 4340 1108 4378 rex
1132 4323 1317 4394 gloria:
1334 4325 1360 4378 ?
1383 4324 1504 4380 Vox
1530 4326 1796 4395 majorum
1825 4327 2156 4384 dtemonum.

564 4415 644 4476 Ac
676 4415 722 4468 si
753 4413 999 4470 dicerent
1038 4431 1052 4472 :
1085 4413 1198 4470 Nos
1227 4423 1475 4470 nostrum
1521 4431 1705 4487 regem
1750 4417 2011 4473 habemus
2038 4418 2159 4473 dia-

2262 3489 2456 3544 Tollite
2477 3499 2650 3561 portas
2681 3504 2698 3542 :
2724 3487 2778 3544 id
2803 3498 2906 3558 est,
2935 3487 3247 3560 superbiam
3271 3531 3284 3556 ,
3309 3496 3362 3542 et
3393 3485 3765 3556 cupiditatem,
3793 3488 3838 3534 et

2263 3582 2542 3637 avaritiam
2575 3598 2588 3635 :
2643 3581 2766 3653 quia
2798 3596 2894 3651 per
2946 3584 3044 3636 has
3085 3589 3197 3637 tres
3223 3621 3237 3646 ,
3283 3577 3461 3635 omnis
3491 3577 3659 3634 homo
3679 3574 3743 3631 ad
3769 3572 3839 3628 in-

2263 3676 2475 3732 fernum
2507 3675 2894 3730 descendebat.
2922 3673 3016 3730 Vel
3043 3673 3258 3729 elevate
3294 3682 3478 3744 portas
3497 3713 3512 3738 ,
3538 3671 3834 3742 principes,

2261 3777 2471 3824 vestras
2502 3784 2514 3820 :
2545 3781 2644 3838 pro
2692 3781 2802 3834 quo
2841 3767 2893 3820 in
2940 3765 3170 3821 llebrzeo
3215 3767 3450 3835 positum
3480 3774 3562 3821 est
3591 3783 3609 3820 :
3635 3763 3833 3823 Lerutc,

2263 3868 2444 3928 portce,
2476 3859 2648 3930 capita
2683 3867 2892 3912 vestra:
2931 3863 3080 3911 recto
3104 3854 3348 3912 ferantur
3368 3856 3588 3913 itinere.
3625 3854 3703 3910 Ad
3733 3865 3836 3922 per-

2261 3951 2463 4008 fectum
2495 3949 2775 4006 munditiae
2803 3948 2936 4004 dicit
2965 3948 3246 4004 hominem
3277 3950 3469 4005 venire
3509 3965 3618 4005 non
3646 3959 3794 4019 posse
3818 3958 3829 3995 :

2261 4055 2316 4101 et
2362 4059 2690 4116 quemquam
2737 4043 2804 4098 ad
2846 4041 3143 4113 perlectum
3191 4039 3475 4096 munditia:
3520 4042 3709 4098 venire
3745 4049 3832 4090 non

2263 4139 2465 4193 valere.
2498 4136 2679 4191 Porta:
2708 4133 2996 4192 aeteruales
3039 4147 3175 4205 quas
3211 4131 3349 4188 dicit
3395 4131 3600 4187 elevari
3629 4173 3644 4199 ,
3678 4127 3831 4187 fides.

2262 4231 2525 4296 charitas,
2550 4238 2607 4284 et
2637 4228 2862 4284 castitas
2891 4235 2998 4296 est,
3037 4225 3162 4297 quia
3195 4240 3289 4296 per
3318 4223 3416 4280 has
3446 4231 3562 4279 tres
3600 4219 3830 4278 Christus

2264 4324 2560 4381 Ecelesiam
2589 4322 2929 4394 ingreditur.
2961 4319 3091 4387 Quis
3122 4329 3194 4375 est
3222 4319 3318 4373 iste
3356 4335 3447 4372 rex
3480 4316 3706 4390 gloriw?
3735 4309 3831 4364 llus

2265 4434 2420 4474 mana
2459 4417 2724 4490 fragilitas
2754 4415 3036 4488 respondit
3070 4434 3083 4470 :
3113 4413 3243 4480 Quis
3282 4424 3354 4468 est
3399 4413 3540 4467 iste?
3572 4413 3650 4467 Ac
3689 4407 3731 4462 si
3760 4401 3829 4457 di—

566 4504 747 4560 bolum
777 4523 790 4560 :
827 4506 930 4560 iste
965 4520 1059 4561 rex
1090 4506 1279 4577 gloriae
1313 4509 1432 4576 quis
1459 4509 1586 4564 est?
1619 4509 1744 4578 Quis
1771 4550 1786 4575 ,
1827 4509 2037 4580 inquit,
2083 4519 2156 4563 est
2186 4550 2239 4611 Β
2263 4523 2388 4568 cant
2419 4531 2432 4567 :
2471 4511 2575 4568 Istc
2601 4520 2687 4567 est
2714 4526 2875 4582 quem
2905 4525 3002 4565 nos
3027 4507 3430 4572 crucifiximus,
3471 4513 3527 4561 et
3578 4505 3833 4611 imprope-

561 4597 659 4653 iste
694 4613 789 4652 rex
825 4597 1006 4669 gloria:
1028 4599 1054 4653 ?
1100 4597 1420 4668 Respondet
1447 4601 1536 4670 qui
1573 4600 1811 4672 loquitur
1845 4619 1858 4655 :
1899 4599 2152 4656 Dominus

561 4691 712 4762 fortis
738 4698 783 4744 et
807 4701 1009 4762 potens.
1037 4690 1155 4747 Vox
1180 4691 1499 4760 angelorum
1525 4692 1813 4750 bonorum.
1841 4693 2024 4748 Fortis
2046 4703 2150 4760 est,

564 4785 657 4856 qui
691 4785 926 4855 alligavit
959 4785 1156 4842 fortem
1188 4785 1493 4856 principem
1521 4796 1760 4842 vestrum
1794 4787 1999 4858 (Marc.
2033 4789 2150 4860 tu).

570 4874 770 4943 Fortis,
803 4893 924 4933 cum
950 4878 1196 4949 suscepit
1222 4884 1452 4933 mortem
1481 4895 1494 4932 :
1522 4890 1734 4947 potem,
1767 4896 1888 4934 cum
1918 4880 2046 4936 vicit
2073 4883 2154 4936 itt-

561 4969 800 5026 fernum.
844 4970 912 5024 In
946 4971 1151 5042 prxlio,
1195 4985 1317 5024 cum
1360 4971 1592 5040 spoliato
1625 4972 1892 5042 Tartaro,
1937 4973 2154 5029 reduxit

558 5077 746 5119 secum
778 5062 1180 5119 multitudinem
1213 5062 1578 5135 captivorum.
1608 5064 1821 5120 Clamat
1854 5066 2070 5135 iterato,
2100 5075 2156 5123 et

557 5153 729 5210 dicit:

630 5247 823 5304 Tollite
849 5258 1051 5320 portas,
1083 5250 1368 5320 principes,
1401 5260 1616 5317 vestras,
1649 5259 1697 5304 et
1719 5250 2006 5317 clevamini,
2031 5269 2152 5322 por-

560 5350 625 5396 ta:
649 5340 940 5396 teternales.
980 5341 1280 5398 Eleventur
1308 5341 1559 5398 :ethereae
1581 5340 1765 5412 janua:
1790 5359 1802 5395 :
1834 5341 2152 5413 aperiantur

629 5555 654 5583 ⁸
692 5546 1076 5618 llieronymnm
1100 5543 1630 5618 Origenianoierrori
1650 5543 1718 5598 de
1743 5542 1949 5618 sanctis
1969 5541 2144 5596 homi-

551 5617 736 5681 nibus,
769 5619 858 5684 qui
891 5614 1018 5673 vere
1051 5627 1242 5672 natura
1271 5616 1451 5687 angeli
1481 5626 1690 5681 essent,
1723 5614 2046 5687 adhaesisse,
2074 5628 2138 5668 ex

553 5688 656 5741 hoc
704 5687 889 5753 psalmi
934 5684 1763 5743 commentario'Genebrardus
1808 5684 2135 5753 suspicatur.

548 5757 723 5828 Quam
769 5772 899 5810 vero
945 5757 1146 5828 abiboc
1184 5772 1372 5828 errore
1404 5756 1698 5828 ﬁstloetor
1735 5753 2091 5828 abhorrucrit
2118 5795 2135 5817 ,

555 5824 808 5879 evincunt
845 5841 930 5894 ep.
965 5827 1031 5881 ad
1065 5824 1268 5895 Βήθης.
1308 5828 1376 5881 de
1404 5824 1806 5882 Melchisedech
1848 5826 1900 5882 in
1949 5829 2133 5882 nostra

2266 4606 2527 4672 ravimus,
2553 4620 2616 4659 ac
2646 4619 2746 4675 pro
2772 4603 2940 4660 nihilo
2969 4601 3278 4658 habuimus.
3316 4597 3671 4671 Respondent
3697 4611 3709 4647 :
3737 4589 3828 4643 Do—

2264 4699 2438 4752 minus
2465 4697 2735 4764 virtutum,
2758 4695 2810 4752 id
2825 4705 2929 4762 est,
2953 4695 3045 4767 qui
3070 4703 3316 4750 mortuus
3342 4701 3424 4748 est
3454 4690 3521 4746 ad
3545 4699 3750 4760 tempus
3774 4694 3828 4736 ex

2266 4791 2583 4846 infirmitate
2629 4789 2855 4845 carnis:
2888 4788 2984 4846 sed
3017 4802 3160 4843 nunc
3200 4787 3336 4842 vivit
3382 4802 3448 4842 ex
3493 4786 3685 4840 virtute
3725 4774 3825 4833 Dei.

2265 4881 2359 4937 Vel
2390 4881 2560 4936 virtus
2583 4879 2705 4946 fuit,
2735 4879 2950 4951 quando
2980 4877 3118 4934 dixit
3147 4877 3372 4933 'l‘homte
3409 4894 3422 4933 :
3457 4875 3595 4931 lnfer
3622 4868 3826 4942 digitum

2263 4985 2413 5030 tuum
2446 4973 2498 5028 in
2531 4971 2708 5027 locum
2739 4973 3019 5028 clavorum
3050 5011 3066 5038 ,
3099 4980 3154 5025 et
3184 4969 3337 5024 mitte
3368 4982 3584 5024 manum
3613 4974 3750 5019 tuam
3780 4957 3824 5011 in

2264 5066 2406 5121 latus
2438 5079 2646 5131 meum,
2700 5073 2755 5120 et
2798 5063 2910 5119 noli
2960 5077 3082 5118 esse
3123 5061 3474 5128 incredulus,
3519 5057 3613 5116 sed
3667 5049 3823 5110 fidelis

2255 5160 2273 5230 (
2291 5158 2450 5214 Joan.
2485 5158 2672 5229 xxv1).
2705 5156 2953 5211 Dominus
2975 5156 3218 5210 virtutum
3240 5153 3456 5219 dicitur,
3486 5153 3622 5208 sicut
3642 5143 3821 5230 Paulus

2253 5228 2329 5308 ait
2349 5271 2362 5307 :
2389 5251 2520 5318 Quis
2535 5228 2640 5306 nos
2655 5249 2929 5320 separabit
2961 5263 2990 5303 a
3007 5248 3270 5304 charitate
3285 5243 3486 5302 Chrisd
3502 5244 3674 5318 (Rom.
3697 5228 3822 5301 vni)?

2255 5343 2557 5401 Tribulatio
2584 5385 2598 5411 ,
2631 5357 2698 5397 an
2723 5341 2967 5414 angustia
2991 5382 3005 5408 ,
3052 5356 3119 5396 an
3151 5337 3460 5411 persecutio
3489 5378 3502 5402 ,
3533 5344 3586 5391 et
3614 5330 3819 5400 reliqua-

2250 5555 2465 5598 recens.
2489 5541 2562 5598 73
2579 5551 2635 5597 et
2661 5539 2756 5594 l‘2l
2785 5539 2850 5594 ad
2875 5538 3054 5610 Algas.
3080 5537 3287 5606 Qnazst.
3316 5537 3366 5601 l.
3387 5544 3492 5590 elc-
3515 5532 3651 5601 Ουῖη
3674 5536 3817 5610 οςῖπξῖ

2254 5615 2420 5668 trario
2468 5628 2666 5668 novum
2715 5611 2912 5666 exinde
2942 5599 3234 5664 “excudere
3288 5599 3656 5678 argumentum
3711 5599 3816 5673 licet

2248 5693 2435 5739 contra
2479 5684 2705 5752 hujusce
2750 5683 2933 5750 operis
2973 5675 3411 5748 gertnanitatem.
3456 5675 3574 5732 Vid.
3615 5682 3726 5742 quin
3771 5678 3813 5716 "'

2247 5769 2364 5825 cap.
2399 5771 2413 5809 ι
2444 5754 2626 5826 Aggtei
2660 5753 3067 5809 annotavimus.
