  <div class='ocr_page' id='page_1' title='image "/cluster/home/n/w/nwhite01/storage/ocr_20150623/26/uva.x000826568/452.png"; bbox 0 0 3980 6292; ppageno 0'>
   <div class='ocr_carea' id='block_1_1' title="bbox 225 314 334 372">
    <p class='ocr_par' dir='ltr' id='par_1_1' title="bbox 225 314 334 372">
     <span class='ocr_line' id='line_1_1' title="bbox 225 314 334 372; baseline 0 -1"><span class='ocrx_word' id='word_1_1' title='bbox 225 314 334 372; x_wconf 84' lang='lat'><strong>889</strong></span> 
     </span>
    </p>
   </div>
   <div class='ocr_carea' id='block_1_2' title="bbox 1145 312 2590 376">
    <p class='ocr_par' dir='ltr' id='par_1_2' title="bbox 1145 312 2590 376">
     <span class='ocr_line' id='line_1_2' title="bbox 1145 312 2590 376; baseline 0.003 -6"><span class='ocrx_word' id='word_1_2' title='bbox 1145 312 1578 373; x_wconf 75' lang='lat' dir='ltr'><strong>BREHARIUM</strong></span> <span class='ocrx_word' id='word_1_3' title='bbox 1624 315 1684 372; x_wconf 71' lang='lat' dir='ltr'><strong>IN</strong></span> <span class='ocrx_word' id='word_1_4' title='bbox 1728 315 2062 374; x_wconf 62' lang='lat' dir='ltr'><strong>PSALMOS.</strong></span> <span class='ocrx_word' id='word_1_5' title='bbox 2107 317 2354 376; x_wconf 79' lang='lat' dir='ltr'><strong>PSALM.</strong></span> <span class='ocrx_word' id='word_1_6' title='bbox 2398 316 2590 376; x_wconf 77' lang='lat' dir='ltr'><strong>XXIV.</strong></span> 
     </span>
    </p>
   </div>
   <div class='ocr_carea' id='block_1_3' title="bbox 3413 321 3520 378">
    <p class='ocr_par' dir='ltr' id='par_1_3' title="bbox 3413 321 3520 378">
     <span class='ocr_line' id='line_1_3' title="bbox 3413 321 3520 378; baseline -0.019 0"><span class='ocrx_word' id='word_1_7' title='bbox 3413 321 3520 378; x_wconf 75' lang='lat'><strong>890</strong></span> 
     </span>
    </p>
   </div>
   <div class='ocr_carea' id='block_1_4' title="bbox 226 427 3523 502">
    <p class='ocr_par' dir='ltr' id='par_1_4' title="bbox 226 427 3523 502">
     <span class='ocr_line' id='line_1_4' title="bbox 226 427 3523 502; baseline 0.001 -17"><span class='ocrx_word' id='word_1_8' title='bbox 226 428 363 485; x_wconf 90' lang='lat' dir='ltr'><strong>ltem</strong></span> <span class='ocrx_word' id='word_1_9' title='bbox 394 446 407 484; x_wconf 91' lang='lat'><strong>:</strong></span> <span class='ocrx_word' id='word_1_10' title='bbox 446 427 638 484; x_wconf 84' lang='lat' dir='ltr'><strong>Tollite</strong></span> <span class='ocrx_word' id='word_1_11' title='bbox 656 437 863 501; x_wconf 82' lang='lat' dir='ltr'><strong>portas,</strong></span> <span class='ocrx_word' id='word_1_12' title='bbox 901 428 1183 502; x_wconf 75' lang='lat' dir='ltr'><strong>principes,</strong></span> <span class='ocrx_word' id='word_1_13' title='bbox 1209 436 1425 483; x_wconf 84' lang='lat' dir='ltr'><strong>vestras.</strong></span> <span class='ocrx_word' id='word_1_14' title='bbox 1451 427 1571 485; x_wconf 79' lang='lat' dir='ltr'><strong>Vox</strong></span> <span class='ocrx_word' id='word_1_15' title='bbox 1606 430 1826 500; x_wconf 83' lang='lat' dir='ltr'><strong>angelo-</strong></span> <span class='ocrx_word' id='word_1_16' title='bbox 1851 435 1900 493; x_wconf 78' lang='grc' dir='ltr'>Α</span> <span class='ocrx_word' id='word_1_17' title='bbox 1930 429 2057 486; x_wconf 91' lang='lat' dir='ltr'><strong>hinc</strong></span> <span class='ocrx_word' id='word_1_18' title='bbox 2085 445 2188 487; x_wconf 79' lang='lat' dir='ltr'><strong>vov</strong></span> <span class='ocrx_word' id='word_1_19' title='bbox 2218 431 2466 487; x_wconf 86' lang='lat' dir='ltr'><strong>succedit</strong></span> <span class='ocrx_word' id='word_1_20' title='bbox 2497 430 2757 487; x_wconf 72' lang='lat' dir='ltr'><strong>Ecclesia:</strong></span> <span class='ocrx_word' id='word_1_21' title='bbox 2794 447 2807 484; x_wconf 90' lang='lat'><strong>:</strong></span> <span class='ocrx_word' id='word_1_22' title='bbox 2836 445 2957 502; x_wconf 82' lang='lat' dir='ltr'><strong>quae</strong></span> <span class='ocrx_word' id='word_1_23' title='bbox 3000 438 3123 502; x_wconf 89' lang='lat' dir='ltr'><strong>post</strong></span> <span class='ocrx_word' id='word_1_24' title='bbox 3160 432 3523 488; x_wconf 81' lang='lat' dir='ltr'><strong>resurrectio-</strong></span> 
     </span>
    </p>
   </div>
   <div class='ocr_carea' id='block_1_5' title="bbox 227 520 1826 593">
    <p class='ocr_par' dir='ltr' id='par_1_5' title="bbox 227 520 1826 593">
     <span class='ocr_line' id='line_1_5' title="bbox 227 520 1826 593; baseline 0.001 -15"><span class='ocrx_word' id='word_1_25' title='bbox 227 537 373 588; x_wconf 83' lang='lat' dir='ltr'><strong>rum,</strong></span> <span class='ocrx_word' id='word_1_26' title='bbox 408 521 500 593; x_wconf 97' lang='lat' dir='ltr'><strong>qui</strong></span> <span class='ocrx_word' id='word_1_27' title='bbox 531 537 654 578; x_wconf 89' lang='lat' dir='ltr'><strong>cum</strong></span> <span class='ocrx_word' id='word_1_28' title='bbox 683 520 904 578; x_wconf 77' lang='lat' dir='ltr'><strong>Christo</strong></span> <span class='ocrx_word' id='word_1_29' title='bbox 927 523 994 578; x_wconf 89' lang='lat' dir='ltr'><strong>ad</strong></span> <span class='ocrx_word' id='word_1_30' title='bbox 1018 523 1288 578; x_wconf 86' lang='lat' dir='ltr'><strong>infernum</strong></span> <span class='ocrx_word' id='word_1_31' title='bbox 1311 521 1738 591; x_wconf 89' lang='lat' dir='ltr'><strong>descenderunt,</strong></span> <span class='ocrx_word' id='word_1_32' title='bbox 1757 523 1826 579; x_wconf 91' lang='lat' dir='ltr'><strong>ad</strong></span> 
     </span>
    </p>
   </div>
   <div class='ocr_carea' id='block_1_6' title="bbox 225 615 1824 686">
    <p class='ocr_par' dir='ltr' id='par_1_6' title="bbox 225 615 1824 686">
     <span class='ocr_line' id='line_1_6' title="bbox 225 615 1824 686; baseline 0 -14"><span class='ocrx_word' id='word_1_33' title='bbox 225 615 515 686; x_wconf 81' lang='lat' dir='ltr'><strong>subjectos</strong></span> <span class='ocrx_word' id='word_1_34' title='bbox 553 615 751 672; x_wconf 86' lang='lat' dir='ltr'><strong>diaboli</strong></span> <span class='ocrx_word' id='word_1_35' title='bbox 800 616 1007 672; x_wconf 90' lang='lat' dir='ltr'><strong>dicunt.</strong></span> <span class='ocrx_word' id='word_1_36' title='bbox 1059 615 1365 672; x_wconf 88' lang='lat' dir='ltr'><strong>Ostendunt</strong></span> <span class='ocrx_word' id='word_1_37' title='bbox 1411 630 1472 671; x_wconf 89' lang='lat' dir='ltr'><strong>se</strong></span> <span class='ocrx_word' id='word_1_38' title='bbox 1519 615 1824 686; x_wconf 79' lang='lat' dir='ltr'><strong>principem</strong></span> 
     </span>
    </p>
   </div>
   <div class='ocr_carea' id='block_1_7' title="bbox 222 709 1824 783">
    <p class='ocr_par' dir='ltr' id='par_1_7' title="bbox 222 709 1824 783">
     <span class='ocr_line' id='line_1_7' title="bbox 222 709 1824 783; baseline 0.001 -18"><span class='ocrx_word' id='word_1_39' title='bbox 222 709 446 766; x_wconf 87' lang='lat' dir='ltr'><strong>illorum</strong></span> <span class='ocrx_word' id='word_1_40' title='bbox 478 710 698 781; x_wconf 83' lang='lat' dir='ltr'><strong>ligatum</strong></span> <span class='ocrx_word' id='word_1_41' title='bbox 727 711 928 766; x_wconf 89' lang='lat' dir='ltr'><strong>ducere</strong></span> <span class='ocrx_word' id='word_1_42' title='bbox 955 727 968 763; x_wconf 89' lang='lat'><strong>:</strong></span> <span class='ocrx_word' id='word_1_43' title='bbox 1006 709 1196 763; x_wconf 78' lang='lat' dir='ltr'><strong>Tollite</strong></span> <span class='ocrx_word' id='word_1_44' title='bbox 1235 717 1413 783; x_wconf 84' lang='lat' dir='ltr'><strong>portas</strong></span> <span class='ocrx_word' id='word_1_45' title='bbox 1437 725 1454 762; x_wconf 91' lang='lat'><em>:</em></span> <span class='ocrx_word' id='word_1_46' title='bbox 1482 709 1606 781; x_wconf 83' lang='lat' dir='ltr'><strong>quia</strong></span> <span class='ocrx_word' id='word_1_47' title='bbox 1637 709 1824 767; x_wconf 70' lang='lat' dir='ltr'><strong>fractae</strong></span> 
     </span>
    </p>
   </div>
   <div class='ocr_carea' id='block_1_8' title="bbox 223 804 1822 874">
    <p class='ocr_par' dir='ltr' id='par_1_8' title="bbox 223 804 1822 874">
     <span class='ocr_line' id='line_1_8' title="bbox 223 804 1822 874; baseline 0.002 -15"><span class='ocrx_word' id='word_1_48' title='bbox 223 813 354 859; x_wconf 82' lang='lat' dir='ltr'><strong>Sunt</strong></span> <span class='ocrx_word' id='word_1_49' title='bbox 383 813 576 874; x_wconf 64' lang='lat' dir='ltr'><strong>portae,</strong></span> <span class='ocrx_word' id='word_1_50' title='bbox 623 804 675 859; x_wconf 90' lang='lat' dir='ltr'><strong><em>id</em></strong></span> <span class='ocrx_word' id='word_1_51' title='bbox 703 815 788 861; x_wconf 89' lang='lat' dir='ltr'><strong>est</strong></span> <span class='ocrx_word' id='word_1_52' title='bbox 810 847 825 870; x_wconf 91' lang='lat'><strong>,</strong></span> <span class='ocrx_word' id='word_1_53' title='bbox 874 813 1112 874; x_wconf 74' lang='lat' dir='ltr'><strong>potestas</strong></span> <span class='ocrx_word' id='word_1_54' title='bbox 1147 804 1362 859; x_wconf 86' lang='lat' dir='ltr'><strong>illorum</strong></span> <span class='ocrx_word' id='word_1_55' title='bbox 1392 814 1518 859; x_wconf 89' lang='lat' dir='ltr'><strong>tunc</strong></span> <span class='ocrx_word' id='word_1_56' title='bbox 1549 805 1822 862; x_wconf 87' lang='lat' dir='ltr'><strong>abstracta</strong></span> 
     </span>
    </p>
   </div>
   <div class='ocr_carea' id='block_1_9' title="bbox 222 895 1824 969">
    <p class='ocr_par' dir='ltr' id='par_1_9' title="bbox 222 895 1824 969">
     <span class='ocr_line' id='line_1_9' title="bbox 222 895 1824 969; baseline -0.001 -15"><span class='ocrx_word' id='word_1_57' title='bbox 222 905 337 954; x_wconf 89' lang='lat' dir='ltr'><strong>est.</strong></span> <span class='ocrx_word' id='word_1_58' title='bbox 370 895 440 951; x_wconf 83' lang='lat' dir='ltr'><strong>Et</strong></span> <span class='ocrx_word' id='word_1_59' title='bbox 477 898 773 966; x_wconf 82' lang='lat' dir='ltr'><strong>cleramini,</strong></span> <span class='ocrx_word' id='word_1_60' title='bbox 817 905 979 969; x_wconf 76' lang='lat' dir='ltr'><strong>porta:</strong></span> <span class='ocrx_word' id='word_1_61' title='bbox 1017 896 1310 952; x_wconf 75' lang='lat' dir='ltr'><strong>trternales.</strong></span> <span class='ocrx_word' id='word_1_62' title='bbox 1344 896 1416 952; x_wconf 88' lang='lat' dir='ltr'><strong>Et</strong></span> <span class='ocrx_word' id='word_1_63' title='bbox 1450 906 1575 952; x_wconf 90' lang='lat' dir='ltr'><strong>tunc</strong></span> <span class='ocrx_word' id='word_1_64' title='bbox 1601 896 1824 952; x_wconf 67' lang='lat' dir='ltr'><strong>elevatae</strong></span> 
     </span>
    </p>
   </div>
   <div class='ocr_carea' id='block_1_10' title="bbox 227 988 1822 1057">
    <p class='ocr_par' dir='ltr' id='par_1_10' title="bbox 227 988 1822 1057">
     <span class='ocr_line' id='line_1_10' title="bbox 227 988 1822 1057; baseline 0 -13"><span class='ocrx_word' id='word_1_65' title='bbox 227 997 361 1044; x_wconf 87' lang='lat' dir='ltr'><strong>sunt</strong></span> <span class='ocrx_word' id='word_1_66' title='bbox 390 990 698 1057; x_wconf 59' lang='lat' dir='ltr'><strong>aiternales,</strong></span> <span class='ocrx_word' id='word_1_67' title='bbox 735 989 789 1044; x_wconf 92' lang='lat' dir='ltr'><strong>id</strong></span> <span class='ocrx_word' id='word_1_68' title='bbox 818 999 925 1056; x_wconf 76' lang='lat' dir='ltr'><strong>est,</strong></span> <span class='ocrx_word' id='word_1_69' title='bbox 952 991 1148 1044; x_wconf 74' lang='lat' dir='ltr'><strong>anima:</strong></span> <span class='ocrx_word' id='word_1_70' title='bbox 1163 1000 1473 1044; x_wconf 89' lang='lat' dir='ltr'><strong>sanctorum</strong></span> <span class='ocrx_word' id='word_1_71' title='bbox 1487 988 1556 1044; x_wconf 90' lang='lat' dir='ltr'><strong>de</strong></span> <span class='ocrx_word' id='word_1_72' title='bbox 1583 989 1822 1044; x_wconf 85' lang='lat' dir='ltr'><strong>inferno.</strong></span> 
     </span>
    </p>
   </div>
   <div class='ocr_carea' id='block_1_11' title="bbox 226 1077 1822 1151">
    <p class='ocr_par' dir='ltr' id='par_1_11' title="bbox 226 1077 1822 1151">
     <span class='ocr_line' id='line_1_11' title="bbox 226 1077 1822 1151; baseline -0.003 -14"><span class='ocrx_word' id='word_1_73' title='bbox 226 1079 544 1137; x_wconf 74' lang='lat' dir='ltr'><strong>lEternales</strong></span> <span class='ocrx_word' id='word_1_74' title='bbox 598 1080 876 1148; x_wconf 88' lang='lat' dir='ltr'><strong>dicuntur,</strong></span> <span class='ocrx_word' id='word_1_75' title='bbox 927 1080 1054 1151; x_wconf 90' lang='lat' dir='ltr'><strong>quia</strong></span> <span class='ocrx_word' id='word_1_76' title='bbox 1112 1095 1327 1150; x_wconf 81' lang='lat' dir='ltr'><strong>semper</strong></span> <span class='ocrx_word' id='word_1_77' title='bbox 1372 1080 1494 1135; x_wconf 84' lang='lat' dir='ltr'><strong>sine</strong></span> <span class='ocrx_word' id='word_1_78' title='bbox 1535 1077 1642 1135; x_wconf 83' lang='lat' dir='ltr'><strong>line</strong></span> <span class='ocrx_word' id='word_1_79' title='bbox 1681 1077 1822 1150; x_wconf 88' lang='lat' dir='ltr'><strong>apud</strong></span> 
     </span>
    </p>
   </div>
   <div class='ocr_carea' id='block_1_12' title="bbox 226 1174 1824 1248">
    <p class='ocr_par' dir='ltr' id='par_1_12' title="bbox 226 1174 1824 1248">
     <span class='ocr_line' id='line_1_12' title="bbox 226 1174 1824 1248; baseline -0.003 -15"><span class='ocrx_word' id='word_1_80' title='bbox 226 1178 401 1234; x_wconf 89' lang='lat' dir='ltr'><strong>Deum</strong></span> <span class='ocrx_word' id='word_1_81' title='bbox 435 1177 712 1248; x_wconf 86' lang='lat' dir='ltr'><strong>regnaturi</strong></span> <span class='ocrx_word' id='word_1_82' title='bbox 739 1184 884 1232; x_wconf 91' lang='lat' dir='ltr'><strong>sunt.</strong></span> <span class='ocrx_word' id='word_1_83' title='bbox 915 1174 1172 1230; x_wconf 78' lang='lat' dir='ltr'><strong>Dominus</strong></span> <span class='ocrx_word' id='word_1_84' title='bbox 1197 1175 1483 1240; x_wconf 86' lang='lat' dir='ltr'><strong>virtutum,</strong></span> <span class='ocrx_word' id='word_1_85' title='bbox 1508 1175 1620 1247; x_wconf 84' lang='lat' dir='ltr'><strong>ipse</strong></span> <span class='ocrx_word' id='word_1_86' title='bbox 1641 1183 1716 1228; x_wconf 87' lang='lat' dir='ltr'><strong>est</strong></span> <span class='ocrx_word' id='word_1_87' title='bbox 1735 1190 1824 1228; x_wconf 80' lang='lat' dir='ltr'><strong>rea:</strong></span> 
     </span>
    </p>
   </div>
   <div class='ocr_carea' id='block_1_13' title="bbox 222 1263 1825 1341">
    <p class='ocr_par' dir='ltr' id='par_1_13' title="bbox 222 1263 1825 1341">
     <span class='ocr_line' id='line_1_13' title="bbox 222 1263 1825 1341; baseline -0.002 -18"><span class='ocrx_word' id='word_1_88' title='bbox 222 1270 429 1341; x_wconf 61' lang='lat' dir='ltr'><strong>gloriae.</strong></span> <span class='ocrx_word' id='word_1_89' title='bbox 462 1269 572 1324; x_wconf 85' lang='lat' dir='ltr'><strong>Pro</strong></span> <span class='ocrx_word' id='word_1_90' title='bbox 601 1269 822 1324; x_wconf 90' lang='lat' dir='ltr'><strong>Domino</strong></span> <span class='ocrx_word' id='word_1_91' title='bbox 854 1269 1120 1338; x_wconf 87' lang='lat' dir='ltr'><strong>virtutum,</strong></span> <span class='ocrx_word' id='word_1_92' title='bbox 1154 1268 1206 1322; x_wconf 91' lang='lat' dir='ltr'><strong>in</strong></span> <span class='ocrx_word' id='word_1_93' title='bbox 1237 1267 1468 1323; x_wconf 68' lang='lat' dir='ltr'><strong>Hebraeo</strong></span> <span class='ocrx_word' id='word_1_94' title='bbox 1491 1265 1691 1336; x_wconf 83' lang='lat' dir='ltr'><strong>legitur</strong></span> <span class='ocrx_word' id='word_1_95' title='bbox 1713 1263 1825 1319; x_wconf 82' lang='lat' dir='ltr'><strong>Do-</strong></span> 
     </span>
    </p>
   </div>
   <div class='ocr_carea' id='block_1_14' title="bbox 227 1360 1814 1432">
    <p class='ocr_par' dir='ltr' id='par_1_14' title="bbox 227 1360 1814 1432">
     <span class='ocr_line' id='line_1_14' title="bbox 227 1360 1814 1432; baseline -0.002 -17"><span class='ocrx_word' id='word_1_96' title='bbox 227 1363 407 1416; x_wconf 81' lang='lat' dir='ltr'><strong>minus</strong></span> <span class='ocrx_word' id='word_1_97' title='bbox 437 1362 672 1430; x_wconf 86' lang='lat' dir='ltr'><strong>sabaotlt,</strong></span> <span class='ocrx_word' id='word_1_98' title='bbox 704 1361 846 1432; x_wconf 91' lang='lat' dir='ltr'><strong>quod</strong></span> <span class='ocrx_word' id='word_1_99' title='bbox 882 1362 935 1416; x_wconf 92' lang='lat' dir='ltr'><strong>in</strong></span> <span class='ocrx_word' id='word_1_100' title='bbox 962 1362 1072 1416; x_wconf 87' lang='lat' dir='ltr'><strong>alio</strong></span> <span class='ocrx_word' id='word_1_101' title='bbox 1108 1362 1226 1415; x_wconf 90' lang='lat' dir='ltr'><strong>loco</strong></span> <span class='ocrx_word' id='word_1_102' title='bbox 1259 1360 1611 1432; x_wconf 77' lang='lat' dir='ltr'><strong>Septuaginta</strong></span> <span class='ocrx_word' id='word_1_103' title='bbox 1643 1360 1814 1414; x_wconf 89' lang='lat' dir='ltr'><strong>inter-</strong></span> 
     </span>
    </p>
   </div>
   <div class='ocr_carea' id='block_1_15' title="bbox 223 1453 1823 1526">
    <p class='ocr_par' dir='ltr' id='par_1_15' title="bbox 223 1453 1823 1526">
     <span class='ocr_line' id='line_1_15' title="bbox 223 1453 1823 1526; baseline -0.001 -18"><span class='ocrx_word' id='word_1_104' title='bbox 223 1464 412 1526; x_wconf 88' lang='lat' dir='ltr'><strong>pretes</strong></span> <span class='ocrx_word' id='word_1_105' title='bbox 439 1456 837 1526; x_wconf 78' lang='lat' dir='ltr'><strong>omnipotentem</strong></span> <span class='ocrx_word' id='word_1_106' title='bbox 893 1454 1308 1510; x_wconf 88' lang='lat' dir='ltr'><strong>transtulerunt.</strong></span> <span class='ocrx_word' id='word_1_107' title='bbox 1343 1455 1540 1509; x_wconf 86' lang='lat' dir='ltr'><strong>Merito</strong></span> <span class='ocrx_word' id='word_1_108' title='bbox 1565 1453 1823 1508; x_wconf 89' lang='lat' dir='ltr'><strong>virtutum</strong></span> 
     </span>
    </p>
   </div>
   <div class='ocr_carea' id='block_1_16' title="bbox 227 1545 1825 1618">
    <p class='ocr_par' dir='ltr' id='par_1_16' title="bbox 227 1545 1825 1618">
     <span class='ocr_line' id='line_1_16' title="bbox 227 1545 1825 1618; baseline -0.003 -16"><span class='ocrx_word' id='word_1_109' title='bbox 227 1546 516 1614; x_wconf 85' lang='lat' dir='ltr'><strong>Dominus,</strong></span> <span class='ocrx_word' id='word_1_110' title='bbox 548 1547 636 1618; x_wconf 90' lang='lat' dir='ltr'><strong>qui</strong></span> <span class='ocrx_word' id='word_1_111' title='bbox 678 1562 776 1615; x_wconf 91' lang='lat' dir='ltr'><strong>pro</strong></span> <span class='ocrx_word' id='word_1_112' title='bbox 805 1546 962 1602; x_wconf 81' lang='lat' dir='ltr'><strong>nobis</strong></span> <span class='ocrx_word' id='word_1_113' title='bbox 987 1545 1155 1601; x_wconf 89' lang='lat' dir='ltr'><strong>homo</strong></span> <span class='ocrx_word' id='word_1_114' title='bbox 1187 1545 1357 1601; x_wconf 89' lang='lat' dir='ltr'><strong>factus</strong></span> <span class='ocrx_word' id='word_1_115' title='bbox 1388 1555 1501 1600; x_wconf 88' lang='lat' dir='ltr'><strong>est:</strong></span> <span class='ocrx_word' id='word_1_116' title='bbox 1525 1545 1688 1600; x_wconf 85' lang='lat' dir='ltr'><strong>morti</strong></span> <span class='ocrx_word' id='word_1_117' title='bbox 1713 1554 1825 1599; x_wconf 84' lang='lat' dir='ltr'><strong>tra-</strong></span> 
     </span>
    </p>
   </div>
   <div class='ocr_carea' id='block_1_17' title="bbox 235 1634 1824 1706">
    <p class='ocr_par' dir='ltr' id='par_1_17' title="bbox 235 1634 1824 1706">
     <span class='ocr_line' id='line_1_17' title="bbox 235 1634 1824 1706; baseline -0.003 -12"><span class='ocrx_word' id='word_1_118' title='bbox 235 1640 412 1705; x_wconf 90' lang='lat' dir='ltr'><strong>ditus,</strong></span> <span class='ocrx_word' id='word_1_119' title='bbox 443 1638 803 1695; x_wconf 81' lang='lat' dir='ltr'><strong>infernalibus</strong></span> <span class='ocrx_word' id='word_1_120' title='bbox 832 1649 916 1694; x_wconf 91' lang='lat' dir='ltr'><strong>est</strong></span> <span class='ocrx_word' id='word_1_121' title='bbox 957 1637 1196 1694; x_wconf 86' lang='lat' dir='ltr'><strong>tenebris</strong></span> <span class='ocrx_word' id='word_1_122' title='bbox 1222 1637 1474 1692; x_wconf 87' lang='lat' dir='ltr'><strong>addictus</strong></span> <span class='ocrx_word' id='word_1_123' title='bbox 1506 1655 1518 1691; x_wconf 92' lang='lat'>:</span> <span class='ocrx_word' id='word_1_124' title='bbox 1545 1634 1691 1706; x_wconf 87' lang='lat' dir='ltr'><strong>quod</strong></span> <span class='ocrx_word' id='word_1_125' title='bbox 1717 1634 1824 1690; x_wconf 85' lang='lat' dir='ltr'><strong>cle-</strong></span> 
     </span>
    </p>
   </div>
   <div class='ocr_carea' id='block_1_18' title="bbox 222 1727 1818 1803">
    <p class='ocr_par' dir='ltr' id='par_1_18' title="bbox 222 1727 1818 1803">
     <span class='ocr_line' id='line_1_18' title="bbox 222 1727 1818 1803; baseline -0.004 -14"><span class='ocrx_word' id='word_1_126' title='bbox 222 1740 444 1789; x_wconf 81' lang='lat' dir='ltr'><strong>menter</strong></span> <span class='ocrx_word' id='word_1_127' title='bbox 470 1733 732 1802; x_wconf 88' lang='lat' dir='ltr'><strong>suscepit,</strong></span> <span class='ocrx_word' id='word_1_128' title='bbox 764 1733 1038 1803; x_wconf 84' lang='lat' dir='ltr'><strong>patienter</strong></span> <span class='ocrx_word' id='word_1_129' title='bbox 1066 1729 1358 1796; x_wconf 89' lang='lat' dir='ltr'><strong>toleravit,</strong></span> <span class='ocrx_word' id='word_1_130' title='bbox 1402 1727 1620 1784; x_wconf 80' lang='lat' dir='ltr'><strong>fortiter</strong></span> <span class='ocrx_word' id='word_1_131' title='bbox 1650 1727 1774 1782; x_wconf 91' lang='lat' dir='ltr'><strong>vicit</strong></span> <span class='ocrx_word' id='word_1_132' title='bbox 1803 1771 1818 1795; x_wconf 91' lang='lat'><strong>,</strong></span> 
     </span>
    </p>
   </div>
   <div class='ocr_carea' id='block_1_19' title="bbox 1928 523 3086 596">
    <p class='ocr_par' dir='ltr' id='par_1_19' title="bbox 1928 523 3086 596">
     <span class='ocr_line' id='line_1_19' title="bbox 1928 523 3086 596; baseline 0 -15"><span class='ocrx_word' id='word_1_133' title='bbox 1928 539 2050 581; x_wconf 90' lang='lat' dir='ltr'><strong>nem</strong></span> <span class='ocrx_word' id='word_1_134' title='bbox 2078 525 2413 581; x_wconf 81' lang='lat' dir='ltr'><strong>Dominicam</strong></span> <span class='ocrx_word' id='word_1_135' title='bbox 2451 539 2512 582; x_wconf 91' lang='lat' dir='ltr'><strong>se</strong></span> <span class='ocrx_word' id='word_1_136' title='bbox 2543 525 2816 596; x_wconf 86' lang='lat' dir='ltr'><strong>supplicat</strong></span> <span class='ocrx_word' id='word_1_137' title='bbox 2842 523 3086 581; x_wconf 84' lang='lat' dir='ltr'><strong>edoceri.</strong></span> 
     </span>
    </p>
   </div>
   <div class='ocr_carea' id='block_1_20' title="bbox 2009 616 3516 686">
    <p class='ocr_par' dir='ltr' id='par_1_20' title="bbox 2009 616 3516 686">
     <span class='ocr_line' id='line_1_20' title="bbox 2009 616 3516 686; baseline 0.003 -16"><span class='ocrx_word' id='word_1_138' title='bbox 2009 617 2130 672; x_wconf 84' lang='lat' dir='ltr'><strong>Vias</strong></span> <span class='ocrx_word' id='word_1_139' title='bbox 2160 630 2310 686; x_wconf 85' lang='lat' dir='ltr'><strong>tuas,</strong></span> <span class='ocrx_word' id='word_1_140' title='bbox 2346 618 2567 672; x_wconf 86' lang='lat' dir='ltr'><strong>Domine</strong></span> <span class='ocrx_word' id='word_1_141' title='bbox 2589 659 2604 685; x_wconf 95' lang='lat'><strong>,</strong></span> <span class='ocrx_word' id='word_1_142' title='bbox 2653 618 2949 672; x_wconf 81' lang='lat' dir='ltr'><strong>demonstra</strong></span> <span class='ocrx_word' id='word_1_143' title='bbox 2995 616 3125 671; x_wconf 78' lang='lat' dir='ltr'><strong>milii</strong></span> <span class='ocrx_word' id='word_1_144' title='bbox 3156 633 3174 670; x_wconf 85' lang='lat'><strong>.&#39;</strong></span> <span class='ocrx_word' id='word_1_145' title='bbox 3221 626 3269 671; x_wconf 86' lang='lat' dir='ltr'><strong>et</strong></span> <span class='ocrx_word' id='word_1_146' title='bbox 3299 618 3516 674; x_wconf 82' lang='lat' dir='ltr'><strong>semitas</strong></span> 
     </span>
    </p>
   </div>
   <div class='ocr_carea' id='block_1_21' title="bbox 1923 709 3516 781">
    <p class='ocr_par' dir='ltr' id='par_1_21' title="bbox 1923 709 3516 781">
     <span class='ocr_line' id='line_1_21' title="bbox 1923 709 3516 781; baseline 0 -16"><span class='ocrx_word' id='word_1_147' title='bbox 1923 719 2036 766; x_wconf 85' lang='lat' dir='ltr'><strong>tuas</strong></span> <span class='ocrx_word' id='word_1_148' title='bbox 2085 712 2238 766; x_wconf 85' lang='lat' dir='ltr'><strong>edoce</strong></span> <span class='ocrx_word' id='word_1_149' title='bbox 2280 727 2378 765; x_wconf 89' lang='lat' dir='ltr'><strong>me.</strong></span> <span class='ocrx_word' id='word_1_150' title='bbox 2427 711 2552 765; x_wconf 90' lang='lat' dir='ltr'><strong>Illas</strong></span> <span class='ocrx_word' id='word_1_151' title='bbox 2608 726 2704 780; x_wconf 88' lang='lat' dir='ltr'><strong>per</strong></span> <span class='ocrx_word' id='word_1_152' title='bbox 2745 724 2879 781; x_wconf 89' lang='lat' dir='ltr'><strong>quas</strong></span> <span class='ocrx_word' id='word_1_153' title='bbox 2927 710 3144 765; x_wconf 86' lang='lat' dir='ltr'><strong>venitur</strong></span> <span class='ocrx_word' id='word_1_154' title='bbox 3186 709 3243 764; x_wconf 92' lang='lat' dir='ltr'><strong>in</strong></span> <span class='ocrx_word' id='word_1_155' title='bbox 3291 725 3516 780; x_wconf 80' lang='lat' dir='ltr'><strong>regnum</strong></span> 
     </span>
    </p>
   </div>
   <div class='ocr_carea' id='block_1_22' title="bbox 1926 802 3520 870">
    <p class='ocr_par' dir='ltr' id='par_1_22' title="bbox 1926 802 3520 870">
     <span class='ocr_line' id='line_1_22' title="bbox 1926 802 3520 870; baseline 0.001 -13"><span class='ocrx_word' id='word_1_156' title='bbox 1926 813 2107 868; x_wconf 92' lang='lat' dir='ltr'><strong>tuum,</strong></span> <span class='ocrx_word' id='word_1_157' title='bbox 2148 803 2234 857; x_wconf 91' lang='lat' dir='ltr'><strong>vel</strong></span> <span class='ocrx_word' id='word_1_158' title='bbox 2264 803 2376 858; x_wconf 87' lang='lat' dir='ltr'><strong>vias</strong></span> <span class='ocrx_word' id='word_1_159' title='bbox 2408 813 2525 858; x_wconf 90' lang='lat' dir='ltr'><strong>tuas</strong></span> <span class='ocrx_word' id='word_1_160' title='bbox 2558 820 2570 856; x_wconf 93' lang='lat'>:</span> <span class='ocrx_word' id='word_1_161' title='bbox 2603 802 2704 858; x_wconf 92' lang='lat' dir='ltr'><strong>hoc</strong></span> <span class='ocrx_word' id='word_1_162' title='bbox 2751 811 2860 870; x_wconf 91' lang='lat' dir='ltr'><strong>est,</strong></span> <span class='ocrx_word' id='word_1_163' title='bbox 2909 802 3163 857; x_wconf 88' lang='lat' dir='ltr'><strong>mandata</strong></span> <span class='ocrx_word' id='word_1_164' title='bbox 3197 811 3284 856; x_wconf 89' lang='lat' dir='ltr'><strong>tua</strong></span> <span class='ocrx_word' id='word_1_165' title='bbox 3313 817 3328 858; x_wconf 87' lang='lat'><strong>:</strong></span> <span class='ocrx_word' id='word_1_166' title='bbox 3363 810 3520 858; x_wconf 90' lang='lat' dir='ltr'><strong>notas</strong></span> 
     </span>
    </p>
   </div>
   <div class='ocr_carea' id='block_1_23' title="bbox 1924 891 3507 958">
    <p class='ocr_par' dir='ltr' id='par_1_23' title="bbox 1924 891 3507 958">
     <span class='ocr_line' id='line_1_23' title="bbox 1924 891 3507 958; baseline 0.001 -11"><span class='ocrx_word' id='word_1_167' title='bbox 1924 891 2029 956; x_wconf 84' lang='lat' dir='ltr'><strong>fac.</strong></span> <span class='ocrx_word' id='word_1_168' title='bbox 2063 893 2168 948; x_wconf 91' lang='lat' dir='ltr'><strong>hoc</strong></span> <span class='ocrx_word' id='word_1_169' title='bbox 2193 901 2294 958; x_wconf 87' lang='lat' dir='ltr'><strong>est,</strong></span> <span class='ocrx_word' id='word_1_170' title='bbox 2328 893 2642 948; x_wconf 88' lang='lat' dir='ltr'><strong>demonstra</strong></span> <span class='ocrx_word' id='word_1_171' title='bbox 2673 893 2828 951; x_wconf 87' lang='lat' dir='ltr'><strong>mihi.</strong></span> <span class='ocrx_word' id='word_1_172' title='bbox 2850 893 3074 950; x_wconf 82' lang='lat' dir='ltr'><strong>Semitas</strong></span> <span class='ocrx_word' id='word_1_173' title='bbox 3101 905 3215 948; x_wconf 87' lang='lat' dir='ltr'><strong>tuas</strong></span> <span class='ocrx_word' id='word_1_174' title='bbox 3237 893 3392 948; x_wconf 87' lang='lat' dir='ltr'><strong>edoce</strong></span> <span class='ocrx_word' id='word_1_175' title='bbox 3406 910 3507 948; x_wconf 86' lang='lat' dir='ltr'><strong>me.</strong></span> 
     </span>
    </p>
   </div>
   <div class='ocr_carea' id='block_1_24' title="bbox 1923 985 3509 1059">
    <p class='ocr_par' dir='ltr' id='par_1_24' title="bbox 1923 985 3509 1059">
     <span class='ocr_line' id='line_1_24' title="bbox 1923 985 3509 1059; baseline 0.001 -18"><span class='ocrx_word' id='word_1_176' title='bbox 1923 985 2124 1041; x_wconf 86' lang='lat' dir='ltr'><strong>Semita</strong></span> <span class='ocrx_word' id='word_1_177' title='bbox 2153 986 2330 1040; x_wconf 89' lang='lat' dir='ltr'><strong>minor</strong></span> <span class='ocrx_word' id='word_1_178' title='bbox 2355 995 2440 1042; x_wconf 90' lang='lat' dir='ltr'><strong>est</strong></span> <span class='ocrx_word' id='word_1_179' title='bbox 2467 1002 2630 1057; x_wconf 92' lang='lat' dir='ltr'><strong>quam</strong></span> <span class='ocrx_word' id='word_1_180' title='bbox 2661 986 2743 1041; x_wconf 87' lang='lat' dir='ltr'><strong>via</strong></span> <span class='ocrx_word' id='word_1_181' title='bbox 2779 1004 2794 1042; x_wconf 89' lang='lat'><strong>:</strong></span> <span class='ocrx_word' id='word_1_182' title='bbox 2827 1001 2922 1058; x_wconf 88' lang='lat' dir='ltr'><strong>per</strong></span> <span class='ocrx_word' id='word_1_183' title='bbox 2966 986 3216 1042; x_wconf 86' lang='lat' dir='ltr'><strong>semitam</strong></span> <span class='ocrx_word' id='word_1_184' title='bbox 3249 986 3509 1059; x_wconf 83' lang='lat' dir='ltr'><strong>intelligi-</strong></span> 
     </span>
    </p>
   </div>
   <div class='ocr_carea' id='block_1_25' title="bbox 1927 1079 3299 1150">
    <p class='ocr_par' dir='ltr' id='par_1_25' title="bbox 1927 1079 3299 1150">
     <span class='ocr_line' id='line_1_25' title="bbox 1927 1079 3299 1150; baseline 0.001 -16"><span class='ocrx_word' id='word_1_185' title='bbox 1927 1089 2013 1134; x_wconf 90' lang='lat' dir='ltr'><strong>tur</strong></span> <span class='ocrx_word' id='word_1_186' title='bbox 2038 1087 2188 1134; x_wconf 90' lang='lat' dir='ltr'><strong>arcta</strong></span> <span class='ocrx_word' id='word_1_187' title='bbox 2211 1089 2265 1134; x_wconf 92' lang='lat' dir='ltr'><strong>et</strong></span> <span class='ocrx_word' id='word_1_188' title='bbox 2295 1088 2523 1150; x_wconf 83' lang='lat' dir='ltr'><strong>angusta</strong></span> <span class='ocrx_word' id='word_1_189' title='bbox 2546 1079 2632 1134; x_wconf 87' lang='lat' dir='ltr'><strong>via</strong></span> <span class='ocrx_word' id='word_1_190' title='bbox 2655 1120 2670 1145; x_wconf 96' lang='lat'><strong>,</strong></span> <span class='ocrx_word' id='word_1_191' title='bbox 2696 1095 2817 1150; x_wconf 82' lang='lat' dir='ltr'><strong>quae</strong></span> <span class='ocrx_word' id='word_1_192' title='bbox 2842 1079 2988 1135; x_wconf 87' lang='lat' dir='ltr'><strong>ducit</strong></span> <span class='ocrx_word' id='word_1_193' title='bbox 3019 1081 3084 1136; x_wconf 88' lang='lat' dir='ltr'><strong>ad</strong></span> <span class='ocrx_word' id='word_1_194' title='bbox 3113 1081 3299 1137; x_wconf 84' lang='lat' dir='ltr'><strong>vitam.</strong></span> 
     </span>
    </p>
   </div>
   <div class='ocr_carea' id='block_1_26' title="bbox 2001 1170 3514 1245">
    <p class='ocr_par' dir='ltr' id='par_1_26' title="bbox 2001 1170 3514 1245">
     <span class='ocr_line' id='line_1_26' title="bbox 2001 1170 3514 1245; baseline 0.003 -21"><span class='ocrx_word' id='word_1_195' title='bbox 2001 1170 2180 1244; x_wconf 84' lang='lat' dir='ltr'><strong>Dirige</strong></span> <span class='ocrx_word' id='word_1_196' title='bbox 2208 1187 2286 1224; x_wconf 90' lang='lat' dir='ltr'><strong>me</strong></span> <span class='ocrx_word' id='word_1_197' title='bbox 2311 1171 2361 1224; x_wconf 92' lang='lat' dir='ltr'><strong>in</strong></span> <span class='ocrx_word' id='word_1_198' title='bbox 2386 1172 2595 1226; x_wconf 86' lang='lat' dir='ltr'><strong>veritate</strong></span> <span class='ocrx_word' id='word_1_199' title='bbox 2617 1181 2725 1225; x_wconf 87' lang='lat' dir='ltr'><strong>tua.</strong></span> <span class='ocrx_word' id='word_1_200' title='bbox 2754 1170 2866 1226; x_wconf 79' lang='lat' dir='ltr'><strong>Vox</strong></span> <span class='ocrx_word' id='word_1_201' title='bbox 2893 1171 3168 1228; x_wconf 64' lang='lat' dir='ltr'><strong>Ecclesiai.</strong></span> <span class='ocrx_word' id='word_1_202' title='bbox 3192 1172 3370 1245; x_wconf 86' lang='lat' dir='ltr'><strong>Dirige</strong></span> <span class='ocrx_word' id='word_1_203' title='bbox 3399 1189 3479 1229; x_wconf 87' lang='lat' dir='ltr'><strong>me</strong></span> <span class='ocrx_word' id='word_1_204' title='bbox 3499 1214 3514 1241; x_wconf 89' lang='lat'><strong>,</strong></span> 
     </span>
    </p>
   </div>
   <div class='ocr_carea' id='block_1_27' title="bbox 1925 1262 3517 1335">
    <p class='ocr_par' dir='ltr' id='par_1_27' title="bbox 1925 1262 3517 1335">
     <span class='ocr_line' id='line_1_27' title="bbox 1925 1262 3517 1335; baseline 0.003 -17"><span class='ocrx_word' id='word_1_205' title='bbox 1925 1265 2048 1335; x_wconf 88' lang='lat' dir='ltr'><strong>quia</strong></span> <span class='ocrx_word' id='word_1_206' title='bbox 2071 1279 2171 1334; x_wconf 84' lang='lat' dir='ltr'><strong>ego</strong></span> <span class='ocrx_word' id='word_1_207' title='bbox 2201 1273 2476 1318; x_wconf 90' lang='lat' dir='ltr'><strong>tortuosus</strong></span> <span class='ocrx_word' id='word_1_208' title='bbox 2509 1279 2652 1320; x_wconf 90' lang='lat' dir='ltr'><strong>sum.</strong></span> <span class='ocrx_word' id='word_1_209' title='bbox 2687 1262 2755 1318; x_wconf 89' lang='lat' dir='ltr'><strong>In</strong></span> <span class='ocrx_word' id='word_1_210' title='bbox 2788 1266 3001 1320; x_wconf 83' lang='lat' dir='ltr'><strong>veritate</strong></span> <span class='ocrx_word' id='word_1_211' title='bbox 3031 1273 3160 1320; x_wconf 90' lang='lat' dir='ltr'><strong>tua:</strong></span> <span class='ocrx_word' id='word_1_212' title='bbox 3185 1265 3286 1322; x_wconf 92' lang='lat' dir='ltr'><strong>hoc</strong></span> <span class='ocrx_word' id='word_1_213' title='bbox 3317 1276 3421 1333; x_wconf 90' lang='lat' dir='ltr'><strong>est,</strong></span> <span class='ocrx_word' id='word_1_214' title='bbox 3464 1269 3517 1323; x_wconf 92' lang='lat' dir='ltr'><strong>in</strong></span> 
     </span>
    </p>
   </div>
   <div class='ocr_carea' id='block_1_28' title="bbox 1925 1354 3523 1427">
    <p class='ocr_par' dir='ltr' id='par_1_28' title="bbox 1925 1354 3523 1427">
     <span class='ocr_line' id='line_1_28' title="bbox 1925 1354 3523 1427; baseline 0 -15"><span class='ocrx_word' id='word_1_215' title='bbox 1925 1355 2142 1412; x_wconf 86' lang='lat' dir='ltr'><strong>Christo</strong></span> <span class='ocrx_word' id='word_1_216' title='bbox 2165 1365 2287 1411; x_wconf 88' lang='lat' dir='ltr'><strong>tuo:</strong></span> <span class='ocrx_word' id='word_1_217' title='bbox 2321 1356 2476 1410; x_wconf 84' lang='lat' dir='ltr'><strong>edoce</strong></span> <span class='ocrx_word' id='word_1_218' title='bbox 2505 1371 2606 1421; x_wconf 91' lang='lat' dir='ltr'><strong>me,</strong></span> <span class='ocrx_word' id='word_1_219' title='bbox 2638 1365 2697 1410; x_wconf 92' lang='lat' dir='ltr'><strong>ut</strong></span> <span class='ocrx_word' id='word_1_220' title='bbox 2726 1354 2860 1410; x_wconf 87' lang='lat' dir='ltr'><strong>niltil</strong></span> <span class='ocrx_word' id='word_1_221' title='bbox 2885 1370 3144 1425; x_wconf 87' lang='lat' dir='ltr'><strong>perverse</strong></span> <span class='ocrx_word' id='word_1_222' title='bbox 3185 1371 3363 1427; x_wconf 84' lang='lat' dir='ltr'><strong>agam.</strong></span> <span class='ocrx_word' id='word_1_223' title='bbox 3385 1357 3523 1425; x_wconf 82' lang='lat' dir='ltr'><strong>Quia</strong></span> 
     </span>
    </p>
   </div>
   <div class='ocr_carea' id='block_1_29' title="bbox 1925 1445 3523 1503">
    <p class='ocr_par' dir='ltr' id='par_1_29' title="bbox 1925 1445 3523 1503">
     <span class='ocr_line' id='line_1_29' title="bbox 1925 1445 3523 1503; baseline 0.001 -1"><span class='ocrx_word' id='word_1_224' title='bbox 1925 1457 1982 1503; x_wconf 90' lang='lat' dir='ltr'><strong>tu</strong></span> <span class='ocrx_word' id='word_1_225' title='bbox 2014 1464 2066 1502; x_wconf 86' lang='lat' dir='ltr'><strong>es</strong></span> <span class='ocrx_word' id='word_1_226' title='bbox 2100 1446 2244 1502; x_wconf 92' lang='lat' dir='ltr'><strong>Deus</strong></span> <span class='ocrx_word' id='word_1_227' title='bbox 2275 1445 2524 1502; x_wconf 83' lang='lat' dir='ltr'><strong>salutaris</strong></span> <span class='ocrx_word' id='word_1_228' title='bbox 2576 1463 2741 1501; x_wconf 88' lang='lat' dir='ltr'><strong>meus.</strong></span> <span class='ocrx_word' id='word_1_229' title='bbox 2775 1445 2890 1501; x_wconf 89' lang='lat' dir='ltr'><strong>Tua</strong></span> <span class='ocrx_word' id='word_1_230' title='bbox 2927 1447 3068 1501; x_wconf 91' lang='lat' dir='ltr'><strong>enim</strong></span> <span class='ocrx_word' id='word_1_231' title='bbox 3116 1448 3523 1503; x_wconf 70' lang='lat' dir='ltr'><strong>resurrectione</strong></span> 
     </span>
    </p>
   </div>
   <div class='ocr_carea' id='block_1_30' title="bbox 1928 1537 3522 1596">
    <p class='ocr_par' dir='ltr' id='par_1_30' title="bbox 1928 1537 3522 1596">
     <span class='ocr_line' id='line_1_30' title="bbox 1928 1537 3522 1596; baseline -0.001 0"><span class='ocrx_word' id='word_1_232' title='bbox 1928 1556 2107 1596; x_wconf 90' lang='lat' dir='ltr'><strong>meum</strong></span> <span class='ocrx_word' id='word_1_233' title='bbox 2137 1541 2372 1596; x_wconf 89' lang='lat' dir='ltr'><strong>salutare</strong></span> <span class='ocrx_word' id='word_1_234' title='bbox 2403 1539 2534 1595; x_wconf 90' lang='lat' dir='ltr'><strong>mihi</strong></span> <span class='ocrx_word' id='word_1_235' title='bbox 2563 1539 2819 1595; x_wconf 89' lang='lat' dir='ltr'><strong>collatum</strong></span> <span class='ocrx_word' id='word_1_236' title='bbox 2844 1547 2948 1594; x_wconf 91' lang='lat' dir='ltr'><strong>est.</strong></span> <span class='ocrx_word' id='word_1_237' title='bbox 2979 1537 3050 1593; x_wconf 83' lang='lat' dir='ltr'><strong>Et</strong></span> <span class='ocrx_word' id='word_1_238' title='bbox 3072 1548 3119 1593; x_wconf 87' lang='lat' dir='ltr'><strong>te</strong></span> <span class='ocrx_word' id='word_1_239' title='bbox 3148 1540 3374 1594; x_wconf 78' lang='lat' dir='ltr'><strong>sustinui</strong></span> <span class='ocrx_word' id='word_1_240' title='bbox 3413 1548 3522 1594; x_wconf 88' lang='lat' dir='ltr'><strong>tota</strong></span> 
     </span>
    </p>
   </div>
   <div class='ocr_carea' id='block_1_31' title="bbox 1927 1632 3525 1705">
    <p class='ocr_par' dir='ltr' id='par_1_31' title="bbox 1927 1632 3525 1705">
     <span class='ocr_line' id='line_1_31' title="bbox 1927 1632 3525 1705; baseline -0.002 -14"><span class='ocrx_word' id='word_1_241' title='bbox 1927 1637 2033 1692; x_wconf 88' lang='lat' dir='ltr'><strong>die.</strong></span> <span class='ocrx_word' id='word_1_242' title='bbox 2074 1635 2186 1691; x_wconf 91' lang='lat' dir='ltr'><strong>lloc</strong></span> <span class='ocrx_word' id='word_1_243' title='bbox 2213 1645 2296 1692; x_wconf 92' lang='lat' dir='ltr'><strong>est</strong></span> <span class='ocrx_word' id='word_1_244' title='bbox 2330 1644 2444 1691; x_wconf 87' lang='lat' dir='ltr'><strong>toto</strong></span> <span class='ocrx_word' id='word_1_245' title='bbox 2487 1645 2755 1705; x_wconf 88' lang='lat' dir='ltr'><strong>tempore.</strong></span> <span class='ocrx_word' id='word_1_246' title='bbox 2789 1632 3059 1689; x_wconf 76' lang='lat' dir='ltr'><strong>Videbunt</strong></span> <span class='ocrx_word' id='word_1_247' title='bbox 3097 1648 3184 1688; x_wconf 89' lang='lat' dir='ltr'><strong>me</strong></span> <span class='ocrx_word' id='word_1_248' title='bbox 3208 1648 3310 1705; x_wconf 89' lang='lat' dir='ltr'><strong>pro</strong></span> <span class='ocrx_word' id='word_1_249' title='bbox 3333 1642 3384 1689; x_wconf 92' lang='lat' dir='ltr'><strong>te</strong></span> <span class='ocrx_word' id='word_1_250' title='bbox 3406 1648 3525 1688; x_wconf 87' lang='lat' dir='ltr'><strong>sus-</strong></span> 
     </span>
    </p>
   </div>
   <div class='ocr_carea' id='block_1_32' title="bbox 1929 1727 3519 1802">
    <p class='ocr_par' dir='ltr' id='par_1_32' title="bbox 1929 1727 3519 1802">
     <span class='ocr_line' id='line_1_32' title="bbox 1929 1727 3519 1802; baseline -0.003 -14"><span class='ocrx_word' id='word_1_251' title='bbox 1929 1733 2105 1788; x_wconf 88' lang='lat' dir='ltr'><strong>tinere</strong></span> <span class='ocrx_word' id='word_1_252' title='bbox 2130 1747 2229 1802; x_wconf 90' lang='lat' dir='ltr'><strong>per</strong></span> <span class='ocrx_word' id='word_1_253' title='bbox 2252 1745 2413 1786; x_wconf 90' lang='lat' dir='ltr'><strong>omne</strong></span> <span class='ocrx_word' id='word_1_254' title='bbox 2439 1731 2561 1785; x_wconf 76' lang='lat' dir='ltr'><strong>vita:</strong></span> <span class='ocrx_word' id='word_1_255' title='bbox 2599 1728 2760 1799; x_wconf 85' lang='lat' dir='ltr'><strong>hujus</strong></span> <span class='ocrx_word' id='word_1_256' title='bbox 2792 1737 3025 1799; x_wconf 90' lang='lat' dir='ltr'><strong>tempus.</strong></span> <span class='ocrx_word' id='word_1_257' title='bbox 3051 1727 3345 1783; x_wconf 84' lang='lat' dir='ltr'><strong>Audieram</strong></span> <span class='ocrx_word' id='word_1_258' title='bbox 3372 1727 3519 1784; x_wconf 88' lang='lat' dir='ltr'><strong>enim</strong></span> 
     </span>
    </p>
   </div>
   <div class='ocr_carea' id='block_1_33' title="bbox 224 1815 3522 1897">
    <p class='ocr_par' dir='ltr' id='par_1_33' title="bbox 224 1815 3522 1897">
     <span class='ocr_line' id='line_1_33' title="bbox 224 1815 3522 1897; baseline -0.004 -15"><span class='ocrx_word' id='word_1_259' title='bbox 224 1825 554 1882; x_wconf 80' lang='lat' dir='ltr'><strong>mirabiliter</strong></span> <span class='ocrx_word' id='word_1_260' title='bbox 595 1824 1018 1881; x_wconf 79' lang='lat' dir='ltr'><strong>consummavit.</strong></span> <span class='ocrx_word' id='word_1_261' title='bbox 1065 1823 1167 1893; x_wconf 78' lang='lat' dir='ltr'><strong>Qui</strong></span> <span class='ocrx_word' id='word_1_262' title='bbox 1208 1837 1332 1878; x_wconf 87' lang='lat' dir='ltr'><strong>cum</strong></span> <span class='ocrx_word' id='word_1_263' title='bbox 1365 1822 1565 1876; x_wconf 81' lang='lat' dir='ltr'><strong>virtute</strong></span> <span class='ocrx_word' id='word_1_264' title='bbox 1606 1820 1821 1891; x_wconf 87' lang='lat' dir='ltr'><strong>propria</strong></span> <span class='ocrx_word' id='word_1_265' title='bbox 1855 1815 1901 1874; x_wconf 86' lang='grc' dir='ltr'><strong>Β</strong></span> <span class='ocrx_word' id='word_1_266' title='bbox 1931 1842 2025 1897; x_wconf 78' lang='lat' dir='ltr'><strong>per</strong></span> <span class='ocrx_word' id='word_1_267' title='bbox 2097 1838 2258 1880; x_wconf 83' lang='lat' dir='ltr'><strong>voces</strong></span> <span class='ocrx_word' id='word_1_268' title='bbox 2333 1823 2720 1892; x_wconf 86' lang='lat' dir='ltr'><strong>prophetarum</strong></span> <span class='ocrx_word' id='word_1_269' title='bbox 2791 1829 2843 1876; x_wconf 88' lang='lat' dir='ltr'><strong>te</strong></span> <span class='ocrx_word' id='word_1_270' title='bbox 2907 1827 3202 1875; x_wconf 79' lang='lat' dir='ltr'><strong>venturum</strong></span> <span class='ocrx_word' id='word_1_271' title='bbox 3277 1835 3400 1875; x_wconf 86' lang='lat' dir='ltr'><strong>esse</strong></span> <span class='ocrx_word' id='word_1_272' title='bbox 3467 1819 3522 1875; x_wconf 89' lang='lat' dir='ltr'><strong>in</strong></span> 
     </span>
    </p>
   </div>
   <div class='ocr_carea' id='block_1_34' title="bbox 222 1913 1821 1987">
    <p class='ocr_par' dir='ltr' id='par_1_34' title="bbox 222 1913 1821 1987">
     <span class='ocr_line' id='line_1_34' title="bbox 222 1913 1821 1987; baseline -0.005 -14"><span class='ocrx_word' id='word_1_273' title='bbox 222 1916 449 1973; x_wconf 86' lang='lat' dir='ltr'><strong>calcans</strong></span> <span class='ocrx_word' id='word_1_274' title='bbox 477 1916 681 1973; x_wconf 89' lang='lat' dir='ltr'><strong>inferos</strong></span> <span class='ocrx_word' id='word_1_275' title='bbox 709 1935 723 1971; x_wconf 87' lang='lat'><strong>:</strong></span> <span class='ocrx_word' id='word_1_276' title='bbox 755 1932 875 1974; x_wconf 91' lang='lat' dir='ltr'><strong>cum</strong></span> <span class='ocrx_word' id='word_1_277' title='bbox 905 1915 1179 1987; x_wconf 86' lang='lat' dir='ltr'><strong>triumpho</strong></span> <span class='ocrx_word' id='word_1_278' title='bbox 1207 1915 1424 1970; x_wconf 89' lang='lat' dir='ltr'><strong>rediens</strong></span> <span class='ocrx_word' id='word_1_279' title='bbox 1459 1913 1524 1968; x_wconf 88' lang='lat' dir='ltr'><strong>ad</strong></span> <span class='ocrx_word' id='word_1_280' title='bbox 1547 1927 1778 1984; x_wconf 87' lang='lat' dir='ltr'><strong>superos</strong></span> <span class='ocrx_word' id='word_1_281' title='bbox 1809 1931 1821 1965; x_wconf 92' lang='lat'>:</span> 
     </span>
    </p>
   </div>
   <div class='ocr_carea' id='block_1_35' title="bbox 222 2003 1826 2078">
    <p class='ocr_par' dir='ltr' id='par_1_35' title="bbox 222 2003 1826 2078">
     <span class='ocr_line' id='line_1_35' title="bbox 222 2003 1826 2078; baseline -0.004 -15"><span class='ocrx_word' id='word_1_282' title='bbox 222 2023 350 2063; x_wconf 88' lang='lat' dir='ltr'><strong>cum</strong></span> <span class='ocrx_word' id='word_1_283' title='bbox 378 2007 548 2078; x_wconf 78' lang='lat' dir='ltr'><strong>gloria</strong></span> <span class='ocrx_word' id='word_1_284' title='bbox 578 2007 823 2064; x_wconf 88' lang='lat' dir='ltr'><strong>ascendit</strong></span> <span class='ocrx_word' id='word_1_285' title='bbox 849 2006 917 2062; x_wconf 88' lang='lat' dir='ltr'><strong>ad</strong></span> <span class='ocrx_word' id='word_1_286' title='bbox 944 2006 1116 2064; x_wconf 74' lang='lat' dir='ltr'><strong>cmlos</strong></span> <span class='ocrx_word' id='word_1_287' title='bbox 1142 2025 1152 2059; x_wconf 94' lang='lat'>:</span> <span class='ocrx_word' id='word_1_288' title='bbox 1180 2005 1335 2062; x_wconf 87' lang='lat' dir='ltr'><strong>sedet</strong></span> <span class='ocrx_word' id='word_1_289' title='bbox 1360 2019 1503 2060; x_wconf 94' lang='lat' dir='ltr'><strong>nunc</strong></span> <span class='ocrx_word' id='word_1_290' title='bbox 1536 2003 1604 2058; x_wconf 86' lang='lat' dir='ltr'><strong>ad</strong></span> <span class='ocrx_word' id='word_1_291' title='bbox 1637 2003 1826 2059; x_wconf 73' lang='lat' dir='ltr'><strong>dexte~</strong></span> 
     </span>
    </p>
   </div>
   <div class='ocr_carea' id='block_1_36' title="bbox 224 2095 1826 2170">
    <p class='ocr_par' dir='ltr' id='par_1_36' title="bbox 224 2095 1826 2170">
     <span class='ocr_line' id='line_1_36' title="bbox 224 2095 1826 2170; baseline -0.004 -14"><span class='ocrx_word' id='word_1_292' title='bbox 224 2115 346 2157; x_wconf 88' lang='lat' dir='ltr'><strong>ram</strong></span> <span class='ocrx_word' id='word_1_293' title='bbox 401 2098 496 2155; x_wconf 85' lang='lat' dir='ltr'><strong>Dei</strong></span> <span class='ocrx_word' id='word_1_294' title='bbox 529 2099 702 2156; x_wconf 81' lang='lat' dir='ltr'><strong>Patris</strong></span> <span class='ocrx_word' id='word_1_295' title='bbox 748 2099 1173 2170; x_wconf 87' lang='lat' dir='ltr'><strong>omnipotentis,</strong></span> <span class='ocrx_word' id='word_1_296' title='bbox 1221 2095 1578 2168; x_wconf 83' lang='lat' dir='ltr'><strong>interpellans</strong></span> <span class='ocrx_word' id='word_1_297' title='bbox 1622 2095 1826 2151; x_wconf 87' lang='lat' dir='ltr'><strong>nostris</strong></span> 
     </span>
    </p>
   </div>
   <div class='ocr_carea' id='block_1_37' title="bbox 219 2193 1063 2267">
    <p class='ocr_par' dir='ltr' id='par_1_37' title="bbox 219 2193 1063 2267">
     <span class='ocr_line' id='line_1_37' title="bbox 219 2193 1063 2267; baseline 0.002 -21"><span class='ocrx_word' id='word_1_298' title='bbox 219 2195 434 2266; x_wconf 86' lang='lat' dir='ltr'><strong>jugiter</strong></span> <span class='ocrx_word' id='word_1_299' title='bbox 462 2210 562 2267; x_wconf 90' lang='lat' dir='ltr'><strong>pro</strong></span> <span class='ocrx_word' id='word_1_300' title='bbox 592 2193 831 2251; x_wconf 87' lang='lat' dir='ltr'><strong>delictis.</strong></span> <span class='ocrx_word' id='word_1_301' title='bbox 863 2193 1063 2250; x_wconf 82' lang='lat' dir='ltr'><strong>Amen.</strong></span> 
     </span>
    </p>
   </div>
   <div class='ocr_carea' id='block_1_38' title="bbox 739 2309 1292 2370">
    <p class='ocr_par' dir='ltr' id='par_1_38' title="bbox 739 2309 1292 2370">
     <span class='ocr_line' id='line_1_38' title="bbox 739 2309 1292 2370; baseline -0.007 -1"><span class='ocrx_word' id='word_1_302' title='bbox 739 2311 1061 2370; x_wconf 77' lang='lat' dir='ltr'><strong>PSALMUS</strong></span> <span class='ocrx_word' id='word_1_303' title='bbox 1105 2309 1292 2367; x_wconf 79' lang='lat' dir='ltr'><strong>XXIV.</strong></span> 
     </span>
    </p>
   </div>
   <div class='ocr_carea' id='block_1_39' title="bbox 229 2399 1828 2473">
    <p class='ocr_par' dir='ltr' id='par_1_39' title="bbox 229 2399 1828 2473">
     <span class='ocr_line' id='line_1_39' title="bbox 229 2399 1828 2473; baseline -0.003 -13"><span class='ocrx_word' id='word_1_304' title='bbox 229 2400 486 2460; x_wconf 83' lang='lat' dir='ltr'><strong>Psalmus</strong></span> <span class='ocrx_word' id='word_1_305' title='bbox 517 2401 709 2458; x_wconf 83' lang='lat' dir='ltr'><strong>David.</strong></span> <span class='ocrx_word' id='word_1_306' title='bbox 743 2403 1048 2460; x_wconf 80' lang='lat' dir='ltr'><strong>Vicesimus</strong></span> <span class='ocrx_word' id='word_1_307' title='bbox 1089 2412 1310 2473; x_wconf 89' lang='lat' dir='ltr'><strong>quartus</strong></span> <span class='ocrx_word' id='word_1_308' title='bbox 1342 2401 1589 2473; x_wconf 90' lang='lat' dir='ltr'><strong>psalmus</strong></span> <span class='ocrx_word' id='word_1_309' title='bbox 1621 2399 1828 2455; x_wconf 84' lang='lat' dir='ltr'><strong>media-</strong></span> 
     </span>
    </p>
   </div>
   <div class='ocr_carea' id='block_1_40' title="bbox 307 2473 1824 2532">
    <p class='ocr_par' dir='ltr' id='par_1_40' title="bbox 307 2473 1824 2532">
     <span class='ocr_line' id='line_1_40' title="bbox 307 2473 1824 2532; baseline -0.002 -4"><span class='ocrx_word' id='word_1_310' title='bbox 307 2475 442 2530; x_wconf 72' lang='lat' dir='ltr'><strong>toris</strong></span> <span class='ocrx_word' id='word_1_311' title='bbox 474 2477 643 2532; x_wconf 89' lang='lat' dir='ltr'><strong>nostri</strong></span> <span class='ocrx_word' id='word_1_312' title='bbox 675 2476 894 2531; x_wconf 89' lang='lat' dir='ltr'><strong>missam</strong></span> <span class='ocrx_word' id='word_1_313' title='bbox 927 2475 994 2530; x_wconf 89' lang='lat' dir='ltr'><strong>ad</strong></span> <span class='ocrx_word' id='word_1_314' title='bbox 1038 2476 1252 2530; x_wconf 85' lang='lat' dir='ltr'><strong>Patrem</strong></span> <span class='ocrx_word' id='word_1_315' title='bbox 1299 2473 1542 2529; x_wconf 89' lang='lat' dir='ltr'><strong>continet</strong></span> <span class='ocrx_word' id='word_1_316' title='bbox 1589 2487 1778 2528; x_wconf 85' lang='lat' dir='ltr'><strong>vocent</strong></span> <span class='ocrx_word' id='word_1_317' title='bbox 1809 2486 1824 2525; x_wconf 88' lang='lat'><strong>:</strong></span> 
     </span>
    </p>
   </div>
   <div class='ocr_carea' id='block_1_41' title="bbox 301 2545 1822 2616">
    <p class='ocr_par' dir='ltr' id='par_1_41' title="bbox 301 2545 1822 2616">
     <span class='ocr_line' id='line_1_41' title="bbox 301 2545 1822 2616; baseline -0.005 -14"><span class='ocrx_word' id='word_1_318' title='bbox 301 2545 571 2602; x_wconf 87' lang='lat' dir='ltr'><strong>interdum</strong></span> <span class='ocrx_word' id='word_1_319' title='bbox 601 2547 763 2602; x_wconf 84' lang='lat' dir='ltr'><strong>habet</strong></span> <span class='ocrx_word' id='word_1_320' title='bbox 807 2545 1068 2602; x_wconf 64' lang='lat' dir='ltr'><strong>Ecclesiae</strong></span> <span class='ocrx_word' id='word_1_321' title='bbox 1111 2545 1466 2616; x_wconf 87' lang='lat' dir='ltr'><strong>supplicantis</strong></span> <span class='ocrx_word' id='word_1_322' title='bbox 1506 2545 1822 2599; x_wconf 88' lang='lat' dir='ltr'><strong>clamorem.</strong></span> 
     </span>
    </p>
   </div>
   <div class='ocr_carea' id='block_1_42' title="bbox 303 2657 1827 2729">
    <p class='ocr_par' dir='ltr' id='par_1_42' title="bbox 303 2657 1827 2729">
     <span class='ocr_line' id='line_1_42' title="bbox 303 2657 1827 2729; baseline -0.002 -14"><span class='ocrx_word' id='word_1_323' title='bbox 303 2659 386 2715; x_wconf 80' lang='lat' dir='ltr'><strong>Ad</strong></span> <span class='ocrx_word' id='word_1_324' title='bbox 417 2669 485 2726; x_wconf 87' lang='lat' dir='ltr'><strong>te,</strong></span> <span class='ocrx_word' id='word_1_325' title='bbox 509 2659 758 2728; x_wconf 85' lang='lat' dir='ltr'><strong>Domine,</strong></span> <span class='ocrx_word' id='word_1_326' title='bbox 783 2659 948 2715; x_wconf 80' lang='lat' dir='ltr'><strong>levavi</strong></span> <span class='ocrx_word' id='word_1_327' title='bbox 973 2660 1198 2714; x_wconf 88' lang='lat' dir='ltr'><strong>animam</strong></span> <span class='ocrx_word' id='word_1_328' title='bbox 1227 2675 1416 2713; x_wconf 87' lang='lat' dir='ltr'><strong>meam.</strong></span> <span class='ocrx_word' id='word_1_329' title='bbox 1439 2659 1549 2729; x_wconf 55' lang='lat' dir='ltr'><strong>,llic</strong></span> <span class='ocrx_word' id='word_1_330' title='bbox 1584 2673 1689 2713; x_wconf 83' lang='lat' dir='ltr'><strong>vox</strong></span> <span class='ocrx_word' id='word_1_331' title='bbox 1720 2657 1827 2712; x_wconf 86' lang='lat' dir='ltr'><strong>Ec-</strong></span> 
     </span>
    </p>
   </div>
   <div class='ocr_carea' id='block_1_43' title="bbox 227 2749 1823 2825">
    <p class='ocr_par' dir='ltr' id='par_1_43' title="bbox 227 2749 1823 2825">
     <span class='ocr_line' id='line_1_43' title="bbox 227 2749 1823 2825; baseline -0.004 -15"><span class='ocrx_word' id='word_1_332' title='bbox 227 2753 418 2810; x_wconf 78' lang='lat' dir='ltr'><strong>clesiae</strong></span> <span class='ocrx_word' id='word_1_333' title='bbox 443 2753 767 2825; x_wconf 85' lang='lat' dir='ltr'><strong>intelligitur</strong></span> <span class='ocrx_word' id='word_1_334' title='bbox 789 2752 856 2808; x_wconf 88' lang='lat' dir='ltr'><strong>ad</strong></span> <span class='ocrx_word' id='word_1_335' title='bbox 885 2749 1183 2808; x_wconf 88' lang='lat' dir='ltr'><strong>Christum.</strong></span> <span class='ocrx_word' id='word_1_336' title='bbox 1215 2751 1400 2807; x_wconf 85' lang='lat' dir='ltr'><strong>Levavi</strong></span> <span class='ocrx_word' id='word_1_337' title='bbox 1443 2750 1608 2818; x_wconf 86' lang='lat' dir='ltr'><strong>dicit,</strong></span> <span class='ocrx_word' id='word_1_338' title='bbox 1643 2750 1695 2807; x_wconf 92' lang='lat' dir='ltr'><strong>id</strong></span> <span class='ocrx_word' id='word_1_339' title='bbox 1720 2758 1823 2816; x_wconf 90' lang='lat' dir='ltr'><strong>est,</strong></span> 
     </span>
    </p>
   </div>
   <div class='ocr_carea' id='block_1_44' title="bbox 227 2845 1828 2920">
    <p class='ocr_par' dir='ltr' id='par_1_44' title="bbox 227 2845 1828 2920">
     <span class='ocr_line' id='line_1_44' title="bbox 227 2845 1828 2920; baseline -0.002 -14"><span class='ocrx_word' id='word_1_340' title='bbox 227 2850 446 2907; x_wconf 88' lang='lat' dir='ltr'><strong>elevavi</strong></span> <span class='ocrx_word' id='word_1_341' title='bbox 481 2867 495 2903; x_wconf 88' lang='lat'><strong>:</strong></span> <span class='ocrx_word' id='word_1_342' title='bbox 529 2849 656 2919; x_wconf 88' lang='lat' dir='ltr'><strong>quia</strong></span> <span class='ocrx_word' id='word_1_343' title='bbox 683 2852 831 2920; x_wconf 86' lang='lat' dir='ltr'><strong>prius</strong></span> <span class='ocrx_word' id='word_1_344' title='bbox 860 2848 912 2903; x_wconf 92' lang='lat' dir='ltr'><strong>in</strong></span> <span class='ocrx_word' id='word_1_345' title='bbox 936 2848 1073 2903; x_wconf 88' lang='lat' dir='ltr'><strong>valle</strong></span> <span class='ocrx_word' id='word_1_346' title='bbox 1100 2849 1488 2920; x_wconf 83' lang='lat' dir='ltr'><strong>lacrymarum,</strong></span> <span class='ocrx_word' id='word_1_347' title='bbox 1521 2845 1604 2902; x_wconf 88' lang='lat' dir='ltr'><strong>vel</strong></span> <span class='ocrx_word' id='word_1_348' title='bbox 1631 2845 1682 2900; x_wconf 92' lang='lat' dir='ltr'><strong>in</strong></span> <span class='ocrx_word' id='word_1_349' title='bbox 1717 2845 1828 2902; x_wconf 90' lang='lat' dir='ltr'><strong>imo</strong></span> 
     </span>
    </p>
   </div>
   <div class='ocr_carea' id='block_1_45' title="bbox 218 2941 1826 3015">
    <p class='ocr_par' dir='ltr' id='par_1_45' title="bbox 218 2941 1826 3015">
     <span class='ocr_line' id='line_1_45' title="bbox 218 2941 1826 3015; baseline -0.002 -16"><span class='ocrx_word' id='word_1_350' title='bbox 218 2943 446 3015; x_wconf 83' lang='lat' dir='ltr'><strong>jacebat</strong></span> <span class='ocrx_word' id='word_1_351' title='bbox 468 2943 736 3011; x_wconf 84' lang='lat' dir='ltr'><strong>Ecclesia,</strong></span> <span class='ocrx_word' id='word_1_352' title='bbox 764 2951 1053 3012; x_wconf 88' lang='lat' dir='ltr'><strong>antequam</strong></span> <span class='ocrx_word' id='word_1_353' title='bbox 1076 2941 1323 2997; x_wconf 85' lang='lat' dir='ltr'><strong>Christus</strong></span> <span class='ocrx_word' id='word_1_354' title='bbox 1347 2942 1557 2997; x_wconf 80' lang='lat' dir='ltr'><strong>veniret</strong></span> <span class='ocrx_word' id='word_1_355' title='bbox 1594 2941 1647 2995; x_wconf 91' lang='lat' dir='ltr'><strong>in</strong></span> <span class='ocrx_word' id='word_1_356' title='bbox 1672 2956 1826 2995; x_wconf 86' lang='lat' dir='ltr'><strong>mun-</strong></span> 
     </span>
    </p>
   </div>
   <div class='ocr_carea' id='block_1_46' title="bbox 225 3031 1829 3105">
    <p class='ocr_par' dir='ltr' id='par_1_46' title="bbox 225 3031 1829 3105">
     <span class='ocr_line' id='line_1_46' title="bbox 225 3031 1829 3105; baseline -0.003 -13"><span class='ocrx_word' id='word_1_357' title='bbox 225 3036 386 3092; x_wconf 86' lang='lat' dir='ltr'><strong>dum.</strong></span> <span class='ocrx_word' id='word_1_358' title='bbox 427 3035 484 3091; x_wconf 89' lang='lat' dir='ltr'><strong>ln</strong></span> <span class='ocrx_word' id='word_1_359' title='bbox 513 3034 640 3105; x_wconf 89' lang='lat' dir='ltr'><strong>quid</strong></span> <span class='ocrx_word' id='word_1_360' title='bbox 670 3033 948 3091; x_wconf 84' lang='lat' dir='ltr'><strong>elevavit?</strong></span> <span class='ocrx_word' id='word_1_361' title='bbox 978 3035 1089 3089; x_wconf 86' lang='lat' dir='ltr'><strong>Hoc</strong></span> <span class='ocrx_word' id='word_1_362' title='bbox 1128 3045 1208 3090; x_wconf 89' lang='lat' dir='ltr'><strong>est</strong></span> <span class='ocrx_word' id='word_1_363' title='bbox 1233 3074 1250 3102; x_wconf 95' lang='lat'><strong>,</strong></span> <span class='ocrx_word' id='word_1_364' title='bbox 1305 3034 1358 3088; x_wconf 92' lang='lat' dir='ltr'><strong>in</strong></span> <span class='ocrx_word' id='word_1_365' title='bbox 1396 3048 1496 3102; x_wconf 80' lang='lat' dir='ltr'><strong>Spe</strong></span> <span class='ocrx_word' id='word_1_366' title='bbox 1523 3075 1536 3099; x_wconf 96' lang='lat'><strong>,</strong></span> <span class='ocrx_word' id='word_1_367' title='bbox 1597 3031 1708 3088; x_wconf 86' lang='lat' dir='ltr'><strong>fide</strong></span> <span class='ocrx_word' id='word_1_368' title='bbox 1772 3041 1829 3087; x_wconf 88' lang='lat' dir='ltr'><strong>et</strong></span> 
     </span>
    </p>
   </div>
   <div class='ocr_carea' id='block_1_47' title="bbox 225 3124 1822 3198">
    <p class='ocr_par' dir='ltr' id='par_1_47' title="bbox 225 3124 1822 3198">
     <span class='ocr_line' id='line_1_47' title="bbox 225 3124 1822 3198; baseline -0.003 -15"><span class='ocrx_word' id='word_1_369' title='bbox 225 3127 519 3195; x_wconf 89' lang='lat' dir='ltr'><strong>cbaritate,</strong></span> <span class='ocrx_word' id='word_1_370' title='bbox 561 3143 657 3198; x_wconf 89' lang='lat' dir='ltr'><strong>per</strong></span> <span class='ocrx_word' id='word_1_371' title='bbox 684 3125 1199 3192; x_wconf 83' lang='lat' dir='ltr'><strong>sanctificationetn,</strong></span> <span class='ocrx_word' id='word_1_372' title='bbox 1246 3127 1369 3196; x_wconf 87' lang='lat' dir='ltr'><strong>quia</strong></span> <span class='ocrx_word' id='word_1_373' title='bbox 1405 3125 1648 3180; x_wconf 90' lang='lat' dir='ltr'><strong>triticum</strong></span> <span class='ocrx_word' id='word_1_374' title='bbox 1680 3124 1726 3180; x_wconf 91' lang='lat' dir='ltr'><strong>si</strong></span> <span class='ocrx_word' id='word_1_375' title='bbox 1770 3125 1822 3180; x_wconf 91' lang='lat' dir='ltr'><strong>in</strong></span> 
     </span>
    </p>
   </div>
   <div class='ocr_carea' id='block_1_48' title="bbox 1931 1913 3522 1986">
    <p class='ocr_par' dir='ltr' id='par_1_48' title="bbox 1931 1913 3522 1986">
     <span class='ocr_line' id='line_1_48' title="bbox 1931 1913 3522 1986; baseline -0.003 -11"><span class='ocrx_word' id='word_1_376' title='bbox 1931 1918 2211 1975; x_wconf 91' lang='lat' dir='ltr'><strong>mundum.</strong></span> <span class='ocrx_word' id='word_1_377' title='bbox 2248 1916 2486 1974; x_wconf 90' lang='lat' dir='ltr'><strong>Sustinui</strong></span> <span class='ocrx_word' id='word_1_378' title='bbox 2516 1923 2693 1972; x_wconf 86' lang='lat' dir='ltr'><strong>autem</strong></span> <span class='ocrx_word' id='word_1_379' title='bbox 2725 1929 2820 1986; x_wconf 87' lang='lat' dir='ltr'><strong>per</strong></span> <span class='ocrx_word' id='word_1_380' title='bbox 2843 1914 3024 1970; x_wconf 91' lang='lat' dir='ltr'><strong>lumen</strong></span> <span class='ocrx_word' id='word_1_381' title='bbox 3049 1913 3197 1981; x_wconf 83' lang='lat' dir='ltr'><strong>fidei,</strong></span> <span class='ocrx_word' id='word_1_382' title='bbox 3231 1914 3406 1970; x_wconf 90' lang='lat' dir='ltr'><strong>donec</strong></span> <span class='ocrx_word' id='word_1_383' title='bbox 3435 1930 3522 1971; x_wconf 87' lang='lat' dir='ltr'><strong>me</strong></span> 
     </span>
    </p>
   </div>
   <div class='ocr_carea' id='block_1_49' title="bbox 1929 2025 2177 2067">
    <p class='ocr_par' dir='ltr' id='par_1_49' title="bbox 1929 2025 2177 2067">
     <span class='ocr_line' id='line_1_49' title="bbox 1929 2025 2177 2067; baseline -0.012 0"><span class='ocrx_word' id='word_1_384' title='bbox 1929 2025 2177 2067; x_wconf 66' lang='lat' dir='ltr'><strong>VOCM&#39;BS.</strong></span> 
     </span>
    </p>
   </div>
   <div class='ocr_carea' id='block_1_50' title="bbox 2007 2095 3524 2164">
    <p class='ocr_par' dir='ltr' id='par_1_50' title="bbox 2007 2095 3524 2164">
     <span class='ocr_line' id='line_1_50' title="bbox 2007 2095 3524 2164; baseline -0.003 -5"><span class='ocrx_word' id='word_1_385' title='bbox 2007 2102 2360 2159; x_wconf 84' lang='lat' dir='ltr'><strong>Reminiscere</strong></span> <span class='ocrx_word' id='word_1_386' title='bbox 2379 2099 2772 2155; x_wconf 86' lang='lat' dir='ltr'><strong>miserationum</strong></span> <span class='ocrx_word' id='word_1_387' title='bbox 2795 2107 3022 2163; x_wconf 83' lang='lat' dir='ltr'><strong>tuarum,</strong></span> <span class='ocrx_word' id='word_1_388' title='bbox 3047 2095 3294 2164; x_wconf 89' lang='lat' dir='ltr'><strong>Domine,</strong></span> <span class='ocrx_word' id='word_1_389' title='bbox 3331 2104 3438 2153; x_wconf 89' lang='lat' dir='ltr'><strong>etc.</strong></span> <span class='ocrx_word' id='word_1_390' title='bbox 3462 2096 3524 2155; x_wconf 86' lang='grc' dir='ltr'><strong>1η</strong></span> 
     </span>
    </p>
   </div>
   <div class='ocr_carea' id='block_1_51' title="bbox 1929 2187 3525 2266">
    <p class='ocr_par' dir='ltr' id='par_1_51' title="bbox 1929 2187 3525 2266">
     <span class='ocr_line' id='line_1_51' title="bbox 1929 2187 3525 2266; baseline -0.003 -18"><span class='ocrx_word' id='word_1_391' title='bbox 1929 2195 2128 2266; x_wconf 89' lang='lat' dir='ltr'><strong>quibus</strong></span> <span class='ocrx_word' id='word_1_392' title='bbox 2157 2205 2213 2248; x_wconf 93' lang='lat' dir='ltr'><strong>ut</strong></span> <span class='ocrx_word' id='word_1_393' title='bbox 2235 2207 2336 2247; x_wconf 89' lang='lat' dir='ltr'><strong>nos</strong></span> <span class='ocrx_word' id='word_1_394' title='bbox 2365 2193 2688 2259; x_wconf 88' lang='lat' dir='ltr'><strong>redimeres,</strong></span> <span class='ocrx_word' id='word_1_395' title='bbox 2721 2189 2884 2245; x_wconf 91' lang='lat' dir='ltr'><strong>homo</strong></span> <span class='ocrx_word' id='word_1_396' title='bbox 2913 2189 3086 2244; x_wconf 86' lang='lat' dir='ltr'><strong>factus</strong></span> <span class='ocrx_word' id='word_1_397' title='bbox 3111 2203 3192 2245; x_wconf 89' lang='lat' dir='ltr'><strong>es.</strong></span> <span class='ocrx_word' id='word_1_398' title='bbox 3220 2187 3317 2244; x_wconf 84' lang='lat' dir='ltr'><strong>Vel</strong></span> <span class='ocrx_word' id='word_1_399' title='bbox 3353 2203 3525 2259; x_wconf 86' lang='lat' dir='ltr'><strong>popu-</strong></span> 
     </span>
    </p>
   </div>
   <div class='ocr_carea' id='block_1_52' title="bbox 1930 2280 3523 2356">
    <p class='ocr_par' dir='ltr' id='par_1_52' title="bbox 1930 2280 3523 2356">
     <span class='ocr_line' id='line_1_52' title="bbox 1930 2280 3523 2356; baseline -0.005 -12"><span class='ocrx_word' id='word_1_400' title='bbox 1930 2288 2014 2344; x_wconf 89' lang='lat' dir='ltr'><strong>lus</strong></span> <span class='ocrx_word' id='word_1_401' title='bbox 2039 2285 2384 2342; x_wconf 86' lang='lat' dir='ltr'><strong>Christianus</strong></span> <span class='ocrx_word' id='word_1_402' title='bbox 2403 2284 2643 2356; x_wconf 87' lang='lat' dir='ltr'><strong>loquitur</strong></span> <span class='ocrx_word' id='word_1_403' title='bbox 2677 2302 2687 2338; x_wconf 95' lang='lat'>:</span> <span class='ocrx_word' id='word_1_404' title='bbox 2714 2293 2774 2338; x_wconf 91' lang='lat' dir='ltr'><strong>ut</strong></span> <span class='ocrx_word' id='word_1_405' title='bbox 2802 2291 2981 2339; x_wconf 88' lang='lat' dir='ltr'><strong>rectos</strong></span> <span class='ocrx_word' id='word_1_406' title='bbox 3003 2297 3101 2337; x_wconf 90' lang='lat' dir='ltr'><strong>eos</strong></span> <span class='ocrx_word' id='word_1_407' title='bbox 3137 2280 3301 2336; x_wconf 83' lang='lat' dir='ltr'><strong>faciat</strong></span> <span class='ocrx_word' id='word_1_408' title='bbox 3324 2281 3392 2336; x_wconf 91' lang='lat' dir='ltr'><strong>de</strong></span> <span class='ocrx_word' id='word_1_409' title='bbox 3425 2295 3523 2336; x_wconf 88' lang='lat' dir='ltr'><strong>sua</strong></span> 
     </span>
    </p>
   </div>
   <div class='ocr_carea' id='block_1_53' title="bbox 1930 2373 3523 2445">
    <p class='ocr_par' dir='ltr' id='par_1_53' title="bbox 1930 2373 3523 2445">
     <span class='ocr_line' id='line_1_53' title="bbox 1930 2373 3523 2445; baseline -0.006 -9"><span class='ocrx_word' id='word_1_410' title='bbox 1930 2380 2317 2445; x_wconf 88' lang='lat' dir='ltr'><strong>miseratione;</strong></span> <span class='ocrx_word' id='word_1_411' title='bbox 2386 2386 2445 2433; x_wconf 89' lang='lat' dir='ltr'><strong>ut</strong></span> <span class='ocrx_word' id='word_1_412' title='bbox 2493 2376 2676 2432; x_wconf 92' lang='lat' dir='ltr'><strong>illud:</strong></span> <span class='ocrx_word' id='word_1_413' title='bbox 2726 2373 3118 2431; x_wconf 64' lang='lat' dir='ltr'><strong>Misericordiae</strong></span> <span class='ocrx_word' id='word_1_414' title='bbox 3179 2383 3284 2428; x_wconf 67' lang='lat' dir='ltr'><strong>tua:</strong></span> <span class='ocrx_word' id='word_1_415' title='bbox 3337 2373 3523 2428; x_wconf 78' lang='lat' dir='ltr'><strong>multa:</strong></span> 
     </span>
    </p>
   </div>
   <div class='ocr_carea' id='block_1_54' title="bbox 1929 2463 3528 2537">
    <p class='ocr_par' dir='ltr' id='par_1_54' title="bbox 1929 2463 3528 2537">
     <span class='ocr_line' id='line_1_54' title="bbox 1929 2463 3528 2537; baseline -0.004 -11"><span class='ocrx_word' id='word_1_416' title='bbox 1929 2481 2076 2537; x_wconf 89' lang='lat' dir='ltr'><strong>sunt,</strong></span> <span class='ocrx_word' id='word_1_417' title='bbox 2110 2471 2370 2536; x_wconf 91' lang='lat' dir='ltr'><strong>Domine;</strong></span> <span class='ocrx_word' id='word_1_418' title='bbox 2403 2477 2459 2524; x_wconf 89' lang='lat' dir='ltr'><strong>et</strong></span> <span class='ocrx_word' id='word_1_419' title='bbox 2489 2485 2502 2524; x_wconf 94' lang='lat'>:</span> <span class='ocrx_word' id='word_1_420' title='bbox 2533 2467 2919 2523; x_wconf 68' lang='lat' dir='ltr'><strong>Misericordiae</strong></span> <span class='ocrx_word' id='word_1_421' title='bbox 2951 2474 3056 2520; x_wconf 81' lang='lat' dir='ltr'><strong>tuae</strong></span> <span class='ocrx_word' id='word_1_422' title='bbox 3085 2479 3115 2519; x_wconf 90' lang='lat' dir='ltr'><strong>a</strong></span> <span class='ocrx_word' id='word_1_423' title='bbox 3149 2463 3353 2520; x_wconf 73' lang='lat' dir='ltr'><strong>smculo</strong></span> <span class='ocrx_word' id='word_1_424' title='bbox 3398 2474 3528 2520; x_wconf 88' lang='lat' dir='ltr'><strong>sunt</strong></span> 
     </span>
    </p>
   </div>
   <div class='ocr_carea' id='block_1_55' title="bbox 1931 2556 3509 2637">
    <p class='ocr_par' dir='ltr' id='par_1_55' title="bbox 1931 2556 3509 2637">
     <span class='ocr_line' id='line_1_55' title="bbox 1931 2556 3509 2637; baseline -0.004 -19"><span class='ocrx_word' id='word_1_425' title='bbox 1931 2566 1949 2637; x_wconf 94' lang='lat'>(</span> <span class='ocrx_word' id='word_1_426' title='bbox 1975 2563 2125 2620; x_wconf 84' lang='lat' dir='ltr'><strong>Psal.</strong></span> <span class='ocrx_word' id='word_1_427' title='bbox 2156 2564 2352 2636; x_wconf 83' lang='lat' dir='ltr'><strong>cxvnt)</strong></span> <span class='ocrx_word' id='word_1_428' title='bbox 2379 2580 2394 2630; x_wconf 91' lang='lat'><strong>;</strong></span> <span class='ocrx_word' id='word_1_429' title='bbox 2424 2571 2479 2618; x_wconf 88' lang='lat' dir='ltr'><strong>et</strong></span> <span class='ocrx_word' id='word_1_430' title='bbox 2509 2559 2950 2618; x_wconf 85' lang='lat' dir='ltr'><strong>:Misericordias</strong></span> <span class='ocrx_word' id='word_1_431' title='bbox 2979 2567 3098 2614; x_wconf 86' lang='lat' dir='ltr'><strong>tuas</strong></span> <span class='ocrx_word' id='word_1_432' title='bbox 3124 2559 3193 2614; x_wconf 91' lang='lat' dir='ltr'><strong>ab</strong></span> <span class='ocrx_word' id='word_1_433' title='bbox 3220 2556 3371 2613; x_wconf 91' lang='lat' dir='ltr'><strong>initio</strong></span> <span class='ocrx_word' id='word_1_434' title='bbox 3400 2571 3509 2614; x_wconf 65' lang='lat' dir='ltr'><strong>sa:-</strong></span> 
     </span>
    </p>
   </div>
   <div class='ocr_carea' id='block_1_56' title="bbox 1929 2656 2813 2728">
    <p class='ocr_par' dir='ltr' id='par_1_56' title="bbox 1929 2656 2813 2728">
     <span class='ocr_line' id='line_1_56' title="bbox 1929 2656 2813 2728; baseline -0.005 -12"><span class='ocrx_word' id='word_1_435' title='bbox 1929 2659 2037 2716; x_wconf 80' lang='lat' dir='ltr'><strong>Cllll</strong></span> <span class='ocrx_word' id='word_1_436' title='bbox 2072 2658 2372 2728; x_wconf 87' lang='lat' dir='ltr'><strong>promisisti</strong></span> <span class='ocrx_word' id='word_1_437' title='bbox 2409 2657 2564 2713; x_wconf 87' lang='lat' dir='ltr'><strong>nobis</strong></span> <span class='ocrx_word' id='word_1_438' title='bbox 2597 2656 2813 2728; x_wconf 87' lang='lat' dir='ltr'><strong>(lbid.).</strong></span> 
     </span>
    </p>
   </div>
   <div class='ocr_carea' id='block_1_57' title="bbox 2006 2746 3525 2824">
    <p class='ocr_par' dir='ltr' id='par_1_57' title="bbox 2006 2746 3525 2824">
     <span class='ocr_line' id='line_1_57' title="bbox 2006 2746 3525 2824; baseline -0.005 -18"><span class='ocrx_word' id='word_1_439' title='bbox 2006 2751 2210 2806; x_wconf 85' lang='lat' dir='ltr'><strong>Delicta</strong></span> <span class='ocrx_word' id='word_1_440' title='bbox 2222 2752 2518 2824; x_wconf 82' lang='lat' dir='ltr'><strong>juventtttis</strong></span> <span class='ocrx_word' id='word_1_441' title='bbox 2549 2765 2674 2804; x_wconf 71' lang='lat' dir='ltr'><strong>mea:</strong></span> <span class='ocrx_word' id='word_1_442' title='bbox 2718 2757 2766 2802; x_wconf 87' lang='lat' dir='ltr'><strong>et</strong></span> <span class='ocrx_word' id='word_1_443' title='bbox 2798 2746 3128 2820; x_wconf 81' lang='lat' dir='ltr'><strong>ignorantias</strong></span> <span class='ocrx_word' id='word_1_444' title='bbox 3155 2761 3294 2799; x_wconf 87' lang='lat' dir='ltr'><strong>meas</strong></span> <span class='ocrx_word' id='word_1_445' title='bbox 3335 2761 3397 2798; x_wconf 90' lang='lat' dir='ltr'><strong>ne</strong></span> <span class='ocrx_word' id='word_1_446' title='bbox 3421 2762 3525 2800; x_wconf 85' lang='lat' dir='ltr'><strong>mc-</strong></span> 
     </span>
    </p>
   </div>
   <div class='ocr_carea' id='block_1_58' title="bbox 1930 2839 3521 2912">
    <p class='ocr_par' dir='ltr' id='par_1_58' title="bbox 1930 2839 3521 2912">
     <span class='ocr_line' id='line_1_58' title="bbox 1930 2839 3521 2912; baseline -0.006 -11"><span class='ocrx_word' id='word_1_447' title='bbox 1930 2846 2161 2912; x_wconf 86' lang='lat' dir='ltr'><strong>mineris,</strong></span> <span class='ocrx_word' id='word_1_448' title='bbox 2211 2843 2454 2899; x_wconf 86' lang='lat' dir='ltr'><strong>Domine.</strong></span> <span class='ocrx_word' id='word_1_449' title='bbox 2507 2843 2600 2898; x_wconf 89' lang='lat' dir='ltr'><strong>Illa</strong></span> <span class='ocrx_word' id='word_1_450' title='bbox 2655 2857 2778 2912; x_wconf 78' lang='lat' dir='ltr'><strong>quze</strong></span> <span class='ocrx_word' id='word_1_451' title='bbox 2832 2841 2885 2896; x_wconf 91' lang='lat' dir='ltr'><strong>in</strong></span> <span class='ocrx_word' id='word_1_452' title='bbox 2925 2839 3302 2895; x_wconf 86' lang='lat' dir='ltr'><strong>adolescentia</strong></span> <span class='ocrx_word' id='word_1_453' title='bbox 3347 2839 3521 2910; x_wconf 84' lang='lat' dir='ltr'><strong>gessi,</strong></span> 
     </span>
    </p>
   </div>
   <div class='ocr_carea' id='block_1_59' title="bbox 1930 2931 3526 3012">
    <p class='ocr_par' dir='ltr' id='par_1_59' title="bbox 1930 2931 3526 3012">
     <span class='ocr_line' id='line_1_59' title="bbox 1930 2931 3526 3012; baseline -0.005 -18"><span class='ocrx_word' id='word_1_454' title='bbox 1930 2940 2246 3012; x_wconf 86' lang='lat' dir='ltr'><strong>priusquam</strong></span> <span class='ocrx_word' id='word_1_455' title='bbox 2284 2937 2352 2994; x_wconf 91' lang='lat' dir='ltr'><strong>de</strong></span> <span class='ocrx_word' id='word_1_456' title='bbox 2391 2937 2554 2992; x_wconf 86' lang='lat' dir='ltr'><strong>domo</strong></span> <span class='ocrx_word' id='word_1_457' title='bbox 2586 2935 2755 3005; x_wconf 88' lang='lat' dir='ltr'><strong>patris</strong></span> <span class='ocrx_word' id='word_1_458' title='bbox 2802 2933 2975 3003; x_wconf 84' lang='lat' dir='ltr'><strong>iniqui</strong></span> <span class='ocrx_word' id='word_1_459' title='bbox 3010 2931 3387 3003; x_wconf 87' lang='lat' dir='ltr'><strong>procederem.</strong></span> <span class='ocrx_word' id='word_1_460' title='bbox 3415 2932 3526 2987; x_wconf 85' lang='lat' dir='ltr'><strong>Aut</strong></span> 
     </span>
    </p>
   </div>
   <div class='ocr_carea' id='block_1_60' title="bbox 1930 3025 3524 3101">
    <p class='ocr_par' dir='ltr' id='par_1_60' title="bbox 1930 3025 3524 3101">
     <span class='ocr_line' id='line_1_60' title="bbox 1930 3025 3524 3101; baseline -0.006 -12"><span class='ocrx_word' id='word_1_461' title='bbox 1930 3033 2124 3089; x_wconf 88' lang='lat' dir='ltr'><strong>delicta</strong></span> <span class='ocrx_word' id='word_1_462' title='bbox 2161 3029 2464 3101; x_wconf 86' lang='lat' dir='ltr'><strong>juventutis</strong></span> <span class='ocrx_word' id='word_1_463' title='bbox 2489 3071 2506 3098; x_wconf 88' lang='lat'><strong>,</strong></span> <span class='ocrx_word' id='word_1_464' title='bbox 2545 3037 2672 3084; x_wconf 86' lang='lat' dir='ltr'><strong>ante</strong></span> <span class='ocrx_word' id='word_1_465' title='bbox 2702 3027 3041 3097; x_wconf 86' lang='lat' dir='ltr'><strong>baptismum</strong></span> <span class='ocrx_word' id='word_1_466' title='bbox 3072 3041 3087 3082; x_wconf 90' lang='lat'><strong>:</strong></span> <span class='ocrx_word' id='word_1_467' title='bbox 3117 3035 3171 3081; x_wconf 91' lang='lat' dir='ltr'><strong>et</strong></span> <span class='ocrx_word' id='word_1_468' title='bbox 3205 3025 3524 3096; x_wconf 70' lang='lat' dir='ltr'><strong>ignorantia:</strong></span> 
     </span>
    </p>
   </div>
   <div class='ocr_carea' id='block_1_61' title="bbox 1931 3120 2866 3193">
    <p class='ocr_par' dir='ltr' id='par_1_61' title="bbox 1931 3120 2866 3193">
     <span class='ocr_line' id='line_1_61' title="bbox 1931 3120 2866 3193; baseline -0.011 -11"><span class='ocrx_word' id='word_1_469' title='bbox 1931 3141 2068 3182; x_wconf 64' lang='lat' dir='ltr'><strong>meae</strong></span> <span class='ocrx_word' id='word_1_470' title='bbox 2095 3123 2200 3180; x_wconf 92' lang='lat' dir='ltr'><strong>hoc</strong></span> <span class='ocrx_word' id='word_1_471' title='bbox 2226 3131 2331 3190; x_wconf 86' lang='lat' dir='ltr'><strong>est,</strong></span> <span class='ocrx_word' id='word_1_472' title='bbox 2363 3131 2486 3193; x_wconf 93' lang='lat' dir='ltr'><strong>post</strong></span> <span class='ocrx_word' id='word_1_473' title='bbox 2511 3120 2866 3190; x_wconf 88' lang='lat' dir='ltr'><strong>baptismum.</strong></span> 
     </span>
    </p>
   </div>
   <div class='ocr_carea' id='block_1_62' title="bbox 227 3203 3523 3292">
    <p class='ocr_par' dir='ltr' id='par_1_62' title="bbox 227 3203 3523 3292">
     <span class='ocr_line' id='line_1_62' title="bbox 227 3203 3523 3292; baseline -0.004 -14"><span class='ocrx_word' id='word_1_474' title='bbox 227 3223 345 3278; x_wconf 87' lang='lat' dir='ltr'><strong>imo</strong></span> <span class='ocrx_word' id='word_1_475' title='bbox 368 3221 570 3292; x_wconf 85' lang='lat' dir='ltr'><strong>jaceat,</strong></span> <span class='ocrx_word' id='word_1_476' title='bbox 589 3219 1013 3290; x_wconf 84' lang='lat' dir='ltr'><strong>compttlrescit;</strong></span> <span class='ocrx_word' id='word_1_477' title='bbox 1038 3220 1083 3274; x_wconf 90' lang='lat' dir='ltr'><strong>si</strong></span> <span class='ocrx_word' id='word_1_478' title='bbox 1106 3233 1320 3274; x_wconf 88' lang='lat' dir='ltr'><strong>sursum</strong></span> <span class='ocrx_word' id='word_1_479' title='bbox 1348 3218 1615 3282; x_wconf 87' lang='lat' dir='ltr'><strong>elevatur,</strong></span> <span class='ocrx_word' id='word_1_480' title='bbox 1646 3229 1828 3272; x_wconf 87' lang='lat' dir='ltr'><strong>custo-</strong></span> <span class='ocrx_word' id='word_1_481' title='bbox 1852 3203 1899 3268; x_wconf 85' lang='lat' dir='ltr'><strong><em>C</em></strong></span> <span class='ocrx_word' id='word_1_482' title='bbox 2004 3216 2306 3273; x_wconf 86' lang='lat' dir='ltr'><strong>Secundum</strong></span> <span class='ocrx_word' id='word_1_483' title='bbox 2336 3230 2580 3285; x_wconf 87' lang='lat' dir='ltr'><strong>magnam</strong></span> <span class='ocrx_word' id='word_1_484' title='bbox 2608 3210 3020 3267; x_wconf 84' lang='lat' dir='ltr'><strong>misericordiam</strong></span> <span class='ocrx_word' id='word_1_485' title='bbox 3043 3219 3184 3264; x_wconf 86' lang='lat' dir='ltr'><strong>luant</strong></span> <span class='ocrx_word' id='word_1_486' title='bbox 3213 3225 3406 3264; x_wconf 90' lang='lat' dir='ltr'><strong>memor</strong></span> <span class='ocrx_word' id='word_1_487' title='bbox 3419 3219 3523 3264; x_wconf 84' lang='lat' dir='ltr'><strong>esto</strong></span> 
     </span>
    </p>
   </div>
   <div class='ocr_carea' id='block_1_63' title="bbox 225 3312 1831 3384">
    <p class='ocr_par' dir='ltr' id='par_1_63' title="bbox 225 3312 1831 3384">
     <span class='ocr_line' id='line_1_63' title="bbox 225 3312 1831 3384; baseline -0.003 -12"><span class='ocrx_word' id='word_1_488' title='bbox 225 3316 394 3372; x_wconf 90' lang='lat' dir='ltr'><strong>ditur.</strong></span> <span class='ocrx_word' id='word_1_489' title='bbox 428 3315 518 3372; x_wconf 86' lang='lat' dir='ltr'><strong>Sic</strong></span> <span class='ocrx_word' id='word_1_490' title='bbox 546 3324 602 3371; x_wconf 90' lang='lat' dir='ltr'><strong>et</strong></span> <span class='ocrx_word' id='word_1_491' title='bbox 622 3316 826 3383; x_wconf 88' lang='lat' dir='ltr'><strong>anima,</strong></span> <span class='ocrx_word' id='word_1_492' title='bbox 853 3315 898 3370; x_wconf 91' lang='lat' dir='ltr'><strong>si</strong></span> <span class='ocrx_word' id='word_1_493' title='bbox 930 3314 981 3369; x_wconf 92' lang='lat' dir='ltr'><strong>in</strong></span> <span class='ocrx_word' id='word_1_494' title='bbox 1017 3324 1358 3384; x_wconf 81' lang='lat' dir='ltr'><strong>peccatorum</strong></span> <span class='ocrx_word' id='word_1_495' title='bbox 1383 3313 1693 3384; x_wconf 87' lang='lat' dir='ltr'><strong>putredine,</strong></span> <span class='ocrx_word' id='word_1_496' title='bbox 1726 3312 1831 3368; x_wconf 91' lang='lat' dir='ltr'><strong>hoc</strong></span> 
     </span>
    </p>
   </div>
   <div class='ocr_carea' id='block_1_64' title="bbox 225 3405 1827 3477">
    <p class='ocr_par' dir='ltr' id='par_1_64' title="bbox 225 3405 1827 3477">
     <span class='ocr_line' id='line_1_64' title="bbox 225 3405 1827 3477; baseline -0.002 -13"><span class='ocrx_word' id='word_1_497' title='bbox 225 3415 337 3475; x_wconf 87' lang='lat' dir='ltr'><strong>est,</strong></span> <span class='ocrx_word' id='word_1_498' title='bbox 369 3407 415 3462; x_wconf 87' lang='lat' dir='ltr'><strong>si</strong></span> <span class='ocrx_word' id='word_1_499' title='bbox 454 3407 508 3461; x_wconf 92' lang='lat' dir='ltr'><strong>in</strong></span> <span class='ocrx_word' id='word_1_500' title='bbox 533 3405 641 3461; x_wconf 87' lang='lat' dir='ltr'><strong>imo</strong></span> <span class='ocrx_word' id='word_1_501' title='bbox 661 3406 844 3476; x_wconf 81' lang='lat' dir='ltr'><strong>jaceat</strong></span> <span class='ocrx_word' id='word_1_502' title='bbox 867 3446 882 3472; x_wconf 95' lang='lat'><strong>,</strong></span> <span class='ocrx_word' id='word_1_503' title='bbox 930 3406 1319 3477; x_wconf 87' lang='lat' dir='ltr'><strong>computrescit</strong></span> <span class='ocrx_word' id='word_1_504' title='bbox 1345 3414 1401 3461; x_wconf 92' lang='lat' dir='ltr'><strong>et</strong></span> <span class='ocrx_word' id='word_1_505' title='bbox 1425 3406 1587 3477; x_wconf 89' lang='lat' dir='ltr'><strong>perit.</strong></span> <span class='ocrx_word' id='word_1_506' title='bbox 1617 3405 1749 3461; x_wconf 81' lang='lat' dir='ltr'><strong>Nam</strong></span> <span class='ocrx_word' id='word_1_507' title='bbox 1781 3405 1827 3461; x_wconf 90' lang='lat' dir='ltr'><strong>si</strong></span> 
     </span>
    </p>
   </div>
   <div class='ocr_carea' id='block_1_65' title="bbox 227 3499 1828 3571">
    <p class='ocr_par' dir='ltr' id='par_1_65' title="bbox 227 3499 1828 3571">
     <span class='ocr_line' id='line_1_65' title="bbox 227 3499 1828 3571; baseline -0.001 -15"><span class='ocrx_word' id='word_1_508' title='bbox 227 3514 446 3556; x_wconf 83' lang='lat' dir='ltr'><strong>sursum</strong></span> <span class='ocrx_word' id='word_1_509' title='bbox 476 3499 718 3555; x_wconf 85' lang='lat' dir='ltr'><strong>elevatur</strong></span> <span class='ocrx_word' id='word_1_510' title='bbox 747 3500 801 3556; x_wconf 93' lang='lat' dir='ltr'><strong>in</strong></span> <span class='ocrx_word' id='word_1_511' title='bbox 830 3499 913 3554; x_wconf 90' lang='lat' dir='ltr'><strong>his</strong></span> <span class='ocrx_word' id='word_1_512' title='bbox 939 3499 1282 3570; x_wconf 89' lang='lat' dir='ltr'><strong>supradictis,</strong></span> <span class='ocrx_word' id='word_1_513' title='bbox 1310 3515 1433 3571; x_wconf 88' lang='lat' dir='ltr'><strong>spe,</strong></span> <span class='ocrx_word' id='word_1_514' title='bbox 1472 3499 1579 3556; x_wconf 87' lang='lat' dir='ltr'><strong>ﬁde</strong></span> <span class='ocrx_word' id='word_1_515' title='bbox 1623 3499 1828 3556; x_wconf 89' lang='lat' dir='ltr'><strong>etcha-</strong></span> 
     </span>
    </p>
   </div>
   <div class='ocr_carea' id='block_1_66' title="bbox 224 3591 1829 3662">
    <p class='ocr_par' dir='ltr' id='par_1_66' title="bbox 224 3591 1829 3662">
     <span class='ocr_line' id='line_1_66' title="bbox 224 3591 1829 3662; baseline -0.001 -12"><span class='ocrx_word' id='word_1_516' title='bbox 224 3593 414 3659; x_wconf 81' lang='lat' dir='ltr'><strong>ritate,</strong></span> <span class='ocrx_word' id='word_1_517' title='bbox 445 3591 748 3648; x_wconf 85' lang='lat' dir='ltr'><strong>custoditur</strong></span> <span class='ocrx_word' id='word_1_518' title='bbox 776 3609 806 3649; x_wconf 90' lang='lat' dir='ltr'><strong>a</strong></span> <span class='ocrx_word' id='word_1_519' title='bbox 848 3593 977 3650; x_wconf 89' lang='lat' dir='ltr'><strong>Deo.</strong></span> <span class='ocrx_word' id='word_1_520' title='bbox 1023 3594 1143 3660; x_wconf 83' lang='lat' dir='ltr'><strong>Vel,</strong></span> <span class='ocrx_word' id='word_1_521' title='bbox 1176 3593 1244 3647; x_wconf 91' lang='lat' dir='ltr'><strong>ad</strong></span> <span class='ocrx_word' id='word_1_522' title='bbox 1274 3602 1342 3662; x_wconf 88' lang='lat' dir='ltr'><strong>te,</strong></span> <span class='ocrx_word' id='word_1_523' title='bbox 1373 3593 1598 3650; x_wconf 82' lang='lat' dir='ltr'><strong>Domine</strong></span> <span class='ocrx_word' id='word_1_524' title='bbox 1619 3637 1635 3661; x_wconf 95' lang='lat'><strong>,</strong></span> <span class='ocrx_word' id='word_1_525' title='bbox 1665 3594 1829 3650; x_wconf 77' lang='lat' dir='ltr'><strong>levavi</strong></span> 
     </span>
    </p>
   </div>
   <div class='ocr_carea' id='block_1_67' title="bbox 225 3685 1825 3757">
    <p class='ocr_par' dir='ltr' id='par_1_67' title="bbox 225 3685 1825 3757">
     <span class='ocr_line' id='line_1_67' title="bbox 225 3685 1825 3757; baseline 0.003 -17"><span class='ocrx_word' id='word_1_526' title='bbox 225 3685 460 3740; x_wconf 81' lang='lat' dir='ltr'><strong>animum</strong></span> <span class='ocrx_word' id='word_1_527' title='bbox 487 3701 652 3741; x_wconf 86' lang='lat' dir='ltr'><strong>meam</strong></span> <span class='ocrx_word' id='word_1_528' title='bbox 680 3701 776 3754; x_wconf 89' lang='lat' dir='ltr'><strong>per</strong></span> <span class='ocrx_word' id='word_1_529' title='bbox 797 3702 1033 3743; x_wconf 86' lang='lat' dir='ltr'><strong>crucem.</strong></span> <span class='ocrx_word' id='word_1_530' title='bbox 1061 3685 1202 3742; x_wconf 87' lang='lat' dir='ltr'><strong>Deus</strong></span> <span class='ocrx_word' id='word_1_531' title='bbox 1233 3704 1376 3743; x_wconf 86' lang='lat' dir='ltr'><strong>meus</strong></span> <span class='ocrx_word' id='word_1_532' title='bbox 1397 3731 1410 3754; x_wconf 96' lang='lat'><strong>,</strong></span> <span class='ocrx_word' id='word_1_533' title='bbox 1439 3690 1495 3744; x_wconf 91' lang='lat' dir='ltr'><strong>in</strong></span> <span class='ocrx_word' id='word_1_534' title='bbox 1524 3699 1574 3744; x_wconf 89' lang='lat' dir='ltr'><strong>te</strong></span> <span class='ocrx_word' id='word_1_535' title='bbox 1593 3690 1825 3757; x_wconf 83' lang='lat' dir='ltr'><strong>conﬁdo,</strong></span> 
     </span>
    </p>
   </div>
   <div class='ocr_carea' id='block_1_68' title="bbox 228 3776 1824 3852">
    <p class='ocr_par' dir='ltr' id='par_1_68' title="bbox 228 3776 1824 3852">
     <span class='ocr_line' id='line_1_68' title="bbox 228 3776 1824 3852; baseline 0.003 -19"><span class='ocrx_word' id='word_1_536' title='bbox 228 3776 494 3833; x_wconf 73' lang='lat' dir='ltr'><strong>Ecclesia:</strong></span> <span class='ocrx_word' id='word_1_537' title='bbox 524 3778 796 3834; x_wconf 79' lang='lat' dir='ltr'><strong>confessio</strong></span> <span class='ocrx_word' id='word_1_538' title='bbox 825 3788 906 3834; x_wconf 89' lang='lat' dir='ltr'><strong>est</strong></span> <span class='ocrx_word' id='word_1_539' title='bbox 939 3798 952 3834; x_wconf 87' lang='lat'><strong>:</strong></span> <span class='ocrx_word' id='word_1_540' title='bbox 1002 3778 1070 3834; x_wconf 83' lang='lat' dir='ltr'><strong>In</strong></span> <span class='ocrx_word' id='word_1_541' title='bbox 1095 3789 1142 3834; x_wconf 84' lang='lat' dir='ltr'><strong>te</strong></span> <span class='ocrx_word' id='word_1_542' title='bbox 1182 3781 1389 3852; x_wconf 84' lang='lat' dir='ltr'><strong>conﬁdo</strong></span> <span class='ocrx_word' id='word_1_543' title='bbox 1415 3824 1430 3849; x_wconf 91' lang='lat'><strong>,</strong></span> <span class='ocrx_word' id='word_1_544' title='bbox 1474 3797 1580 3838; x_wconf 89' lang='lat' dir='ltr'><strong>non</strong></span> <span class='ocrx_word' id='word_1_545' title='bbox 1613 3783 1665 3838; x_wconf 91' lang='lat' dir='ltr'><strong>in</strong></span> <span class='ocrx_word' id='word_1_546' title='bbox 1699 3799 1783 3838; x_wconf 89' lang='lat' dir='ltr'><strong>me</strong></span> <span class='ocrx_word' id='word_1_547' title='bbox 1809 3824 1824 3851; x_wconf 95' lang='lat'><strong>,</strong></span> 
     </span>
    </p>
   </div>
   <div class='ocr_carea' id='block_1_69' title="bbox 225 3868 1825 3943">
    <p class='ocr_par' dir='ltr' id='par_1_69' title="bbox 225 3868 1825 3943">
     <span class='ocr_line' id='line_1_69' title="bbox 225 3868 1825 3943; baseline 0.003 -17"><span class='ocrx_word' id='word_1_548' title='bbox 225 3868 327 3926; x_wconf 87' lang='lat' dir='ltr'><strong>sed</strong></span> <span class='ocrx_word' id='word_1_549' title='bbox 351 3869 404 3924; x_wconf 93' lang='lat' dir='ltr'><strong>in</strong></span> <span class='ocrx_word' id='word_1_550' title='bbox 429 3878 503 3925; x_wconf 89' lang='lat' dir='ltr'><strong>te.</strong></span> <span class='ocrx_word' id='word_1_551' title='bbox 524 3868 646 3924; x_wconf 88' lang='lat' dir='ltr'><strong>Non</strong></span> <span class='ocrx_word' id='word_1_552' title='bbox 668 3871 996 3926; x_wconf 85' lang='lat' dir='ltr'><strong>erubescam:</strong></span> <span class='ocrx_word' id='word_1_553' title='bbox 1018 3871 1140 3943; x_wconf 89' lang='lat' dir='ltr'><strong>quia</strong></span> <span class='ocrx_word' id='word_1_554' title='bbox 1158 3872 1210 3926; x_wconf 92' lang='lat' dir='ltr'><strong>in</strong></span> <span class='ocrx_word' id='word_1_555' title='bbox 1226 3872 1445 3928; x_wconf 89' lang='lat' dir='ltr'><strong>homine</strong></span> <span class='ocrx_word' id='word_1_556' title='bbox 1459 3888 1566 3928; x_wconf 93' lang='lat' dir='ltr'><strong>non</strong></span> <span class='ocrx_word' id='word_1_557' title='bbox 1586 3873 1825 3930; x_wconf 83' lang='lat' dir='ltr'><strong>confido:</strong></span> 
     </span>
    </p>
   </div>
   <div class='ocr_carea' id='block_1_70' title="bbox 225 3958 1823 4033">
    <p class='ocr_par' dir='ltr' id='par_1_70' title="bbox 225 3958 1823 4033">
     <span class='ocr_line' id='line_1_70' title="bbox 225 3958 1823 4033; baseline 0.003 -19"><span class='ocrx_word' id='word_1_558' title='bbox 225 3958 298 4014; x_wconf 89' lang='lat' dir='ltr'><strong>de</strong></span> <span class='ocrx_word' id='word_1_559' title='bbox 326 3959 524 4028; x_wconf 84' lang='lat' dir='ltr'><strong>quibus</strong></span> <span class='ocrx_word' id='word_1_560' title='bbox 568 3960 770 4014; x_wconf 87' lang='lat' dir='ltr'><strong>dictum</strong></span> <span class='ocrx_word' id='word_1_561' title='bbox 808 3969 889 4015; x_wconf 84' lang='lat' dir='ltr'><strong>est</strong></span> <span class='ocrx_word' id='word_1_562' title='bbox 923 3979 936 4016; x_wconf 88' lang='lat'><strong>:</strong></span> <span class='ocrx_word' id='word_1_563' title='bbox 968 3960 1287 4016; x_wconf 86' lang='lat' dir='ltr'><strong>Maledictus</strong></span> <span class='ocrx_word' id='word_1_564' title='bbox 1328 3961 1491 4016; x_wconf 88' lang='lat' dir='ltr'><strong>homo</strong></span> <span class='ocrx_word' id='word_1_565' title='bbox 1533 3963 1622 4033; x_wconf 90' lang='lat' dir='ltr'><strong>qui</strong></span> <span class='ocrx_word' id='word_1_566' title='bbox 1670 3979 1823 4032; x_wconf 90' lang='lat' dir='ltr'><strong>spem</strong></span> 
     </span>
    </p>
   </div>
   <div class='ocr_carea' id='block_1_71' title="bbox 224 4051 1825 4127">
    <p class='ocr_par' dir='ltr' id='par_1_71' title="bbox 224 4051 1825 4127">
     <span class='ocr_line' id='line_1_71' title="bbox 224 4051 1825 4127; baseline 0.002 -19"><span class='ocrx_word' id='word_1_567' title='bbox 224 4067 385 4108; x_wconf 86' lang='lat' dir='ltr'><strong>suam</strong></span> <span class='ocrx_word' id='word_1_568' title='bbox 415 4052 567 4124; x_wconf 91' lang='lat' dir='ltr'><strong>ponit</strong></span> <span class='ocrx_word' id='word_1_569' title='bbox 596 4053 648 4108; x_wconf 90' lang='lat' dir='ltr'><strong>in</strong></span> <span class='ocrx_word' id='word_1_570' title='bbox 679 4051 897 4108; x_wconf 88' lang='lat' dir='ltr'><strong>homine</strong></span> <span class='ocrx_word' id='word_1_571' title='bbox 927 4052 1143 4124; x_wconf 85' lang='lat' dir='ltr'><strong>(Jerem.</strong></span> <span class='ocrx_word' id='word_1_572' title='bbox 1178 4053 1343 4127; x_wconf 77' lang='lat' dir='ltr'><strong>xvtt);</strong></span> <span class='ocrx_word' id='word_1_573' title='bbox 1377 4065 1468 4110; x_wconf 89' lang='lat' dir='ltr'><strong>et:</strong></span> <span class='ocrx_word' id='word_1_574' title='bbox 1495 4055 1825 4112; x_wconf 88' lang='lat' dir='ltr'><strong>Benedictus</strong></span> 
     </span>
    </p>
   </div>
   <div class='ocr_carea' id='block_1_72' title="bbox 224 4145 1829 4222">
    <p class='ocr_par' dir='ltr' id='par_1_72' title="bbox 224 4145 1829 4222">
     <span class='ocr_line' id='line_1_72' title="bbox 224 4145 1829 4222; baseline 0.001 -19"><span class='ocrx_word' id='word_1_575' title='bbox 224 4148 312 4204; x_wconf 87' lang='lat' dir='ltr'><strong>vir</strong></span> <span class='ocrx_word' id='word_1_576' title='bbox 340 4147 432 4218; x_wconf 90' lang='lat' dir='ltr'><strong>qui</strong></span> <span class='ocrx_word' id='word_1_577' title='bbox 459 4145 678 4202; x_wconf 82' lang='lat' dir='ltr'><strong>conlidit</strong></span> <span class='ocrx_word' id='word_1_578' title='bbox 707 4145 758 4201; x_wconf 90' lang='lat' dir='ltr'><strong>in</strong></span> <span class='ocrx_word' id='word_1_579' title='bbox 785 4147 1015 4203; x_wconf 90' lang='lat' dir='ltr'><strong>Domino</strong></span> <span class='ocrx_word' id='word_1_580' title='bbox 1045 4146 1242 4222; x_wconf 88' lang='lat' dir='ltr'><strong>(Psal.</strong></span> <span class='ocrx_word' id='word_1_581' title='bbox 1278 4149 1487 4221; x_wconf 78' lang='lat' dir='ltr'><strong>xxxv).</strong></span> <span class='ocrx_word' id='word_1_582' title='bbox 1517 4149 1632 4204; x_wconf 86' lang='lat' dir='ltr'><strong>Non</strong></span> <span class='ocrx_word' id='word_1_583' title='bbox 1654 4149 1725 4205; x_wconf 90' lang='lat' dir='ltr'><strong>sit</strong></span> <span class='ocrx_word' id='word_1_584' title='bbox 1746 4149 1829 4204; x_wconf 91' lang='lat' dir='ltr'><strong>di-</strong></span> 
     </span>
    </p>
   </div>
   <div class='ocr_carea' id='block_1_73' title="bbox 226 4241 1827 4317">
    <p class='ocr_par' dir='ltr' id='par_1_73' title="bbox 226 4241 1827 4317">
     <span class='ocr_line' id='line_1_73' title="bbox 226 4241 1827 4317; baseline 0.001 -19"><span class='ocrx_word' id='word_1_585' title='bbox 226 4241 366 4298; x_wconf 90' lang='lat' dir='ltr'><strong>latio</strong></span> <span class='ocrx_word' id='word_1_586' title='bbox 395 4243 849 4311; x_wconf 84' lang='lat' dir='ltr'><strong>resurrectiOnis,</strong></span> <span class='ocrx_word' id='word_1_587' title='bbox 877 4260 995 4315; x_wconf 79' lang='lat' dir='ltr'><strong>qua:</strong></span> <span class='ocrx_word' id='word_1_588' title='bbox 1025 4245 1378 4316; x_wconf 90' lang='lat' dir='ltr'><strong>opprobrium</strong></span> <span class='ocrx_word' id='word_1_589' title='bbox 1409 4254 1636 4317; x_wconf 80' lang='lat' dir='ltr'><strong>generet</strong></span> <span class='ocrx_word' id='word_1_590' title='bbox 1681 4245 1827 4301; x_wconf 91' lang='lat' dir='ltr'><strong>inter</strong></span> 
     </span>
    </p>
   </div>
   <div class='ocr_carea' id='block_1_74' title="bbox 223 4333 532 4391">
    <p class='ocr_par' dir='ltr' id='par_1_74' title="bbox 223 4333 532 4391">
     <span class='ocr_line' id='line_1_74' title="bbox 223 4333 532 4391; baseline 0.003 -1"><span class='ocrx_word' id='word_1_591' title='bbox 223 4333 532 4391; x_wconf 87' lang='lat' dir='ltr'><strong>credentes.</strong></span> 
     </span>
    </p>
   </div>
   <div class='ocr_carea' id='block_1_75' title="bbox 302 4425 1824 4497">
    <p class='ocr_par' dir='ltr' id='par_1_75' title="bbox 302 4425 1824 4497">
     <span class='ocr_line' id='line_1_75' title="bbox 302 4425 1824 4497; baseline 0.003 -16"><span class='ocrx_word' id='word_1_592' title='bbox 302 4425 484 4496; x_wconf 85' lang='lat' dir='ltr'><strong>Neque</strong></span> <span class='ocrx_word' id='word_1_593' title='bbox 511 4427 768 4483; x_wconf 87' lang='lat' dir='ltr'><strong>irrideant</strong></span> <span class='ocrx_word' id='word_1_594' title='bbox 797 4444 878 4482; x_wconf 87' lang='lat' dir='ltr'><strong>me</strong></span> <span class='ocrx_word' id='word_1_595' title='bbox 897 4428 1100 4484; x_wconf 88' lang='lat' dir='ltr'><strong>inimici</strong></span> <span class='ocrx_word' id='word_1_596' title='bbox 1140 4429 1261 4485; x_wconf 88' lang='lat' dir='ltr'><strong>mei.</strong></span> <span class='ocrx_word' id='word_1_597' title='bbox 1287 4430 1389 4497; x_wconf 84' lang='lat' dir='ltr'><strong>Qui</strong></span> <span class='ocrx_word' id='word_1_598' title='bbox 1421 4445 1507 4485; x_wconf 91' lang='lat' dir='ltr'><strong>me</strong></span> <span class='ocrx_word' id='word_1_599' title='bbox 1538 4429 1824 4486; x_wconf 87' lang='lat' dir='ltr'><strong>irriserant</strong></span> 
     </span>
    </p>
   </div>
   <div class='ocr_carea' id='block_1_76' title="bbox 223 4521 1822 4592">
    <p class='ocr_par' dir='ltr' id='par_1_76' title="bbox 223 4521 1822 4592">
     <span class='ocr_line' id='line_1_76' title="bbox 223 4521 1822 4592; baseline 0.001 -17"><span class='ocrx_word' id='word_1_600' title='bbox 223 4523 382 4592; x_wconf 89' lang='lat' dir='ltr'><strong>prius</strong></span> <span class='ocrx_word' id='word_1_601' title='bbox 411 4537 534 4577; x_wconf 90' lang='lat' dir='ltr'><strong>cum</strong></span> <span class='ocrx_word' id='word_1_602' title='bbox 564 4521 838 4578; x_wconf 87' lang='lat' dir='ltr'><strong>dicerem:</strong></span> <span class='ocrx_word' id='word_1_603' title='bbox 875 4523 1103 4579; x_wconf 89' lang='lat' dir='ltr'><strong>Possum</strong></span> <span class='ocrx_word' id='word_1_604' title='bbox 1129 4523 1412 4579; x_wconf 89' lang='lat' dir='ltr'><strong>destruere</strong></span> <span class='ocrx_word' id='word_1_605' title='bbox 1437 4523 1699 4591; x_wconf 88' lang='lat' dir='ltr'><strong>templum</strong></span> <span class='ocrx_word' id='word_1_606' title='bbox 1727 4566 1742 4590; x_wconf 90' lang='lat'><strong>,</strong></span> <span class='ocrx_word' id='word_1_607' title='bbox 1767 4531 1822 4578; x_wconf 91' lang='lat' dir='ltr'><strong>et</strong></span> 
     </span>
    </p>
   </div>
   <div class='ocr_carea' id='block_1_77' title="bbox 227 4612 1823 4687">
    <p class='ocr_par' dir='ltr' id='par_1_77' title="bbox 227 4612 1823 4687">
     <span class='ocr_line' id='line_1_77' title="bbox 227 4612 1823 4687; baseline -0.002 -18"><span class='ocrx_word' id='word_1_608' title='bbox 227 4614 338 4669; x_wconf 88' lang='lat' dir='ltr'><strong>hoc</strong></span> <span class='ocrx_word' id='word_1_609' title='bbox 369 4612 423 4667; x_wconf 90' lang='lat' dir='ltr'><strong>in</strong></span> <span class='ocrx_word' id='word_1_610' title='bbox 448 4612 628 4668; x_wconf 88' lang='lat' dir='ltr'><strong>triduo</strong></span> <span class='ocrx_word' id='word_1_611' title='bbox 661 4613 996 4670; x_wconf 60' lang='lat' dir='ltr'><strong>recedilicare</strong></span> <span class='ocrx_word' id='word_1_612' title='bbox 1026 4613 1223 4687; x_wconf 84' lang='lat' dir='ltr'><strong>(Matt.</strong></span> <span class='ocrx_word' id='word_1_613' title='bbox 1258 4630 1384 4669; x_wconf 75' lang='lat' dir='ltr'><strong>xxvx</strong></span> <span class='ocrx_word' id='word_1_614' title='bbox 1408 4615 1446 4682; x_wconf 93' lang='lat'><strong>).</strong></span> <span class='ocrx_word' id='word_1_615' title='bbox 1482 4613 1671 4684; x_wconf 83' lang='lat' dir='ltr'><strong>Neque</strong></span> <span class='ocrx_word' id='word_1_616' title='bbox 1698 4613 1823 4668; x_wconf 89' lang='lat' dir='ltr'><strong>irri-</strong></span> 
     </span>
    </p>
   </div>
   <div class='ocr_carea' id='block_1_78' title="bbox 227 4705 1824 4777">
    <p class='ocr_par' dir='ltr' id='par_1_78' title="bbox 227 4705 1824 4777">
     <span class='ocr_line' id='line_1_78' title="bbox 227 4705 1824 4777; baseline 0 -17"><span class='ocrx_word' id='word_1_617' title='bbox 227 4705 390 4760; x_wconf 85' lang='lat' dir='ltr'><strong>deant</strong></span> <span class='ocrx_word' id='word_1_618' title='bbox 419 4722 499 4760; x_wconf 89' lang='lat' dir='ltr'><strong>me</strong></span> <span class='ocrx_word' id='word_1_619' title='bbox 527 4707 726 4761; x_wconf 87' lang='lat' dir='ltr'><strong>inimici</strong></span> <span class='ocrx_word' id='word_1_620' title='bbox 756 4708 856 4761; x_wconf 84' lang='lat' dir='ltr'><strong>mei</strong></span> <span class='ocrx_word' id='word_1_621' title='bbox 887 4723 906 4763; x_wconf 90' lang='lat'><strong><em>:</em></strong></span> <span class='ocrx_word' id='word_1_622' title='bbox 933 4707 986 4763; x_wconf 90' lang='lat' dir='ltr'><strong>id</strong></span> <span class='ocrx_word' id='word_1_623' title='bbox 1018 4716 1125 4774; x_wconf 91' lang='lat' dir='ltr'><strong>est,</strong></span> <span class='ocrx_word' id='word_1_624' title='bbox 1158 4708 1231 4762; x_wconf 92' lang='lat' dir='ltr'><strong>illi</strong></span> <span class='ocrx_word' id='word_1_625' title='bbox 1261 4707 1351 4777; x_wconf 91' lang='lat' dir='ltr'><strong>qui</strong></span> <span class='ocrx_word' id='word_1_626' title='bbox 1385 4707 1438 4761; x_wconf 91' lang='lat' dir='ltr'><strong>in</strong></span> <span class='ocrx_word' id='word_1_627' title='bbox 1466 4705 1683 4760; x_wconf 87' lang='lat' dir='ltr'><strong>homine</strong></span> <span class='ocrx_word' id='word_1_628' title='bbox 1705 4715 1824 4760; x_wconf 89' lang='lat' dir='ltr'><strong>tan-</strong></span> 
     </span>
    </p>
   </div>
   <div class='ocr_carea' id='block_1_79' title="bbox 224 4798 1823 4872">
    <p class='ocr_par' dir='ltr' id='par_1_79' title="bbox 224 4798 1823 4872">
     <span class='ocr_line' id='line_1_79' title="bbox 224 4798 1823 4872; baseline 0 -17"><span class='ocrx_word' id='word_1_629' title='bbox 224 4798 510 4855; x_wconf 88' lang='lat' dir='ltr'><strong>tummodo</strong></span> <span class='ocrx_word' id='word_1_630' title='bbox 539 4799 982 4871; x_wconf 88' lang='lat' dir='ltr'><strong>conlldunt,quia</strong></span> <span class='ocrx_word' id='word_1_631' title='bbox 1009 4799 1297 4872; x_wconf 66' lang='lat' dir='ltr'><strong>postquam</strong></span> <span class='ocrx_word' id='word_1_632' title='bbox 1321 4799 1414 4855; x_wconf 89' lang='lat' dir='ltr'><strong>ille</strong></span> <span class='ocrx_word' id='word_1_633' title='bbox 1434 4799 1682 4854; x_wconf 84' lang='lat' dir='ltr'><strong>defectus</strong></span> <span class='ocrx_word' id='word_1_634' title='bbox 1707 4800 1823 4855; x_wconf 85' lang='lat' dir='ltr'><strong>lue-</strong></span> 
     </span>
    </p>
   </div>
   <div class='ocr_carea' id='block_1_80' title="bbox 220 4891 1825 4963">
    <p class='ocr_par' dir='ltr' id='par_1_80' title="bbox 220 4891 1825 4963">
     <span class='ocr_line' id='line_1_80' title="bbox 220 4891 1825 4963; baseline 0 -15"><span class='ocrx_word' id='word_1_635' title='bbox 220 4892 318 4957; x_wconf 86' lang='lat' dir='ltr'><strong>rit,</strong></span> <span class='ocrx_word' id='word_1_636' title='bbox 351 4891 556 4948; x_wconf 90' lang='lat' dir='ltr'><strong>inimici</strong></span> <span class='ocrx_word' id='word_1_637' title='bbox 593 4892 834 4963; x_wconf 91' lang='lat' dir='ltr'><strong>ipsorum</strong></span> <span class='ocrx_word' id='word_1_638' title='bbox 859 4892 1086 4948; x_wconf 91' lang='lat' dir='ltr'><strong>irrident</strong></span> <span class='ocrx_word' id='word_1_639' title='bbox 1111 4894 1161 4949; x_wconf 91' lang='lat' dir='ltr'><strong>ei</strong></span> <span class='ocrx_word' id='word_1_640' title='bbox 1193 4901 1288 4949; x_wconf 89' lang='lat' dir='ltr'><strong>:et</strong></span> <span class='ocrx_word' id='word_1_641' title='bbox 1314 4892 1522 4949; x_wconf 89' lang='lat' dir='ltr'><strong>inimici</strong></span> <span class='ocrx_word' id='word_1_642' title='bbox 1560 4891 1825 4948; x_wconf 79' lang='lat' dir='ltr'><strong>Ecclesia:</strong></span> 
     </span>
    </p>
   </div>
   <div class='ocr_carea' id='block_1_81' title="bbox 222 4985 1825 5060">
    <p class='ocr_par' dir='ltr' id='par_1_81' title="bbox 222 4985 1825 5060">
     <span class='ocr_line' id='line_1_81' title="bbox 222 4985 1825 5060; baseline 0 -20"><span class='ocrx_word' id='word_1_643' title='bbox 222 4997 358 5041; x_wconf 89' lang='lat' dir='ltr'><strong>sunt</strong></span> <span class='ocrx_word' id='word_1_644' title='bbox 387 4985 697 5052; x_wconf 62' lang='lat' dir='ltr'><strong>daemones,</strong></span> <span class='ocrx_word' id='word_1_645' title='bbox 743 4986 981 5043; x_wconf 66' lang='lat' dir='ltr'><strong>haeretici</strong></span> <span class='ocrx_word' id='word_1_646' title='bbox 1007 5029 1022 5054; x_wconf 93' lang='lat'><strong>,</strong></span> <span class='ocrx_word' id='word_1_647' title='bbox 1075 4989 1208 5042; x_wconf 83' lang='lat' dir='ltr'><strong>vitia</strong></span> <span class='ocrx_word' id='word_1_648' title='bbox 1255 4997 1309 5043; x_wconf 92' lang='lat' dir='ltr'><strong>et</strong></span> <span class='ocrx_word' id='word_1_649' title='bbox 1340 4996 1584 5060; x_wconf 88' lang='lat' dir='ltr'><strong>peccata.</strong></span> <span class='ocrx_word' id='word_1_650' title='bbox 1624 4987 1825 5042; x_wconf 82' lang='lat' dir='ltr'><strong>Etenim</strong></span> 
     </span>
    </p>
   </div>
   <div class='ocr_carea' id='block_1_82' title="bbox 221 5078 1824 5150">
    <p class='ocr_par' dir='ltr' id='par_1_82' title="bbox 221 5078 1824 5150">
     <span class='ocr_line' id='line_1_82' title="bbox 221 5078 1824 5150; baseline 0 -16"><span class='ocrx_word' id='word_1_651' title='bbox 221 5078 454 5134; x_wconf 79' lang='lat' dir='ltr'><strong>universi</strong></span> <span class='ocrx_word' id='word_1_652' title='bbox 482 5079 573 5148; x_wconf 87' lang='lat' dir='ltr'><strong>qui</strong></span> <span class='ocrx_word' id='word_1_653' title='bbox 598 5086 647 5133; x_wconf 84' lang='lat' dir='ltr'><strong>te</strong></span> <span class='ocrx_word' id='word_1_654' title='bbox 673 5088 974 5149; x_wconf 69' lang='lat' dir='ltr'><strong>exspectant</strong></span> <span class='ocrx_word' id='word_1_655' title='bbox 998 5095 1017 5134; x_wconf 91' lang='lat'><strong><em>:</em></strong></span> <span class='ocrx_word' id='word_1_656' title='bbox 1040 5080 1129 5150; x_wconf 89' lang='lat' dir='ltr'><strong>qui</strong></span> <span class='ocrx_word' id='word_1_657' title='bbox 1162 5089 1212 5135; x_wconf 88' lang='lat' dir='ltr'><strong>te</strong></span> <span class='ocrx_word' id='word_1_658' title='bbox 1240 5079 1507 5136; x_wconf 87' lang='lat' dir='ltr'><strong>sustinent</strong></span> <span class='ocrx_word' id='word_1_659' title='bbox 1532 5097 1546 5134; x_wconf 88' lang='lat'>:</span> <span class='ocrx_word' id='word_1_660' title='bbox 1574 5095 1676 5134; x_wconf 90' lang='lat' dir='ltr'><strong>non</strong></span> <span class='ocrx_word' id='word_1_661' title='bbox 1699 5096 1824 5134; x_wconf 88' lang='lat' dir='ltr'><strong>con-</strong></span> 
     </span>
    </p>
   </div>
   <div class='ocr_carea' id='block_1_83' title="bbox 222 5169 1822 5244">
    <p class='ocr_par' dir='ltr' id='par_1_83' title="bbox 222 5169 1822 5244">
     <span class='ocr_line' id='line_1_83' title="bbox 222 5169 1822 5244; baseline -0.001 -19"><span class='ocrx_word' id='word_1_662' title='bbox 222 5170 540 5244; x_wconf 81' lang='lat' dir='ltr'><strong>fundentur.</strong></span> <span class='ocrx_word' id='word_1_663' title='bbox 588 5169 777 5242; x_wconf 86' lang='lat' dir='ltr'><strong>Neque</strong></span> <span class='ocrx_word' id='word_1_664' title='bbox 827 5170 938 5239; x_wconf 91' lang='lat' dir='ltr'><strong>hic,</strong></span> <span class='ocrx_word' id='word_1_665' title='bbox 971 5186 1147 5243; x_wconf 89' lang='lat' dir='ltr'><strong>neque</strong></span> <span class='ocrx_word' id='word_1_666' title='bbox 1183 5176 1235 5226; x_wconf 86' lang='lat' dir='ltr'><strong>in</strong></span> <span class='ocrx_word' id='word_1_667' title='bbox 1285 5170 1466 5226; x_wconf 90' lang='lat' dir='ltr'><strong>futuro</strong></span> <span class='ocrx_word' id='word_1_668' title='bbox 1506 5169 1822 5240; x_wconf 85' lang='lat' dir='ltr'><strong>:Aposloli,</strong></span> 
     </span>
    </p>
   </div>
   <div class='ocr_carea' id='block_1_84' title="bbox 223 5264 1761 5336">
    <p class='ocr_par' dir='ltr' id='par_1_84' title="bbox 223 5264 1761 5336">
     <span class='ocr_line' id='line_1_84' title="bbox 223 5264 1761 5336; baseline -0.001 -14"><span class='ocrx_word' id='word_1_669' title='bbox 223 5265 315 5322; x_wconf 77' lang='lat' dir='ltr'><strong>vel</strong></span> <span class='ocrx_word' id='word_1_670' title='bbox 346 5265 397 5318; x_wconf 92' lang='lat' dir='ltr'><strong>hi</strong></span> <span class='ocrx_word' id='word_1_671' title='bbox 430 5264 521 5335; x_wconf 90' lang='lat' dir='ltr'><strong>qui</strong></span> <span class='ocrx_word' id='word_1_672' title='bbox 549 5264 809 5321; x_wconf 90' lang='lat' dir='ltr'><strong>credituri</strong></span> <span class='ocrx_word' id='word_1_673' title='bbox 839 5273 966 5321; x_wconf 84' lang='lat' dir='ltr'><strong>sunt</strong></span> <span class='ocrx_word' id='word_1_674' title='bbox 995 5283 1091 5336; x_wconf 91' lang='lat' dir='ltr'><strong>per</strong></span> <span class='ocrx_word' id='word_1_675' title='bbox 1121 5265 1349 5322; x_wconf 91' lang='lat' dir='ltr'><strong>verbum</strong></span> <span class='ocrx_word' id='word_1_676' title='bbox 1384 5281 1576 5323; x_wconf 91' lang='lat' dir='ltr'><strong>eorum</strong></span> <span class='ocrx_word' id='word_1_677' title='bbox 1605 5269 1658 5322; x_wconf 92' lang='lat' dir='ltr'><strong>in</strong></span> <span class='ocrx_word' id='word_1_678' title='bbox 1691 5275 1761 5322; x_wconf 89' lang='lat' dir='ltr'><strong>te.</strong></span> 
     </span>
    </p>
   </div>
   <div class='ocr_carea' id='block_1_85' title="bbox 301 5356 1821 5429">
    <p class='ocr_par' dir='ltr' id='par_1_85' title="bbox 301 5356 1821 5429">
     <span class='ocr_line' id='line_1_85' title="bbox 301 5356 1821 5429; baseline 0.001 -18"><span class='ocrx_word' id='word_1_679' title='bbox 301 5356 708 5428; x_wconf 79' lang='lat' dir='ltr'><strong>Confundanlur</strong></span> <span class='ocrx_word' id='word_1_680' title='bbox 727 5357 912 5429; x_wconf 84' lang='lat' dir='ltr'><strong>iniqua</strong></span> <span class='ocrx_word' id='word_1_681' title='bbox 940 5366 1150 5429; x_wconf 87' lang='lat' dir='ltr'><strong>agentes</strong></span> <span class='ocrx_word' id='word_1_682' title='bbox 1177 5375 1514 5427; x_wconf 80' lang='lat' dir='ltr'><strong>supervacue.</strong></span> <span class='ocrx_word' id='word_1_683' title='bbox 1548 5358 1821 5428; x_wconf 86' lang='lat' dir='ltr'><strong>Propheta</strong></span> 
     </span>
    </p>
   </div>
   <div class='ocr_carea' id='block_1_86' title="bbox 224 5447 1823 5520">
    <p class='ocr_par' dir='ltr' id='par_1_86' title="bbox 224 5447 1823 5520">
     <span class='ocr_line' id='line_1_86' title="bbox 224 5447 1823 5520; baseline 0.001 -16"><span class='ocrx_word' id='word_1_684' title='bbox 224 5463 336 5504; x_wconf 87' lang='lat' dir='ltr'><strong>non</strong></span> <span class='ocrx_word' id='word_1_685' title='bbox 369 5448 633 5518; x_wconf 88' lang='lat' dir='ltr'><strong>optando,</strong></span> <span class='ocrx_word' id='word_1_686' title='bbox 665 5447 762 5503; x_wconf 90' lang='lat' dir='ltr'><strong>sed</strong></span> <span class='ocrx_word' id='word_1_687' title='bbox 795 5447 1168 5520; x_wconf 88' lang='lat' dir='ltr'><strong>prophetando</strong></span> <span class='ocrx_word' id='word_1_688' title='bbox 1197 5449 1334 5506; x_wconf 91' lang='lat' dir='ltr'><strong>dicit</strong></span> <span class='ocrx_word' id='word_1_689' title='bbox 1365 5468 1377 5503; x_wconf 88' lang='lat'><strong>:</strong></span> <span class='ocrx_word' id='word_1_690' title='bbox 1404 5447 1823 5506; x_wconf 84' lang='lat' dir='ltr'><strong>COnfundantur</strong></span> 
     </span>
    </p>
   </div>
   <div class='ocr_carea' id='block_1_87' title="bbox 223 5538 1821 5612">
    <p class='ocr_par' dir='ltr' id='par_1_87' title="bbox 223 5538 1821 5612">
     <span class='ocr_line' id='line_1_87' title="bbox 223 5538 1821 5612; baseline 0.001 -15"><span class='ocrx_word' id='word_1_691' title='bbox 223 5541 283 5598; x_wconf 90' lang='lat' dir='ltr'><strong>in</strong></span> <span class='ocrx_word' id='word_1_692' title='bbox 314 5538 403 5594; x_wconf 90' lang='lat' dir='ltr'><strong>die</strong></span> <span class='ocrx_word' id='word_1_693' title='bbox 444 5538 636 5609; x_wconf 88' lang='lat' dir='ltr'><strong>judicii</strong></span> <span class='ocrx_word' id='word_1_694' title='bbox 662 5539 772 5606; x_wconf 90' lang='lat' dir='ltr'><strong>illi,</strong></span> <span class='ocrx_word' id='word_1_695' title='bbox 824 5541 913 5610; x_wconf 92' lang='lat' dir='ltr'><strong>qui</strong></span> <span class='ocrx_word' id='word_1_696' title='bbox 945 5555 1116 5612; x_wconf 89' lang='lat' dir='ltr'><strong>usque</strong></span> <span class='ocrx_word' id='word_1_697' title='bbox 1155 5542 1208 5597; x_wconf 91' lang='lat' dir='ltr'><strong>in</strong></span> <span class='ocrx_word' id='word_1_698' title='bbox 1261 5541 1426 5597; x_wconf 83' lang='lat' dir='ltr'><strong>finem</strong></span> <span class='ocrx_word' id='word_1_699' title='bbox 1455 5541 1509 5594; x_wconf 93' lang='lat' dir='ltr'><strong>in</strong></span> <span class='ocrx_word' id='word_1_700' title='bbox 1559 5541 1821 5598; x_wconf 86' lang='lat' dir='ltr'><strong>malitiam</strong></span> 
     </span>
    </p>
   </div>
   <div class='ocr_carea' id='block_1_88' title="bbox 224 5635 1822 5708">
    <p class='ocr_par' dir='ltr' id='par_1_88' title="bbox 224 5635 1822 5708">
     <span class='ocr_line' id='line_1_88' title="bbox 224 5635 1822 5708; baseline 0 -16"><span class='ocrx_word' id='word_1_701' title='bbox 224 5635 475 5705; x_wconf 90' lang='lat' dir='ltr'><strong>ipsorum</strong></span> <span class='ocrx_word' id='word_1_702' title='bbox 509 5646 902 5706; x_wconf 87' lang='lat' dir='ltr'><strong>perseverant:</strong></span> <span class='ocrx_word' id='word_1_703' title='bbox 939 5637 1017 5692; x_wconf 89' lang='lat' dir='ltr'><strong>illi</strong></span> <span class='ocrx_word' id='word_1_704' title='bbox 1044 5636 1132 5708; x_wconf 92' lang='lat' dir='ltr'><strong>qui</strong></span> <span class='ocrx_word' id='word_1_705' title='bbox 1163 5652 1332 5707; x_wconf 89' lang='lat' dir='ltr'><strong>super</strong></span> <span class='ocrx_word' id='word_1_706' title='bbox 1361 5643 1731 5708; x_wconf 88' lang='lat' dir='ltr'><strong>perpetratum</strong></span> <span class='ocrx_word' id='word_1_707' title='bbox 1767 5636 1822 5692; x_wconf 85' lang='lat' dir='ltr'><strong>in</strong></span> 
     </span>
    </p>
   </div>
   <div class='ocr_carea' id='block_1_89' title="bbox 224 5726 1822 5800">
    <p class='ocr_par' dir='ltr' id='par_1_89' title="bbox 224 5726 1822 5800">
     <span class='ocr_line' id='line_1_89' title="bbox 224 5726 1822 5800; baseline -0.002 -16"><span class='ocrx_word' id='word_1_708' title='bbox 224 5742 321 5784; x_wconf 88' lang='lat' dir='ltr'><strong>me</strong></span> <span class='ocrx_word' id='word_1_709' title='bbox 343 5729 524 5785; x_wconf 87' lang='lat' dir='ltr'><strong>scelus</strong></span> <span class='ocrx_word' id='word_1_710' title='bbox 553 5727 685 5785; x_wconf 80' lang='lat' dir='ltr'><strong>illud</strong></span> <span class='ocrx_word' id='word_1_711' title='bbox 708 5728 1051 5796; x_wconf 90' lang='lat' dir='ltr'><strong>addiderunt,</strong></span> <span class='ocrx_word' id='word_1_712' title='bbox 1083 5737 1140 5783; x_wconf 91' lang='lat' dir='ltr'><strong>ut</strong></span> <span class='ocrx_word' id='word_1_713' title='bbox 1160 5727 1352 5800; x_wconf 81' lang='lat' dir='ltr'><strong>sigillis</strong></span> <span class='ocrx_word' id='word_1_714' title='bbox 1385 5726 1651 5783; x_wconf 90' lang='lat' dir='ltr'><strong>tumulum</strong></span> <span class='ocrx_word' id='word_1_715' title='bbox 1674 5741 1822 5782; x_wconf 81' lang='lat' dir='ltr'><strong>com-</strong></span> 
     </span>
    </p>
   </div>
   <div class='ocr_carea' id='block_1_90' title="bbox 227 5819 1824 5895">
    <p class='ocr_par' dir='ltr' id='par_1_90' title="bbox 227 5819 1824 5895">
     <span class='ocr_line' id='line_1_90' title="bbox 227 5819 1824 5895; baseline -0.001 -18"><span class='ocrx_word' id='word_1_716' title='bbox 227 5821 530 5878; x_wconf 73' lang='lat' dir='ltr'><strong>munirent.</strong></span> <span class='ocrx_word' id='word_1_717' title='bbox 584 5821 766 5893; x_wconf 87' lang='lat' dir='ltr'><strong>Usque</strong></span> <span class='ocrx_word' id='word_1_718' title='bbox 831 5822 933 5878; x_wconf 87' lang='lat' dir='ltr'><strong>huc</strong></span> <span class='ocrx_word' id='word_1_719' title='bbox 977 5820 1238 5878; x_wconf 83' lang='lat' dir='ltr'><strong>Dominus</strong></span> <span class='ocrx_word' id='word_1_720' title='bbox 1273 5819 1637 5895; x_wconf 17' lang='lat' dir='ltr'><strong>de‘Passione</strong></span> <span class='ocrx_word' id='word_1_721' title='bbox 1674 5831 1769 5876; x_wconf 84' lang='lat' dir='ltr'><strong>sua</strong></span> <span class='ocrx_word' id='word_1_722' title='bbox 1810 5837 1824 5876; x_wconf 90' lang='lat'><strong>:</strong></span> 
     </span>
    </p>
   </div>
   <div class='ocr_carea' id='block_1_91' title="bbox 1934 3303 3523 3381">
    <p class='ocr_par' dir='ltr' id='par_1_91' title="bbox 1934 3303 3523 3381">
     <span class='ocr_line' id='line_1_91' title="bbox 1934 3303 3523 3381; baseline -0.006 -14"><span class='ocrx_word' id='word_1_723' title='bbox 1934 3314 2053 3381; x_wconf 88' lang='lat' dir='ltr'><strong>mei,</strong></span> <span class='ocrx_word' id='word_1_724' title='bbox 2090 3311 2253 3366; x_wconf 86' lang='lat' dir='ltr'><strong>Deus.</strong></span> <span class='ocrx_word' id='word_1_725' title='bbox 2277 3309 2336 3364; x_wconf 88' lang='lat' dir='ltr'><strong>1d</strong></span> <span class='ocrx_word' id='word_1_726' title='bbox 2364 3319 2470 3375; x_wconf 89' lang='lat' dir='ltr'><strong>est,</strong></span> <span class='ocrx_word' id='word_1_727' title='bbox 2498 3322 2603 3362; x_wconf 91' lang='lat' dir='ltr'><strong>non</strong></span> <span class='ocrx_word' id='word_1_728' title='bbox 2631 3304 2929 3362; x_wconf 81' lang='lat' dir='ltr'><strong>secundum</strong></span> <span class='ocrx_word' id='word_1_729' title='bbox 2961 3304 3176 3371; x_wconf 87' lang='lat' dir='ltr'><strong>merita,</strong></span> <span class='ocrx_word' id='word_1_730' title='bbox 3207 3303 3304 3358; x_wconf 89' lang='lat' dir='ltr'><strong>sed</strong></span> <span class='ocrx_word' id='word_1_731' title='bbox 3327 3317 3523 3358; x_wconf 87' lang='lat' dir='ltr'><strong>secun-</strong></span> 
     </span>
    </p>
   </div>
   <div class='ocr_carea' id='block_1_92' title="bbox 1930 3395 3522 3462">
    <p class='ocr_par' dir='ltr' id='par_1_92' title="bbox 1930 3395 3522 3462">
     <span class='ocr_line' id='line_1_92' title="bbox 1930 3395 3522 3462; baseline -0.008 0"><span class='ocrx_word' id='word_1_732' title='bbox 1930 3407 2056 3462; x_wconf 89' lang='lat' dir='ltr'><strong>dum</strong></span> <span class='ocrx_word' id='word_1_733' title='bbox 2091 3412 2237 3459; x_wconf 87' lang='lat' dir='ltr'><strong>tuam</strong></span> <span class='ocrx_word' id='word_1_734' title='bbox 2269 3399 2724 3458; x_wconf 85' lang='lat' dir='ltr'><strong>misericordiam.</strong></span> <span class='ocrx_word' id='word_1_735' title='bbox 2757 3398 3027 3454; x_wconf 86' lang='lat' dir='ltr'><strong>lmmensa</strong></span> <span class='ocrx_word' id='word_1_736' title='bbox 3053 3405 3138 3452; x_wconf 86' lang='lat' dir='ltr'><strong>est</strong></span> <span class='ocrx_word' id='word_1_737' title='bbox 3175 3395 3319 3450; x_wconf 91' lang='lat' dir='ltr'><strong>enim</strong></span> <span class='ocrx_word' id='word_1_738' title='bbox 3358 3395 3522 3450; x_wconf 88' lang='lat' dir='ltr'><strong>misc-</strong></span> 
     </span>
    </p>
   </div>
   <div class='ocr_carea' id='block_1_93' title="bbox 1929 3482 3520 3565">
    <p class='ocr_par' dir='ltr' id='par_1_93' title="bbox 1929 3482 3520 3565">
     <span class='ocr_line' id='line_1_93' title="bbox 1929 3482 3520 3565; baseline -0.007 -12"><span class='ocrx_word' id='word_1_739' title='bbox 1929 3496 2164 3554; x_wconf 87' lang='lat' dir='ltr'><strong>ricordia</strong></span> <span class='ocrx_word' id='word_1_740' title='bbox 2195 3505 2314 3564; x_wconf 89' lang='lat' dir='ltr'><strong>tua,</strong></span> <span class='ocrx_word' id='word_1_741' title='bbox 2365 3493 2456 3565; x_wconf 91' lang='lat' dir='ltr'><strong>qui</strong></span> <span class='ocrx_word' id='word_1_742' title='bbox 2488 3506 2648 3547; x_wconf 90' lang='lat' dir='ltr'><strong>vocas</strong></span> <span class='ocrx_word' id='word_1_743' title='bbox 2679 3482 2742 3546; x_wconf 79' lang='lat' dir='ltr'><strong>ea</strong></span> <span class='ocrx_word' id='word_1_744' title='bbox 2771 3504 2892 3562; x_wconf 80' lang='lat' dir='ltr'><strong>quae</strong></span> <span class='ocrx_word' id='word_1_745' title='bbox 2920 3503 3030 3544; x_wconf 92' lang='lat' dir='ltr'><strong>non</strong></span> <span class='ocrx_word' id='word_1_746' title='bbox 3071 3497 3197 3543; x_wconf 89' lang='lat' dir='ltr'><strong>sunt</strong></span> <span class='ocrx_word' id='word_1_747' title='bbox 3244 3494 3520 3558; x_wconf 87' lang='lat' dir='ltr'><strong>tamquam</strong></span> 
     </span>
    </p>
   </div>
   <div class='ocr_carea' id='block_1_94' title="bbox 1934 3579 3520 3660">
    <p class='ocr_par' dir='ltr' id='par_1_94' title="bbox 1934 3579 3520 3660">
     <span class='ocr_line' id='line_1_94' title="bbox 1934 3579 3520 3660; baseline -0.008 -14"><span class='ocrx_word' id='word_1_748' title='bbox 1934 3604 2054 3660; x_wconf 71' lang='lat' dir='ltr'><strong>qua:</strong></span> <span class='ocrx_word' id='word_1_749' title='bbox 2103 3599 2252 3645; x_wconf 87' lang='lat' dir='ltr'><strong>sunt.</strong></span> <span class='ocrx_word' id='word_1_750' title='bbox 2290 3586 2520 3659; x_wconf 83' lang='lat' dir='ltr'><strong>PrOpler</strong></span> <span class='ocrx_word' id='word_1_751' title='bbox 2549 3584 2826 3639; x_wconf 89' lang='lat' dir='ltr'><strong>bonitatem</strong></span> <span class='ocrx_word' id='word_1_752' title='bbox 2863 3592 3005 3636; x_wconf 89' lang='lat' dir='ltr'><strong>tuam</strong></span> <span class='ocrx_word' id='word_1_753' title='bbox 3035 3624 3049 3649; x_wconf 92' lang='lat'><strong>,</strong></span> <span class='ocrx_word' id='word_1_754' title='bbox 3103 3579 3348 3636; x_wconf 86' lang='lat' dir='ltr'><strong>Domine.</strong></span> <span class='ocrx_word' id='word_1_755' title='bbox 3384 3579 3520 3648; x_wconf 81' lang='lat' dir='ltr'><strong>Quia</strong></span> 
     </span>
    </p>
   </div>
   <div class='ocr_carea' id='block_1_95' title="bbox 1927 3677 3074 3756">
    <p class='ocr_par' dir='ltr' id='par_1_95' title="bbox 1927 3677 3074 3756">
     <span class='ocr_line' id='line_1_95' title="bbox 1927 3677 3074 3756; baseline -0.008 -17"><span class='ocrx_word' id='word_1_756' title='bbox 1927 3696 2198 3756; x_wconf 87' lang='lat' dir='ltr'><strong>provocas</strong></span> <span class='ocrx_word' id='word_1_757' title='bbox 2233 3690 2548 3752; x_wconf 90' lang='lat' dir='ltr'><strong>peccatores</strong></span> <span class='ocrx_word' id='word_1_758' title='bbox 2579 3679 2644 3732; x_wconf 91' lang='lat' dir='ltr'><strong>ad</strong></span> <span class='ocrx_word' id='word_1_759' title='bbox 2679 3677 3074 3748; x_wconf 57' lang='lat' dir='ltr'><strong>paenitentiam.</strong></span> 
     </span>
    </p>
   </div>
   <div class='ocr_carea' id='block_1_96' title="bbox 2002 3768 3521 3839">
    <p class='ocr_par' dir='ltr' id='par_1_96' title="bbox 2002 3768 3521 3839">
     <span class='ocr_line' id='line_1_96' title="bbox 2002 3768 3521 3839; baseline -0.004 -9"><span class='ocrx_word' id='word_1_760' title='bbox 2002 3775 2188 3830; x_wconf 86' lang='lat' dir='ltr'><strong>Dulcis</strong></span> <span class='ocrx_word' id='word_1_761' title='bbox 2228 3785 2276 3829; x_wconf 88' lang='lat' dir='ltr'><strong>et</strong></span> <span class='ocrx_word' id='word_1_762' title='bbox 2323 3784 2494 3828; x_wconf 82' lang='lat' dir='ltr'><strong>rectus</strong></span> <span class='ocrx_word' id='word_1_763' title='bbox 2529 3773 2807 3826; x_wconf 77' lang='lat' dir='ltr'><strong>Dominus.</strong></span> <span class='ocrx_word' id='word_1_764' title='bbox 2843 3769 3061 3836; x_wconf 85' lang='lat' dir='ltr'><strong>Dulcis,</strong></span> <span class='ocrx_word' id='word_1_765' title='bbox 3095 3769 3220 3839; x_wconf 90' lang='lat' dir='ltr'><strong>quia</strong></span> <span class='ocrx_word' id='word_1_766' title='bbox 3249 3777 3335 3824; x_wconf 90' lang='lat' dir='ltr'><strong>est</strong></span> <span class='ocrx_word' id='word_1_767' title='bbox 3368 3768 3521 3839; x_wconf 86' lang='lat' dir='ltr'><strong>panis</strong></span> 
     </span>
    </p>
   </div>
   <div class='ocr_carea' id='block_1_97' title="bbox 1930 3862 3517 3938">
    <p class='ocr_par' dir='ltr' id='par_1_97' title="bbox 1930 3862 3517 3938">
     <span class='ocr_line' id='line_1_97' title="bbox 1930 3862 3517 3938; baseline -0.004 -15"><span class='ocrx_word' id='word_1_768' title='bbox 1930 3871 2078 3926; x_wconf 74' lang='lat' dir='ltr'><strong>vitm.</strong></span> <span class='ocrx_word' id='word_1_769' title='bbox 2115 3868 2317 3935; x_wconf 86' lang='lat' dir='ltr'><strong>Dulcis,</strong></span> <span class='ocrx_word' id='word_1_770' title='bbox 2352 3865 2479 3938; x_wconf 91' lang='lat' dir='ltr'><strong>quia</strong></span> <span class='ocrx_word' id='word_1_771' title='bbox 2510 3865 2776 3937; x_wconf 88' lang='lat' dir='ltr'><strong>promittit</strong></span> <span class='ocrx_word' id='word_1_772' title='bbox 2809 3862 3033 3933; x_wconf 62' lang='lat' dir='ltr'><strong>praemia</strong></span> <span class='ocrx_word' id='word_1_773' title='bbox 3069 3862 3268 3918; x_wconf 81' lang='lat' dir='ltr'><strong>futura.</strong></span> <span class='ocrx_word' id='word_1_774' title='bbox 3303 3863 3517 3929; x_wconf 82' lang='lat' dir='ltr'><strong>Rectus,</strong></span> 
     </span>
    </p>
   </div>
   <div class='ocr_carea' id='block_1_98' title="bbox 1929 3953 3523 4032">
    <p class='ocr_par' dir='ltr' id='par_1_98' title="bbox 1929 3953 3523 4032">
     <span class='ocr_line' id='line_1_98' title="bbox 1929 3953 3523 4032; baseline -0.005 -17"><span class='ocrx_word' id='word_1_775' title='bbox 1929 3961 2054 4032; x_wconf 88' lang='lat' dir='ltr'><strong>quia</strong></span> <span class='ocrx_word' id='word_1_776' title='bbox 2089 3959 2268 4015; x_wconf 90' lang='lat' dir='ltr'><strong>reddit</strong></span> <span class='ocrx_word' id='word_1_777' title='bbox 2297 3959 2592 4028; x_wconf 89' lang='lat' dir='ltr'><strong>unicuique</strong></span> <span class='ocrx_word' id='word_1_778' title='bbox 2625 3955 2927 4012; x_wconf 88' lang='lat' dir='ltr'><strong>secundum</strong></span> <span class='ocrx_word' id='word_1_779' title='bbox 2961 3970 3126 4025; x_wconf 75' lang='lat' dir='ltr'><strong>Opera</strong></span> <span class='ocrx_word' id='word_1_780' title='bbox 3158 3953 3523 4026; x_wconf 84' lang='lat' dir='ltr'><strong>sua.Pr0pter</strong></span> 
     </span>
    </p>
   </div>
   <div class='ocr_carea' id='block_1_99' title="bbox 1928 4047 3526 4126">
    <p class='ocr_par' dir='ltr' id='par_1_99' title="bbox 1928 4047 3526 4126">
     <span class='ocr_line' id='line_1_99' title="bbox 1928 4047 3526 4126; baseline -0.004 -18"><span class='ocrx_word' id='word_1_781' title='bbox 1928 4055 2026 4108; x_wconf 88' lang='lat' dir='ltr'><strong>hoc</strong></span> <span class='ocrx_word' id='word_1_782' title='bbox 2050 4053 2208 4126; x_wconf 81' lang='lat' dir='ltr'><strong>legem</strong></span> <span class='ocrx_word' id='word_1_783' title='bbox 2239 4051 2383 4106; x_wconf 86' lang='lat' dir='ltr'><strong>dabit</strong></span> <span class='ocrx_word' id='word_1_784' title='bbox 2409 4048 2832 4122; x_wconf 85' lang='lat' dir='ltr'><strong>delinquentibus</strong></span> <span class='ocrx_word' id='word_1_785' title='bbox 2856 4049 2909 4102; x_wconf 90' lang='lat' dir='ltr'><strong>in</strong></span> <span class='ocrx_word' id='word_1_786' title='bbox 2938 4047 3254 4119; x_wconf 83' lang='lat' dir='ltr'><strong>via.Legem</strong></span> <span class='ocrx_word' id='word_1_787' title='bbox 3283 4047 3526 4103; x_wconf 89' lang='lat' dir='ltr'><strong>charita-</strong></span> 
     </span>
    </p>
   </div>
   <div class='ocr_carea' id='block_1_100' title="bbox 1931 4143 3524 4218">
    <p class='ocr_par' dir='ltr' id='par_1_100' title="bbox 1931 4143 3524 4218">
     <span class='ocr_line' id='line_1_100' title="bbox 1931 4143 3524 4218; baseline -0.004 -14"><span class='ocrx_word' id='word_1_788' title='bbox 1931 4149 2041 4206; x_wconf 88' lang='lat' dir='ltr'><strong>lis:</strong></span> <span class='ocrx_word' id='word_1_789' title='bbox 2077 4163 2173 4218; x_wconf 90' lang='lat' dir='ltr'><strong>per</strong></span> <span class='ocrx_word' id='word_1_790' title='bbox 2213 4162 2378 4218; x_wconf 87' lang='lat' dir='ltr'><strong>quam</strong></span> <span class='ocrx_word' id='word_1_791' title='bbox 2409 4145 2747 4201; x_wconf 86' lang='lat' dir='ltr'><strong>ditnittentes</strong></span> <span class='ocrx_word' id='word_1_792' title='bbox 2790 4143 3062 4211; x_wconf 82' lang='lat' dir='ltr'><strong>ollensas,</strong></span> <span class='ocrx_word' id='word_1_793' title='bbox 3105 4143 3524 4199; x_wconf 80' lang='lat' dir='ltr'><strong>reconciliamar</strong></span> 
     </span>
    </p>
   </div>
   <div class='ocr_carea' id='block_1_101' title="bbox 1932 4237 3521 4314">
    <p class='ocr_par' dir='ltr' id='par_1_101' title="bbox 1932 4237 3521 4314">
     <span class='ocr_line' id='line_1_101' title="bbox 1932 4237 3521 4314; baseline -0.003 -17"><span class='ocrx_word' id='word_1_794' title='bbox 1932 4243 2061 4298; x_wconf 88' lang='lat' dir='ltr'><strong>Deo.</strong></span> <span class='ocrx_word' id='word_1_795' title='bbox 2093 4241 2530 4314; x_wconf 86' lang='lat' dir='ltr'><strong>Delinquentibus</strong></span> <span class='ocrx_word' id='word_1_796' title='bbox 2575 4241 2630 4296; x_wconf 91' lang='lat' dir='ltr'><strong>in</strong></span> <span class='ocrx_word' id='word_1_797' title='bbox 2691 4240 2813 4306; x_wconf 86' lang='lat' dir='ltr'><strong>via,</strong></span> <span class='ocrx_word' id='word_1_798' title='bbox 2867 4237 3250 4311; x_wconf 83' lang='lat' dir='ltr'><strong>peccatoribus</strong></span> <span class='ocrx_word' id='word_1_799' title='bbox 3305 4239 3360 4294; x_wconf 86' lang='lat' dir='ltr'><strong>in</strong></span> <span class='ocrx_word' id='word_1_800' title='bbox 3419 4240 3521 4294; x_wconf 87' lang='lat' dir='ltr'><strong>ista</strong></span> 
     </span>
    </p>
   </div>
   <div class='ocr_carea' id='block_1_102' title="bbox 1929 4338 2064 4392">
    <p class='ocr_par' dir='ltr' id='par_1_102' title="bbox 1929 4338 2064 4392">
     <span class='ocr_line' id='line_1_102' title="bbox 1929 4338 2064 4392; baseline 0.015 -2"><span class='ocrx_word' id='word_1_801' title='bbox 1929 4338 2064 4392; x_wconf 87' lang='lat' dir='ltr'><strong>vita.</strong></span> 
     </span>
    </p>
   </div>
   <div class='ocr_carea' id='block_1_103' title="bbox 2001 4426 3519 4502">
    <p class='ocr_par' dir='ltr' id='par_1_103' title="bbox 2001 4426 3519 4502">
     <span class='ocr_line' id='line_1_103' title="bbox 2001 4426 3519 4502; baseline 0 -18"><span class='ocrx_word' id='word_1_802' title='bbox 2001 4431 2205 4502; x_wconf 86' lang='lat' dir='ltr'><strong>Diriget</strong></span> <span class='ocrx_word' id='word_1_803' title='bbox 2252 4433 2401 4486; x_wconf 85' lang='lat' dir='ltr'><strong>mites</strong></span> <span class='ocrx_word' id='word_1_804' title='bbox 2441 4431 2492 4484; x_wconf 89' lang='lat' dir='ltr'><strong>in</strong></span> <span class='ocrx_word' id='word_1_805' title='bbox 2527 4429 2758 4496; x_wconf 83' lang='lat' dir='ltr'><strong>judicio.</strong></span> <span class='ocrx_word' id='word_1_806' title='bbox 2789 4427 2944 4484; x_wconf 78' lang='lat' dir='ltr'><strong>Miles</strong></span> <span class='ocrx_word' id='word_1_807' title='bbox 2985 4436 3039 4482; x_wconf 87' lang='lat' dir='ltr'><strong>et</strong></span> <span class='ocrx_word' id='word_1_808' title='bbox 3079 4427 3313 4484; x_wconf 90' lang='lat' dir='ltr'><strong>humiles</strong></span> <span class='ocrx_word' id='word_1_809' title='bbox 3351 4426 3519 4484; x_wconf 88' lang='lat' dir='ltr'><strong>cortle</strong></span> 
     </span>
    </p>
   </div>
   <div class='ocr_carea' id='block_1_104' title="bbox 1927 4521 3517 4594">
    <p class='ocr_par' dir='ltr' id='par_1_104' title="bbox 1927 4521 3517 4594">
     <span class='ocr_line' id='line_1_104' title="bbox 1927 4521 3517 4594; baseline -0.001 -16"><span class='ocrx_word' id='word_1_810' title='bbox 1927 4524 2122 4594; x_wconf 88' lang='lat' dir='ltr'><strong>diriget</strong></span> <span class='ocrx_word' id='word_1_811' title='bbox 2155 4525 2207 4578; x_wconf 94' lang='lat' dir='ltr'><strong>in</strong></span> <span class='ocrx_word' id='word_1_812' title='bbox 2237 4522 2466 4592; x_wconf 85' lang='lat' dir='ltr'><strong>judicio,</strong></span> <span class='ocrx_word' id='word_1_813' title='bbox 2494 4522 2598 4576; x_wconf 91' lang='lat' dir='ltr'><strong>hoc</strong></span> <span class='ocrx_word' id='word_1_814' title='bbox 2628 4536 2712 4578; x_wconf 71' lang='grc' dir='ltr'><strong>εει</strong></span> <span class='ocrx_word' id='word_1_815' title='bbox 2735 4521 3125 4577; x_wconf 87' lang='lat' dir='ltr'><strong>discretionem</strong></span> <span class='ocrx_word' id='word_1_816' title='bbox 3157 4521 3288 4577; x_wconf 80' lang='lat' dir='ltr'><strong>facit</strong></span> <span class='ocrx_word' id='word_1_817' title='bbox 3327 4522 3418 4578; x_wconf 91' lang='lat' dir='ltr'><strong>hic</strong></span> <span class='ocrx_word' id='word_1_818' title='bbox 3466 4522 3517 4576; x_wconf 92' lang='lat' dir='ltr'><strong>in</strong></span> 
     </span>
    </p>
   </div>
   <div class='ocr_carea' id='block_1_105' title="bbox 1854 4595 3519 4688">
    <p class='ocr_par' dir='ltr' id='par_1_105' title="bbox 1854 4595 3519 4688">
     <span class='ocr_line' id='line_1_105' title="bbox 1854 4595 3519 4688; baseline -0.002 -18"><span class='ocrx_word' id='word_1_819' title='bbox 1854 4595 1900 4654; x_wconf 76' lang='grc' dir='ltr'><strong>Ῑ)</strong></span> <span class='ocrx_word' id='word_1_820' title='bbox 1928 4618 2183 4688; x_wconf 84' lang='lat' dir='ltr'><strong>pra-senti</strong></span> <span class='ocrx_word' id='word_1_821' title='bbox 2232 4615 2372 4670; x_wconf 90' lang='lat' dir='ltr'><strong>inter</strong></span> <span class='ocrx_word' id='word_1_822' title='bbox 2419 4628 2623 4682; x_wconf 90' lang='lat' dir='ltr'><strong>corpus</strong></span> <span class='ocrx_word' id='word_1_823' title='bbox 2652 4621 2707 4668; x_wconf 93' lang='lat' dir='ltr'><strong>et</strong></span> <span class='ocrx_word' id='word_1_824' title='bbox 2749 4613 3030 4666; x_wconf 89' lang='lat' dir='ltr'><strong>animam:</strong></span> <span class='ocrx_word' id='word_1_825' title='bbox 3067 4621 3125 4666; x_wconf 92' lang='lat' dir='ltr'><strong>ut</strong></span> <span class='ocrx_word' id='word_1_826' title='bbox 3171 4627 3231 4669; x_wconf 89' lang='lat' dir='ltr'><strong>se</strong></span> <span class='ocrx_word' id='word_1_827' title='bbox 3286 4612 3519 4669; x_wconf 88' lang='lat' dir='ltr'><strong>invicem</strong></span> 
     </span>
    </p>
   </div>
   <div class='ocr_carea' id='block_1_106' title="bbox 1928 4703 3520 4779">
    <p class='ocr_par' dir='ltr' id='par_1_106' title="bbox 1928 4703 3520 4779">
     <span class='ocr_line' id='line_1_106' title="bbox 1928 4703 3520 4779; baseline -0.004 -13"><span class='ocrx_word' id='word_1_828' title='bbox 1928 4709 2204 4779; x_wconf 73' lang='lat' dir='ltr'><strong>corrigunt</strong></span> <span class='ocrx_word' id='word_1_829' title='bbox 2243 4709 2296 4761; x_wconf 94' lang='lat' dir='ltr'><strong>in</strong></span> <span class='ocrx_word' id='word_1_830' title='bbox 2339 4707 2438 4759; x_wconf 86' lang='lat' dir='ltr'><strong>viis</strong></span> <span class='ocrx_word' id='word_1_831' title='bbox 2477 4704 2856 4759; x_wconf 88' lang='lat' dir='ltr'><strong>mandatorum</strong></span> <span class='ocrx_word' id='word_1_832' title='bbox 2896 4704 3012 4759; x_wconf 84' lang='lat' dir='ltr'><strong>Dei.</strong></span> <span class='ocrx_word' id='word_1_833' title='bbox 3070 4703 3166 4759; x_wconf 85' lang='lat' dir='ltr'><strong>Vel</strong></span> <span class='ocrx_word' id='word_1_834' title='bbox 3213 4704 3342 4759; x_wconf 92' lang='lat' dir='ltr'><strong>illud</strong></span> <span class='ocrx_word' id='word_1_835' title='bbox 3376 4705 3520 4774; x_wconf 75' lang='lat' dir='ltr'><strong>quod</strong></span> 
     </span>
    </p>
   </div>
   <div class='ocr_carea' id='block_1_107' title="bbox 1925 4794 3524 4872">
    <p class='ocr_par' dir='ltr' id='par_1_107' title="bbox 1925 4794 3524 4872">
     <span class='ocr_line' id='line_1_107' title="bbox 1925 4794 3524 4872; baseline -0.005 -14"><span class='ocrx_word' id='word_1_836' title='bbox 1925 4801 2180 4872; x_wconf 88' lang='lat' dir='ltr'><strong>superius</strong></span> <span class='ocrx_word' id='word_1_837' title='bbox 2208 4800 2468 4870; x_wconf 85' lang='lat' dir='ltr'><strong>scriptum</strong></span> <span class='ocrx_word' id='word_1_838' title='bbox 2501 4803 2586 4850; x_wconf 88' lang='lat' dir='ltr'><strong>est</strong></span> <span class='ocrx_word' id='word_1_839' title='bbox 2615 4812 2630 4850; x_wconf 88' lang='lat'><strong>:</strong></span> <span class='ocrx_word' id='word_1_840' title='bbox 2687 4795 2914 4849; x_wconf 89' lang='lat' dir='ltr'><strong>Peccata</strong></span> <span class='ocrx_word' id='word_1_841' title='bbox 2955 4794 3342 4850; x_wconf 67' lang='lat' dir='ltr'><strong>adolescentia:</strong></span> <span class='ocrx_word' id='word_1_842' title='bbox 3387 4811 3524 4850; x_wconf 74' lang='lat' dir='ltr'><strong>mea:</strong></span> 
     </span>
    </p>
   </div>
   <div class='ocr_carea' id='block_1_108' title="bbox 1927 4884 3523 4963">
    <p class='ocr_par' dir='ltr' id='par_1_108' title="bbox 1927 4884 3523 4963">
     <span class='ocr_line' id='line_1_108' title="bbox 1927 4884 3523 4963; baseline -0.004 -14"><span class='ocrx_word' id='word_1_843' title='bbox 1927 4904 1982 4950; x_wconf 90' lang='lat' dir='ltr'><strong>et</strong></span> <span class='ocrx_word' id='word_1_844' title='bbox 2023 4890 2344 4963; x_wconf 69' lang='lat' dir='ltr'><strong>ignorantia:</strong></span> <span class='ocrx_word' id='word_1_845' title='bbox 2385 4901 2523 4944; x_wconf 80' lang='lat' dir='ltr'><strong>meae</strong></span> <span class='ocrx_word' id='word_1_846' title='bbox 2566 4902 2634 4943; x_wconf 90' lang='lat' dir='ltr'><strong>ne</strong></span> <span class='ocrx_word' id='word_1_847' title='bbox 2687 4886 3022 4941; x_wconf 90' lang='lat' dir='ltr'><strong>memineris.</strong></span> <span class='ocrx_word' id='word_1_848' title='bbox 3058 4884 3227 4940; x_wconf 82' lang='lat' dir='ltr'><strong>Istum</strong></span> <span class='ocrx_word' id='word_1_849' title='bbox 3286 4895 3342 4940; x_wconf 92' lang='lat' dir='ltr'><strong>et</strong></span> <span class='ocrx_word' id='word_1_850' title='bbox 3390 4895 3523 4942; x_wconf 73' lang='lat' dir='ltr'><strong>mtas</strong></span> 
     </span>
    </p>
   </div>
   <div class='ocr_carea' id='block_1_109' title="bbox 1930 4978 3518 5052">
    <p class='ocr_par' dir='ltr' id='par_1_109' title="bbox 1930 4978 3518 5052">
     <span class='ocr_line' id='line_1_109' title="bbox 1930 4978 3518 5052; baseline -0.004 -11"><span class='ocrx_word' id='word_1_851' title='bbox 1930 4994 2173 5052; x_wconf 88' lang='lat' dir='ltr'><strong>excusat,</strong></span> <span class='ocrx_word' id='word_1_852' title='bbox 2207 4992 2263 5040; x_wconf 90' lang='lat' dir='ltr'><strong>et</strong></span> <span class='ocrx_word' id='word_1_853' title='bbox 2311 4981 2638 5051; x_wconf 78' lang='lat' dir='ltr'><strong>ignorantia.</strong></span> <span class='ocrx_word' id='word_1_854' title='bbox 2683 4979 2836 5035; x_wconf 92' lang='lat' dir='ltr'><strong>Unde</strong></span> <span class='ocrx_word' id='word_1_855' title='bbox 2881 4978 3234 5048; x_wconf 86' lang='lat' dir='ltr'><strong>intelligimus</strong></span> <span class='ocrx_word' id='word_1_856' title='bbox 3271 4993 3394 5035; x_wconf 90' lang='lat' dir='ltr'><strong>eum</strong></span> <span class='ocrx_word' id='word_1_857' title='bbox 3427 4981 3518 5050; x_wconf 92' lang='lat' dir='ltr'><strong>qui</strong></span> 
     </span>
    </p>
   </div>
   <div class='ocr_carea' id='block_1_110' title="bbox 1932 5071 3521 5149">
    <p class='ocr_par' dir='ltr' id='par_1_110' title="bbox 1932 5071 3521 5149">
     <span class='ocr_line' id='line_1_110' title="bbox 1932 5071 3521 5149; baseline -0.003 -15"><span class='ocrx_word' id='word_1_858' title='bbox 1932 5086 2120 5149; x_wconf 83' lang='lat' dir='ltr'><strong>peccat</strong></span> <span class='ocrx_word' id='word_1_859' title='bbox 2155 5077 2209 5132; x_wconf 90' lang='lat' dir='ltr'><strong>in</strong></span> <span class='ocrx_word' id='word_1_860' title='bbox 2245 5073 2646 5138; x_wconf 88' lang='lat' dir='ltr'><strong>adolescentia,</strong></span> <span class='ocrx_word' id='word_1_861' title='bbox 2680 5083 2734 5128; x_wconf 93' lang='lat' dir='ltr'><strong>et</strong></span> <span class='ocrx_word' id='word_1_862' title='bbox 2764 5087 2870 5126; x_wconf 91' lang='lat' dir='ltr'><strong>non</strong></span> <span class='ocrx_word' id='word_1_863' title='bbox 2904 5071 3136 5140; x_wconf 82' lang='lat' dir='ltr'><strong>ignorat,</strong></span> <span class='ocrx_word' id='word_1_864' title='bbox 3169 5072 3380 5127; x_wconf 90' lang='lat' dir='ltr'><strong>veniam</strong></span> <span class='ocrx_word' id='word_1_865' title='bbox 3414 5089 3521 5130; x_wconf 89' lang='lat' dir='ltr'><strong>non</strong></span> 
     </span>
    </p>
   </div>
   <div class='ocr_carea' id='block_1_111' title="bbox 1930 5165 3520 5239">
    <p class='ocr_par' dir='ltr' id='par_1_111' title="bbox 1930 5165 3520 5239">
     <span class='ocr_line' id='line_1_111' title="bbox 1930 5165 3520 5239; baseline -0.002 -13"><span class='ocrx_word' id='word_1_866' title='bbox 1930 5171 2153 5226; x_wconf 87' lang='lat' dir='ltr'><strong>habere.</strong></span> <span class='ocrx_word' id='word_1_867' title='bbox 2179 5171 2382 5228; x_wconf 86' lang='lat' dir='ltr'><strong>Servus</strong></span> <span class='ocrx_word' id='word_1_868' title='bbox 2413 5169 2612 5239; x_wconf 84' lang='lat' dir='ltr'><strong>quippe</strong></span> <span class='ocrx_word' id='word_1_869' title='bbox 2639 5165 2729 5239; x_wconf 90' lang='lat' dir='ltr'><strong>qui</strong></span> <span class='ocrx_word' id='word_1_870' title='bbox 2760 5165 2912 5222; x_wconf 89' lang='lat' dir='ltr'><strong>novit</strong></span> <span class='ocrx_word' id='word_1_871' title='bbox 2940 5166 3277 5222; x_wconf 89' lang='lat' dir='ltr'><strong>voluntatem</strong></span> <span class='ocrx_word' id='word_1_872' title='bbox 3305 5167 3520 5223; x_wconf 90' lang='lat' dir='ltr'><strong>Domini</strong></span> 
     </span>
    </p>
   </div>
   <div class='ocr_carea' id='block_1_112' title="bbox 1931 5260 3523 5333">
    <p class='ocr_par' dir='ltr' id='par_1_112' title="bbox 1931 5260 3523 5333">
     <span class='ocr_line' id='line_1_112' title="bbox 1931 5260 3523 5333; baseline -0.002 -13"><span class='ocrx_word' id='word_1_873' title='bbox 1931 5265 2035 5332; x_wconf 90' lang='lat' dir='ltr'><strong>sui,</strong></span> <span class='ocrx_word' id='word_1_874' title='bbox 2067 5275 2120 5320; x_wconf 89' lang='lat' dir='ltr'><strong>et</strong></span> <span class='ocrx_word' id='word_1_875' title='bbox 2150 5279 2258 5318; x_wconf 91' lang='lat' dir='ltr'><strong>non</strong></span> <span class='ocrx_word' id='word_1_876' title='bbox 2284 5262 2411 5318; x_wconf 89' lang='lat' dir='ltr'><strong>facit</strong></span> <span class='ocrx_word' id='word_1_877' title='bbox 2443 5281 2454 5317; x_wconf 90' lang='lat'><strong>:</strong></span> <span class='ocrx_word' id='word_1_878' title='bbox 2484 5261 2758 5333; x_wconf 88' lang='lat' dir='ltr'><strong>vapulabit</strong></span> <span class='ocrx_word' id='word_1_879' title='bbox 2808 5260 3038 5315; x_wconf 91' lang='lat' dir='ltr'><strong>tnultum</strong></span> <span class='ocrx_word' id='word_1_880' title='bbox 3066 5261 3357 5333; x_wconf 74' lang='lat' dir='ltr'><strong>(Luc.x1t).</strong></span> <span class='ocrx_word' id='word_1_881' title='bbox 3392 5262 3523 5318; x_wconf 83' lang='lat' dir='ltr'><strong>0m-</strong></span> 
     </span>
    </p>
   </div>
   <div class='ocr_carea' id='block_1_113' title="bbox 1931 5352 3527 5424">
    <p class='ocr_par' dir='ltr' id='par_1_113' title="bbox 1931 5352 3527 5424">
     <span class='ocr_line' id='line_1_113' title="bbox 1931 5352 3527 5424; baseline -0.003 -11"><span class='ocrx_word' id='word_1_882' title='bbox 1931 5373 2031 5414; x_wconf 90' lang='lat' dir='ltr'><strong>nes</strong></span> <span class='ocrx_word' id='word_1_883' title='bbox 2060 5357 2162 5411; x_wconf 76' lang='lat' dir='ltr'><strong>vite</strong></span> <span class='ocrx_word' id='word_1_884' title='bbox 2200 5355 2409 5410; x_wconf 91' lang='lat' dir='ltr'><strong>Domini</strong></span> <span class='ocrx_word' id='word_1_885' title='bbox 2437 5396 2450 5421; x_wconf 93' lang='lat'><strong>,</strong></span> <span class='ocrx_word' id='word_1_886' title='bbox 2482 5352 2857 5410; x_wconf 87' lang='lat' dir='ltr'><strong>misericordia</strong></span> <span class='ocrx_word' id='word_1_887' title='bbox 2913 5359 2968 5408; x_wconf 92' lang='lat' dir='ltr'><strong>et</strong></span> <span class='ocrx_word' id='word_1_888' title='bbox 3030 5352 3234 5407; x_wconf 86' lang='lat' dir='ltr'><strong>veritas</strong></span> <span class='ocrx_word' id='word_1_889' title='bbox 3267 5371 3280 5409; x_wconf 94' lang='lat'>:</span> <span class='ocrx_word' id='word_1_890' title='bbox 3311 5353 3434 5424; x_wconf 89' lang='lat' dir='ltr'><strong>quia</strong></span> <span class='ocrx_word' id='word_1_891' title='bbox 3470 5363 3527 5409; x_wconf 91' lang='lat' dir='ltr'><strong>et</strong></span> 
     </span>
    </p>
   </div>
   <div class='ocr_carea' id='block_1_114' title="bbox 1933 5442 3528 5518">
    <p class='ocr_par' dir='ltr' id='par_1_114' title="bbox 1933 5442 3528 5518">
     <span class='ocr_line' id='line_1_114' title="bbox 1933 5442 3528 5518; baseline -0.004 -13"><span class='ocrx_word' id='word_1_892' title='bbox 1933 5449 2046 5518; x_wconf 88' lang='lat' dir='ltr'><strong>ipsa</strong></span> <span class='ocrx_word' id='word_1_893' title='bbox 2075 5445 2475 5514; x_wconf 88' lang='lat' dir='ltr'><strong>misericordia,</strong></span> <span class='ocrx_word' id='word_1_894' title='bbox 2497 5445 2668 5516; x_wconf 77' lang='lat' dir='ltr'><strong>:rquis</strong></span> <span class='ocrx_word' id='word_1_895' title='bbox 2695 5452 2781 5502; x_wconf 86' lang='lat' dir='ltr'><strong>est</strong></span> <span class='ocrx_word' id='word_1_896' title='bbox 2806 5444 3006 5499; x_wconf 89' lang='lat' dir='ltr'><strong>librata</strong></span> <span class='ocrx_word' id='word_1_897' title='bbox 3035 5443 3391 5514; x_wconf 88' lang='lat' dir='ltr'><strong>ponderibus.</strong></span> <span class='ocrx_word' id='word_1_898' title='bbox 3417 5442 3528 5499; x_wconf 90' lang='lat' dir='ltr'><strong>Do-</strong></span> 
     </span>
    </p>
   </div>
   <div class='ocr_carea' id='block_1_115' title="bbox 1931 5536 3526 5596">
    <p class='ocr_par' dir='ltr' id='par_1_115' title="bbox 1931 5536 3526 5596">
     <span class='ocr_line' id='line_1_115' title="bbox 1931 5536 3526 5596; baseline -0.003 0"><span class='ocrx_word' id='word_1_899' title='bbox 1931 5541 2060 5596; x_wconf 86' lang='lat' dir='ltr'><strong>ccbit</strong></span> <span class='ocrx_word' id='word_1_900' title='bbox 2098 5549 2390 5596; x_wconf 88' lang='lat' dir='ltr'><strong>mansuetos</strong></span> <span class='ocrx_word' id='word_1_901' title='bbox 2437 5539 2548 5594; x_wconf 85' lang='lat' dir='ltr'><strong>vias</strong></span> <span class='ocrx_word' id='word_1_902' title='bbox 2588 5555 2732 5593; x_wconf 88' lang='lat' dir='ltr'><strong>suas.</strong></span> <span class='ocrx_word' id='word_1_903' title='bbox 2779 5536 3212 5593; x_wconf 82' lang='lat' dir='ltr'><strong>Misericordiam</strong></span> <span class='ocrx_word' id='word_1_904' title='bbox 3251 5546 3304 5592; x_wconf 90' lang='lat' dir='ltr'><strong>et</strong></span> <span class='ocrx_word' id='word_1_905' title='bbox 3327 5539 3526 5592; x_wconf 81' lang='lat' dir='ltr'><strong>verita-</strong></span> 
     </span>
    </p>
   </div>
   <div class='ocr_carea' id='block_1_116' title="bbox 1929 5628 3522 5702">
    <p class='ocr_par' dir='ltr' id='par_1_116' title="bbox 1929 5628 3522 5702">
     <span class='ocr_line' id='line_1_116' title="bbox 1929 5628 3522 5702; baseline -0.001 -14"><span class='ocrx_word' id='word_1_906' title='bbox 1929 5641 2038 5688; x_wconf 89' lang='lat' dir='ltr'><strong>tem</strong></span> <span class='ocrx_word' id='word_1_907' title='bbox 2067 5651 2081 5686; x_wconf 89' lang='lat'><strong>:</strong></span> <span class='ocrx_word' id='word_1_908' title='bbox 2111 5641 2167 5688; x_wconf 92' lang='lat' dir='ltr'><strong>et</strong></span> <span class='ocrx_word' id='word_1_909' title='bbox 2191 5640 2250 5687; x_wconf 92' lang='lat' dir='ltr'><strong>ut</strong></span> <span class='ocrx_word' id='word_1_910' title='bbox 2276 5646 2335 5688; x_wconf 92' lang='lat' dir='ltr'><strong>se</strong></span> <span class='ocrx_word' id='word_1_911' title='bbox 2361 5647 2427 5686; x_wconf 85' lang='lat' dir='ltr'><strong>ex</strong></span> <span class='ocrx_word' id='word_1_912' title='bbox 2457 5640 2570 5686; x_wconf 92' lang='lat' dir='ltr'><strong>toto</strong></span> <span class='ocrx_word' id='word_1_913' title='bbox 2606 5629 2773 5686; x_wconf 91' lang='lat' dir='ltr'><strong>corde</strong></span> <span class='ocrx_word' id='word_1_914' title='bbox 2803 5628 3066 5699; x_wconf 83' lang='lat' dir='ltr'><strong>diligant,</strong></span> <span class='ocrx_word' id='word_1_915' title='bbox 3121 5645 3241 5702; x_wconf 77' lang='lat' dir='ltr'><strong>qua:</strong></span> <span class='ocrx_word' id='word_1_916' title='bbox 3272 5638 3359 5686; x_wconf 91' lang='lat' dir='ltr'><strong>est</strong></span> <span class='ocrx_word' id='word_1_917' title='bbox 3394 5644 3522 5687; x_wconf 85' lang='lat' dir='ltr'><strong>vera</strong></span> 
     </span>
    </p>
   </div>
   <div class='ocr_carea' id='block_1_117' title="bbox 1928 5723 3269 5794">
    <p class='ocr_par' dir='ltr' id='par_1_117' title="bbox 1928 5723 3269 5794">
     <span class='ocr_line' id='line_1_117' title="bbox 1928 5723 3269 5794; baseline -0.004 -15"><span class='ocrx_word' id='word_1_918' title='bbox 1928 5725 2037 5780; x_wconf 87' lang='lat' dir='ltr'><strong>via.</strong></span> <span class='ocrx_word' id='word_1_919' title='bbox 2077 5725 2170 5782; x_wconf 91' lang='lat' dir='ltr'><strong>Sic</strong></span> <span class='ocrx_word' id='word_1_920' title='bbox 2197 5725 2343 5780; x_wconf 91' lang='lat' dir='ltr'><strong>enim</strong></span> <span class='ocrx_word' id='word_1_921' title='bbox 2370 5723 2618 5794; x_wconf 89' lang='lat' dir='ltr'><strong>sequitur</strong></span> <span class='ocrx_word' id='word_1_922' title='bbox 2650 5742 2663 5776; x_wconf 92' lang='lat'><strong>:</strong></span> <span class='ocrx_word' id='word_1_923' title='bbox 3247 5723 3269 5740; x_wconf 82' lang='lat'><strong><em>‘</em></strong></span> 
     </span>
    </p>
   </div>
   <div class='ocr_carea' id='block_1_118' title="bbox 2009 5816 3535 5876">
    <p class='ocr_par' dir='ltr' id='par_1_118' title="bbox 2009 5816 3535 5876">
     <span class='ocr_line' id='line_1_118' title="bbox 2009 5816 3535 5876; baseline 0.001 -1"><span class='ocrx_word' id='word_1_924' title='bbox 2009 5818 2274 5876; x_wconf 80' lang='lat' dir='ltr'><strong>Universtc</strong></span> <span class='ocrx_word' id='word_1_925' title='bbox 2315 5821 2405 5874; x_wconf 78' lang='lat' dir='ltr'><strong>via:</strong></span> <span class='ocrx_word' id='word_1_926' title='bbox 2439 5816 2649 5875; x_wconf 88' lang='lat' dir='ltr'><strong>Domini</strong></span> <span class='ocrx_word' id='word_1_927' title='bbox 2680 5816 3044 5873; x_wconf 81' lang='lat' dir='ltr'><strong>misericordia</strong></span> <span class='ocrx_word' id='word_1_928' title='bbox 3083 5827 3130 5874; x_wconf 79' lang='lat' dir='ltr'><strong>et</strong></span> <span class='ocrx_word' id='word_1_929' title='bbox 3171 5818 3378 5876; x_wconf 70' lang='lat' dir='ltr'><strong>veritos.</strong></span> <span class='ocrx_word' id='word_1_930' title='bbox 3427 5817 3535 5876; x_wconf 55' lang='lat' dir='ltr'><strong>lilii</strong></span> 
     </span>
    </p>
   </div>
  </div>
