4034 6308
526 289 622 347 891

1306 280 1650 341 APPENDlX
1689 279 1781 335 AD
1822 277 2072 336 TUMUM
2110 271 2465 335 SEPTIMUM
2504 270 2564 326 S.
2608 266 3017 325 lllERONYMl.

3710 259 3811 317 832

520 404 974 474 scricordia,quia
1000 417 1099 458 nos
1122 399 1357 457 redemit
1390 416 1402 452 :
1438 405 1489 452 et
1519 396 1731 459 veritas,
1754 395 1885 466 quia
1916 394 2118 464 impios
2143 390 2194 454 Α
2220 390 2404 460 quitur
2440 385 2506 441 ad
2546 382 2853 440 Christum.
2910 380 3289 442 Humilitatem,
3343 377 3467 447 quia
3524 375 3814 432 humiliant

515 497 800 569 indicabit.
832 493 1013 550 Dulcis
1041 503 1087 548 et
1116 502 1283 548 rectus
1313 489 1570 544 Dominus
1596 504 1615 542 :
1645 485 1772 556 quia
1798 487 1889 557 qui
1920 500 1979 542 se
2005 485 2109 540 mi-

520 603 702 645 serum
727 586 1051 655 confitetur,
1089 585 1379 640 miseretur
1406 581 1483 636 illi
1515 582 1678 636 Deus.
1715 578 2114 651 Requirentibus

521 689 882 738 testamentum
921 682 1055 751 ejus.
1087 676 1203 731 Illis
1234 674 1361 729 facit
1392 669 1858 736 misericordiam,
1890 669 1983 741 qui
2031 684 2117 724 re-

521 774 748 847 quirnnt
796 786 995 827 novum
1047 771 1460 826 Testamentum
1502 780 1656 837 :quo
1702 778 1801 820 nos
1847 762 2116 834 sanguine

520 883 621 925 suo
643 864 1015 924 reconciliavit
1051 862 1163 921 Deo
1184 862 1358 918 Patri.
1388 859 1456 916 Et
1488 860 1781 914 testimonia
1811 861 1942 930 ejus.
1974 856 2113 911 Pro-

528 960 722 1032 phetas
750 966 807 1014 et
842 957 1120 1029 apostolos
1153 975 1166 1013 :
1200 970 1431 1027 quorum
1467 952 1796 1010 testimoniis
1818 958 1903 1006 est
1930 949 2116 1005 Eccle-

525 1052 603 1109 sia
636 1061 987 1122 cetigregata.

600 1145 822 1217 Propter
842 1160 1029 1200 nomen
1052 1152 1218 1206 tuum,
1253 1142 1490 1207 Domine,
1521 1138 1887 1211 propitiaberis
1906 1146 2117 1211 peccato

524 1257 658 1296 meo.
702 1239 818 1295 Non
860 1248 1085 1311 propter
1125 1252 1243 1291 mea
1294 1235 1486 1290 merita
1511 1278 1525 1303 ,
1577 1230 1673 1288 sed
1702 1240 1928 1301 propter
1968 1238 2115 1285 tuam

523 1331 976 1387 miscricordiam.
1015 1327 1245 1383 Multum
1272 1334 1349 1381 est
1381 1325 1542 1380 enim.
1568 1322 1786 1380 Grande
1811 1330 1896 1378 Gal
1920 1336 2113 1393 pecca-

528 1434 639 1481 tum
669 1440 869 1480 meum.
900 1421 1120 1479 Grande
1150 1430 1254 1484 cst,
1285 1420 1481 1488 inquit,
1509 1416 1766 1487 generale
1802 1425 2113 1487 peccatum:

521 1518 665 1590 quod
697 1516 797 1572 nisi
824 1516 963 1572 Deus
995 1530 1089 1585 per
1122 1513 1446 1584 baptismum
1473 1509 1657 1567 delere
1685 1508 1936 1580 dignetur
1956 1550 1971 1577 ,
2021 1506 2116 1563 ali—

526 1622 610 1671 ter
640 1625 744 1666 uon
776 1609 1047 1665 abluetur.

598 1703 726 1770 Quis
757 1710 832 1757 est
854 1700 1007 1756 homo
1030 1704 1120 1771 qui
1146 1702 1288 1757 timet
1320 1701 1601 1757 Dominum
1626 1718 1646 1759 :
1671 1702 1834 1775 legent
1869 1702 2049 1759 statuit
2071 1702 2119 1759 ei

2216 497 2335 538 eam
2366 487 2699 551 peccatores.
2740 470 3015 543 Laborem,
3050 473 3105 527 in
3129 469 3496 527 tribulatione.
3517 466 3594 523 Et
3621 468 3814 523 dimitte

2218 576 2391 630 omnia
2418 573 2605 628 delicta
2632 587 2768 624 mea.
2821 567 3015 639 Populi
3071 565 3293 632 delicta,
3326 580 3448 635 quae
3489 562 3544 617 iu
3580 577 3673 618 me
3698 577 3815 618 sus-

2215 667 2358 738 cepi.

2291 755 2508 828 Respice
2522 754 2757 809 inimicos
2770 767 2937 807 meos:
2954 749 3175 807 Iudaeos
3187 750 3396 820 utique,
3419 758 3475 803 ut
3487 747 3819 805 confundan-

2220 861 2325 907 tur.
2356 849 2569 921 Respice
2598 848 2831 902 inimicos
2852 861 3015 912 meos,
3039 845 3283 908 quoniam
3308 842 3652 912 multiplicati
3676 852 3808 895 sunt.

2218 943 2336 999 Vox
2370 941 2625 998 Ecclesiae
2646 930 2714 996 de
2747 935 3212 1010 persecuti-nibus.
3244 935 3378 990 Odia
3398 936 3581 1006 iniquo
3601 933 3817 989 oderunt

2219 1054 2321 1091 me.
2380 1034 2625 1106 Iniquum
2657 1032 2842 1087 odium
2865 1029 2934 1085 ad
2964 1028 3375 1086 di5tinctionem
3403 1028 3538 1097 justi
3594 1025 3815 1082 dicitur.

2218 1131 2277 1189 Si
2318 1130 2465 1187 enim
2508 1144 2618 1184 non
2644 1127 2893 1182 odissent
2924 1140 3034 1191 me,
3069 1139 3175 1179 non
3220 1123 3409 1193 utique
3452 1121 3817 1178 condemnas-

2218 1230 2340 1278 sent
2357 1230 2560 1278 morte.

2290 1312 2504 1370 Custodi
2532 1311 2761 1366 animam
2813 1324 3003 1379 meam,
3033 1316 3081 1362 et
3109 1308 3250 1380 eripe
3276 1323 3374 1363 me.
3411 1298 3666 1362 Ecclesia
3694 1319 3821 1375 sup-

2218 1405 2385 1477 plicat
2427 1414 2486 1459 ut
2519 1400 2863 1458 custodiatur
2917 1408 2972 1454 et
3025 1397 3294 1469 eripiatur
3353 1396 3423 1452 ab
3460 1396 3614 1451 omni
3659 1394 3817 1452 malo.

2222 1492 2345 1552 Non
2374 1495 2690 1567 confundor,
2720 1490 2845 1565 quia
2865 1491 3099 1546 invocavi
3126 1499 3193 1545 te.
3224 1490 3281 1545 In
3305 1505 3496 1545 manus
3531 1497 3659 1544 tuas
3687 1503 3824 1544 com-

2219 1589 2420 1647 mendo
2445 1589 2692 1660 Spiritum
2738 1602 2939 1642 meum.
2975 1581 3099 1640 Non
3119 1588 3437 1657 confundor,
3491 1599 3673 1655 neque
3718 1582 3822 1650 hic,

2221 1698 2398 1754 neque
2429 1682 2480 1736 in
2512 1679 2718 1747 futuro,
2741 1679 2863 1751 quia
2888 1677 3119 1732 invocavi
3140 1685 3205 1732 te.

520 1797 576 1851 in
603 1766 690 1849 via
712 1810 865 1866 quam
887 1766 1061 1865 elegit.
1095 1794 1163 1848 Ut
1188 1793 1255 1849 ad
1295 1808 1359 1849 ea
1394 1810 1514 1864 qua:
1542 1766 1744 1865 elegit:
1777 1794 2119 1852 deﬂectatur.
2151 1784 2196 1843 Β
2297 1773 2608 1831 Innocentes
2655 1781 2702 1827 et
2748 1770 2874 1827 recti
2920 1769 3245 1826 adlueserunt
3298 1768 3447 1825 mihi.
3494 1766 3821 1836 lnnocentes,

522 1888 713 1945 Simile
754 1887 880 1942 huic
910 1902 1003 1956 per
1034 1886 1253 1958 Moysen
1287 1886 1355 1941 ad
1400 1887 1659 1956 populum
1698 1887 1958 1942 Dominus
1994 1903 2122 1958 pro-

524 1987 778 2043 testatur,
804 1977 994 2034 dicens
1029 1990 1044 2035 ξ
1070 1977 1212 2032 Ecce
1241 1976 1398 2033 hodie
1427 1977 1590 2032 statui
1619 1986 1744 2034 ante
1774 1978 1960 2033 oculos
1998 1985 2123 2035 tuos

527 2073 706 2143 ignem
720 2082 775 2127 et
800 2085 1018 2142 aquam,
1046 2070 1246 2126 bonum
1270 2078 1324 2124 et
1347 2070 1576 2136 malum,
1602 2070 1766 2125 vitam
1786 2078 1841 2125 ct
1859 2080 2117 2125 mortem:

525 2163 666 2235 elige
691 2165 881 2230 vitam,
907 2170 966 2219 et
988 2162 1136 2218 vives
1166 2159 1363 2231 (Deut.
1388 2160 1551 2218 xxxi.

594 2254 782 2311 Anima
806 2259 919 2330 ejus
948 2256 1002 2309 in
1021 2254 1169 2309 bonis
1196 2252 1565 2309 demorabitur.
1597 2252 1652 2306 Si
1683 2251 1910 2322 elegerit
1936 2251 2120 2305 vitam.

526 2347 594 2404 Et
614 2365 786 2403 semen
816 2351 931 2420 ejus
953 2344 1277 2401 amreditabit
1309 2354 1520 2398 terram.
1536 2342 1641 2399 Per
1667 2358 1833 2413 opera
1860 2340 2122 2413 iustitia},

526 2439 895 2495 haereditatem
945 2438 1121 2508 capiet
1148 2438 1199 2492 in
1248 2438 1471 2507 regione
1500 2438 1776 2491 vivorum.
1812 2433 1911 2490 Vel
1947 2434 2124 2489 anima

527 2538 640 2608 ejus
667 2534 720 2587 in
751 2532 897 2587 bonis
926 2531 1315 2586 demorabitur:
1340 2528 1395 2584 id
1422 2536 1525 2597 est,
1552 2527 1790 2600 sperabit
1817 2527 1869 2583 in
1886 2526 2124 2598 praemiis

525 2627 722 2683 futuris
746 2643 759 2681 :
788 2634 843 2681 et
868 2640 1057 2682 semen
1080 2616 1199 2694 ejus
1225 2622 1547 2679 haereditate
1570 2620 1870 2693 possidebit
1898 2630 2121 2676 terram.

531 2719 719 2775 Semen
748 2722 884 2791 ejus,
915 2730 1082 2785 Opera
1113 2716 1249 2786 ejus,
1281 2713 1617 2786 possidebunt
1646 2726 1837 2768 terram
1870 2729 1889 2768 .'
1934 2711 1984 2767 id
2012 2720 2119 2780 est,

528 2811 694 2867 vitam
724 2820 1012 2867 aeternam.

603 2901 1011 2959 Firmamentum
1037 2912 1112 2957 est
1136 2901 1391 2957 Dominus
1422 2899 1719 2955 timentibus
1744 2916 1882 2956 eum.
1906 2890 2016 2955 Nos
2042 2899 2123 2954 in-

529 2997 671 3052 ﬁrmi
702 3005 756 3051 et
812 2996 1113 3051 imbecilles
1143 3008 1330 3049 sumus
1356 3013 1367 3049 :
1396 2997 1490 3049 sed
1520 2995 1589 3048 ab
1619 2992 1711 3048 illo
1740 2991 2025 3047 hortamur
2054 3007 2124 3050 nc

527 3089 597 3145 ab
625 3088 787 3159 hujus
812 3088 998 3144 saeculi
1023 3087 1283 3144 ﬂuctibus
1310 3087 1634 3158 quatiamur.
1660 3084 1729 3139 Et
1760 3094 2122 3142 testantentum

2226 1870 2316 1939 qui
2348 1868 2641 1939 puritatem
2664 1866 2794 1921 vita:
2817 1863 2885 1919 ab
2915 1861 3144 1919 exordio
3192 1858 3498 1917 nativitatis
3548 1858 3828 1916 custodie-

2226 1970 2374 2020 runt.
2408 1959 2728 2017 Sicutcollo
2757 1953 3193 2025 adhaeretcaput,
3216 1963 3271 2010 et
3291 1953 3538 2009 membra
3558 1953 3613 2007 in
3634 1951 3824 2007 eodem

2225 2068 2461 2125 oorpore
2492 2051 2843 2107 continentur
2875 2066 2888 2101 :
2925 2048 3004 2103 sic
3035 2056 3092 2102 et
3122 2043 3374 2102 Ecclesia
3429 2060 3525 2113 per
3563 2041 3824 2113 justitiam

2226 2146 2459 2201 adhaesit
2496 2141 2742 2209 Christo,
2775 2147 2831 2194 et
2859 2137 3100 2193 membra
3130 2136 3246 2206 ejus
3272 2134 3325 2191 in
3350 2134 3545 2191 eodem
3595 2148 3825 2204 corpore

2225 2241 2595 2295 codtiuentur.
2626 2233 2961 2297 Innocentes,
2994 2230 3045 2285 id
3066 2237 3171 2297 est,
3216 2241 3569 2285 successores
3612 2232 3821 2295 aposto-

2228 2331 2431 2397 lorum,
2451 2329 2533 2384 vel
2556 2327 2742 2384 cteteri
2764 2324 2937 2381 sancti
2967 2331 3025 2379 et
3044 2322 3200 2388 recti,
3226 2336 3459 2392 quorum
3481 2334 3581 2375 cor
3604 2318 3826 2374 nonfuit

2230 2438 2545 2495 perversum
2576 2428 2697 2492 post
2719 2419 2851 2475 deos
2883 2418 3116 2473 alienos.
3171 2415 3512 2470 Adhoeserunl
3565 2413 3717 2483 mihi,
3747 2427 3828 2468 reo

2229 2515 2464 2572 vertenti
2487 2530 2555 2569 ex
2578 2512 2787 2569 inieris.
2815 2510 3075 2577 Quoniam
3106 2508 3332 2564 sustinui
3358 2515 3424 2574 te,
3452 2504 3704 2561 Domine.
3729 2503 3827 2559 lm-

2227 2608 2400 2680 plcvi,
2430 2606 2609 2670 Pater,
2636 2604 2969 2659 voluntatem
3005 2610 3175 2656 tuam.
3486 2680 3489 2681 ν

2299 2699 2483 2753 Libera
2512 2713 2613 2763 me,
2641 2693 2789 2751 Deus
2814 2692 3002 2761 Israel,
3038 2708 3099 2746 ea:
3126 2689 3363 2746 omnibus
3403 2685 3826 2743 tribulationibus

2225 2793 2369 2848 meis.
2417 2789 2487 2848 Ut
2539 2787 2673 2845 mihi
2744 2800 2897 2842 mors
2946 2785 3089 2840 ultra
3144 2797 3253 2837 non
3300 2782 3659 2837 dominetur:
3692 2777 3826 2833 sicut

2226 2885 2523 2958 Apostolus
2552 2883 2629 2937 ait
2659 2898 2672 2935 :
2698 2880 2904 2938 Scitote
2949 2879 3072 2950 quia
3122 2876 3372 2932 Christus
3424 2882 3723 2945 resurgens
3764 2884 3823 2925 ex

2227 2978 2478 3045 mortuis,
2506 2975 2619 3047 jam
2647 2992 2753 3030 non
2787 2971 3042 3039 moritur,
3071 2985 3217 3026 mors
3237 2970 3312 3025 illi
3337 2968 3478 3024 ultra
3508 2983 3620 3023 non
3652 2962 3824 3021 domi-

2228 3073 2450 3128 nabitur
2473 3071 2654 3142 (Rom.
2685 3067 2785 3142 vr).
2809 3064 3100 3123 Sciendum
3131 3073 3340 3131 tamen,
3368 3061 3513 3132 quod
3548 3059 3825 3117 hutnllitas

524 3184 691 3255 ipsius
739 3191 792 3236 ut
823 3182 1180 3253 mnifestctur
1228 3152 1358 3235 illis.
1412 3181 1527 3235 lloc
1571 3187 1884 3234 estnovum
1936 3168 2193 3234 Testa-C
2227 3165 2495 3222 orationis
2536 3179 2643 3219 non
2692 3160 2759 3217 ad
2815 3160 3179 3226 divinitatem,
3228 3156 3322 3212 sed
3354 3154 3421 3210 ad
3454 3152 3820 3209 humilitatem

529 3285 793 3331 mentum.
818 3273 928 3330 Lex
959 3291 1080 3347 qum
1110 3292 1230 3331 eum
1262 3275 1605 3333 annuntiavit
1637 3289 1734 3345 per
1766 3272 2003 3329 litteram
2032 3288 2125 3329 vc-

527 3371 654 3437 lata,
689 3371 740 3424 iu
768 3369 989 3426 Christo
1018 3370 1421 3426 manileSIatur.

603 3464 758 3519 Oculi
799 3464 898 3519 mei
944 3480 1142 3533 semper
1181 3464 1249 3516 ad
1295 3462 1578 3516 Dominum
1606 3457 1799 3532 (Eccl.
1827 3457 1930 3531 tt).
1970 3457 2122 3515 Oculi

528 3557 711 3614 Cordis
744 3559 948 3611 intenta
980 3565 1159 3608 metue
1186 3554 1251 3607 ad
1282 3553 1452 3607 Deum
1493 3571 1505 3605 :
1540 3553 1609 3606 de
1659 3552 1855 3621 quibus
1885 3549 2122 3605 dicitur:

530 3657 684 3712 Oculi
735 3652 1000 3723 sapientis
1034 3653 1085 3707 in
1118 3650 1295 3722 capite
1321 3649 1462 3720 ejus.
1508 3648 1647 3717 Quia
1690 3649 1799 3720 ipse
1846 3646 2024 3702 evellet
2060 3646 2125 3700 de

532 3749 718 3822 laqueo
741 3747 896 3820 pedes
925 3761 1064 3801 meos
1091 3759 1108 3798 :
1131 3745 1234 3800 hoc
1260 3752 1364 3806 est.
1388 3743 1456 3799 de
1481 3742 1676 3813 laqueo
1702 3740 1903 3796 diaboli
1927 3753 2125 3795 sensus

532 3858 719 3908 meos,
764 3857 792 3895 a
824 3856 930 3912 quo
960 3844 1111 3910 prius
1142 3853 1240 3909 per
1268 3838 1570 3908 voluptates
1600 3833 1786 3891 surculi
1808 3833 2083 3904 capiebar.

586 3934 801 4004 Respice
812 3933 865 3986 in
881 3947 981 3998 me,
1001 3940 1047 3985 et
1059 3931 1296 3984 miserere
1308 3930 1425 3984 mei.
1442 3927 1680 3997 Respice,
1696 3926 1750 3982 in
1763 3926 2087 3997 adiutorium
2105 3942 2121 3980 :

529 4036 577 4083 et
600 4026 859 4089 miserere,
880 4022 1002 4092 quia
1027 4023 1189 4079 miser
1202 4038 1343 4077 sum.
1368 4021 1500 4087 Quia
1517 4021 1700 4075 unicus
1722 4027 1767 4072 et
1790 4035 1989 4088 pauper
2008 4035 2125 4073 sum

525 4136 639 4191 ego.
662 4117 743 4172 Ad
769 4115 1049 4172 Christum
1080 4116 1315 4184 pertinet
1337 4114 1489 4182 :quia
1518 4111 1763 4167 Christus
1790 4110 1981 4166 unicus
2006 4111 2124 4165 sine

529 4220 752 4282 peccato
767 4228 780 4262 :
796 4216 855 4263 ut
870 4208 945 4262 ait
961 4206 1219 4277 propheta
1237 4212 1250 4259 ξ
1274 4205 1377 4274 Qui
1402 4213 1676 4274 peccatum
1701 4217 1805 4258 non
1825 4198 2123 4274 lecit(lsai.

532 4301 671 4373 Ltu).
687 4301 899 4370 Pauper
914 4316 1011 4370 pro
1027 4299 1203 4367 nobis,
1223 4307 1279 4352 ut
1302 4296 1496 4352 Paulus
1518 4295 1676 4350 dicit:
1703 4294 1946 4361 Quicum
1969 4292 2125 4349 dives

529 4405 695 4458 esset,
722 4408 925 4465 pauper
947 4392 1117 4445 lactus
1135 4401 1241 4459 est,
1257 4398 1316 4445 ut
1338 4389 1485 4443 illius
1503 4387 1681 4459 inopia
1701 4403 1802 4442 nos
1820 4386 2020 4442 divites
2039 4400 2124 4441 es-

527 4502 710 4543 semus
736 4485 800 4557 (ll
828 4485 947 4542 Cor.
974 4483 1113 4556 vut).
1140 4483 1230 4540 Vel
1257 4482 1473 4549 unicus,
1499 4481 1733 4552 pupulus
1753 4477 2120 4537 Christianus.

2226 3266 2519 3329 assumpta:
2549 3256 2729 3312 carnis
2754 3262 2839 3309 est
2870 3249 3181 3308 referenda.
3215 3250 3324 3305 Nos
3376 3263 3505 3303 vero
3556 3247 3821 3316 deprece-

2227 3369 2349 3408 mur
2382 3348 2689 3418 Dominum,
2722 3353 2781 3402 ut
2809 3347 3053 3400 viventes
3094 3342 3452 3405 itnmaculati,
3482 3341 3552 3396 ab
3586 3339 3822 3395 interua-

2224 3442 2367 3499 libus
2391 3441 2650 3512 angustiis
2683 3440 2902 3494 liberari
2934 3448 3262 3493 mereamur.
3296 3435 3431 3502 Quia
3484 3432 3712 3487 sustinui
3755 3436 3819 3495 te,

2226 3530 2464 3589 Domine.
2495 3522 2681 3585 Libera
2703 3544 2804 3597 me,
2834 3527 2972 3584 Deus
2994 3525 3185 3582 Israel.
3219 3524 3411 3588 Israel,
3443 3522 3496 3580 id
3544 3534 3655 3590 cst,
3709 3520 3820 3575 nui-

2224 3641 2433 3682 marqu
2454 3622 2753 3678 videntium
2778 3620 2972 3676 Deum.
3023 3621 3101 3676 Ex
3127 3621 3385 3677 omnibus
3434 3618 3729 3691 angustiis,
3758 3629 3818 3668 ea:

2226 3715 2463 3773 omnibus
2502 3710 2921 3769 iribulatt'onibus
2962 3712 3111 3765 meis.

2755 3821 3074 3879 PSALMUS
3111 3821 3282 3878 XXV.

2230 3947 2295 4005 In
2324 3949 2499 4020 ﬁnem.
2532 3944 2774 4001 l’salmus
2807 3942 2998 3998 David.
3024 3941 3270 4020 l’salmus
3299 3940 3747 4020 l§le_d0_il0tt_tilit}
3774 3942 3824 3993 et

2295 4011 2517 4076 Christo
2565 4024 2835 4072 testatur:
2868 4023 2924 4070 et
2975 4014 3157 4070 Omnis
3207 4011 3465 4067 Ecclesiae
3506 4012 3557 4066 iu
3600 4012 3821 4066 Christo

2298 4086 2559 4161 perfecta:
2587 4088 2836 4144 continet
2861 4099 3074 4141 vocem.

2296 4202 2487 4257 Judica
2504 4217 2605 4267 me,
2632 4197 2875 4268 Domine,
2907 4200 3154 4272 quoniam
3180 4213 3273 4269 ego
3307 4197 3361 4250 in
3392 4198 3693 4251 innocentia
3715 4210 3821 4250 mea

2222 4300 2483 4371 ingressus
2511 4313 2644 4351 sum.
2680 4294 2749 4352 Ut
2776 4298 2848 4351 sit
2877 4293 3009 4350 mihi
3039 4308 3136 4365 per
3166 4292 3435 4365 judicium
3483 4303 3633 4347 tuum
3665 4292 3819 4347 misc-

2225 4389 2459 4446 ricordia
2494 4408 2505 4443 :
2535 4389 2790 4460 quoniam
2842 4403 2940 4458 per
2988 4388 3325 4443 innocentia:
3382 4385 3606 4456 gradior
3652 4387 3812 4437 viam.

2227 4482 2488 4553 Superius
2511 4481 2721 4536 dictum
2753 4489 2837 4535 est
2869 4494 2884 4532 :
2917 4477 3112 4533 Judica
3150 4495 3251 4547 me,
3297 4477 3537 4532 Domine.
3575 4475 3693 4531 Vox
3721 4473 3815 4528 Ec-

524 4580 634 4637 Sed
657 4580 796 4636 bene
822 4593 883 4634 se
910 4578 1128 4634 unicum
1158 4578 1312 4643 dicit,
1340 4577 1466 4647 quia
1492 4573 1801 4646 unigenitus
1822 4574 2118 4631 estPatris.
2150 4546 2200 4606 υ
2227 4546 2409 4633 cle'site
2439 4575 2506 4631 ad
2535 4574 2831 4631 Chrismm.
2863 4571 3059 4628 Judica
3089 4589 3190 4638 me,
3237 4588 3344 4627 non
3371 4571 3512 4641 quod
3558 4571 3815 4640 judicium

523 4674 628 4742 Qui
656 4688 862 4745 pauper
895 4683 1052 4728 natus
1083 4673 1135 4727 iu
1160 4687 1346 4739 carne,
1378 4669 1555 4725 iactus
1598 4678 1686 4725 est
1726 4669 1944 4724 unicum
2003 4684 2128 4739 pre-

524 4769 657 4823 tium
686 4765 893 4821 muudi.
930 4764 1070 4833 Quia
1095 4765 1281 4821 unicus
1311 4772 1357 4819 et
1387 4779 1587 4836 pauper
1616 4779 1733 4817 sum
1768 4780 1883 4835 ego.
1938 4761 2029 4818 Sic
2070 4772 2125 4820 et

523 4860 673 4916 Elias
703 4860 852 4914 solus
873 4859 1134 4915 remansit
1157 4858 1251 4931 (lll
1275 4855 1407 4929 Reg.
1438 4856 1591 4927 xvttt)
1616 4874 1630 4911 :
1663 4866 1720 4912 et
1739 4855 2005 4913 Jeretnias
2031 4871 2122 4911 so-

522 4953 608 5009 lus
634 4954 775 5010 sedit
796 4963 853 5008 et
879 4952 1050 5018 ﬂevit,
1078 4969 1107 5007 a
1132 4952 1290 5007 tnalis
1329 4951 1645 5006 hominibus
1689 4959 1973 5020 separatus
2005 4946 2118 5021 (Je-

521 5063 650 5102 rem.
682 5047 773 5117 xv)
805 5061 819 5098 :
851 5044 1007 5102 Unde
1027 5053 1085 5101 et
1108 5043 1280 5099 David
1310 5043 1442 5101 alibi
1470 5043 1603 5099 dicit
1637 5059 1649 5096 :
1686 5040 1939 5096 Habitare
1992 5040 2119 5096 facit

521 5139 682 5193 unius
704 5138 874 5193 moris
903 5137 956 5193 iu
980 5136 1143 5192 domo
1177 5135 1350 5208 (Psal.
1394 5134 1584 5207 vatt).
2080 5132 2087 5139 ’

595 5231 981 5288 Tribulationes
1004 5230 1175 5286 cordis
1194 5231 1294 5283 mei
1315 5227 1671 5299 multiplicata:
1699 5236 1840 5282 sunt.
1869 5227 1975 5283 Per
1996 5241 2118 5298 pas-

521 5326 762 5382 sionem.
796 5322 876 5378 De
901 5323 1284 5379 necessitatibus
1310 5322 1433 5377 meis
1461 5336 1582 5377 erue
1604 5335 1703 5375 me.
1751 5317 2117 5373 Necessitates

522 5434 660 5477 mea:
681 5423 828 5485 sunt,
856 5415 1094 5472 uthomo
1135 5433 1232 5489 pro
1255 5412 1568 5471 hominibus
1591 5412 1818 5480 moriar,
1840 5417 1897 5466 et
1935 5408 2057 5466 ideo
2087 5423 2117 5465 a

525 5525 579 5573 te
605 5513 833 5583 eripiar,
868 5521 928 5567 ut
952 5528 1260 5585 resurgam.

604 5605 737 5660 Vide
762 5602 1303 5659 Itumilitatcmmeam.
1326 5603 1431 5659 Pcr
1451 5618 1612 5675 quam
1635 5617 1857 5659 carnem
1880 5600 2120 5673 suscepi.

526 5697 596 5754 Et
625 5695 855 5749 laborem
881 5712 1066 5749 nteum.
1094 5698 1213 5764 Quo
1245 5696 1405 5752 morti
1435 5695 1658 5752 subdor.
1682 5695 1777 5752 Vel
1815 5695 1996 5751 aliter.
2037 5692 2126 5749 Vi-

531 5787 598 5843 de
620 5785 961 5842 humilitatem
983 5803 1147 5844 meam
1194 5798 1243 5845 et
1262 5788 1490 5846 laborem
1520 5804 1708 5846 meum.
1754 5787 2005 5848 Ecclesia
2045 5787 2126 5846 lo-

2228 4669 2470 4725 futurum
2496 4678 2654 4741 roget
2675 4684 2705 4723 a
2737 4668 2872 4738 Deo,
2905 4666 3001 4723 sed
3032 4666 3417 4722 discretionem
3451 4683 3467 4721 :
3514 4666 3584 4721 de
3633 4678 3733 4735 qua
3766 4660 3812 4713 iu

2223 4762 2334 4818 alio
2364 4760 2573 4834 psalmo
2624 4760 2892 4832 legimus
2920 4759 3111 4816 Judica
3135 4776 3244 4825 me,
3269 4759 3438 4826 Deus,
3466 4767 3521 4814 et
3570 4757 3813 4814 discerne

2224 4873 2446 4913 causam
2472 4871 2648 4911 meam
2679 4853 2854 4927 (Psal.
2888 4854 3018 4923 xw)
3048 4870 3063 4908 :
3095 4851 3198 4907 hoc
3220 4861 3325 4921 est,
3353 4862 3409 4906 ut
3439 4868 3542 4906 non
3578 4866 3663 4905 me
3678 4845 3812 4918 judi-

2224 4964 2318 5005 ccs
2348 4949 2401 5002 in
2429 4947 2633 5012 futuro,
2661 4947 2801 5001 sicut
2822 4945 3007 5000 caeteri
3033 4954 3350 5015 peccatores
3368 4942 3643 5014 judicaudi
3670 4943 3807 4995 sunt.

2228 5039 2487 5106 Quoniam
2527 5052 2620 5108 ego
2648 5038 2701 5091 in
2732 5038 3026 5092 innocentia
3076 5052 3190 5091 mea
3239 5036 3500 5108 ingressus
3536 5051 3670 5088 smn.
3715 5029 3808 5084 Pro

2226 5144 2380 5205 parte
2400 5148 2497 5187 sua
2522 5132 2655 5187 dicit
2700 5130 2962 5187 Ecclesia.
2996 5132 3074 5187 Ac
3097 5131 3142 5186 si
3165 5129 3312 5186 dicat
3340 5146 3352 5182 :
3386 5128 3578 5183 Parata
3599 5140 3713 5182 sum
3736 5122 3809 5176 iu-

2226 5235 2489 5287 uocenter
2516 5226 2721 5291 virere,
2749 5225 2874 5294 quia
2905 5222 3037 5277 nulli
3088 5222 3290 5286 nocuit,
3327 5235 3425 5275 nec
3456 5234 3649 5274 nocere
3677 5211 3809 5270 desi-

2223 5316 2379 5372 derat
2402 5313 2669 5373 Ecclesia.
2703 5313 2975 5384 Ingressus
3001 5329 3137 5380 sum,
3186 5311 3236 5366 id
3267 5321 3372 5379 cst,
3406 5310 3546 5364 inter
3576 5309 3809 5379 peccato-

2224 5425 2335 5479 res,
2356 5410 2445 5465 ubi
2466 5423 2637 5479 usque
2662 5409 2717 5463 in
2744 5406 2901 5463 linem
2929 5404 3160 5461 habitat.
3186 5404 3253 5459 Et
3276 5405 3326 5457 in
3352 5401 3578 5456 Domino
3606 5404 3807 5469 sperum

2228 5520 2332 5557 non
2386 5501 2642 5572 inﬁrmor.
2698 5498 2805 5555 Sed
2852 5498 3118 5553 lirmorin
3152 5495 3276 5552 (ide.
3331 5494 3455 5549 Non
3484 5493 3734 5563 inﬁrmor,
3760 5481 3804 5538 id

2226 5606 2332 5667 est,
2358 5597 2496 5651 inter
2521 5594 2617 5651 hos
2650 5602 2963 5664 peccatores
2991 5608 3004 5645 :
3032 5601 3314 5663 propterea
3327 5588 3450 5660 quia
3476 5586 3531 5642 in
3560 5595 3611 5642 te
3634 5592 3803 5655 spero,

2227 5706 2335 5749 ttOn
2360 5690 2413 5745 iu
2438 5704 2548 5746 me.

2300 5784 2477 5843 Proba
2524 5797 2624 5851 me,
2680 5779 2916 5852 Domine,
2940 5785 2985 5834 et
3025 5782 3170 5834 tenta
3198 5792 3293 5833 me.
3322 5770 3546 5833 Probari
3575 5786 3635 5830 se
3659 5770 3796 5838 rogat
