3980 6286
539 279 644 338 895

1322 272 1672 334 APPENDIX
1708 271 1802 330 AD
1839 270 2091 330 TOMUM
2127 268 2483 329 SEPTIMUM
2521 267 2583 326 S.
2623 267 3024 327 lllERONYMI.

3717 270 3814 327 890

537 407 703 461 meas,
750 389 805 446 id
853 396 934 445 est
964 430 978 456 ,
1021 386 1302 445 dmmones
1346 387 1434 443 vel
1478 391 1879 457 persecutores.
1927 378 2519 443 CarnesAmatorum.
2572 380 2842 454 Numquid
2872 382 2990 438 dies
3042 380 3173 438 mali
3216 384 3392 440 sunt?
3442 382 3562 440 Non
3592 429 3607 454 ,
3653 385 3747 441 sed
3775 385 3817 440 in

537 497 693 547 vero,
722 480 775 536 id
805 489 911 549 est,
942 477 1170 535 affectus
1198 477 1385 534 carnis
1416 494 1430 532 :
1462 476 1592 548 quia
1624 474 1727 531 hoc
1755 482 1845 531 est
1871 474 2026 531 cibus
2055 473 2137 545 ip-

536 588 748 631 sorum.
781 571 847 627 Et
880 580 1060 627 tamen
1092 570 1294 626 dantur
1321 570 1432 626 illis
1458 582 1660 625 carnes
1697 566 1862 625 edere
1888 585 1902 623 :
1933 566 1985 622 id
2012 574 2094 621 est
2116 607 2133 635 ,

539 678 771 735 corpora
800 672 1120 719 sanctorum
1162 661 1229 718 ad
1279 661 1737 734 persequendum.
1781 658 1889 718 Sed
1932 658 2139 716 habent

533 758 713 816 sancti
741 756 1170 814 consolationem
1196 771 1226 811 a
1250 756 1509 825 Domino,
1535 764 1593 811 ut
1621 756 1699 811 ait
1727 756 1781 811 in
1808 753 2131 824 Evangelia:

535 850 717 908 Nolite
744 850 942 907 timere
966 863 1062 906 eos
1092 848 1185 921 qui
1212 848 1474 905 occidunt
1497 862 1697 919 corpus
1730 865 1744 904 :
1774 844 2015 902 animam
2040 859 2137 900 au-

536 951 645 1000 tem
674 957 782 998 non
815 951 1046 1013 possunt
1087 939 1339 997 occidere
1368 938 1588 1012 (Matth.
1623 937 1702 1010 x).

612 1035 718 1104 Qui
745 1034 995 1089 tribulant
1036 1050 1117 1089 me
1146 1032 1342 1087 inimici
1403 1031 1503 1086 ntei
1534 1046 1555 1086 :
1583 1030 1686 1103 ipsi
1726 1029 1976 1100 inﬁrmati
2014 1037 2137 1084 sunt

533 1137 582 1182 et
613 1127 933 1182 ceciderunt.
982 1125 1121 1193 Quia
1169 1124 1435 1181 Dominus
1479 1122 1808 1178 illuminatio
1839 1136 1956 1178 mea
1998 1129 2129 1176 est:

532 1220 626 1292 qui
655 1219 903 1276 tributant
932 1236 1012 1275 me
1037 1219 1235 1273 inimici
1264 1218 1383 1285 mei,
1410 1217 1691 1273 daemones
1717 1257 1733 1283 ,
1758 1216 1847 1270 vel
1878 1230 2134 1286 persecu—

534 1320 685 1369 tores
720 1331 733 1367 :
767 1313 867 1385 ipsi
892 1312 1146 1383 inﬁrmati
1175 1319 1296 1367 sunt
1326 1319 1374 1365 et
1411 1309 1732 1364 ceciderunt.
1775 1307 1928 1365 Tunc
1976 1308 2131 1363 inlir-

536 1404 667 1462 mati
692 1414 839 1472 sunt,
871 1403 1090 1478 quando
1117 1394 1369 1460 Christus
1394 1410 1639 1459 nostram
1670 1402 1915 1474 suscepit
1940 1401 2132 1458 huma-

536 1498 785 1557 nitatem.

608 1594 673 1649 Si
698 1591 981 1647 eonsistunt
1011 1591 1284 1645 adversum
1315 1606 1394 1646 me
1433 1599 1610 1646 castra
1637 1606 1657 1645 :
1682 1607 1785 1645 non
1817 1588 2013 1645 timebit
2043 1604 2131 1643 cor

537 1701 727 1740 meum.
762 1683 1024 1740 Dominus
1050 1683 1198 1740 enim
1230 1682 1469 1740 bellator
1499 1682 1651 1739 fortis
1671 1728 1684 1753 ,
1720 1683 1838 1753 ipse
1870 1682 2131 1753 pugnabit

2243 473 2446 529 nostris
2491 473 2752 546 operibus
2800 473 2930 529 mali
2972 474 3246 543 dicuntur,
3301 484 3361 531 ut
3403 475 3613 532 Paulos
3653 476 3817 533 dicit:

2238 565 2504 633 Quoniam
2531 566 2649 622 dies
2679 566 2809 621 mali
2852 574 2981 621 sunt
3011 563 3228 638 (Ephes.
3258 565 3337 640 ν).
3390 567 3469 622 De
3513 567 3643 623 istis
3693 584 3819 638 pra:-

2237 657 2490 713 sentibus
2520 656 2714 714 diebus
2742 657 2894 714 dicit.
2943 658 3081 727 Quia
3124 659 3375 731 quamvis
3400 669 3570 731 caput
3615 676 3818 718 sursum

2238 750 2349 815 sit,
2389 751 2635 807 membra
2666 760 2848 808 tamen
2881 750 3058 808 adhuc
3086 751 3343 809 deorsum
3387 763 3517 809 sunt
3566 767 3742 824 usque
3775 756 3819 810 in

2237 843 2423 901 finem.
2455 844 2591 914 Quia
2620 854 2675 902 et
2703 847 2805 902 hoc
2833 853 2963 917 puto
2992 846 3312 916 significari,
3344 847 3571 918 quando
3603 849 3724 919 ipse
3747 865 3822 905 so-

2237 938 2325 993 lus
2356 938 2408 994 in
2441 946 2627 995 tnonte
2652 957 2664 994 :
2691 939 2939 994 navicula
2971 941 3026 994 in
3052 941 3184 995 mari
3208 940 3517 1011 jactabatur
3545 941 3821 1007 fluctibus,

2237 1037 2293 1087 et
2322 1029 2444 1086 ideo
2474 1029 2545 1085 ab
2584 1030 2701 1101 ipso
2747 1031 3088 1101 protectione
3136 1031 3379 1103 indigent
3423 1031 3648 1106 (Matth.
3686 1038 3819 1103 vni}.

2236 1122 2303 1179 In
2332 1125 2417 1179 die
2446 1125 2703 1180 malorum
2733 1142 2751 1182 :
2781 1125 2835 1181 in
2869 1125 3242 1181 insidiantium
3276 1126 3554 1183 felicitate.
3594 1123 3822 1183 Protesit

2235 1232 2315 1271 me
2338 1216 2391 1271 in
2418 1216 2723 1273 abscondito
2750 1217 3070 1273 tabernaculi
3115 1218 3219 1273 sui.
3273 1216 3332 1273 In
3375 1218 3541 1275 corde
3583 1219 3821 1276 credenti

2234 1308 2302 1366 ad
2327 1309 2615 1381 justitiam.

2305 1401 2372 1457 In
2398 1414 2544 1475 petra
2575 1404 2821 1459 exultauit
2852 1420 2949 1459 me.
2984 1403 3044 1460 In
3077 1403 3298 1460 Christo
3341 1404 3607 1461 exultavit
3635 1419 3734 1476 per
3766 1403 3823 1459 ii-

2233 1494 2379 1551 dem.
2413 1495 2569 1552 Petra
2595 1541 2609 1565 ,
2650 1494 2939 1554 Christus:
2970 1506 3033 1552 ut
3069 1496 3270 1553 Paulus
3300 1497 3378 1553 ait
3410 1516 3424 1551 :
3453 1497 3616 1554 Petra
3647 1508 3821 1554 autem

2232 1596 2352 1645 erat
2379 1586 2630 1644 Christus
2670 1587 2715 1659 (l
2752 1588 2871 1644 Cor.
2907 1585 2987 1660 κ).
3037 1587 3103 1644 1η
3142 1599 3288 1661 petra
3325 1588 3583 1646 exaltabit
3614 1607 3696 1645 me
3723 1607 3741 1644 :
3769 1591 3819 1646 la

2234 1695 2316 1749 se,
2348 1680 2441 1751 qui
2467 1689 2555 1737 est
2587 1680 2809 1737 stabilis
2836 1690 2987 1753 petra
3034 1696 3098 1737 ac
3125 1682 3470 1739 verissimum
3500 1683 3821 1739 fundamen-

539 1792 638 1850 pro
675 1792 780 1833 me.
826 1774 892 1833 Si
933 1776 1219 1832 consistant
1259 1775 1533 1831 aduersum
1568 1791 1648 1831 me
1672 1783 1843 1831 castra
1876 1791 1895 1831 :
1926 1774 1980 1830 id
2012 1783 2126 1843 cst,
2157 1770 2206 1831 Β
2238 1781 2371 1828 tum.
2418 1772 2489 1826 Et
2534 1790 2674 1828 nunc
2714 1772 2966 1830 exultauit
2997 1782 3150 1846 caput
3193 1792 3363 1829 nteant
3406 1792 3565 1848 super
3594 1776 3823 1830 inimicos

537 1869 800 1928 fortitudo
829 1868 1269 1937 daamoniorum,
1316 1869 1406 1926 vel
1454 1876 1893 1940 persecutorum.
1939 1868 2130 1926 Castra

538 1964 710 2035 dicit,
750 1963 1053 2021 secundum
1102 1963 1238 2020 illud
1274 1980 1289 2019 :
1321 1962 1709 2018 Castrametati
1759 1971 1887 2017 sunt
1930 1960 2129 2032 (Nunt.

535 2056 761 2128 xum).
796 2056 920 2112 Non
946 2056 1141 2112 timebit
1173 2072 1264 2109 cur
1291 2070 1484 2111 meum.
1518 2052 1762 2110 Ecclesia
1790 2054 1965 2119 dicit,
2000 2068 2129 2124 pro-

541 2161 663 2222 pter
691 2150 824 2207 illud
854 2150 998 2224 quod
1038 2150 1303 2207 Dominus
1330 2150 1470 2205 dixit
1498 2166 1512 2206 :
1545 2148 1688 2205 Ecce
1717 2164 1819 2221 ego
1847 2148 2127 2206 vobiscum

535 2255 656 2297 sum
699 2240 951 2298 omnibus
978 2241 1215 2311 diebus,
1258 2255 1435 2313 usque
1478 2240 1547 2298 ad
1593 2242 2127 2299 consummationem

535 2334 722 2390 saeculi
755 2333 975 2406 (Matth.
1008 2332 1158 2404 ult.).

608 2425 671 2481 Si
700 2436 945 2497 exsurgat
974 2425 1030 2480 in
1058 2441 1141 2481 me
1166 2424 1429 2497 praelium,
1459 2425 1515 2482 in
1544 2426 1641 2483 hoc
1667 2444 1763 2499 ego
1787 2428 2026 2501 sperabo.
2058 2428 2131 2487 Et

534 2519 582 2576 si
610 2529 931 2577 moveantur
956 2520 1220 2578 adversus
1248 2535 1337 2579 me
1368 2537 1583 2595 pugnae,
1612 2521 1893 2582 conlidens
1919 2540 2040 2581 sum
2072 2526 2124 2580 in

533 2612 618 2670 his
647 2632 662 2669 :
693 2629 761 2671 eo
785 2614 929 2686 quod
960 2616 1136 2685 possit
1167 2615 1313 2673 Deus
1336 2658 1351 2684 ,
1381 2616 1473 2689 qui
1499 2626 1585 2674 est
1612 2632 1740 2691 spes
1768 2634 1910 2687 mea,
1940 2621 2125 2691 iniqua

531 2704 638 2761 tela
690 2705 741 2760 in
791 2705 1137 2763 inimicorum
1168 2722 1263 2762 ora
1292 2706 1646 2780 detorquere.
1696 2709 1761 2766 Si
1801 2711 2044 2783 insurgat
2072 2713 2126 2767 in

529 2812 609 2851 me
638 2796 894 2865 prwlium.
941 2797 1052 2853 ista
1084 2797 1403 2870 supradicta
1435 2800 1623 2872 praelia
1650 2843 1665 2868 ,
1713 2817 1893 2873 pugna
1920 2802 2127 2860 daemo-

527 2888 763 2945 niorum.
792 2889 932 2963 Ego,
962 2890 1099 2950 dicit
1125 2892 1372 2951 Ecclesia
1400 2935 1415 2963 ,
1461 2896 1513 2951 in
1554 2895 1822 2953 auxilium
1878 2906 2026 2954 tuum
2069 2907 2125 2955 et

528 2980 905 3040 defensionem
933 2994 1082 3041 tuam
1108 2988 1365 3059 sperabo.

603 3072 772 3130 Unam
802 3077 928 3148 petii
955 3094 989 3132 a
1023 3077 1271 3147 Domino,
1299 3081 1433 3137 hanc
1455 3083 1739 3156 requiram.
1766 3083 2000 3150 Quidam
2031 3099 2124 3154 pu-

2233 1879 2393 1920 meos.
2428 1863 2589 1919 Nunc
2611 1905 2627 1929 ,
2675 1865 2731 1919 in
2766 1865 3021 1936 praesenti
3053 1883 3067 1920 :
3098 1881 3256 1934 super
3294 1867 3535 1921 inimicos
3562 1907 3578 1931 ,
3621 1865 3676 1921 id
3713 1875 3817 1933 est,

2232 1970 2401 2026 super
2444 1955 2578 2012 istos
2626 1955 2973 2026 supradictos
2999 1997 3015 2023 ,
3055 1955 3353 2011 exaltatum
3387 1965 3474 2013 est
3501 1965 3669 2029 caput
3704 1971 3822 2013 nos-

2232 2058 2397 2119 trum,
2425 2048 2570 2121 qttod
2597 2059 2682 2107 est
2713 2048 2965 2106 Christus
2990 2069 3002 2106 :
3032 2066 3199 2122 super
3222 2065 3417 2107 onmes
3442 2051 3699 2108 inimicos
3728 2052 3819 2108 Ec-

2230 2144 2435 2200 clesiae.
2470 2142 2539 2199 Et
2565 2161 2704 2199 nunc
2730 2145 2979 2200 exultavit
3010 2155 3164 2217 caput
3191 2161 3361 2201 meum
3401 2161 3562 2215 super
3594 2146 3818 2203 inimicos

2228 2255 2392 2308 meos,
2425 2253 2593 2309 super
2622 2248 2802 2294 motus
2830 2239 3114 2304 carnales,
3149 2239 3244 2311 qui
3282 2254 3370 2296 me
3399 2254 3550 2312 saepe
3575 2238 3817 2297 humilia-

2231 2332 2383 2400 bant,
2418 2348 2488 2388 ne
2513 2332 2760 2389 coelestia
2790 2333 3215 2404 contemplarer.

2301 2426 2542 2483 Circuibo
2570 2438 2618 2483 et
2643 2427 2922 2484 immolabo
2965 2430 3021 2484 in
3065 2428 3402 2485 tabernaculo
3442 2431 3560 2499 eius
3602 2431 3815 2486 hostium

2218 2522 2569 2595 jubilationis.
2599 2523 2857 2592 Circuibo,
2889 2524 2941 2580 id
2965 2532 3072 2593 est,
3098 2525 3446 2582 exercitabor
3473 2526 3529 2581 in
3556 2528 3815 2581 creaturis

2231 2613 2325 2670 Dei
2372 2634 2386 2671 :
2429 2615 2789 2671 considerans
2853 2617 3042 2673 orbem
3092 2617 3148 2673 in
3195 2616 3422 2673 Christo
3481 2617 3813 2674 credentem.

2228 2706 2366 2774 Quia
2394 2706 2707 2764 considerat
2733 2717 3013 2766 creaturas
3042 2709 3141 2767 Dei
3178 2729 3190 2765 :
3224 2725 3347 2766 cum
3387 2710 3595 2782 aliquis
3624 2711 3813 2767 omium

2227 2807 2283 2855 et
2333 2808 2575 2866 terram,
2624 2801 2711 2858 vel
2763 2817 2915 2859 mare
2965 2818 3091 2858 cum
3143 2805 3256 2860 suis
3296 2804 3642 2861 ornamentis
3683 2821 3810 2862 con-

2227 2894 2489 2965 spexerit,
2524 2896 2731 2953 invenit
2760 2897 2889 2969 quid
2923 2897 3169 2955 immolet
3207 2899 3345 2966 Deo,
3380 2900 3487 2958 hoc
3529 2909 3615 2956 est
3639 2941 3655 2967 ,
3702 2900 3812 2956 lau-

2225 2987 2372 3044 dem.
2410 2988 2654 3045 Circuibo
2679 3033 2695 3057 ,
2726 2994 2830 3047 hoc
2859 2999 2945 3048 est
2972 3034 2987 3059 ,
3028 3009 3125 3063 per
3154 3003 3393 3065 quatuor
3419 3001 3613 3065 partes
3640 2993 3813 3049 mundi

2227 3084 2480 3153 exempla
2524 3095 2843 3141 sanctorum
2890 3085 3144 3158 inquiro,
3178 3094 3234 3142 et
3277 3086 3352 3143 ibi
3400 3085 3678 3143 invenitur
3709 3087 3813 3141 laus

527 3172 645 3221 tant
671 3182 833 3224 unam
861 3169 1210 3239 charitatem,
1242 3173 1360 3230 sive
1388 3149 1642 3247 gratiam,
1667 3184 1761 3232 aut
1782 3149 1931 3234 certe
1960 3149 2122 3234 unam
2152 3149 2198 3214 C
2231 3173 2347 3230 Dei.
2394 3149 2464 3229 Et
2508 3176 2786 3233 immotabo
2815 3179 2871 3233 in
2899 3149 3228 3235 tabernaculo
3269 3180 3384 3250 ejus
3415 3179 3645 3234 hostiam
3683 3180 3814 3234 uoci-

524 3259 846 3332 petitionem
877 3263 982 3320 dici
1010 3282 1025 3324 :
1056 3282 1181 3322 cum
1213 3268 1376 3323 ahath
1409 3271 1642 3327 verbum
1680 3271 1994 3339 Hebrteum,
2028 3273 2123 3329 ah-

523 3354 705 3411 sulute
726 3374 887 3412 unum
910 3359 1145 3415 neutrali
1167 3375 1369 3432 genere
1392 3372 1571 3431 sonet,
1595 3372 1652 3419 et
1677 3363 1922 3432 legatur:
1947 3364 2122 3422 Unum

521 3447 647 3518 petii
675 3464 708 3503 a
737 3446 962 3505 Domino
985 3492 1000 3518 ,
1034 3451 1087 3507 id
1119 3461 1241 3523 est,
1276 3453 1451 3524 ipsum
1494 3455 1809 3512 Dominum.
1843 3457 2002 3514 Hunc
2040 3476 2121 3515 re-

521 3539 754 3612 quiram,
791 3541 843 3596 id
876 3551 994 3609 est,
1029 3543 1204 3614 ipsum
1232 3545 1549 3603 Dominum.

597 3631 668 3688 Ut
691 3632 974 3690 inhabitem
1002 3636 1057 3691 in
1087 3637 1245 3693 domo
1275 3638 1488 3696 Domini
1525 3643 1759 3700 ontnibus
1784 3646 1962 3701 diebus
2003 3648 2119 3703 t‘itw

524 3740 668 3780 mete.
696 3725 753 3781 In
784 3725 950 3783 domo
980 3728 1216 3798 Domini,
1248 3731 1435 3789 invita
1461 3743 1721 3805 perpetua
1744 3753 1759 3791 :
1783 3737 1912 3809 quia
1927 3753 2118 3810 quam-

518 3818 601 3873 vis
632 3819 878 3876 Ecelesia
907 3820 997 3878 hic
1017 3821 1234 3879 dicatur
1254 3824 1453 3882 domus
1481 3846 1493 3882 :
1522 3839 1701 3885 tamen
1727 3846 1838 3887 non
1871 3834 2113 3902 pr0prie,

518 3911 613 3962 sed
644 3913 1034 3982 nuncnpative.
1068 3912 1224 3971 Unde
1248 3915 1382 3973 dicit
1412 3936 1425 3973 :
1458 3920 1609 3977 Beati
1641 3922 1734 3993 qui
1784 3922 2029 3980 habitant
2060 3926 2111 3982 in

518 3997 683 4055 domo
717 4008 831 4072 tua,
870 4003 1098 4061 Domine
1128 4005 1251 4080 (Ps.
1284 4012 1541 4083 Lxxxm).

595 4090 662 4147 Ut
687 4092 889 4148 videam
910 4094 1230 4153 uoluntatem
1257 4101 1505 4160 Domini:
1535 4104 1585 4160 id
1615 4115 1721 4176 est,
1751 4106 2108 4167 dilectionem

521 4183 619 4278 Dei
655 4203 668 4240 :
699 4196 759 4242 ut
789 4185 920 4243 illud
947 4206 961 4243 :
986 4188 1305 4249 Videbimus
1326 4210 1451 4250 eum
1491 4198 1651 4253 sicuti
1676 4210 1759 4256 est
1790 4200 1971 4273 (Joan.
2002 4203 2108 4278 ut),

518 4277 614 4335 sed
661 4279 752 4336 hic
795 4296 896 4351 per
922 4284 1230 4353 speculum.
1265 4285 1441 4343 Unam
1477 4291 1602 4362 petii
1632 4308 1665 4345 a
1691 4290 1946 4363 Domino,
1979 4297 2113 4352 hanc

406 4444 411 4449 ι
511 4372 797 4444 requiram.
833 4374 1131 4433 Videamus
1153 4394 1273 4451 quas
1309 4391 1396 4437 est
1441 4398 1547 4439 una
1579 4385 1771 4456 petitio
1800 4405 1814 4443 :
1848 4387 1917 4444 Ut
1958 4389 2112 4446 inha-

514 4462 672 4521 bitem
691 4507 708 4533 ,
741 4469 961 4539 inquit,
995 4471 1050 4525 in
1076 4471 1228 4529 domo
1255 4472 1473 4532 Domini
1513 4478 1749 4535 omnibus
1777 4481 1959 4538 diebus
1986 4485 2107 4540 vita:

2227 3269 2520 3338 (arationis.
2571 3269 2727 3338 Quod
2772 3286 2872 3342 pro
2901 3271 3063 3328 nobis
3095 3271 3163 3328 ad
3194 3282 3408 3344 tempus
3454 3272 3807 3328 humilitatem

2225 3361 2519 3428 sustinuit,
2551 3364 2793 3435 gaudens
2830 3364 3141 3437 prmdicabo
3171 3383 3184 3421 :
3217 3367 3348 3438 quia
3393 3365 3593 3422 talibus
3630 3365 3809 3421 hostiis

2224 3454 2551 3513 delectatur.
2586 3458 2832 3513 Hostiam
2852 3458 3188 3533 jubilationis
3209 3503 3225 3527 ,
3267 3460 3372 3516 hoc
3404 3470 3522 3528 est,
3556 3458 3807 3531 praedica—

2227 3548 2411 3605 tionis.
2444 3549 2661 3608 .inbilus
2690 3549 2912 3619 dicitur,
2941 3552 3033 3623 qui
3063 3566 3166 3609 nec
3193 3566 3293 3624 per
3322 3552 3556 3620 litteras,
3590 3568 3692 3608 nec
3719 3566 3807 3622 per

2222 3642 2492 3716 syllabas,
2522 3660 2623 3700 nec
2654 3645 2837 3703 verbis
2878 3653 3065 3717 potest
3097 3646 3574 3718 comprehendere
3606 3648 3805 3718 magni-

2222 3734 2468 3791 tudinem
2521 3735 2850 3792 laudationis
2898 3736 3018 3793 Dei.
3071 3736 3264 3793 Hostia
3292 3737 3514 3803 dieitur,
3547 3755 3670 3810 qua:
3715 3753 3801 3809 per

2218 3837 2403 3897 partes
2423 3828 2704 3897 dividitur,
2728 3838 2784 3885 et
2813 3830 3035 3901 sanguis
3062 3830 3205 3886 circa
3234 3830 3734 3895 altareeﬂ‘unditur,
3749 3838 3797 3885 et

2218 3921 2333 3992 ipsa
2350 3921 2527 3977 hostia
2545 3921 2677 3977 foris
2690 3922 3394 3980 comburitur.Sacrllicinm
3412 3924 3614 3981 dicitur
3629 3926 3795 3979 vinum

2217 4023 2273 4069 et
2296 4013 2499 4079 oleum,
2525 4021 2582 4069 ει
2608 4014 2842 4069 medium
2866 4014 3099 4081 animal;
3134 4025 3190 4071 et
3209 4014 3615 4082 holocaustum,
3639 4026 3798 4072 totum

2217 4105 2560 4161 combustum
2579 4147 2593 4173 ,
2625 4116 2678 4162 et
2704 4107 2926 4163 victima
2955 4148 2970 4174 ,
3000 4117 3290 4180 antequam
3319 4110 3620 4167 occidatur.
3655 4110 3796 4167 Unde

2218 4198 2417 4256 Paulus
2461 4218 2473 4254 :
2518 4200 2765 4256 Hostiam
2837 4202 3015 4258 vivam
3064 4202 3242 4272 (Rom.
3294 4204 3415 4276 xu).
3468 4203 3698 4261 Cantabo
3753 4214 3798 4259 et

2216 4290 2479 4364 psalmum
2507 4292 2681 4348 dicam
2710 4293 2956 4351 Domino.
2988 4293 3239 4364 Cantabo,
3278 4296 3622 4367 praedicabo;
3654 4297 3795 4353 Psal-

2216 4400 2360 4438 mum
2384 4385 2576 4453 dicam,
2603 4401 2769 4457 opere
2791 4388 3097 4458 compleam
3126 4407 3137 4441 :
3162 4388 3250 4445 vel
3272 4388 3461 4446 laudes
3489 4390 3791 4462 spiritualcs

2217 4485 2399 4534 mente
2424 4479 2706 4534 concinam
2737 4478 2977 4535 dilatata.

515 4573 643 4612 mea
674 4574 696 4614 :
724 4569 782 4614 ut
813 4560 867 4615 in
894 4560 996 4618 hac
1025 4563 1129 4619 vita
1161 4567 1404 4635 mortali,
1437 4571 1695 4642 templum
1725 4582 1974 4631 sanctum
1999 4576 2108 4632 ειη.
2133 4546 2187 4607 Ῑ)
2283 4571 2518 4637 Exaudi,
2545 4572 2790 4635 Domine,
2816 4587 2990 4627 vocem
3012 4588 3198 4639 meam,
3224 4591 3329 4646 qua
3354 4574 3576 4629 clamaui
3605 4574 3676 4630 ad
3700 4583 3747 4629 te
3769 4590 3788 4629 :

513 4651 650 4716 eiar,
682 4653 735 4709 in
763 4670 873 4727 quo
925 4657 1069 4715 Deus
1119 4659 1426 4719 inhabitare
1465 4662 1741 4735 dignetur.
1791 4666 1862 4722 Et
1906 4669 2105 4726 uisitem

513 4745 761 4818 templum
790 4750 925 4820 ejus.
961 4749 1057 4805 Eis
1085 4750 1177 4821 qui
1209 4752 1261 4808 in
1295 4753 1461 4810 terris
1490 4756 1684 4827 positi,
1714 4759 1992 4817 caelestem
2018 4762 2103 4817 vi-

514 4848 623 4894 tam
657 4849 822 4911 agunt
852 4883 867 4908 ,
902 4842 1179 4915 particeps
1224 4842 1375 4901 tiam.
1419 4846 1488 4903 Et
1533 4856 1789 4921 protegar
1818 4851 1870 4907 itt
1904 4854 2106 4924 templo

506 4942 702 4986 saneto
724 4931 844 5003 ejus
869 4950 882 4988 :
908 4933 959 4990 id
983 4937 1515 5008 est,’protectionem
1538 4940 1608 4996 ab
1627 4941 1748 5013 ipso
1772 4957 1935 5014 supra
1957 4945 2103 5002 dicto

509 5019 761 5079 habeam.

583 5111 844 5180 Quoniam
869 5115 1138 5173 abscondit
1165 5135 1248 5174 me
1286 5121 1342 5175 in
1382 5121 1717 5181 tabernaculo
1751 5143 1869 5182 suo.
1903 5128 1958 5185 In
1989 5145 2098 5201 quo

504 5219 606 5277 per
635 5205 796 5263 Iidem
832 5208 1103 5277 inhabitet,
1145 5227 1359 5269 mecum
1393 5231 1408 5269 :
1446 5230 1516 5271 ne
1559 5217 1690 5272 mihi
1740 5222 2096 5278 tentationum

506 5299 794 5356 obviarent
832 5302 1107 5372 procellae.
1151 5302 1586 5362 Tabernaculum
1615 5307 1917 5367 divinitatis
1942 5356 1957 5380 ,
2001 5313 2102 5369 hu.

506 5392 742 5448 manitas
766 5391 975 5451 Christi
1005 5402 1110 5452 est.
1146 5395 1449 5454 Abscondit
1490 5400 1792 5457 Ecclesium
1828 5404 1883 5459 in
1919 5407 2102 5461 taber-

503 5487 700 5543 naculo
724 5500 825 5542 suo
852 5506 866 5543 :
889 5489 1016 5560 quia
1044 5496 1209 5562 caput
1233 5500 1480 5549 nostrum
1503 5492 1758 5552 Christus
1783 5507 1888 5567 est,
1914 5506 1971 5554 et
1996 5513 2096 5554 nos

504 5578 748 5635 membra
779 5578 944 5636 illius.
976 5580 1281 5637 Abseondit
1323 5598 1455 5656 ergo
1488 5585 1787 5643 Ecelesiam
1826 5589 1968 5660 apud
1998 5605 2059 5647 se
2080 5632 2096 5658 ,

502 5680 559 5726 ut
580 5670 782 5727 dictum
805 5679 890 5727 est
914 5688 928 5726 :
956 5672 1153 5727 Mortui
1184 5672 1330 5730 enim
1358 5676 1516 5748 estis,
1546 5687 1600 5734 et
1629 5679 1737 5735 vita
1765 5690 1946 5739 vestra
1971 5682 2101 5739 abs-

504 5762 722 5820 condita
764 5771 847 5819 est
879 5779 1001 5820 cum
1035 5764 1253 5821 Christo
1292 5767 1346 5823 in
1377 5769 1490 5828 Deo
1522 5771 1742 5843 (Cotoss.
1776 5774 1883 5848 ut).
1919 5773 1983 5832 In
2008 5776 2092 5834 die

2211 4668 2456 4723 miserere
2505 4667 2608 4722 mei
2643 4676 2692 4721 et
2720 4665 2915 4721 exaudi
2943 4681 3043 4719 me.
3077 4664 3184 4721 Per
3216 4666 3493 4724 interioris
3530 4668 3677 4724 enim
3705 4667 3794 4723 ho-

2209 4760 2376 4816 minis
2405 4760 2704 4816 clamorem
2738 4759 3008 4830 deprecor
3038 4767 3098 4814 ut
3127 4758 3388 4815 exaudias
3420 4776 3527 4816 me.

2278 4851 2398 4907 Tibi
2428 4853 2561 4909 dixit
2592 4868 2681 4907 eor
2713 4868 2880 4906 meum
2899 4891 2915 4918 ,
2946 4851 3220 4923 exquisivi:
3251 4862 3300 4907 te
3327 4851 3494 4922 facies
3522 4870 3637 4909 mea
3669 4870 3687 4908 :
3717 4857 3794 4925 fa-

2206 4944 2337 5000 ciem
2364 4955 2540 5011 tuam,
2571 4942 2815 5011 Domine,
2851 4945 3137 5017 requiram.
3158 4944 3356 5000 Merito
3383 4958 3481 5001 cor
3515 4946 3649 5017 justi
3679 4947 3791 5003 vnl-

2204 5044 2319 5091 tum
2346 5037 2586 5092 viventis
2628 5035 2727 5092 Dei
2771 5037 3000 5108 requirit
3032 5054 3046 5091 :
3079 5035 3204 5108 quia
3249 5052 3373 5092 eum
3402 5036 3592 5094 videre
3639 5053 3790 5109 posse

2203 5128 2454 5186 confidit.
2505 5129 2656 5185 Beati
2697 5129 2842 5184 enim
2889 5128 3107 5184 mundo’
3131 5128 3300 5185 corde
3341 5148 3354 5184 :
3395 5131 3655 5201 quoniam
3694 5130 3788 5202 ipsi

2207 5223 2379 5279 Deum
2412 5222 2677 5278 videbunt
2707 5222 2923 5294 (Matth.
2951 5221 3036 5294 tt).
3065 5222 3331 5289 Quaesivit
3360 5222 3528 5280 facies
3566 5240 3690 5281 mea
3718 5225 3789 5279 fa-

2205 5314 2345 5371 ciem
2388 5322 2565 5380 tuam,
2601 5312 2706 5369 hoc
2733 5320 2819 5368 est
2840 5356 2856 5381 ,
2891 5312 3133 5369 Ecclesia
3166 5328 3282 5369 mea
3315 5311 3508 5371 faciem
3536 5325 3680 5372 tuam
3711 5331 3789 5372 rc-

2207 5405 2434 5477 qnisivit
2469 5424 2479 5458 :
2515 5404 2619 5459 hoc
2656 5412 2775 5475 est,
2820 5404 3164 5475 praesentiam
3205 5413 3373 5460 tuam.

2283 5498 2370 5554 Ne
2391 5507 2592 5554 avertas
2628 5498 2816 5570 faciem
2845 5505 2987 5551 tuam
3020 5513 3052 5552 a
3088 5514 3187 5552 me.
3222 5497 3364 5553 Alibi
3394 5498 3566 5556 dicit:
3594 5503 3783 5557 Averto

2207 5591 2400 5649 faciem
2430 5601 2576 5647 tuam
2606 5606 2634 5645 a
2660 5591 2900 5663 peccatis
2926 5591 3062 5646 meis
3087 5587 3263 5661 (Psat.
3296 5589 3374 5660 ι).
3408 5590 3471 5647 Et
3504 5590 3608 5647 hoc
3634 5608 3781 5648 oran-

2205 5685 2333 5742 dum
2374 5694 2477 5743 est.
2512 5683 2619 5742 Sed
2658 5685 2746 5741 hic
2774 5684 2910 5740 dicit
2949 5703 2961 5737 :
2997 5682 3083 5739 Ne
3128 5692 3331 5738 avertas
3371 5683 3558 5755 faciem
3608 5696 3781 5750 tuam;

2207 5777 2261 5836 id
2296 5785 2384 5835 est
2407 5817 2422 5847 ,
2456 5792 2524 5834 ne
2553 5775 2799 5835 dimittas
2836 5789 2926 5832 me
2958 5778 3011 5835 in
3049 5774 3268 5847 propria
3297 5775 3576 5835 voluntate
3603 5796 3616 5832 :
3648 5777 3779 5835 sicut
