3980 6294
118 259 227 316 897

1047 254 1480 315 BREVlARlUM
1525 252 1588 310 IN
1630 249 1964 312 PSALMOS.
2008 250 2258 312 PSSLM.
2302 250 2519 312 XXVII.

3315 254 3424 315 898

120 374 329 427 dictum
376 378 465 427 est
497 389 508 423 :
538 368 782 425 Tradidit
829 369 955 426 illos
996 371 1143 428 Deus
1187 373 1242 428 in
1275 370 1570 444 reprobum
1600 385 1723 425 seno
1753 370 1807 431 Α
1832 367 1922 423 Iud
1951 367 2172 441 (Matth.
2207 366 2378 440 χχιιι).
2418 368 2512 425 Vel
2551 376 2737 425 contra
2777 366 3079 425 Ecclesium
3110 366 3299 425 dicunt
3328 369 3422 425 ad-

117 481 240 521 sum
278 462 467 535 (Rom.
500 461 540 535 ι)
572 481 584 517 :
618 462 724 519 hac
753 471 857 531 est,
889 464 1152 534 permisit.
1184 462 1269 519 Ne
1298 463 1528 519 declines
1558 465 1611 518 in
1642 464 1724 519 ira

116 574 148 612 a
177 571 327 612 servo
356 567 470 611 tuo.
503 556 707 612 Servus
742 556 788 612 si
820 557 1107 612 Dominum
1142 566 1421 614 terrenum
1452 556 1677 613 oﬂ'endit
1701 599 1717 625 ,

114 667 240 706 cum
286 663 494 719 pavore
522 655 578 705 et
609 657 757 705 metu
791 658 876 705 est
909 666 924 705 :
964 656 1171 720 quanto
1216 650 1388 721 magis
1431 648 1632 717 homo,
1672 649 1717 704 si

113 742 287 801 Deum
320 741 610 799 caelestem
634 740 916 798 oﬂendat?
945 740 1091 813 Ergo
1125 741 1229 797 hoc
1260 750 1417 813 rogat
1446 738 1715 807 Ecclesia,

114 844 175 892 ut
202 836 356 892 illam
382 835 475 891 hic
496 834 778 907 corripiat,
806 843 861 890 et
884 833 1032 890 illam
1059 833 1260 891 videat.
1291 834 1363 891 Ut
1389 848 1496 888 non
1523 832 1593 889 ab
1621 832 1717 888 illa

111 945 237 987 cum
269 929 350 985 ira
383 926 671 997 discedat,
705 927 801 983 sed
832 932 895 983 ut
920 926 1011 982 illa
1038 935 1192 999 gerat
1216 940 1284 983 ea
1316 941 1346 980 a
1377 925 1576 998 quibus
1602 939 1712 981 non

109 1021 353 1078 declinet
390 1038 402 1073 :
437 1020 538 1076 sed
562 1018 699 1076 facie
730 1018 1023 1090 propitiata
1054 1018 1335 1090 respiciat.

181 1111 417 1186 Adjutor
461 1126 605 1165 meus
645 1118 784 1176 esto,
823 1108 1078 1174 Domine,
1122 1126 1187 1165 ne
1220 1107 1556 1177 derelinquas
1593 1124 1710 1176 me,

114 1222 273 1278 neque
303 1204 567 1277 despicias
605 1220 687 1259 me
723 1201 869 1259 Deus
901 1203 1154 1258 salutaris
1191 1218 1356 1257 meus.
1385 1201 1629 1271 Adjutor,
1656 1201 1709 1257 in

109 1300 398 1374 prtesenti.
448 1297 614 1366 Esto,
665 1308 773 1354 tam
803 1298 875 1354 de
918 1297 1174 1369 przesenti
1204 1338 1216 1362 ,
1245 1312 1407 1369 quam
1432 1295 1501 1352 de
1529 1296 1710 1352 futuro

110 1393 365 1465 pertinet.
411 1389 500 1446 Ne
523 1391 852 1459 derelinquas
894 1403 1220 1461 me:neque
1266 1389 1394 1454 hic,
1437 1403 1615 1460 neque
1655 1389 1707 1444 in

105 1488 312 1543 futuro.
366 1484 556 1553 Neque
594 1484 851 1557 despicias
896 1499 1015 1550 me,
1065 1482 1207 1538 Deus
1244 1482 1493 1537 salutaris
1539 1498 1703 1538 meus.

106 1578 374 1635 Salutaris
405 1588 602 1634 noster
632 1576 887 1633 Christus
915 1586 1023 1644 est,
1053 1586 1107 1633 et
1137 1575 1240 1632 hoc
1272 1583 1426 1647 rogat
1458 1574 1703 1632 Ecclesia

105 1680 164 1728 ut
190 1686 295 1727 non
327 1670 672 1742 despiciatur
701 1670 769 1725 ab
797 1670 889 1725 illo
927 1688 938 1722 :
972 1668 1024 1724 id
1066 1678 1192 1735 est,
1247 1683 1355 1723 non
1400 1668 1704 1724 committat

1830 459 2085 516 versarii.
2119 459 2340 514 Mcntita
2368 468 2443 515 est
2472 460 2716 529 iniquitas
2754 460 2895 515 sibi:
2935 459 2989 516 id
3022 469 3133 529 est,
3177 459 3421 515 sibimet-

1823 551 1958 624 ipsis
1985 552 2195 609 mentiti
2225 561 2373 620 sunt,
2405 560 2462 610 et
2489 569 2597 610 non
2627 553 2793 609 mihi:
2823 551 2951 626 quia
2973 554 3133 610 unius
3152 552 3421 624 cujusque

1819 643 2015 699 vitium
2045 643 2099 699 in
2122 659 2280 700 suum
2309 645 2547 701 recurrit
2573 654 2872 702 auctorem.
2900 644 2968 699 Et
2989 646 3199 700 mentita
3220 653 3295 700 est
3320 643 3422 698 ini-

1818 736 1989 806 quitas
2012 735 2132 791 sibi.
2166 736 2358 792 Testes
2383 736 2670 808 ﬂagitiosi,
2702 738 2758 794 in
2787 753 2856 794 eo
2884 737 3029 809 quod
3059 745 3255 794 contra
3279 736 3418 792 alios

1817 829 2202 884 mentiuntur:
2254 829 2355 886 sibi
2395 832 2755 897 mentiuntur,
2794 829 2922 885 dum
2952 830 3006 885 in
3048 844 3109 886 se
3149 828 3413 901 supplicia

1815 926 2139 990 prmparanl,
2166 928 2420 991 putantes
2448 920 2619 977 Deum
2648 937 2759 977 non
2793 920 3073 977 vindicare
3101 921 3409 977 mendacia.

1884 1010 2050 1066 Credo
2078 1011 2249 1066 videre
2279 1011 2414 1066 bona
2441 1009 2692 1082 Domini,
2731 1013 2788 1068 in
2811 1022 2950 1068 terra
2974 1013 3268 1069 viventium.
3292 1011 3409 1068 Vox

1815 1099 2099 1157 Ecclesiae.
2136 1099 2204 1155 In
2243 1111 2382 1156 terra
2421 1102 2730 1171 viventium,
2757 1104 2882 1176 quia
2926 1104 3119 1175 pignus
3158 1113 3405 1160 nostrum

1812 1191 1945 1249 illuc
1972 1209 2190 1249 sursum
2214 1193 2511 1262 habemus,
2541 1195 2683 1267 quod
2713 1203 2799 1252 est
2823 1194 3098 1252 Christus.
3128 1195 3225 1252 Ille
3252 1211 3412 1252 acce-

1811 1285 1890 1357 pit
1914 1285 1985 1342 de
2012 1296 2200 1343 nostra
2234 1296 2378 1344 terra
2430 1288 2661 1344 mortale
2701 1302 2935 1358 corpus,
2967 1299 3022 1344 et
3058 1303 3156 1344 nos
3194 1287 3263 1344 ab
3290 1289 3408 1359 ipso

1807 1381 2119 1452 accepimus
2146 1396 2298 1452 spem
2329 1391 2385 1438 et
2407 1380 2590 1449 ﬁdem,
2625 1389 2680 1437 et
2710 1396 2811 1451 per
2835 1395 2987 1452 spem
3014 1388 3070 1436 et
3097 1380 3255 1437 (idem
3286 1395 3408 1437 cre-

1775 1472 2028 1538 ’dcntes,
2078 1473 2463 1543 perveniemus
2503 1473 2559 1529 in
2594 1482 2794 1530 terram
2838 1471 3134 1527 viventium
3168 1489 3180 1525 :
3216 1471 3269 1526 in
3301 1487 3404 1543 qua

1805 1565 1981 1621 sancti
2010 1566 2231 1637 capient
2255 1566 2632 1623 lrmreditatem
2662 1565 2813 1638 regni
2834 1565 3122 1622 coriorum.
3151 1561 3409 1637 Exspecta

1805 1658 2115 1715 Dominum.
2149 1660 2204 1717 ld
2245 1672 2362 1728 est,
2404 1676 2576 1733 usque
2622 1661 2676 1717 in
2723 1663 2882 1717 tinem
2913 1660 3099 1717 saeculi
3145 1657 3407 1733 quidquid

104 1765 230 1823 illud
262 1772 549 1835 peccatum
577 1779 673 1835 per
693 1762 837 1835 quod
863 1778 894 1817 a
924 1762 1039 1819 Deo
1064 1762 1417 1834 despiciatur.
1446 1760 1530 1817 Ne
1556 1762 1701 1819 dere.
1733 1747 1785 1809 Β
1812 1752 1905 1808 tibi
1933 1754 2232 1810 accesserit
2264 1752 2449 1826 [Forte
2477 1752 2794 1826 acciderit],
2826 1768 2926 1825 pro
2955 1753 3173 1810 Christo
3197 1753 3410 1825 patien-

104 1857 307 1928 tinqnas
338 1873 421 1912 me
447 1872 467 1911 :
498 1872 623 1913 cum
658 1855 920 1927 eruciﬁgo
960 1869 1155 1911 carnes
1196 1869 1347 1910 meas
1385 1869 1510 1910 cum
1552 1854 1700 1911 vitiis

106 1962 156 2007 et
185 1948 678 2020 concupiscentiis.
727 1946 912 2019 Neque
941 1947 1197 2020 despicias
1233 1963 1343 2013 me,
1370 1943 1512 2001 Deus
1550 1946 1696 2002 salu-

107 2042 227 2096 laris
254 2059 397 2098 meus
427 2058 444 2095 :
477 2042 608 2113 quia
638 2048 693 2097 ct
721 2041 766 2097 si
793 2041 1036 2097 mortalis
1062 2056 1183 2096 sum
1217 2047 1420 2110 tamen,
1453 2040 1699 2098 coelestia

109 2152 215 2208 qtnr
224 2154 309 2199 ro.

176 2230 439 2300 Quoniam
482 2238 635 2303 pater
672 2247 813 2287 meus
879 2239 927 2286 et
969 2238 1132 2285 mater
1170 2245 1285 2285 mea
1315 2227 1698 2301 dereliquerunt

112 2335 201 2377 me.
220 2320 397 2393 Pater,
421 2322 676 2380 diabolus
702 2342 715 2377 :
740 2332 923 2389 mater,
952 2322 1268 2395 Babylonia,
1291 2322 1377 2378 vel
1401 2320 1695 2393 gentilitas,

109 2426 386 2488 antequam
436 2415 694 2473 Christus
736 2416 948 2474 veniret
997 2418 1050 2472 in
1098 2416 1395 2483 mundum,
1442 2424 1698 2487 parentes

111 2508 257 2565 nobis
296 2509 545 2566 fuerunt.
577 2508 737 2565 Modo
767 2517 921 2581 pater
950 2518 1155 2575 noster,
1187 2508 1334 2563 Deus
1363 2515 1477 2573 est,
1502 2515 1558 2564 et
1583 2522 1699 2563 ma-

112 2609 185 2657 ter
207 2611 387 2658 nostra
407 2645 423 2671 ,
454 2602 769 2659 Jerusalem
801 2602 1042 2661 cmlestis
1078 2620 1091 2658 :
1135 2614 1194 2659 ut
1221 2605 1299 2660 ait
1334 2605 1532 2661 Paulus
1563 2622 1576 2659 :
1607 2604 1699 2663 Je-

111 2694 333 2752 rusalem
366 2712 493 2767 quae
519 2704 604 2752 est
632 2704 810 2752 mater
836 2706 1023 2752 nostra
1046 2694 1247 2769 (Galat.
1293 2698 1397 2769 tv).
1435 2698 1696 2765 Quoniam

108 2796 240 2859 pater
273 2806 410 2845 incus
440 2799 497 2846 et
532 2798 696 2845 mater
737 2806 851 2844 mea
881 2790 1264 2860 dereliquerunt
1292 2806 1411 2845 me:
1440 2789 1695 2846 Dominus

110 2892 265 2937 autem
305 2887 591 2958 assumpsit
666 2900 765 2939 me.
815 2883 1061 2955 Regnum
1114 2883 1300 2940 mundi
1355 2893 1411 2941 et
1447 2884 1694 2940 civitates

111 2971 257 3044 hujus
294 2976 477 3032 smculi
515 2991 633 3043 quas
666 2990 752 3030 me
777 2984 1115 3046 genuerunt,
1147 2984 1202 3031 et
1226 2975 1429 3032 caduca
1461 2976 1693 3047 proruit-

111 3066 307 3135 tebant,
337 3068 577 3141 reliqui,
609 3075 666 3126 et
704 3083 736 3124 a
761 3078 814 3124 te
843 3078 1155 3140 assumptus
1176 3111 1191 3136 ,
1224 3070 1293 3127 ab
1333 3069 1417 3126 his
1447 3085 1568 3125 sum
1597 3069 1693 3126 de-

108 3157 336 3214 relictus.
366 3160 510 3227 Quia
533 3169 676 3231 pater
703 3177 847 3216 meus
900 3169 948 3216 et
975 3169 1137 3216 mater
1165 3178 1279 3216 mea
1309 3161 1690 3231 dereliquerunt

110 3264 199 3303 me.
228 3251 407 3308 Potest
437 3263 503 3310 et
534 3253 601 3308 de
629 3252 797 3308 David
829 3252 1152 3322 simpliciter
1176 3254 1349 3326 accipi
1375 3296 1390 3322 ,
1416 3255 1561 3327 quod
1594 3255 1694 3310 mi-

110 3339 270 3397 nimus
300 3344 438 3400 inter
459 3344 689 3413 fratres,
720 3360 750 3400 a
773 3345 1093 3416 parentibus
1120 3356 1490 3418 contemptus,
1521 3362 1550 3402 a
1580 3347 1691 3404 Deo

111 3432 298 3490 electus
343 3446 427 3493 est
465 3452 573 3509 per
617 3437 948 3494 Samuelem.
991 3436 1048 3493 ln
1087 3453 1376 3496 commune
1414 3455 1565 3507 vero,
1598 3455 1691 3512 pa-

110 3536 305 3583 rentum
330 3529 382 3585 in
414 3530 545 3586 ﬁliis
568 3545 722 3586 amor
741 3541 917 3588 morte
945 3530 1128 3588 linitur
1155 3550 1171 3587 :
1199 3532 1291 3589 Dei
1319 3547 1473 3590 amor
1494 3535 1690 3591 crescit

109 3612 156 3670 in
171 3624 427 3691 tempore.

174 3707 347 3782 lugent
382 3713 520 3769 mihi
555 3715 840 3782 constitue,
904 3713 1149 3771 Domine.
1182 3714 1398 3787 Legem,
1434 3718 1682 3790 temetip-

111 3812 244 3866 sum,
271 3807 388 3877 quia
419 3809 546 3880 ipse
575 3820 656 3865 est
688 3809 797 3866 lex.
828 3808 895 3864 In
920 3810 1004 3865 via
1038 3821 1128 3867 tua
1158 3831 1175 3868 :
1205 3810 1257 3867 id
1286 3818 1391 3878 est,
1419 3812 1687 3869 mandatis

112 3893 221 3949 tuis.
252 3897 377 3965 Quae
415 3908 552 3956 sunt
597 3901 689 3956 illa
735 3901 1032 3958 mandata?
1077 3902 1147 3959 Ut
1187 3918 1294 3959 non
1336 3903 1581 3961 declines
1618 3903 1684 3961 ad

110 3982 399 4061 dexteram,
431 4007 616 4065 neque
647 3993 714 4049 ad
742 3994 1022 4050 sinistram
1044 4036 1060 4062 ,
1092 4004 1149 4052 et
1174 4012 1281 4051 non
1310 3995 1569 4067 respicias
1601 4012 1689 4053 re-

111 4089 208 4152 tro,
232 4095 285 4141 nt
316 4088 444 4145 illud
473 4108 491 4144 :
523 4088 694 4145 Nemo
722 4104 930 4162 ponens
958 4105 1175 4146 manum
1207 4105 1358 4146 suam
1393 4090 1446 4146 in
1475 4101 1681 4156 aratro,

111 4181 158 4228 et
183 4179 440 4247 aspiciens
492 4190 664 4250 retro,
716 4191 873 4253 aptus
921 4193 1004 4238 est
1026 4197 1194 4254 regno
1230 4182 1495 4239 caelorum
1527 4181 1680 4256 (Luc.

110 4280 178 4338 ix,
213 4270 285 4343 6).
326 4274 394 4331 Et
435 4277 569 4332 item
600 4293 614 4331 :
651 4275 919 4332 Memores
957 4286 1135 4333 estote
1163 4276 1348 4332 uxoris
1395 4274 1498 4332 Lot
1530 4275 1681 4349 (Luc.

110 4360 254 4435 χιιι).
282 4365 345 4421 Et
374 4382 435 4424 ea
462 4384 584 4441 qua:
611 4384 834 4425 sursum
864 4377 991 4425 sunt
1012 4370 1271 4441 quaerite,
1300 4384 1408 4425 non
1440 4384 1560 4441 quae
1588 4384 1681 4425 su-

113 4466 200 4523 per
226 4467 440 4517 terram.
477 4464 671 4537 Legem
697 4479 831 4538 pone
861 4463 1025 4532 mihi,
1056 4461 1282 4519 Domine
1306 4504 1320 4529 ,
1354 4465 1409 4519 in
1429 4465 1512 4519 via
1543 4473 1633 4519 tua
1662 4479 1683 4519 :

112 4554 154 4598 et
175 4548 331 4623 dirige
359 4572 436 4610 me
461 4556 515 4610 in
552 4555 737 4611 semita
763 4564 927 4611 recta.
958 4554 1030 4612 Ut
1055 4570 1162 4611 non
1196 4554 1466 4611 declinem
1491 4569 1523 4611 a
1550 4555 1682 4611 dex-

114 4635 204 4691 tris
231 4654 281 4696 et
307 4643 571 4715 sinistris,
604 4647 701 4704 sed
730 4656 819 4702 tua
849 4662 1086 4719 sequens
1114 4646 1363 4703 mandata
1383 4687 1398 4714 ,
1432 4646 1681 4718 viamque

113 4729 300 4797 N3Siam
326 4736 609 4806 gradiens,
656 4746 856 4794 terram
902 4738 1343 4809 repromissionis
1384 4737 1676 4810 ingrediar.

116 4815 319 4893 Propter
358 4829 593 4886 inimicos
623 4847 764 4886 meos
797 4846 815 4884 :
845 4830 1092 4887 carnales
1130 4839 1329 4899 motus,
1366 4829 1676 4899 dtemones,

113 4906 383 4977 htereticos
419 4935 818 4995 persecutores.

175 5005 254 5062 Ne
283 5017 555 5075 tradideris
585 5035 665 5075 me
693 5021 747 5074 in
785 5021 988 5076 animas
1031 5020 1446 5093 persequentium
1482 5038 1583 5077 me.
1612 5020 1683 5079 Ut

115 5108 211 5154 non
232 5104 451 5164 satietur
476 5113 656 5168 anima
686 5127 876 5169 eorum
906 5113 976 5171 de
1002 5114 1423 5171 adversitatibus
1441 5131 1562 5186 qum
1591 5130 1678 5171 ac-

116 5189 285 5250 cidunt
312 5201 462 5258 mihi.
495 5205 755 5274 Quoniam
782 5208 1178 5263 insurrexerunt
1208 5209 1263 5263 in
1294 5224 1374 5263 me
1401 5218 1551 5264 testes
1572 5210 1679 5264 ini—

113 5285 222 5350 ‘lui:
245 5297 288 5343 et
312 5298 519 5353 mentita
546 5310 621 5356 est
645 5301 894 5370 iniquitas
920 5302 1040 5356 sibi.
1074 5300 1476 5358 Insurrexerunt
1498 5303 1551 5357 in
1577 5320 1677 5371 me,

115 5371 335 5462 dicentes
380 5391 717 5449 mendacium
758 5411 771 5447 :
813 5393 908 5451 sed
949 5408 1072 5449 cum
1121 5394 1177 5449 in
1224 5405 1277 5450 te
1305 5393 1675 5462 confiderem,

114 5460 351 5529 destructi
382 5489 505 5536 sunt
532 5482 587 5539 in
620 5483 908 5541 mendacio
943 5499 1061 5542 suo.
1096 5484 1357 5552 Quoniam
1380 5485 1677 5540 insurrexe-

114 5568 222 5612 runt
248 5563 297 5618 in
323 5584 395 5623 me
414 5578 562 5630 testes
582 5576 769 5649 iniqui.
797 5576 1003 5633 Contra
1023 5576 1300 5633 Christum
1322 5584 1490 5631 testes
1511 5575 1680 5647 iniqui

114 5657 471 5738 surrexerunt,
522 5668 739 5738 quando
784 5667 1041 5724 dixerunt
1085 5667 1306 5725 Judaei:
1354 5666 1453 5722 Hie
1497 5665 1675 5723 dixit:

119 5734 371 5809 Destruitc
405 5734 660 5833 templum
692 5762 816 5834 hoc,
838 5765 911 5835 ζει
938 5762 991 5817 in
1033 5762 1215 5822 triduo
1243 5758 1584 5821 rcmdiﬂcabo
1612 5759 1676 5817 il-

1807 1853 1893 1902 tcr
1920 1847 2151 1904 sustine.

1881 1938 2119 1995 Virititer
2137 1955 2254 2012 age.
2287 1938 2343 1995 ιιι
2372 1949 2477 2009 εει,
2501 1940 2718 1998 fortiter
2742 1955 2845 2013 age
2873 1958 2884 1994 :
2919 1948 2978 1996 ut
3003 1938 3141 1997 dixit
3162 1940 3401 2012 Angelus

1801 2030 1871 2087 ad
1894 2030 2081 2087 Jesum
2106 2050 2118 2085 :
2148 2031 2510 2101 Confortare,
2555 2042 2611 2090 et
2659 2043 2780 2090 esto
2818 2033 3076 2089 robustus
3119 2030 3304 2106 (Iosue
3330 2031 3397 2102 ι).

1802 2122 1873 2179 Et
1921 2127 2245 2196 confortatur
2283 2143 2372 2183 cor
2420 2136 2564 2182 tuum
2592 2143 2611 2183 :
2639 2127 2744 2184 hoc
2789 2135 2901 2194 est,
2951 2128 3127 2183 anima
3171 2135 3287 2183 tua.
3329 2125 3400 2180 Et

1799 2226 2043 2290 exspecta
2070 2217 2352 2274 Dominum
2381 2235 2400 2275 :
2429 2220 2533 2277 hoc
2559 2229 2665 2289 est,
2694 2219 2905 2277 sustine
2927 2219 3240 2275 Dominum.
3264 2218 3400 2275 Pro-

1801 2309 1961 2381 pheta
1995 2309 2084 2367 hic
2115 2310 2364 2368 hortatur
2401 2311 2618 2369 ﬁdelem
2661 2313 2850 2380 illiilli,
2892 2313 2987 2385 qui
3029 2327 3204 2386 usque
3252 2327 3399 2369 nunc

1800 2402 2020 2461 loculus
2043 2413 2159 2473 est,
2205 2405 2397 2464 dicens
2427 2424 2440 2461 :
2485 2407 2759 2479 Exspecta
2788 2408 3021 2478 primum
3043 2449 3059 2474 ,
3106 2416 3169 2463 ut
3210 2413 3400 2462 contra

1799 2498 2104 2553 certamina
2139 2498 2326 2554 mundi
2355 2513 2384 2554 a
2418 2498 2531 2556 Deo
2562 2498 2916 2555 c0nl‘orteris.
2943 2497 3221 2571 Exspecta
3244 2496 3400 2554 dein-

1798 2602 1960 2658 ceps,
2011 2598 2071 2645 ut
2112 2591 2287 2647 victor
2322 2591 2390 2647 ab
2417 2590 2612 2648 eodem
2657 2590 2887 2647 Domino
2913 2591 3241 2648 coroneris:
3270 2590 3396 2663 quia

1799 2701 1909 2741 non
1953 2686 2328 2757 coronabitnr,
2373 2687 2476 2743 nisi
2517 2687 2611 2759 qni
2660 2687 2904 2760 legitime
2933 2686 3245 2744 certaverit.
3287 2683 3396 2741 Nos

1796 2794 1930 2835 vero
1957 2779 2320 2850 deprecemur
2355 2780 2649 2837 Dominum
2672 2822 2688 2849 ,
2737 2788 2799 2836 ut
2843 2780 2960 2852 ipso
3009 2778 3351 2836 confortante
3377 2821 3392 2846 ,

1796 2873 2114 2929 sustinendo
2143 2874 2377 2932 viriliter
2406 2874 2763 2931 mundialium
2793 2874 3054 2933 ﬂuctuum
3086 2875 3354 2947 procellas
3378 2918 3393 2943 ,

1796 2971 2181 3035 exspectemus
2199 2980 2297 3037 per
2320 2965 2488 3022 tidem
2518 2984 2530 3019 :
2554 2966 2912 3038 quoadusque
2938 2965 3119 3024 veniat
3141 2964 3393 3033 reddere,

1797 3072 1918 3129 qua:
1945 3057 2196 3130 dignatus
2216 3067 2304 3115 est
2334 3057 2601 3131 polliceri.

2297 3215 2619 3274 PSALMUS
2665 3216 2882 3274 XXVII.

1794 3335 2042 3416 Psalntns
2084 3338 2187 3416 ipsi
2237 3338 2427 3416 David.
2469 3340 2722 3416 Psalmus
2764 3357 2953 3416 vocem
3000 3341 3164 3416 habet
3217 3344 3388 3416 ipsius

1866 3409 2202 3485 mediatoris,
2254 3410 2557 3485 Passionis
2588 3412 2642 3469 in
2694 3413 2950 3471 conﬂictu
2998 3409 3274 3485 loquentis
3315 3420 3386 3474 ad

1862 3479 2103 3555 Patrem.
2142 3481 2276 3555 Qua}
2301 3488 2485 3539 autem
2539 3483 2774 3540 inimicis
2799 3479 3101 3555 optantur':
3131 3502 3241 3543 non
3264 3504 3383 3543 ma-

1865 3550 2004 3642 litia:
2028 3562 2131 3617 est,
2157 3553 2268 3642 sed
2320 3555 2465 3637 ratio
2500 3556 2803 3642 prophetia:
2836 3550 3200 3642 'prtpdicentis
3231 3574 3384 3642 :quia

1863 3624 1944 3677 eis
1975 3637 2073 3692 pro
2095 3624 2253 3680 malis
2279 3624 2394 3680 suis
2452 3624 2790 3682 immineant.
2852 3624 2947 3683 Vel
2994 3643 3098 3684 vox
3146 3624 3383 3685 hominis

1859 3694 2851 3770 assumptiiqdivinitate:Clamavit
2901 3697 3061 3756 Jesus
3092 3703 3145 3758 in
3199 3715 3385 3770 cruce,

1861 3773 1918 3820 et
1966 3764 2143 3821 dixit:
2176 3765 2302 3836 Eli,
2340 3765 2449 3822 Eli.

1860 3909 1946 3964 Ad
1969 3918 2039 3977 te,
2072 3907 2315 3977 Domine,
2356 3912 2596 3982 clamavi,
2625 3913 2771 3970 Deus
2796 3931 2954 3973 meus.
2986 3916 3057 3976 Ut
3082 3934 3171 3976 me
3223 3919 3386 3978 clari-

1789 4001 1920 4058 ﬁces
1950 4002 2038 4058 illa
2065 4003 2318 4061 claritate
2363 4021 2527 4078 quam
2583 4007 2746 4065 habui
2779 4010 2923 4082 apud
2965 4018 3023 4068 te
3062 4010 3382 4086 priusquam

1789 4093 2026 4151 mundus
2058 4096 2216 4152 ﬁeret
2245 4097 2408 4168 :quia
2441 4114 2587 4156 nunc
2632 4099 2910 4159 hominem
2958 4106 3248 4178 assumpsi.
3303 4107 3388 4163 Ne

1789 4188 1946 4243 sileas
1969 4207 2001 4243 a
2027 4206 2126 4245 me.
2150 4189 2260 4246 Sed
2282 4191 2519 4264 loquaris
2541 4194 2697 4267 :quia
2723 4196 2986 4269 :equalem
3012 4206 3189 4255 tecum
3215 4199 3391 4258 habeo

1786 4282 2175 4340 aeternitatem.
2212 4283 2295 4339 Ne
2322 4284 2480 4341 sileas
2504 4302 2537 4341 a
2566 4304 2646 4342 me
2666 4304 2686 4343 :
2709 4288 2815 4345 hoc
2836 4299 2944 4360 est,
2978 4306 3085 4348 non
3117 4308 3204 4348 me
3231 4292 3389 4352 derc-

1787 4374 2023 4449 linqnas.
2052 4376 2232 4433 Etero
2275 4379 2462 4434 similis
2491 4379 2915 4439 descendentibus
2970 4387 3024 4440 in
3077 4386 3268 4443 locum.
3326 4387 3387 4444 ld

1785 4481 1890 4535 est,
1918 4470 1971 4526 in
1999 4471 2274 4528 miseriam
2308 4471 2468 4529 istius
2489 4474 2616 4529 vitae
2645 4492 2659 4529 :
2691 4477 2818 4545 quia
2849 4477 2894 4533 si
2917 4476 3175 4536 divinitas
3205 4480 3274 4537 ab
3320 4494 3389 4537 eo

1790 4561 2133 4629 recessisset,
2158 4562 2350 4619 similis
2382 4564 2541 4619 nobis
2569 4565 2623 4620 in
2652 4566 2870 4623 miseria
2899 4569 3112 4626 fuisset.
3145 4570 3201 4627 Si
3223 4571 3391 4629 silue-

1788 4652 1888 4720 ris,
1943 4666 2036 4708 ero
2072 4652 2291 4708 similis
2324 4654 2682 4724 pereuntibus
2714 4672 2729 4711 :
2759 4668 2940 4715 tamen
2970 4659 3015 4715 si
3045 4668 3246 4731 taceas,
3277 4676 3385 4719 non

1787 4744 2158 4815 cognosceris.

1858 4834 2072 4889 Exaudi
2115 4850 2288 4891 vocem
2325 4835 2706 4909 deprecationis
2734 4855 2885 4910 metu,
2913 4841 3041 4897 dum
3069 4858 3162 4898 oro
3201 4844 3271 4898 ad
3317 4853 3389 4900 te.

1785 4928 1977 4986 Oravit
2004 4927 2254 4984 Christus
2281 4927 2333 4984 in
2364 4942 2531 4985 cruce
2557 4945 2656 5000 pro
2687 4939 2801 4986 toto
2831 4931 3053 5000 mundo,
3087 4942 3143 4990 ct
3165 4950 3265 5007 pro
3290 4935 3387 4992 Ju-

1784 5020 1943 5089 daeis,
1968 5027 2024 5075 et
2052 5036 2153 5092 pro
2190 5020 2473 5093 apostolis.
2508 5019 2649 5077 Dum
2677 5022 2871 5079 extollo
2912 5040 3098 5081 manus
3125 5042 3267 5083 meas
3314 5027 3385 5083 ad

1786 5113 2034 5188 templum
2073 5123 2309 5171 sanctum
2337 5124 2503 5170 tuum.
2531 5113 2748 5171 Extollo
2777 5133 2960 5173 manus
2987 5134 3127 5175 meas
3149 5135 3167 5172 :
3195 5119 3248 5177 id
3275 5130 3384 5190 est,

1784 5207 2004 5265 extendi
2029 5223 2122 5265 eas
2150 5211 2204 5263 in
2246 5222 2433 5265 cruce.
2462 5208 2544 5263 Ad
2571 5206 2822 5279 templum
2872 5219 3108 5266 sanetum
3142 5229 3158 5267 :
3190 5212 3242 5269 id
3272 5222 3381 5282 est,

1782 5300 1851 5357 ad
1875 5300 1977 5356 hoc
2005 5298 2250 5367 extendi,
2303 5308 2364 5356 ut
2411 5300 2669 5373 templum
2725 5302 2825 5358 tibi
2856 5306 3390 5373 pra-pararemzhoc

1783 5402 1886 5462 est,
1910 5407 2108 5463 corpus
2150 5390 2430 5448 Ecclesiae.
2454 5393 2525 5448 Et
2548 5391 2895 5452 assimilahor
2929 5392 3392 5458 descendentibus

1784 5484 1839 5540 in
1872 5484 2069 5540 laeum.
2094 5483 2272 5540 Lacus
2299 5483 2574 5554 signiﬁcat
2592 5483 2866 5541 infernum
2892 5503 2911 5540 :
2934 5484 3114 5545 locum
3135 5491 3395 5550 videlicet

1782 5592 1974 5635 eorum
1996 5577 2090 5648 qui
2113 5576 2216 5632 sub
2236 5576 2485 5634 custodia
2511 5579 2841 5635 retinentur.
2864 5579 2934 5635 Et
2951 5580 3081 5638 alibi
3105 5585 3394 5645 scribitur:

1783 5670 1966 5742 Usque
1994 5670 2063 5727 ad
2113 5667 2386 5739 captivam
2445 5686 2566 5743 qua:
2612 5678 2732 5726 erat
2768 5671 2821 5727 in
2850 5672 2973 5727 lacu
3004 5672 3226 5742 (Exod.
3249 5694 3326 5734 xu
3350 5680 3391 5752 ):

1786 5764 1995 5819 Exaudi
2022 5778 2191 5819 vocem
2212 5761 2587 5834 deprecationis
2615 5776 2760 5833 mete,
2787 5763 2916 5819 dum
2940 5778 3034 5819 oro
3059 5767 3129 5822 ad
3159 5777 3208 5826 te
3232 5785 3251 5824 :
3273 5771 3400 5834 dum
