4034 6308
234 221 338 308 eoi

1168 242 1597 303 BREVIARIUM
1638 242 1703 299 IN
1741 236 2078 299 PSALMOS.
2118 238 2367 301 PSALM.
2416 238 2611 298 XXIX.

3433 242 3538 304 909

238 366 420 433 Super
438 379 602 434 aquas
632 379 650 417 :
678 361 804 433 quia
830 359 1061 432 populus
1083 363 1172 431 qui
1198 362 1396 419 ibidem
1418 361 1624 428 aderat,
1653 376 1839 416 vocem
1870 361 1924 420 Δ
1945 358 2186 429 Spiritus
2217 359 2519 428 intercidit,
2550 357 2602 412 id
2634 365 2746 423 cst,
2782 374 2878 425 per
2907 356 3213 413 orationem
3239 357 3539 413 sacerdotis

236 455 471 511 audivit.
510 455 624 522 Vel,
648 470 804 523 super
822 470 1006 525 aquas,
1029 464 1088 509 ut
1109 454 1369 524 apostolis
1396 454 1506 509 ait:
1534 453 1632 518 Ite,
1665 452 1844 523 bapti-

237 557 359 603 sate
420 562 615 604 omnes
661 557 851 619 gentes
892 546 945 601 in
1005 545 1225 602 nomine
1272 546 1467 612 Patris,
1506 554 1560 602 et
1614 545 1757 612 Filii,
1789 552 1847 601 et

238 638 486 710 Spiritus
509 638 680 694 sancti
706 636 886 709 (Matt.
916 634 1064 707 ult.).
1091 636 1233 693 Deus
1248 640 1552 712 majestatis.
1585 639 1727 696 Deus
1751 655 1848 710 pn-

241 730 479 787 testatis.
496 730 731 785 Intonuit
746 728 1000 785 Dominus
1019 747 1171 801 super
1190 747 1349 798 aquas
1364 732 1571 785 multas.
1589 731 1662 787 De
1677 732 1849 787 tiber-

241 823 444 879 naculo
464 822 711 894 corporis
740 821 1031 891 assumpti,
1047 822 1365 878 terribiliter
1391 824 1603 893 populis
1617 837 1848 879 conver-

240 916 456 972 sionem
506 913 837 986 prmdicavit,
871 914 1060 970 dicens
1091 930 1106 970 :
1138 914 1512 971 Paenitentiam
1562 914 1723 987 agite,
1753 929 1849 986 ap-

243 1007 792 1080 propinquahitenim
812 1023 1033 1078 regnum
1066 1007 1329 1064 oculorum
1359 1006 1541 1079 (Matt.
1573 1006 1677 1079 nt).
1698 1007 1850 1066 Sicut

244 1104 549 1160 tonitruum
604 1118 634 1157 a
670 1102 815 1158 nube
864 1101 1133 1172 procedit,
1165 1101 1236 1156 ita
1260 1111 1317 1157 et
1338 1101 1586 1157 Christus
1615 1100 1850 1157 intonuit

245 1214 277 1253 a
327 1197 506 1252 nube:
532 1197 636 1252 hoc
663 1208 786 1261 est,
842 1196 911 1252 de
964 1210 1197 1268 corpore
1254 1212 1373 1264 suo,
1406 1197 1625 1268 quando
1662 1198 1844 1253 dixit:

245 1289 634 1346 Ptnnitentiam
674 1289 842 1359 agite.
932 1346 939 1347 ,

326 1380 439 1436 Vox
464 1380 675 1435 Domini
693 1380 746 1435 in
773 1380 976 1435 virtute.
1005 1379 1063 1435 In
1085 1377 1435 1436 credentibus
1460 1390 1654 1452 potens
1684 1380 1847 1448 facta,

247 1473 470 1546 quando
494 1474 630 1529 dixit
657 1490 671 1527 :
697 1472 916 1538 Lazare.
957 1475 1073 1528 veni
1112 1474 1255 1543 [oras
1277 1474 1297 1547 (
1323 1471 1484 1529 Joan.
1519 1490 1570 1530 si
1598 1475 1642 1547 ).
1669 1474 1766 1530 VcI
1793 1475 1848 1529 in

247 1566 473 1635 virtute,
494 1582 599 1638 qua
629 1566 683 1621 in
714 1582 1043 1638 unoquoque
1099 1580 1289 1623 saneto
1310 1567 1569 1640 loquitur.
1603 1567 1717 1623 Vos:
1741 1567 1848 1623 Do.

248 1661 377 1714 mini
404 1661 458 1714 in
483 1659 889 1731 magniﬁcentia.
909 1659 1137 1727 Quando
1168 1661 1544 1731 magniﬁcatnr
1570 1676 1669 1731 per
1684 1677 1848 1732 opera

245 1762 581 1809 sanctorum.
638 1752 1055 1826 Magniﬁcentia,
1101 1753 1362 1810 Ecelesiis
1387 1754 1632 1810 dilatata.

329 1844 446 1899 Vox
496 1841 707 1899 Domini
756 1845 1132 1919 confringeutis
1159 1847 1355 1901 cedrus.
1412 1844 1573 1900 Codri
1601 1846 1853 1902 dicuntur

246 1951 445 1993 omnes
469 1937 754 2001 sublimes,
785 1946 839 1992 ει
869 1936 1090 2004 excelsi,
1123 1937 1210 1993 vel
1262 1938 1507 2007 superbi.
1535 1937 1855 2008 Confringist

248 2025 399 2093 illos,
428 2034 523 2082 aut
552 2041 646 2097 per
674 2027 1075 2097 paenitentiam,
1105 2038 1200 2083 aut
1229 2027 1284 2084 in
1331 2028 1422 2085 die
1448 2028 1634 2098 iudicii
1656 2029 1710 2084 in
1741 2029 1853 2085 vin-

248 2118 420 2174 dicta.
464 2117 677 2186 Cedros,
720 2118 987 2189 superbos
1025 2134 1293 2190 quosque.
1344 2120 1484 2176 Ecce
1528 2121 1738 2177 securis
1784 2122 1852 2177 ad

252 2206 469 2265 radices
524 2208 783 2265 orborum
835 2209 1009 2279 pesita
1052 2220 1158 2265 est.
1209 2208 1596 2284 Confringentis
1650 2212 1851 2278 cedros,

252 2297 551 2355 hnmilians
598 2300 891 2371 superbos.
941 2301 1236 2358 Sciendum
1282 2304 1427 2372 quod
1474 2303 1671 2359 cedrus
1719 2304 1855 2361 duas

253 2391 420 2447 habet
442 2391 848 2463 intelligentias,
900 2393 1042 2448 sicut
1068 2406 1122 2449 et
1155 2395 1432 2451 unicornis
1467 2398 1612 2451 :hoc
1660 2404 1764 2461 est,
1808 2397 1854 2451 si

251 2482 553 2554 adgbonam
583 2495 819 2555 partem,
857 2484 1061 2555 iustos;
1092 2488 1137 2541 si
1180 2486 1247 2540 ad
1286 2487 1511 2556 malam,
1543 2496 1856 2558 peccatores

252 2592 318 2632 ac
347 2578 616 2648 superbos
647 2577 909 2634 ostendit.
953 2577 1020 2632 Et
1042 2580 1331 2652 confringet
1382 2578 1640 2634 Dominus
1677 2579 1856 2636 cedrus

254 2667 753 2726 Libani.Conteret
820 2685 918 2739 per
966 2671 1341 2739 ptenitentiam
1395 2671 1663 2729 elationes
1712 2674 1852 2743 ejus,

255 2777 323 2819 ac
342 2761 565 2819 collidet
589 2762 717 2818 dum
747 2762 1007 2834 ignobilia
1054 2763 1242 2835 elegit,
1300 2774 1358 2820 ut
1389 2763 1553 2821 fortia
1606 2775 1857 2823 conterat

257 2868 311 2913 et
364 2856 683 2913 confundat.

333 2947 399 3003 Et
424 2950 732 3005 coruminuet
762 2965 847 3005 eos
878 2959 932 3004 ut
959 2949 1146 3004 vitulos
1171 2948 1382 3005 Libani.
1416 2950 1615 3006 Remos
1642 2966 1850 3021 earum,

256 3056 312 3098 et
341 3042 570 3112 virgulta
601 3041 849 3099 calcibus
898 3041 1213 3098 verberans.
1248 3042 1356 3098 Pro
1404 3041 1509 3098 hoc
1540 3043 1595 3097 in
1626 3043 1857 3101 llebraao

1950 449 2079 509 facit
2105 465 2349 514 cessare,
2375 449 2519 505 sicut
2545 448 2780 520 legimus
2802 464 2904 520 per
2933 450 3137 511 Aaron,
3162 447 3332 501 Deum
3352 445 3544 499 fecisse

1950 541 2004 596 in
2028 541 2249 598 deserto
2271 539 2465 611 (Nutu.
2500 542 2641 605 xvn).
2686 538 2800 595 Vos;
2828 537 3042 594 Domini
3080 537 3424 594 conentientis
3450 534 3539 589 de-

1948 645 2159 691 sertum.
2182 635 2378 691 Anima
2400 652 2521 707 qua:
2544 634 2761 692 deserta
2786 633 2985 705 fuerat,
3008 633 3400 703 occupantibus
3420 638 3548 687 ante

1949 743 2009 785 se
2037 729 2218 796 vitiis,
2268 728 2335 784 ad
2366 728 2529 785 verba
2568 728 2908 800 poenitentiae
2956 726 3392 783 commovebitur
3429 743 3443 779 :
3490 732 3549 779 ut

1951 821 2280 877 exeuntibus
2327 820 2472 877 vitiis
2499 820 2570 875 ab
2594 820 2724 891 illa,
2782 819 3095 877 habitabilis
3127 819 3237 876 Deo
3274 819 3390 873 liat.
3434 816 3545 872 Vox

1950 911 2165 969 Domini
2202 915 2544 971 eoucutientis
2572 914 2850 970 desertum.
2882 913 2965 969 Ad
2994 914 3157 970 [idem
3196 926 3548 969 commovens

1950 1018 2149 1075 gentes
2195 1007 2480 1073 desertas,
2531 1006 2584 1060 in
2635 1005 2829 1076 quibus
2861 1005 3040 1060 nullus
3071 1005 3258 1062 sulcus
3287 1003 3549 1075 pradica—

1954 1096 2125 1154 tinnis
2156 1097 2446 1169 impositus
2472 1106 2594 1156 erat
2622 1098 2687 1155 ad
2720 1097 3133 1169 suscipiendum
3163 1098 3398 1155 verbum
3433 1097 3551 1152 Dei.

1952 1190 2050 1246 Vel
2093 1200 2281 1262 gentes
2331 1207 2453 1262 qua:
2497 1192 2733 1247 desertae
2778 1200 2970 1259 erant,
3016 1206 3293 1248 conversae
3321 1200 3451 1247 sunt
3478 1190 3550 1247 de

1954 1283 2282 1341 infidelitate
2323 1285 2390 1340 ad
2423 1285 2607 1351 iidem,
2638 1301 2736 1355 per
2764 1286 2991 1342 verbum
3027 1286 3447 1357 praedicationis.
3481 1285 3548 1341 Et

1953 1377 2286 1433 commovebit
2315 1376 2576 1433 Dominus
2607 1378 2868 1433 desertum
2906 1377 3093 1434 Gades.
3126 1379 3279 1435 Tunc
3303 1381 3550 1437 celebra-

1956 1470 2159 1525 buntur
2205 1469 2308 1526 hac
2353 1472 2542 1527 mundi
2593 1471 2895 1527 solitudine
2933 1471 3098 1528 verba
3144 1480 3331 1528 sancta
3365 1473 3549 1543 chis,

1953 1577 2076 1633 qua!
2106 1563 2256 1634 prius
2278 1580 2308 1618 a
2330 1563 2535 1620 ludatis
2562 1581 2669 1619 non
2702 1565 3153 1636 intelligebantur
3175 1583 3188 1619 :
3212 1567 3332 1636 quia
3360 1565 3549 1630 Cades,

1957 1654 2353 1724 interpretatur
2403 1655 2619 1712 Sancta.
2657 1657 2754 1713 Vel
2785 1658 2948 1713 aliter
2985 1676 3000 1712 :
3043 1657 3333 1714 Commotio
3381 1659 3551 1713 linere.

1884 1746 1930 1807 Β
1959 1746 2102 1801 Bone
2154 1747 2276 1802 illos
2325 1750 2485 1804 tinete
2514 1752 2873 1821 comparavit,
2906 1750 3028 1821 quia
3065 1752 3207 1806 sicut
3240 1752 3381 1807 tinea
3413 1768 3548 1822 pan.

1955 1854 2055 1893 nos
2081 1840 2318 1895 comedit
2342 1859 2354 1894 :
2384 1841 2464 1896 sic
2489 1843 2826 1898 conscientia
2861 1859 3050 1899 eorum
3081 1861 3176 1901 eos
3204 1846 3548 1901 comedebat.

1953 1929 2248 1987 Commotio
2284 1933 2437 1990 tinea
2471 1934 2695 2000 dicitur,
2726 1951 2792 1990 eo
2823 1937 2966 2006 quod
2991 1941 3296 1993 commovit
3320 1938 3445 1994 illos
3480 1940 3550 1996 de

1951 2021 2174 2079 illorum
2206 2027 2540 2081 conscientia
2570 2042 2756 2096 [πται-ει,
2783 2027 2850 2081 ad
2880 2027 3039 2082 fidem
3068 2028 3351 2084 Ecclesiae.

2030 2116 2149 2173 Vox
2199 2115 2412 2171 Domini
2464 2120 2807 2188 prwparantis
2864 2133 3060 2174 cervos.
3107 2119 3313 2176 Cervos
3363 2120 3553 2176 volunt

1954 2209 2174 2280 quidam
2206 2212 2361 2280 quissi
2403 2216 2754 2278 snperatores
2792 2226 3192 2266 venenosarum
3240 2212 3549 2284 linguarum

1956 2303 2008 2355 in
2043 2300 2310 2357 Ecclesia.
2342 2299 2523 2367 Cervi,
2559 2301 2967 2370 prtedicatores.
3019 2303 3353 2374 Pi'zeparavit
3399 2305 3546 2373 illos,

1954 2393 2171 2466 quando
2220 2394 2367 2449 misit
2413 2394 2561 2463 ipsos
2593 2393 2920 2463 praedicare.
2953 2394 3113 2450 Cervi
3159 2405 3446 2451 transeunt
3497 2408 3553 2452 et

1955 2483 2167 2538 calcant
2214 2483 2402 2555 spinas
2446 2484 2535 2539 vel
2583 2493 2903 2555 serpentes:
2936 2487 3041 2551 sic,
3076 2494 3132 2540 ct
3160 2488 3553 2556 praedicatores

1958 2593 2162 2633 venena
2197 2577 2401 2632 diaboli
2456 2590 2509 2633 et
2545 2578 2733 2649 spinas
2783 2591 3127 2649 peccatorum
3163 2590 3467 2649 transeunt,
3499 2593 3556 2638 et

1956 2670 2024 2724 ad
2071 2669 2268 2724 altiora
2315 2668 2527 2742 fugiunt
2561 2687 2576 2726 :
2611 2671 2662 2725 id
2693 2680 2797 2739 est,
2830 2671 2894 2726 ad
2929 2672 3228 2729 theoricam
3257 2675 3448 2729 vitam.
3484 2673 3552 2728 Et

1955 2764 2201 2818 reuelabit
2230 2763 2512 2819 condensa.
2541 2763 2785 2819 Obscura
2815 2763 3120 2820 divinarum
3148 2766 3551 2838 Scripturavum

1958 2855 2072 2911 sive
2100 2854 2487 2926 mysteriorum
2518 2855 2846 2924 caelestium,
2881 2870 2978 2927 per
3006 2856 3270 2927 Spiritum
3304 2866 3551 2915 sanctum

1958 2948 2235 3018 patefecit.
2283 2946 2437 3004 Unde
2464 2949 2519 3004 in
2566 2948 2868 3021 Evangelio
2918 2950 2995 3004 illi
3043 2950 3154 3007 duo
3198 2952 3395 3022 quibus
3438 2953 3556 3022 ipse

1960 3041 2229 3110 apparuit,
2261 3040 2515 3096 dicebant
2540 3058 2555 3095 :
2584 3040 2777 3096 Nonne
2803 3057 2898 3096 cor
2931 3052 3178 3099 nostrum
3206 3045 3410 3099 ardens
3436 3053 3558 3100 erat

258 3133 445 3204 habet,
484 3142 531 3189 et
561 3134 748 3190 vitulus
782 3132 992 3188 Libani.
1048 3133 1246 3189 Excisa
1277 3135 1533 3205 superbia
1584 3152 1648 3190 ac
1699 3146 1853 3205 pctu-
1882 3119 1927 3185 C
1962 3132 2015 3187 in
2045 3131 2226 3197 nobis,
2268 3148 2391 3188 cum
2423 3134 2740 3203 loqueretur
2772 3136 2823 3189 in
2874 3136 2984 3200 via,
3032 3145 3088 3190 et
3125 3136 3364 3206 aperiret
3394 3136 3556 3191 nobis

257 3227 449 3292 lautia,
473 3226 694 3283 adducit
723 3242 818 3283 eos
846 3227 912 3281 ad
941 3227 1300 3283 imitationem
1332 3227 1682 3283 humanitatis
1698 3244 1811 3284 sua:
1836 3270 1853 3297 ,

258 3320 383 3390 quia
409 3329 683 3390 tamquam
714 3319 911 3375 vitulus
938 3319 1249 3376 immolatus
1274 3328 1380 3377 est.
1412 3321 1519 3377 Iste
1547 3322 1747 3378 vitulus
1775 3331 1859 3379 est

259 3415 542 3485 saginatus
567 3414 660 3485 qui
688 3415 904 3470 occisus
931 3422 1036 3483 est,
1060 3413 1167 3470 hoc
1194 3424 1297 3481 est,
1356 3414 1607 3472 Christus
1636 3431 1737 3487 pro
1766 3433 1855 3472 sa-

259 3508 375 3563 lute
424 3504 632 3561 mundi.
690 3505 843 3562 Sicut
889 3506 1178 3577 confringit
1226 3506 1424 3562 vitulus
1481 3507 1550 3562 de
1603 3508 1859 3564 cornibus

258 3599 496 3669 virgulta
522 3609 703 3653 tenera
726 3618 738 3653 :
761 3599 833 3655 ita
863 3598 1112 3654 Christus
1138 3598 1671 3669 confregitiudaeos.
1706 3600 1861 3658 Unde

258 3692 400 3749 dixit
433 3693 591 3747 :Jam
620 3692 829 3747 securis
856 3690 926 3746 ad
974 3690 1188 3747 radices
1242 3692 1503 3749 arborum
1556 3695 1731 3765 posita
1776 3702 1862 3751 est

262 3782 285 3856 (
313 3782 471 3837 Matt.
505 3788 618 3853 ut).
653 3782 718 3837 Et
749 3781 968 3837 dilectus
996 3783 1430 3852 quemadmodum
1460 3784 1603 3854 ﬁlius
1653 3787 1863 3840 uiticor-

260 3878 426 3932 nium.
463 3875 660 3931 Factus
676 3883 762 3931 est
797 3875 1029 3932 dilectus
1054 3875 1226 3930 Filius
1253 3876 1348 3932 Dei
1401 3890 1497 3948 per
1536 3877 1864 3948 assumptio-

261 3985 392 4039 nem
423 3967 690 4038 corporis,
725 3967 866 4022 lilius
896 3965 1233 4034 intimorum,
1264 3977 1321 4024 et
1347 3966 1606 4025 contrivit
1634 3983 1731 4025 eos
1770 3973 1863 4040 qui

258 4060 690 4132 persuperbiam
734 4059 1094 4132 singularem,
1133 4075 1288 4115 suam
1342 4062 1553 4133 erigere
1596 4062 1861 4132 justitiam

260 4153 623 4210 conabantur.
656 4151 908 4207 Christus
947 4160 1035 4208 est
1072 4151 1213 4208 ﬁlius
1244 4152 1580 4219 Judacorum,
1624 4157 1750 4226 quia
1796 4170 1867 4211 ex

261 4246 441 4315 stirpe
470 4259 662 4300 eorum
693 4242 994 4300 secundum
1020 4258 1246 4309 carnem
1292 4244 1409 4303 luit.
1437 4244 1613 4303 Judaei
1651 4247 1868 4303 unicor-

264 4352 372 4393 tzes
395 4335 672 4401 dicuntur,
723 4351 819 4405 pro
864 4349 971 4389 una
1022 4336 1138 4406 lege
1177 4352 1338 4406 quam
1387 4338 1723 4408 habuerunt,
1772 4354 1869 4410 per

263 4444 432 4501 quam
465 4429 517 4483 in
550 4427 862 4498 superbiam
913 4442 974 4483 se
1017 4426 1348 4485 extulerunt.

1957 3224 2268 3294 Scripturas
2298 3225 2450 3299 (Luc.
2477 3225 2673 3297 xxiv)?
2702 3226 2770 3281 Et
2814 3227 2868 3280 in
2900 3226 3089 3299 templo
3125 3231 3258 3301 ejus.
3306 3227 3420 3282 tice
3446 3238 3553 3296 est,

1959 3316 2015 3372 in
2044 3315 2315 3373 Ecclesia.
2352 3316 2543 3373 Omnes
2585 3317 2759 3373 dicent
2787 3319 3036 3390 gloriam.
3069 3318 3399 3376 Collaudant
3438 3322 3558 3377 cla-

1961 3411 2175 3468 ritatem
2209 3411 2325 3468 Dei.
2358 3411 2457 3467 Vel
2502 3410 2675 3483 gloria
2707 3411 2891 3479 Patri,
2940 3420 2998 3469 et
3023 3412 3193 3480 Filio,
3244 3423 3297 3469 et
3329 3412 3557 3485 Spiritui

1959 3513 2176 3562 sancio.

2033 3594 2289 3651 Dominus
2319 3595 2574 3651 diluvium
2598 3594 2897 3651 inhabitare
2926 3596 3073 3667 facit.
3106 3596 3323 3651 Aridam
3355 3606 3557 3653 terram

1966 3690 2107 3745 Deus
2140 3704 2247 3743 non
2290 3688 2555 3760 possidet.
2604 3688 2785 3745 Simul
2813 3689 3035 3746 attende
3064 3690 3173 3745 vim
3203 3691 3380 3757 verbi,
3411 3691 3558 3762 quod

1971 3798 2080 3839 non
2126 3782 2331 3838 dixerit
2374 3797 2566 3853 aquas,
2599 3780 2697 3837 sed
2726 3781 3032 3837 diluvium:
3060 3791 3116 3838 ut
3162 3782 3556 3839 abundantiam

1963 3873 2152 3947 gratia:
2190 3872 2495 3944 spiritualis
2523 3871 2863 3939 ostenderet,
2898 3882 3171 3944 tamquam
3205 3875 3258 3929 in
3287 3889 3410 3930 arca
3441 3873 3561 3930 Noe

1970 3978 2194 4024 sanctos
2220 3982 2250 4020 a
2281 3965 2536 4022 ﬂuetibus
2561 3966 2747 4022 saeculi
2779 3965 2940 4038 hujus
2967 3976 3280 4037 protegens.
3312 3966 3379 4021 Et
3400 3966 3563 4023 modo

1983 4058 2254 4113 inhabitat
2299 4057 2561 4113 diluvium
2609 4057 2663 4112 in
2691 4056 3027 4113 conscientia
3057 4074 3152 4128 per
3177 4059 3562 4115 abundantiam

1966 4152 2215 4223 Spiritus
2257 4151 2472 4219 sancti,
2508 4166 2605 4222 per
2632 4166 2796 4222 quem
2831 4151 3084 4207 delentur
3114 4164 3355 4222 peccata.
3387 4152 3456 4208 Et
3482 4170 3563 4208 se-

1979 4244 2117 4299 debit
2152 4243 2407 4300 Dominus
2431 4260 2524 4299 rea:
2560 4244 2615 4299 in
2653 4253 2925 4300 cateruam.
2966 4244 3023 4300 In
3060 4244 3329 4301 Ec‘clesiis
3376 4246 3461 4302 vel
3507 4247 3565 4303 in

1968 4338 2206 4405 sanctis,
2258 4335 2353 4409 qui
2380 4336 2547 4393 sedes
2574 4337 2695 4407 ejus
2725 4336 2906 4393 ell‘ecti
2935 4347 3082 4405 sunt,
3115 4339 3199 4394 vel
3251 4340 3571 4395 humanitas

1970 4427 2175 4484 Christi
2225 4430 2291 4485 ad
2324 4428 2604 4485 dexteram
2642 4429 2739 4485 Dei
2769 4429 2966 4486 Patris.
2998 4430 3208 4502 Reges,
3259 4432 3433 4489 sancti
3482 4431 3570 4489 di-

356 4522 466 4577 Vox
493 4518 711 4577 Domini
756 4520 1114 4576 intercidentis
1162 4523 1434 4591 [ieiunium
1476 4522 1633 4591 ignis.
1681 4522 1864 4578 Pleni.
1894 4498 1943 4560 θ
1970 4532 2188 4588 cuntur,
2218 4521 2307 4591 qui
2339 4536 2401 4577 se
2428 4531 2647 4593 regunt.

265 4615 502 4674 tentiam
556 4613 797 4672 Joannes
850 4614 904 4669 in
958 4612 1185 4670 deserto
1244 4612 1586 4684 praedicans,
1643 4630 1861 4672 omnem

262 4711 537 4783 gehennae
587 4706 972 4778 restingtiebat
1018 4705 1295 4765 ardorem.
1349 4704 1762 4775 Intercidentis,
1807 4707 1864 4764 id

265 4812 379 4871 est,
413 4801 710 4859 dividentis
740 4808 1156 4872 persecutorum
1186 4799 1454 4854 terentem
1493 4797 1863 4856 iracundiam:

265 4910 398 4953 cum
429 4892 519 4953 alii
548 4892 824 4958 dicerent,
858 4890 948 4947 hic
975 4899 1059 4947 est
1087 4887 1362 4954 Christus,
1394 4888 1492 4946 alii
1519 4900 1700 4947 autem
1726 4890 1868 4948 dice-

266 4988 428 5053 bant,
462 4999 569 5041 non
594 5000 608 5038 :
633 4981 731 5038 sed
756 4981 970 5038 seducit
997 4981 1215 5036 turbam
1244 4978 1434 5050 (Joan.
1466 4978 1583 5054 vu).
1618 4981 1716 5039 Ille
1737 4998 1867 5039 vero

266 5077 582 5152 praecidens
613 5075 755 5131 hunc
782 5075 1048 5139 furorem,
1077 5071 1366 5129 credentes
1394 5073 1588 5131 ascivit
1615 5075 1865 5131 cliaritati

266 5187 392 5229 suae
434 5187 449 5225 :
496 5167 804 5229 incredulos
832 5175 1013 5223 autem
1045 5165 1284 5234 reliquit.
1317 5165 1448 5222 Post
1477 5166 1748 5222 ﬂatttmam
1778 5183 1869 5225 so-

265 5279 377 5321 nus
412 5263 564 5319 venit
608 5278 621 5315 :
668 5260 741 5315 ita
772 5268 829 5315 ct
861 5269 986 5329 post
1032 5255 1483 5325 prmdicationeni
1534 5260 1863 5329 persecutio.

274 5357 397 5414 Vox
417 5355 626 5421 Domini
652 5351 1033 5417 intercidentis,
1058 5350 1110 5407 id
1132 5359 1235 5416 est,
1260 5350 1527 5406 auxilium
1550 5351 1695 5408 illius
1719 5354 1862 5411 inter

265 5459 678 5526 persecutores,
706 5447 833 5519 quia
862 5447 976 5500 suis
1002 5446 1209 5500 sanctis
1234 5444 1509 5500 subvenit.
1545 5443 1867 5503 Interciden-

268 5550 342 5604 tis
385 5549 659 5618 ﬂammam
702 5562 721 5596 .'

273 5749 427 5791 mam
460 5728 703 5791 libidinis
732 5739 831 5796 per
859 5720 1263 5779 confessionem
1302 5728 1361 5778 et
1420 5722 1652 5793 gratiam
1701 5722 1876 5779 sancti

766 5540 912 5595 illam
941 5540 1215 5597 autumant
1249 5536 1410 5602 itIoii,
1444 5538 1537 5593 tibi
1570 5551 1681 5594 tres
1728 5539 1877 5609 pueri

281 5642 530 5698 fuerunt.
566 5635 665 5693 Vel
696 5631 941 5705 quotidie
974 5629 1029 5685 in
1061 5644 1393 5701 unoquoque
1421 5639 1690 5699 nostrum,
1723 5632 1880 5689 iis..-

2048 4613 2303 4695 Dominus
2334 4615 2575 4670 uirtutem
2602 4618 2802 4688 papula
2829 4633 2922 4673 suo
2950 4619 3112 4674 dabit.
3155 4620 3210 4674 ld
3252 4632 3359 4689 est,
3392 4624 3564 4678 virtu-

1976 4718 2083 4764 tem
2115 4706 2262 4762 lidei.
2293 4704 2500 4779 Populo
2530 4723 2647 4775 suo,
2690 4709 2895 4779 populo
2922 4709 3252 4777 Christiano,
3281 4711 3562 4769 dimicanti

1972 4810 2165 4857 contra
2198 4799 2363 4872 hujus
2400 4799 2589 4856 mundi
2631 4802 2875 4858 turbines
2911 4818 2975 4858 ac
3002 4804 3288 4874 procellas.
3321 4804 3393 4859 Et
3420 4806 3572 4861 bene-

1976 4895 2113 4950 dicet
2135 4895 2331 4965 populo
2355 4911 2448 4951 suo
2478 4896 2532 4949 in
2557 4911 2702 4967 pace.
2730 4895 2939 4965 Populo
2957 4895 3266 4951 Christiano
3292 4897 3577 4956 benedicet

1977 5000 2031 5046 et
2059 4990 2153 5046 hic
2183 4999 2241 5047 et
2284 4990 2338 5045 in
2384 4987 2593 5052 futuro,
2643 4988 2863 5060 quando
2904 4988 3154 5045 dicturus
3184 4990 3573 5060 eritchnite,

1977 5083 2251 5153 benedicti
2300 5083 2481 5140 Patris
2524 5084 2631 5140 mei
2679 5082 2852 5157 (Mat.
2901 5089 3077 5154 xxv):
3106 5083 3170 5140 1η
3209 5102 3352 5157 pace,
3405 5088 3456 5142 in
3487 5101 3575 5143 εε-

1982 5178 2236 5248 metipso,
2265 5177 2389 5247 quia
2430 5177 2547 5246 ipse
2568 5186 2651 5232 est
2693 5192 2791 5246 pax
2827 5185 3033 5244 nostra,
3057 5176 3147 5246 qui
3181 5176 3308 5232 fecit
3338 5187 3570 5250 utraque

1981 5283 2147 5323 unum
2196 5268 2215 5339 (
2243 5266 2433 5340 Ephcs.
2470 5265 2561 5337 rt).
2591 5265 2648 5322 In
2673 5267 2857 5336 seipse
2886 5281 2986 5321 nos
3011 5266 3284 5322 bcuedicit
3313 5284 3415 5340 pax
3444 5284 3571 5326 vera

1982 5360 2237 5418 Christus
2269 5361 2550 5429 Dominus,
2581 5361 2671 5430 qui
2703 5375 2891 5415 sumus
2919 5360 3307 5419 Ecclesiastica
3343 5366 3518 5437 plebs.

2494 5474 2817 5532 PSALMUS
2873 5475 3068 5537 XXIX.

1992 5577 2242 5637 Psalinus
2266 5580 2454 5635 cantici
2476 5580 2529 5633 iu
2551 5578 2879 5635 dedicatione
2904 5579 3090 5634 domus
3120 5576 3307 5641 Dauid.
3332 5583 3580 5641 Psaltnus

2062 5650 2288 5716 cantici,
2317 5652 2435 5707 laus
2462 5664 2587 5722 cum
2616 5664 2810 5722 opere,
2852 5649 3125 5722 dedicatio
3155 5650 3349 5709 domus
3383 5655 3575 5722 David,

2068 5723 2409 5780 resurrectio
2448 5721 2747 5778 Salvatoris
2783 5719 3129 5792 intelligitur,
3172 5722 3225 5779 in
3266 5719 3584 5799 qua‘omnia
