3980 6296
555 225 663 286 905

1349 217 1690 280 APPENDIX
1734 217 1825 275 AD
1863 211 2110 274 TOMUM
2150 207 2506 272 SEPTIMUM
2546 209 2604 266 S.
2651 202 3057 266 DIERONYMI.

3727 196 3817 256 905

631 341 753 395 vita:
797 353 1027 408 corpora
1073 336 1409 393 dedicantur.
1456 333 1629 408 David
1661 333 1898 408 ﬁguram
1943 329 2142 408 Christi
2173 330 2221 390 Α
2250 324 2518 396 peccavit.
2570 321 2686 389 Ira,
2733 323 2880 393 iusta
2912 319 3147 375 vindicta
3201 316 3523 408 intelligitur
3568 333 3583 370 :
3625 315 3819 385 quando

633 420 799 466 tenet.
837 400 1035 465 Domus
1061 409 1230 463 David
1251 450 1265 470 ,
1318 409 1512 461 domus
1541 400 1777 472 Christi,
1810 403 1861 457 id
1905 412 2009 464 est.
2041 400 2142 472 hu-

633 483 898 549 manitas,
941 481 1137 536 domus
1181 489 1264 534 est
1309 477 1636 532 divinitatis.
1667 475 1821 549 Tunc
1857 471 2144 549 aediﬁcavit

634 542 894 618 domum
924 550 1152 620 quando
1181 551 1572 620 humanitatem
1607 547 1785 620 carnis
1823 542 2140 611 assumpsit.

637 623 704 678 Et
741 617 886 677 tunc
908 617 1205 686 dedicavit,
1237 619 1455 690 quando
1482 635 1509 670 a
1544 617 1775 690 mortuis
1807 631 1930 690 eu_tu
1963 629 2146 690 rosuri

636 708 768 765 gere
810 693 962 765 fecit.
991 695 1060 765 Et
1085 683 1269 765 modo'
1296 689 1600 765 mdi_ﬁca_tur
1646 687 1841 742 domus
1869 684 2060 765 David,
2092 683 2144 738 id

636 755 753 828 Est,
803 763 1003 819 Christi
1047 779 1061 816 :
1106 763 1210 817 hoc
1257 772 1359 829 est,
1390 759 1636 815 Ecclesia
1669 772 1839 828 usque
1883 759 1935 812 in
1983 755 2145 829 ﬁnem

638 825 951 903 aediﬁcatur,
984 833 1080 890 sed
1103 834 1156 888 in
1179 825 1581 888 resurrectione
1603 825 2148 903 dedicatumquando

642 899 1101 962 immortalitatem
1141 914 1430 975 acceptura
1469 909 1573 956 est.
1615 899 2150 975 Vocemredempto-

640 977 719 1032 ris
766 977 936 1032 nostri
967 977 1238 1040 continet,
1275 972 1374 1045 qui
1405 987 1500 1042 per
1530 972 1991 1045 resurrectionem
2023 982 2149 1045 cor:-

643 1047 793 1118 poris
841 1048 928 1102 sui
957 1038 1255 1102 Ecclesiam
1303 1038 1474 1118 (quas
1511 1043 1752 1118 omnium
1801 1051 1977 1096 mater
2021 1038 2148 1106 est)

640 1113 956 1191 acquisitam
987 1134 1088 1174 suo
1115 1114 1324 1171 nomini
1351 1113 1652 1172 dedicavit.

642 1255 904 1312 Exaltabo
933 1263 1002 1323 te,
1033 1253 1286 1318 Domine,
1329 1250 1570 1323 quoniant
1601 1247 1871 1320 suscepisti
1907 1262 2004 1302 me.
2039 1245 2154 1301 Ex-

567 1351 717 1410 celse
751 1359 804 1407 te
833 1346 1174 1420 gloriﬁcabo,
1207 1345 1368 1401 Pater
1402 1362 1416 1398 :
1457 1341 1713 1415 quoniam
1745 1339 2030 1410 suscepisti
2071 1353 2157 1393 me

570 1444 639 1500 de
680 1450 874 1497 morte.
908 1438 1168 1494 Exaltabo
1199 1446 1264 1504 te,
1310 1435 1552 1491 Domine.
1581 1432 1701 1488 Vox
1730 1429 2031 1487 Cltristi'ad
2057 1427 2159 1484 Pa-

572 1544 733 1600 trem,
782 1543 838 1590 et
885 1547 990 1587 vox
1018 1529 1281 1586 Ecclesia:
1325 1527 1392 1583 ad
1429 1525 1729 1583 Christum.
1779 1521 2040 1577 Exaltabo
2089 1531 2156 1587 te,

569 1625 804 1683 laudabo
833 1633 905 1681 te.
933 1623 1190 1692 Quoniam
1218 1619 1497 1690 suscepisti
1527 1633 1608 1671 me
1632 1658 1646 1684 ,
1673 1616 1724 1671 id
1751 1622 1856 1681 est,
1881 1613 2156 1669 Christum

2245 433 2368 473 cum
2400 432 2427 469 a
2456 413 2717 488 paradiso
2764 412 2984 484 deiecit.
3033 410 3099 464 Et
3130 410 3234 463 vita
3281 410 3335 463 in
3362 407 3630 463 voluntate
3657 409 3819 479 ipsius,

2247 511 2299 567 id
2331 519 2447 576 est,
2499 508 2644 564 sicut
2673 522 2771 577 per
2801 506 2978 562 Deum
3025 503 3173 574 iusta
3201 501 3436 558 vindicta
3469 516 3642 572 super
3667 501 3820 570 ipsum

2247 602 2419 658 Adam
2448 599 2590 657 venit
2618 617 2630 653 :
2659 600 2731 654 ita
2764 614 2859 669 per
2883 597 3082 667 ipsum,
3116 596 3167 650 id
3199 603 3286 651 est
3307 594 3503 660 Deum,
3537 593 3647 647 vita
3683 593 3823 648 resti-

2251 705 2368 752 tuta
2412 706 2528 764 est,
2579 693 2801 766 quando
2849 691 3250 746 humanitatem
3294 689 3479 745 carnis
3529 687 3823 757 assumpsit.

2255 789 2515 855 Quoniam
2552 787 2631 840 ira
2673 786 2728 839 in
2766 783 3130 858 indignatione
3155 785 3304 856 ejus:
3326 797 3448 837 cum
3479 795 3540 836 se
3571 779 3640 835 de
3671 780 3827 852 impiis

2252 881 2513 936 vindicat.
2549 878 2617 932 Et
2661 878 2767 932 vita
2815 879 2866 930 in
2912 878 3172 932 voluntate
3201 877 3484 947 ipsius:ut
3528 875 3624 946 qui
3663 873 3831 931 fecerit

2254 975 2584 1031 voluntatem
2615 973 2755 1043 ejus,
2783 983 3002 1026 maneat
3028 970 3084 1026 in
3117 979 3406 1027 aeternum.

2327 1068 2409 1122 Ad
2434 1082 2700 1136 vesperum
2733 1065 3088 1120 demorabitur
3125 1066 3301 1135 fletus.
3341 1063 3475 1120 Cum
3511 1063 3568 1119 in
3602 1063 3833 1132 passione

2257 1160 2375 1230 eius
2404 1160 2644 1216 tenebris
2674 1159 2892 1215 obtecta
2917 1158 3099 1213 omnia
3126 1164 3330 1224 essent,
3353 1156 3590 1228 apostoli
3619 1156 3673 1211 in
3724 1154 3836 1211 ﬁetu

2258 1261 2316 1309 et
2343 1255 2546 1324 gemitu
2579 1251 2951 1307 morabantur.
2985 1250 3054 1304 Et
3082 1249 3150 1304 ad
3178 1250 3491 1304 matutinum
3519 1249 3721 1304 lwtitia.
3746 1248 3838 1304 Fu-

2262 1356 2436 1401 turam
2468 1345 2683 1402 Domini
2729 1343 2994 1415 gloriam,
3039 1359 3158 1414 qum
3207 1341 3475 1398 matutina
3524 1343 3644 1412 ejus
3673 1355 3839 1398 resur-

2261 1436 2509 1493 rectione
2535 1435 2862 1506 prazlloruit,
2893 1434 3164 1506 ﬁguravit.
3207 1433 3288 1487 Ad
3320 1449 3588 1504 vesperum
3615 1433 3837 1488 demora-

2264 1529 2402 1584 bitur
2450 1533 2634 1600 ﬂetus,
2678 1538 2728 1584 et
2775 1528 2844 1583 ad
2896 1528 3209 1582 matutinum
3263 1528 3464 1583 ltetitt'a.
3499 1526 3710 1598 Vesper
3732 1537 3837 1598 post

2265 1620 2550 1678 meridiem
2577 1621 2776 1677 dicitur
2802 1638 2816 1674 :
2850 1631 2969 1691 post
2992 1619 3294 1686 meridiem,
3315 1619 3490 1676 Adam
3516 1619 3571 1675 in
3605 1620 3835 1691 paradiso

565 1718 636 1775 ad
663 1717 944 1776 dexteram
977 1715 1176 1771 Patris.
1203 1713 1271 1769 Ει
1291 1712 1542 1769 Christus
1571 1708 1812 1781 suscepit
1835 1705 2156 1773 Ecclesium,
2190 1717 2239 1777 Β
2265 1731 2456 1771 vocem
2487 1714 2702 1769 Domini
2731 1713 2935 1769 audivit
2963 1712 3386 1782 deambulanlis,
3417 1722 3473 1769 et
3502 1713 3609 1770 sub
3645 1713 3835 1770 arboris

568 1812 790 1886 quando
822 1809 1220 1866 humanitatem
1269 1808 1452 1864 carnis
1500 1804 1816 1874 assumpsit.
1867 1801 1978 1857 Nec
2015 1801 2154 1855 dele-
2264 1811 2412 1866 foliis
2461 1824 2520 1865 se
2564 1809 2845 1876 contexit,
2897 1807 3270 1876 "emeramus,
3321 1823 3390 1865 eo
3435 1808 3588 1880 quod
3640 1818 3833 1880 pacium

567 1907 716 1962 rtasti
744 1904 985 1960 inimicos
1014 1919 1154 1958 meos
1177 1917 1329 1974 super
1352 1917 1452 1955 me.
1482 1898 1551 1956 υι
1578 1911 1702 1953 meo
1724 1894 2161 1967 incundarentur
2266 1913 2611 1975 [rangresstis
2654 1910 2820 1958 esset,
2870 1901 3132 1972 Vespera.
3175 1909 3287 1956 ιοιιι
3322 1901 3428 1956 ista
3457 1903 3574 1956 vita
3616 1915 3834 1972 [inmens

564 1997 810 2057 interitu.
836 1995 1124 2065 Quomodo
1145 1993 1303 2060 dicit,
1325 2009 1414 2048 nec
1437 1991 1710 2047 delectasti
1733 1991 1995 2054 inimicos,
2027 1987 2158 2043 dum
2264 1996 2612 2066 intelligitur,
2644 1997 2771 2068 quia
2812 2011 2912 2068 per
2949 2004 3231 2066 peccatum
3260 1995 3412 2061 Adae,
3454 2010 3654 2051 omnes
3688 2008 3834 2062 usque

565 2102 620 2148 et
663 2089 836 2147 Judrei
881 2089 1158 2145 Christum
1204 2086 1619 2151 cruciﬁxeruut,
1666 2093 1721 2139 et
1763 2088 2160 2152 conspuerunt,
2265 2088 2319 2145 in
2350 2089 2512 2145 ﬁnem
2560 2089 2748 2144 εωςιιιι
2793 2095 3042 2160 gemunt,
3074 2087 3263 2143 Eleius
3292 2087 3417 2158 quia
3466 2087 3656 2144 ﬂetum
3697 2085 3836 2144 habet

565 2194 624 2242 et
650 2184 1084 2256 flagellaverunt,
1115 2189 1172 2237 et
1202 2187 1587 2251 persecutores
1623 2175 1969 2231 delectantur
1998 2187 2163 2241 super
2267 2184 2452 2248 homo,
2484 2182 2705 2253 quando
2734 2181 3064 2238 recordam-
3088 2181 3230 2237 bona
3257 2179 3504 2252 paradisi
3530 2197 3651 2252 qua;
3676 2180 3832 2252 ρειαί.

569 2275 905 2341 Ecclesium,
951 2271 1172 2344 quando
1215 2265 1656 2340 persequuntur?
1703 2264 1813 2320 Sed
1859 2278 1961 2320 nec
1987 2262 2158 2318 Iudici
2265 2274 2344 2330 ἀει
2391 2275 2445 2330 in
2474 2275 2674 2332 Adam.
2705 2273 2772 2329 Et
2816 2275 2887 2328 ad
2914 2275 3230 2328 mammam
3260 2272 3445 2328 ιωιειεα
3485 2293 3500 2328 ε
3547 2274 3601 2330 id
3640 2284 3748 2340 es"
3791 2275 3832 2328 in

567 2369 829 2426 delectati
875 2381 1040 2436 super
1068 2365 1352 2422 Christum
1398 2360 1618 2417 fuerunt
1642 2377 1654 2414 :
1679 2360 1804 2431 quia
1829 2374 1938 2415 non
1972 2366 2151 2428 potue-

2265 2370 2686 2439 resurrectione,
2719 2368 2940 2440 quando
2970 2367 3135 2426 simul
3160 2367 3273 2438 iam
3317 2367 3383 2424 ad
3433 2368 3738 2426 libertatem
3765 2383 3836 2423 re-

571 2469 700 2518 runt
727 2475 853 2516 eum
879 2460 1238 2528 exstinguere
1266 2455 1408 2511 sicut
1436 2454 1750 2509 voluerunt.
1790 2451 1897 2508 Sed
1939 2451 2024 2506 hic
2053 2465 2159 2506 non
2264 2464 2480 2519 ειῖιιιεε,
2543 2461 2642 2518 vel
2700 2478 3027 2534 vesperum,
3087 2461 3309 2535 quando
3360 2462 3536 2519 nebat
3584 2462 3738 2519 uaria
3792 2470 3835 2518 ει

575 2551 988 2622 intelligendum
1031 2548 1100 2604 de
1148 2546 1479 2613 hominibus:
1535 2543 1630 2600 50d
1678 2543 1746 2600 de
1793 2541 2158 2628 ἀωηιοιιξδυει
2263 2553 2493 2624 apostoli
2513 2554 2565 2609 in
2587 2553 2851 2610 Passione
2877 2554 3112 2610 Domini.
3139 2554 3209 2610 Et
3229 2569 3388 2610 mane
3408 2551 3832 2628 laztitia,quaudo

573 2646 704 2718 ιιυία
725 2643 987 2701 δθιεοιθτί
1019 2647 1334 2712 coeperunt.
1356 2637 1575 2710 quando
1604 2636 2161 2692 ωειῖῐηίινετυηιθυηι
2266 2646 2592 2712 resurrexit,
2642 2654 2701 2699 ut
2745 2645 2948 2701 dictum
2997 2653 3084 2702 est
3111 2645 3435 2702 mulieribus
3473 2663 3489 2700 :
3536 2648 3614 2704 Ite
3647 2657 3698 2702 et
3721 2660 3836 2700 nun-

567 2754 694 2796 eum
748 2736 1064 2793 latronibus
1097 2732 1167 2790 ad
1197 2732 1474 2789 infernum
1520 2728 1829 2786 ducendum
1863 2746 1877 2783 :
1917 2728 2058 2783 sicut
2105 2726 2159 2781 in
2267 2739 2399 2794 “me
2446 2736 2706 2794 fratribus
2753 2738 2892 2793 meis
2938 2747 2997 2794 ut
3025 2747 3156 2794 eam
3193 2739 3244 2793 ίιι
3291 2738 3612 2806 θειίιωειης
3655 2739 3720 2795 ibi
3763 2752 3833 2793 me

569 2841 812 2892 montem
841 2845 902 2887 se
929 2828 1178 2902 permisit
1207 2827 1276 2882 ab
1301 2825 1495 2884 eodem
1531 2824 1656 2880 duci
1695 2821 1867 2893 (Luc.
1897 2837 1948 2877 IV
1974 2820 2017 2891 )-
2054 2818 2162 2877 56d
2263 2831 2523 2886 videbunt
2569 2830 2806 2900 (Matth.
2840 2847 3008 2888 xxvtu
3035 2831 3075 2902 ).
3117 2831 3186 2888 Et
3220 2832 3477 2888 dixerunt
3510 2833 3755 2889 mulieres
3779 2827 3833 2885 ad

572 2941 684 2983 non
735 2924 955 2979 fuerunt
997 2920 1250 2978 delectati
1288 2919 1594 2985 dazmones,
1626 2915 1754 2987 quia
1780 2923 1907 2970 tunc
1931 2922 1987 2970 et
2011 2911 2151 2984 prin-

2266 2924 2545 2993 apostolos
2584 2941 2598 2979 :
2648 2925 2891 2980 Vidimus
2920 2925 3203 2982 Dominum
3229 2967 3244 2992 ,
3272 2935 3329 2982 et
3374 2925 3496 2984 lucc
3545 2924 3832 2984 dixitnobis

570 3017 768 3089 cipem,
801 3024 858 3072 et
885 3028 1014 3071 suos
1057 3013 1338 3084 subiectos
1380 3009 1606 3082 ligavit:
1632 3009 1705 3064 ita
1733 3023 1834 3063 nee
1860 3020 2027 3077 super
2058 3005 2151 3059 Ec-

2268 3016 2452 3087 (Joan.
2488 3015 2603 3087 xx).
2634 3017 2716 3072 Ad
2761 3034 3029 3090 uesperam
3083 3019 3438 3074 demorabitur
3475 3023 3655 3091 ﬂetus,
3697 3029 3741 3073 et
3777 3017 3832 3070 ad

570 3110 797 3168 clcsiam
827 3116 994 3166 erunt
1018 3104 1272 3163 delectati
1297 3103 1352 3160 in
1377 3101 1466 3158 die
1483 3100 1698 3172 iudicii,
1723 3098 1943 3171 quando
1964 3095 2151 3153 dicturi

2268 3111 2580 3165 matutinum
2629 3109 2838 3166 lwtitia.
2871 3111 3059 3168 Potest
3107 3111 3214 3168 hoc
3256 3123 3312 3168 et
3359 3112 3428 3169 de
3458 3123 3701 3185 tempore
3725 3113 3831 3167 Pas.

569 3214 731 3263 erunt
759 3204 933 3261 sancti
959 3220 972 3257 :
998 3201 1100 3259 Ubi
1130 3209 1236 3269 est,
1286 3213 1458 3265 mors,
1491 3196 1712 3253 aculeus
1745 3202 1870 3250 tuus
1896 3209 1910 3246 :
1932 3191 2020 3246 ubi
2050 3198 2151 3255 est,

2265 3203 2463 3271 sionis,
2495 3203 2641 3259 sicut
2678 3204 2960 3275 superius,
2993 3213 3048 3261 et
3084 3204 3154 3261 de
3186 3206 3612 3278 resurrectione,
3647 3215 3698 3264 et
3718 3219 3830 3263 con-

571 3315 743 3367 mors,
773 3298 1001 3355 victoria
1039 3295 1165 3352 tua?
1194 3293 1466 3364 Absorpta
1509 3300 1592 3346 est
1638 3303 1784 3344 mors
1832 3287 1885 3342 in
1934 3283 2160 3341 victoria
2262 3295 2631 3351 ειηηιηαιῑυηθ
2657 3297 2843 3351 smmi
2880 3295 3078 3366 accipi,

569 3388 770 3462 (ICor.
802 3388 893 3461 xv)
931 3405 944 3442 :
989 3387 1042 3444 id
1082 3396 1191 3453 est,
1233 3385 1286 3440 in
1315 3382 1542 3438 victoria
1573 3389 1887 3437 sanctorum
1918 3377 2162 3446 disrupta

568 3488 675 3537 8st.

641 3571 864 3625 Domine
893 3567 1032 3626 Deus
1060 3584 1222 3634 meus,
1267 3566 1488 3621 clamavi
1537 3565 1606 3620 ad
1655 3573 1724 3632 te,
1752 3573 1799 3619 et
1839 3561 2032 3618 sanasti
2059 3578 2154 3616 me.

567 3660 789 3718 Domine
838 3660 980 3717 Deus
1028 3675 1191 3715 meus.
1221 3657 1411 3714 Oratio
1459 3656 1688 3722 ChriSti,
1733 3654 1850 3710 sive
1877 3655 2157 3711 Ecclesim.

572 3755 789 3810 Sanasti
819 3767 940 3808 me:
969 3765 1258 3822 resurgere
1286 3765 1376 3805 me
1402 3748 1602 3813 fecisti,
1642 3757 1700 3803 ut
1733 3762 1934 3818 corpus
1962 3753 2164 3801 morta-

563 3847 701 3905 litati
730 3847 1029 3905 obnoxium
1058 3860 1166 3901 non
1197 3852 1646 3915 corrumperetur
1675 3858 1704 3897 a
1737 3848 1932 3898 morte.

638 3940 912 3995 Revocasti
935 3940 1000 3994 ab
1024 3939 1206 4008 inferis
1227 3937 1456 3992 animam
1473 3953 1640 3991 nteant
1669 3953 1686 3988 :
1714 3935 1766 3991 id
1790 3944 1894 4001 est,
1921 3934 2155 3988 animant

565 4032 774 4091 Christi
817 4048 942 4088 cum
995 4031 1116 4087 aliis
1143 4031 1432 4087 animabus
1461 4039 1776 4086 sanctorum
1809 4029 1950 4084 Deus
1977 4028 2045 4084 de
2077 4027 2156 4082 in-

563 4127 720 4182 ferno
767 4124 1068 4182 revocavit.
1100 4123 1220 4194 Ipse
1268 4139 1329 4179 se
1360 4125 1748 4179 resuscitatum
1788 4137 1816 4176 a
1850 4130 2002 4192 patre
2035 4135 2160 4192 pro-

563 4217 800 4288 nuntiat,
843 4217 984 4273 sicut
1021 4216 1098 4272 ait
1143 4215 1443 4287 Apostolus
1481 4235 1492 4270 :
1533 4215 1637 4284 Qui
1677 4215 1972 4271 crediderit
2012 4212 2156 4284 quod

563 4309 711 4365 Deus
730 4308 878 4364 illum
901 4308 1182 4364 suscitavit
1203 4321 1234 4363 a
1256 4307 1509 4376 mortuis,
1531 4307 1715 4363 salvus
1736 4306 1837 4363 erit
1859 4305 2040 4379 (Rom.
2057 4305 2153 4378 tv).

566 4400 802 4456 Salvasti
841 4417 921 4456 nte
967 4419 1000 4455 a
1043 4399 1471 4457 descendentibus
1521 4402 1576 4454 in
1623 4400 1815 4455 lacum.
1867 4399 1923 4455 Id
1952 4411 2057 4470 est,
2087 4401 2157 4458 de

2345 3385 2460 3460 Ego
2490 3397 2663 3441 autent
2694 3388 2806 3444 dixi
2850 3389 2901 3442 in
2930 3387 3252 3444 abundantia
3291 3407 3440 3448 mea:
3475 3392 3602 3450 Non
3630 3389 3829 3448 movebar

2262 3482 2315 3534 in
2363 3492 2635 3536 aeternum.
2690 3480 2819 3538 Hmc
2866 3483 3180 3556 redemptus
3231 3485 3468 3555 populus
3497 3485 3634 3542 dicit
3673 3503 3687 3541 :
3730 3484 3824 3541 iam

2262 3573 2468 3628 nullam
2495 3589 2525 3629 a
2560 3584 2611 3630 te
2637 3575 2865 3631 satiatus
2894 3578 3072 3648 patior
3107 3587 3406 3650 egestatem
3453 3595 3467 3637 :
3517 3595 3691 3652 neque
3718 3580 3762 3633 in
3787 3586 3826 3631 te

2261 3665 2492 3732 deﬁxus,
2524 3683 2897 3726 commoveor.
2947 3670 3061 3744 Ego
3106 3681 3276 3726 autem
3324 3673 3434 3727 dixi
3460 3673 3516 3727 in
3543 3670 3825 3729 abundantia

2263 3775 2414 3814 mea:
2450 3757 2573 3814 Non
2604 3760 2841 3816 merebor
2869 3763 2924 3815 in
2949 3771 3225 3821 retentum.
3263 3763 3375 3820 Vox
3404 3764 3578 3821 Adam
3611 3767 3662 3821 in
3684 3778 3820 3836 para-

2262 3849 2382 3904 diso
2419 3850 2544 3922 quia
2576 3851 2694 3907 sine
2726 3851 2834 3909 ﬁne
2864 3853 3066 3910 ibidem
3093 3869 3153 3910 se
3185 3855 3411 3926 putabat
3441 3871 3596 3914 esse.
3627 3857 3693 3913 Et
3718 3855 3822 3910 dum

2261 3942 2341 3998 sic
2387 3942 2724 4014 cogitasset,
2777 3953 2834 4000 rt
2883 3954 3034 4001 tanta
3085 3946 3223 4002 bona
3276 3948 3326 4004 ei
3376 3947 3641 4016 dedisset,
3689 3946 3825 4016 cmpit

2259 4035 2500 4107 cogitare
2530 4036 2658 4106 quid
2687 4045 2835 4093 esset
2861 4054 3040 4095 causa:
3072 4083 3087 4110 ,
3129 4056 3226 4096 cur
3254 4044 3612 4114 praecepisset
3639 4044 3686 4101 ei
3710 4042 3823 4098 Deus

2261 4143 2331 4183 ne
2381 4127 2724 4200 contingeret
2774 4130 2843 4187 de
2894 4147 3057 4202 pomo
3086 4133 3278 4190 vetito.
3312 4135 3430 4192 IIoc
3453 4153 3610 4205 vero,
3658 4135 3822 4208 inquit,

2261 4221 2494 4292 probare
2527 4223 2677 4279 volo.
2703 4222 2773 4278 Et
2801 4222 2911 4294 [ΑΙ.
2940 4225 3012 4299 ei]
3038 4227 3291 4299 contigit,
3328 4239 3384 4286 et
3409 4231 3698 4302 probavit:
3721 4226 3824 4300 quia

2261 4319 2536 4386 proiectus
2566 4326 2672 4372 est.

2330 4409 2570 4478 Domine,
2599 4412 2652 4465 in
2681 4411 2940 4468 voluntate
2969 4422 3058 4468 tua
3084 4415 3366 4487 praestitisti
3394 4417 3570 4472 decori
3606 4433 3710 4473 meo
3737 4413 3820 4470 rt'r-

562 4491 781 4549 miseria
827 4491 986 4548 istius
1028 4492 1156 4548 vita:
1199 4491 1508 4562 przcscntis.
1544 4491 1643 4547 Vel
1683 4491 1750 4547 de
1782 4491 1900 4548 lacu
1933 4490 2152 4561 inferni,
2186 4489 2235 4549 D
2263 4511 2444 4557 tatem.
2481 4503 2549 4559 Et
2574 4504 2688 4575 ipsa
2717 4514 2801 4561 est
2826 4521 2931 4561 vox
2962 4506 3096 4563 Ada:
3135 4518 3428 4580 postquam
3472 4511 3736 4582 proiectus
3756 4513 3822 4562 est

559 4583 652 4640 ubi
679 4582 881 4638 animm
909 4592 1257 4655 peccatorum
1304 4593 1430 4640 sunt
1458 4601 1471 4638 :
1495 4599 1564 4641 ne
1609 4584 1749 4641 sicut
1776 4585 1875 4651 illi,
1910 4599 2156 4658 praeceps

2259 4595 2328 4653 de
2372 4598 2628 4667 paradiso
2676 4614 2776 4668 pro
2825 4615 2926 4656 sua
2976 4601 3158 4673 culpa.
3207 4603 3363 4660 Tunc
3412 4606 3668 4678 cognovit
3702 4599 3818 4675 quod

555 4675 810 4733 caderem
838 4676 890 4731 in
920 4685 1170 4734 mortem.
1195 4676 1331 4733 Iline
1353 4685 1459 4731 tam
1485 4675 1809 4732 immensum
1835 4675 2151 4732 miraculum

554 4769 819 4842 propheta
845 4785 1108 4838 cernens,
1138 4769 1375 4826 exsultat
1403 4777 1459 4826 et
1483 4768 1638 4825 dicit.

630 4863 850 4919 Psallite
877 4862 1124 4930 Domino,
1143 4863 1308 4918 sancti
1339 4863 1472 4932 ejus,
1504 4871 1610 4918 etc.
1642 4862 1796 4931 Quod
1822 4871 2153 4918 memoratus

559 4955 722 5012 vestri
751 4955 1108 5012 sanctiﬁcavit
1133 4969 1236 5011 vos
1285 4954 1536 5010 vocando
1567 4953 1634 5009 ad
1665 4954 2000 5025 agnitionem
2045 4969 2147 5009 no-

555 5048 720 5106 minis
748 5048 852 5105 sui.
898 5046 1146 5116 Psallite,
1179 5046 1427 5114 Domino,
1458 5048 1625 5101 sancti
1688 5049 1820 5119 ejus.
1880 5047 2149 5118 Propheta

552 5140 803 5198 hortatur
847 5149 1068 5197 sanctos
1095 5180 1111 5208 ,
1164 5148 1222 5194 ut
1266 5138 1493 5195 laudent
1540 5139 1692 5194 illum
1725 5154 1756 5193 a
1804 5157 1912 5211 quo
1959 5140 2152 5196 salvati

550 5244 702 5293 sunt.
735 5233 802 5288 Et
827 5233 1148 5304 conﬁtemini
1174 5233 1437 5288 memoriae
1465 5233 1756 5290 sanctitatis
1784 5237 1916 5306 ejus.
1949 5235 2152 5291 Memo-

552 5328 654 5393 ria,
688 5327 743 5383 id
777 5337 894 5394 est,
941 5336 1003 5383 ut
1046 5340 1316 5384 memores
1350 5326 1469 5381 sitis
1500 5326 1888 5384 beneﬁciorum
1919 5329 2150 5400 qualiter

551 5435 650 5477 vos
677 5418 746 5474 de
774 5429 1001 5488 peccato
1027 5419 1298 5476 redimere
1329 5419 1498 5476 venit.

627 5512 890 5578 Quoniam
927 5512 1006 5567 ira
1033 5513 1089 5568 in
1114 5512 1475 5587 indignatione
1511 5517 1645 5588 ejus,
1676 5526 1726 5571 et
1755 5518 1857 5571 vita
1885 5518 1939 5571 in
1967 5518 2148 5572 volun-

552 5615 656 5662 tate
681 5607 865 5678 ipsius.
900 5604 1020 5660 Non
1050 5607 1195 5677 quod
1227 5607 1310 5662 ira
1339 5616 1431 5662 aut
1477 5607 1778 5680 indignatio
1807 5608 1861 5666 in
1887 5610 2001 5666 Deo
2045 5612 2145 5678 sit,

558 5697 656 5752 sed
683 5697 824 5768 iusta
853 5695 1108 5751 vindicta.
1136 5696 1439 5766 Indignatio
1462 5697 1561 5754 Dei
1584 5700 1704 5769 fuit,
1736 5700 1952 5772 quando
1974 5701 2145 5758 Adam

2255 4687 2533 4759 sapientia
2574 4689 2717 4745 lucis
2746 4691 2816 4745 ab
2845 4706 2912 4747 eo
2945 4694 3309 4752 recessisset:
3333 4706 3388 4754 et
3417 4699 3563 4769 quod
3595 4714 3625 4754 a
3653 4698 3752 4753 Deo
3776 4693 3816 4747 in

2259 4778 2514 4849 paradiso
2566 4780 2870 4838 collocatus
2922 4784 3102 4841 fuerat
3147 4786 3522 4856 abundantize,
3568 4800 3816 4846 nonase-

2255 4877 2517 4945 mctipso.
2564 4877 2809 4934 Avertisti
2853 4882 3041 4953 [aciem
3093 4891 3236 4939 luant
3264 4903 3296 4940 a
3323 4903 3436 4954 me,
3468 4897 3515 4943 et
3541 4890 3700 4958 factus
3722 4897 3813 4940 sum

2255 4970 2614 5027 conturbatus.
2674 4971 2832 5030 Tunc
2887 4976 3090 5031 avertit
3139 4977 3334 5034 faciem
3382 4994 3536 5036 suam
3590 4981 3721 5036 Deus
3761 4974 3814 5028 ab

2252 5061 2450 5127 Adam,
2485 5063 2704 5133 quando
2744 5069 3125 5136 peccavit.-Et
3165 5080 3297 5126 tunc
3335 5074 3692 5130 conturbatus
3725 5076 3809 5132 est.

2251 5151 2480 5222 quando
2508 5155 2612 5211 sub
2642 5155 3028 5216 maledictione
3059 5159 3128 5216 de
3159 5162 3414 5232 paradiso
3441 5166 3705 5237 proiectus
3725 5169 3806 5217 est.

2255 5243 2322 5299 Et
2369 5245 2746 5317 unusquisque
2776 5247 2944 5304 homo
2971 5253 3194 5322 quando
3222 5253 3290 5310 de
3335 5257 3453 5312 suis
3487 5255 3810 5314 conturbatur

2253 5336 2517 5405 peccatis.
2564 5336 2665 5394 Vel
2710 5339 2874 5396 aliter
2908 5358 2924 5400 :
2967 5339 3212 5413 Domine,
3259 5346 3311 5399 in
3343 5348 3608 5404 voluntate
3648 5356 3744 5411 tua,
3766 5347 3807 5397 ct

2255 5442 2364 5482 non
2406 5443 2474 5482 ex
2515 5443 2632 5484 mea
2656 5445 2670 5483 :
2695 5433 2982 5503 prtestitisti
3007 5434 3185 5490 decori
3209 5452 3343 5504 meo,
3386 5442 3598 5511 corpori
3625 5448 3806 5496 assum-

2255 5528 2350 5589 pto
2384 5536 2399 5577 :
2442 5521 2684 5577 virtutem
2705 5567 2721 5593 ,
2769 5535 2826 5580 ut
2857 5535 2910 5583 te
2947 5544 3361 5600 cognoscerem.
3389 5533 3628 5590 Λυσι-εἱειὶ
3652 5531 3806 5606 faciem

2255 5620 2395 5666 luant
2422 5629 2454 5665 a
2483 5630 2585 5682 me,
2617 5630 2739 5672 cum
2773 5633 3060 5691 peccarem
3092 5639 3105 5676 :
3137 5633 3184 5677 et
3213 5627 3384 5695 factus
3412 5643 3528 5681 sum
3559 5623 3803 5682 conturba-

2257 5714 2359 5762 tus.
2385 5707 2706 5779 Ignorabam
2737 5715 2882 5770 enim
2912 5716 3092 5774 adltuc
3122 5719 3302 5776 lumen
3335 5722 3582 5779 veritatis
3610 5731 3727 5778 tute.
