3980 6330
124 337 248 396 905

1083 333 1513 391 BREVIANUM
1559 332 1622 389 IN
1665 331 1999 390 PSALWOS.
2046 335 2292 393 PSALM.
2341 333 2509 392 XXX.

3344 337 3445 396 903

210 453 300 506 Att
326 462 396 518 te,
436 449 677 517 Domine,
709 452 975 521 clamabo,
1001 462 1048 505 et
1076 455 1144 506 ad
1177 451 1344 507 Deum
1373 469 1466 506 ire:
1491 469 1540 506 m
1567 453 1751 519 depre-
1780 454 1826 512 A
1859 461 1977 517 est,
2011 453 2131 509 sine
2175 455 2282 509 line
2313 455 2555 533 (laudabo
2605 463 2676 510 te.
2721 455 2775 509 lu
2808 454 2920 521 his,
2955 463 3010 508 ut
3035 454 3144 524 jam
3179 455 3321 522 dixi,
3356 458 3450 514 libi

131 545 330 600 cubor.
371 543 617 598 Christus
648 543 909 599 Dominus
941 543 1044 599 hoc
1069 543 1197 599 dicit
1226 590 1240 614 ,
1286 546 1379 616 qui
1411 561 1508 616 pro
1537 546 1749 601 redem—

129 646 234 708 pto
271 635 474 706 populo
504 635 816 706 interpellat
842 633 910 690 ad
944 635 1186 690 Patrem.
1220 637 1470 691 Christus
1497 637 1751 690 clamavit

129 729 189 784 in
225 743 421 795 cruce,
450 735 502 782 et
537 726 782 782 Ecclesia
814 726 868 781 in
899 727 1294 797 persecutione.

211 824 353 888 Qua:
405 822 603 876 utilitas
644 822 699 876 in
749 821 1004 894 sanguine
1053 838 1194 890 meo,
1241 821 1368 875 dum
1415 821 1668 876 descendo
1695 820 1749 874 in

132 916 570 986 corruptionem?
599 915 658 970 Si
689 928 798 970 non
828 929 1184 970 resurrexero
1209 933 1222 969 :
1253 930 1376 968 nam
1399 914 1520 984 quia
1545 913 1748 968 ellusus

130 1017 222 1065 est
251 1009 478 1079 sanguis
505 1021 658 1063 meus
683 1048 700 1075 ,
746 1023 967 1078 surgam
996 1018 1050 1063 et
1079 1008 1150 1063 sit
1178 1007 1384 1063 utilitas
1410 1024 1424 1062 :
1480 1014 1540 1062 ut
1560 1006 1750 1078 acqui-

130 1121 252 1162 ram
312 1119 507 1160 omnes
555 1113 754 1176 gentes
797 1104 1205 1160 resurrectione
1239 1119 1378 1161 mea.
1427 1104 1749 1159 Humanitas

129 1196 351 1252 Christi
381 1197 448 1252 ad
475 1197 696 1253 Patrem
727 1196 987 1267 loquitur,
1014 1211 1079 1251 ac
1101 1198 1146 1252 si
1177 1197 1408 1252 dixisset
1433 1214 1446 1249 ε
1478 1195 1636 1251 Nulla
1666 1206 1750 1252 est

131 1293 350 1348 utilitas
379 1291 524 1363 quod
555 1291 877 1362 sanguinem
911 1290 1116 1356 effudi,
1172 1291 1276 1346 nisi
1326 1304 1688 1347 resurrexero
1718 1304 1746 1344 ει

130 1383 397 1442 mortuis.
451 1385 545 1441 Vel
573 1426 586 1451 ,
619 1401 738 1457 qua:
781 1385 986 1440 utilitas
1019 1387 1072 1438 in
1101 1387 1359 1458 sanguine
1386 1401 1529 1449 meo,
1561 1383 1612 1439 id
1643 1393 1744 1449 est,

134 1479 188 1533 in
220 1487 393 1548 gente
443 1478 603 1534 mea?
665 1478 980 1533 Judreorum
1028 1477 1179 1532 nulla
1211 1477 1570 1532 estutilitas:
1623 1475 1747 1548 quia

136 1585 249 1625 non
273 1568 538 1637 credunt,
571 1566 677 1625 nisi
710 1567 985 1624 hominem
1014 1584 1209 1638 purum
1241 1577 1474 1623 tantum.
1513 1567 1632 1623 Non
1661 1582 1751 1624 so-

137 1662 248 1718 lum
285 1677 401 1720 non
432 1661 824 1729 crediderunt,
875 1661 973 1718 sed
1015 1663 1178 1718 etiam
1205 1661 1348 1718 latus
1379 1661 1497 1733 ejus
1519 1676 1748 1732 aperue-

134 1767 289 1813 l'lllll.

1854 550 2143 602 concinam
2192 558 2352 620 atque
2394 549 2662 604 conﬁtear
2703 565 2718 602 :
2760 548 2850 620 qui
2901 549 2952 602 in
3002 564 3089 604 me
3137 551 3452 618 congregati

1853 649 1982 693 sunt
2029 655 2124 709 per
2172 643 2634 697 resurrectionem
2691 658 2891 698 meatu.
2935 643 3127 697 Omnia
3156 644 3301 698 enim
3334 659 3453 713 qua:

1853 729 1906 784 in
1936 730 2038 786 hoc
2072 733 2284 802 psalmo
2314 734 2592 790 humiliter
2622 735 2688 790 de
2715 735 2933 790 Christo
2964 736 3240 805 dicuntur,
3271 735 3339 791 ad
3361 754 3453 792 as-

1851 825 2222 894 sumptionem
2273 827 2522 896 corporis
2557 829 2731 898 magis
2775 827 3057 883 referenda
3089 837 3216 883 sunt
3240 871 3253 894 ,
3289 843 3451 898 quam

1851 917 1918 972 ad
1951 919 2250 988 potentiam
2284 919 2535 976 Deitatis.
2567 921 2678 976 Nos
2709 936 2924 992 quoque
2955 922 3227 992 supplices
3253 921 3451 991 depre-

1851 1024 2058 1077 camur,
2093 1019 2152 1065 ut
2180 1021 2464 1066 convertat
2493 1013 2756 1068 Dominus
2797 1014 2849 1068 iu
2881 1013 3135 1084 gaudium
3168 1015 3446 1085 planctum

1852 1113 2125 1170 nostrum,
2154 1104 2384 1159 remissa
2420 1105 2563 1160 mole
2607 1104 2940 1165 facinorum:
2985 1121 3049 1160 ac
3079 1105 3339 1176 mysterio
3367 1120 3453 1161 re-

1851 1196 2210 1252 surrectionis
2231 1211 2346 1250 suae
2374 1197 2681 1252 laetificatos
2702 1197 2955 1252 attollere
2979 1197 3232 1268 dignetur
3261 1197 3313 1252 in
3343 1213 3455 1253 cu:-

1852 1291 1962 1346 lum
1992 1307 2006 1346 :
2044 1306 2141 1362 pro
2186 1289 2387 1361 quibus
2418 1290 2759 1347 descendere
2787 1291 3044 1361 dignatus
3073 1300 3156 1347 est
3195 1291 3250 1346 in
3283 1292 3450 1348 infer-

1852 1398 2004 1439 num.

2383 1455 2698 1513 PSALMUS
2750 1455 2920 1513 XXX.

1852 1547 1921 1601 In
1968 1548 2160 1617 ﬁnem,
2194 1549 2446 1604 Psalmus
2476 1547 2648 1602 David
2665 1591 2679 1614 ,
2711 1562 2799 1604 etc
2821 1591 2834 1604 .
2868 1549 3118 1606 Psalmus
3147 1548 3317 1618 ipsius
3345 1551 3454 1606 Me-

1926 1620 2153 1675 diatoris
2210 1621 2366 1676 initio
2407 1622 2654 1675 continet
2697 1637 2926 1675 vocem:
2960 1621 3161 1676 deinde
3186 1621 3454 1690 redempti

1927 1691 2190 1761 sanguine
2242 1692 2361 1761 ejus
2410 1691 2632 1761 pepuli,
2677 1693 2880 1759 gratias
2923 1692 3156 1762 agentis,
3189 1708 3255 1748 ex
3283 1693 3454 1761 ipsius

1926 1763 2300 1835 interponitur
2354 1778 2587 1832 persona
2648 1764 2953 1835 prophetas.
3015 1763 3108 1819 Ait
3165 1779 3297 1835 ergo
3345 1763 3454 1819 lic-

204 1850 494 1924 Numquid
543 1850 876 1921 conﬁtebitur
922 1850 1015 1905 tibi
1060 1845 1169 1921 [AL
1221 1859 1362 1906 tacet
1395 1847 1508 1921 tibi]
1537 1849 1748 1921 pulvis?
1777 1850 1826 1911 Β
1926 1833 2178 1905 demplor
2209 1835 2275 1889 ad
2310 1835 2573 1889 ιἠιτοιηε

133 1945 251 2004 Νοη
285 1946 493 2018 poterit
524 1945 680 2002 turba
714 1945 1038 2016 impiorum,
1070 1961 1191 2014 qua:
1218 1943 1421 2009 adhuc,
1457 1944 1603 1998 velut
1637 1942 1751 2012 pul-

137 2039 244 2106 vis,
270 2038 428 2094 omni
463 2045 628 2094 veuto
651 2036 915 2093 doctrina:
942 2035 1546 2105 movetur,justiticari,
1571 2033 1617 2089 si
1650 2047 1752 2103 ego

145 2147 254 2188 non
282 2145 592 2200 resurgam.
634 2129 691 2186 Si
713 2144 817 2201 ego
841 2144 952 2185 non
975 2143 1356 2194 resurrexero,
1393 2142 1498 2182 non
1527 2124 1752 2181 cantite-

136 2224 286 2280 bitur
337 2224 440 2279 tibi
486 2222 682 2295 pulvis.
746 2220 954 2288 Pulvis,
1007 2219 1059 2276 id
1109 2228 1233 2286 est,
1267 2217 1748 2290 impii,velinfru-

135 2318 334 2374 ctuosi.
370 2317 478 2372 Aut
509 2315 846 2370 annuntiabit
874 2315 1149 2369 veritatem
1172 2322 1336 2367 tuam.
1379 2313 1436 2368 Id
1465 2319 1571 2376 est,
1595 2309 1752 2367 Chri-

141 2423 282 2471 stum
316 2422 516 2470 tuum:
565 2429 629 2469 ac
661 2412 708 2468 si
737 2411 922 2468 dicat:
971 2411 1029 2467 Si
1061 2425 1171 2466 non
1216 2421 1572 2465 resurrexero
1595 2447 1610 2474 ,
1641 2422 1748 2462 nou

140 2508 499 2564 annuntiant.

212 2603 433 2657 Audiuit
466 2598 728 2656 Dominus
753 2639 769 2668 ,
803 2607 851 2654 et
881 2598 1120 2654 misertus
1147 2608 1222 2652 est
1254 2597 1375 2652 mei.
1409 2595 1619 2650 Audiuit
1640 2592 1754 2648 Do-

145 2695 341 2763 minus,
373 2696 522 2751 Deus
553 2695 736 2760 Pater,
767 2702 816 2748 et
842 2692 1087 2748 misertus
1111 2700 1186 2746 est
1214 2690 1335 2745 mei.
1383 2689 1498 2744 Vox
1525 2687 1748 2755 Christi,

145 2793 266 2862 quia
316 2807 615 2863 resurgere
663 2805 750 2846 me
787 2789 918 2844 fecit
945 2803 976 2843 a
1007 2787 1262 2844 mortuis.
1294 2783 1554 2840 Dominus
1578 2783 1751 2853 factus

146 2895 216 2940 est
243 2887 466 2956 adjutor
506 2902 668 2941 meus.
711 2885 977 2940 Defensor
1007 2896 1159 2938 meus
1186 2922 1201 2949 ,
1249 2879 1343 2951 qui
1371 2894 1459 2935 me
1486 2877 1614 2934 fecit
1641 2875 1753 2948 pri-

146 2979 494 3050 tuogeuitum
519 2988 883 3033 mortuorum.

223 3071 538 3128 Convertisti
570 3071 833 3143 planctum
858 3085 1046 3124 meum.
1079 3067 1216 3122 Cum
1249 3065 1489 3121 dicerem
1517 3081 1530 3118 :
1556 3062 1750 3118 Tristis

151 3173 233 3222 est
259 3165 447 3221 anima
481 3180 598 3221 mea
627 3179 801 3236 usque
827 3162 895 3219 ad
927 3171 1182 3218 mortem.
1224 3158 1294 3214 In
1321 3159 1569 3231 gaudium
1599 3155 1745 3211 mihi.

1930 1945 1996 2001 In
2021 1958 2086 2014 te,
2115 1947 2356 2016 Domine,
2390 1949 2616 2018 speravi,
2653 1966 2758 2003 non
2780 1951 3074 2020 confundor
3098 1952 3150 2005 in
3177 1961 3450 2006 aeternum.

1855 2037 1911 2093 ln
1969 2049 2042 2106 te,
2097 2040 2278 2106 Pater,
2319 2057 2446 2110 spes
2495 2051 2581 2096 est
2619 2041 3085 2098 eorroborationis
3132 2059 3290 2114 mea),
3325 2045 3451 2100 dum

1854 2135 1987 2197 mihi
2037 2142 2309 2205 tamquam
2359 2137 2574 2192 caeteris
2616 2137 2928 2194 hominibus
2968 2140 3230 2195 insultant
3261 2141 3457 2196 adver-

1855 2229 2025 2297 sarii,
2078 2229 2167 2284 vel
2218 2229 2467 2284 illuduttt.
2534 2230 2625 2286 Vel
2673 2247 2772 2287 vox
2809 2231 3089 2302 propheta:
3121 2250 3185 2289 ex
3218 2249 3449 2304 persona

1857 2324 2120 2381 Ecelesim
2155 2324 2315 2392 dicit,
2351 2342 2451 2379 nou
2481 2326 2808 2395 confundor:
2846 2327 2971 2396 quia
3012 2337 3159 2383 recte
3188 2329 3456 2383 confiteor

1855 2418 2019 2473 linem
2051 2417 2354 2472 Trinitatis.
2406 2415 2470 2470 In
2501 2427 2580 2484 te,
2608 2414 2860 2484 Domine,
2889 2419 3112 2488 sperari.
3155 2416 3220 2472 In
3245 2428 3309 2484 te,
3345 2435 3455 2473 non

1855 2510 1910 2565 in
1939 2526 2048 2566 me.
2102 2509 2225 2564 Non
2275 2511 2574 2580 confundor
2603 2509 2656 2562 in
2683 2519 2966 2563 azternum:
3015 2509 3137 2580 quia
3180 2511 3270 2580 qui
3300 2510 3452 2566 illum

1855 2603 2066 2673 integre
2106 2601 2458 2667 confitentur,
2515 2615 2624 2655 non
2673 2599 3078 2656 confundentur
3129 2616 3304 2673 neque
3344 2602 3455 2670 hic,

1854 2710 2030 2766 neque
2055 2696 2108 2750 iu
2140 2693 2344 2748 futuro.
2392 2692 2458 2747 Et
2490 2693 2542 2747 in
2571 2703 2658 2748 tua
2679 2693 2896 2766 justitia
2927 2692 3090 2748 libera
3123 2711 3218 2764 me,
3244 2703 3292 2750 et
3319 2696 3458 2766 eripe

1854 2804 1955 2842 me.
2022 2787 2099 2843 De
2144 2785 2300 2842 fovea
2339 2800 2500 2857 quam
2545 2794 2856 2841 statuerunt
2888 2787 3086 2842 anima:
3119 2802 3274 2842 mere.
3318 2786 3457 2854 Quia

1856 2879 1958 2936 nisi
1981 2894 2011 2934 a
2042 2879 2156 2934 Deo
2179 2878 2568 2948 justilicemur,
2597 2893 2695 2947 per
2716 2894 2816 2933 nos
2845 2893 2951 2933 non
2982 2894 3271 2949 possumus
3296 2879 3459 2950 justi-

1854 2971 2031 3027 licari.
2075 2968 2230 3026 Unde
2261 2969 2523 3039 scriptum
2553 2977 2638 3023 est
2670 2985 2685 3026 :
2713 2969 2817 3036 Qui
2847 2983 2907 3024 se
2929 2969 3214 3039 justilicat,
3248 2974 3366 3042 ipse
3396 2987 3457 3027 se

1853 3063 2185 3120 cendemnat
2217 3060 2340 3133 (Job
2385 3061 2483 3132 tx).
2525 3059 2682 3117 Unde
2713 3070 2766 3118 et
2799 3060 3000 3116 Paulus
3029 3061 3098 3119 de
3125 3062 3449 3133 quibusdam

1854 3157 2028 3214 dicit:
2062 3157 2226 3214 Suam
2274 3165 2584 3227 quaerentes
2632 3155 3193 3228 statucrejustitiam,
3224 3159 3451 3228 justitia‘.

150 3259 277 3313 Cum
302 3273 604 3328 resurgens
628 3257 736 3312 dixi
771 3274 783 3311 :
816 3256 916 3325 lte,
942 3254 1192 3311 nuntiate
1223 3253 1485 3309 fratribus
1512 3250 1670 3319 meis,
1692 3257 1754 3305 ut
1779 3239 1825 3304 C
1857 3254 1950 3310 Dei
1986 3269 2094 3309 non
2125 3264 2250 3310 sunt
2270 3253 2499 3323 subjecti
2534 3251 2713 3325 (Rom.
2741 3252 2826 3323 x).

151 3361 269 3407 eant
308 3353 359 3407 in
384 3351 694 3418 Galilwam,
729 3349 801 3406 ibi
843 3363 929 3404 me
958 3348 1242 3405 videbunt.
1271 3345 1377 3403 Sed
1405 3345 1522 3400 haec
1549 3343 1689 3400 sicut
1717 3358 1745 3396 a

153 3445 382 3515 Christo,
419 3446 498 3501 ita
516 3445 679 3501 etiam
712 3443 780 3499 ab
807 3443 1055 3500 Ecclesia
1086 3442 1347 3498 dicuntur
1372 3457 1384 3493 :
1410 3438 1566 3509 cujus
1589 3436 1747 3507 plan-

155 3545 285 3606 ctus,
321 3546 650 3610 resurgente
680 3537 935 3602 Domino,
961 3536 1017 3591 in
1040 3535 1297 3607 gaudium
1324 3542 1406 3589 est
1427 3544 1745 3597 conversus,

162 3638 208 3684 et
237 3647 352 3701 quae
381 3631 649 3701 deinceps
676 3645 798 3685 cum
828 3630 950 3700 ipso
979 3628 1232 3695 Domino,
1260 3635 1315 3681 et
1343 3625 1411 3680 ad
1438 3625 1614 3695 ipsum
1643 3623 1748 3678 Do-

159 3723 375 3792 minum,
403 3724 524 3795 jam
556 3720 812 3778 mundata
841 3721 982 3793 Agni
1013 3720 1278 3790 sanguine
1306 3717 1468 3773 dicit:

222 3813 533 3870 Conscidisti
570 3829 779 3870 saccum
816 3829 1007 3870 meant.
1073 3811 1454 3868 Velameutum
1497 3817 1748 3880 peccato-

159 3919 267 3960 rum
298 3923 552 3966 meorum
578 3924 594 3964 :
638 3907 767 3978 quia
793 3920 1007 3973 saccus,
1055 3913 1109 3961 et
1133 3904 1376 3960 cilicium
1404 3901 1470 3958 ad
1498 3911 1749 3972 peccato-

158 4009 240 4052 res
279 4002 542 4070 pertinet.
586 3999 724 4054 Dum
780 4013 912 4070 ergo
965 3996 1144 4053 dicit:
1177 3995 1494 4052 Conscidisti
1521 4011 1746 4050 saccum

158 4103 342 4160 meum,
384 4104 440 4151 et
484 4093 615 4149 alibi
646 4093 818 4149 dicit:
851 4091 1152 4148 Induebam
1195 4106 1280 4146 me
1308 4090 1488 4146 cilicio
1514 4131 1529 4157 ,
1563 4100 1616 4145 ct
1645 4089 1747 4144 hu-

159 4183 419 4243 miliabam
473 4187 529 4242 in
570 4186 784 4257 jejunio
833 4185 1075 4240 animam
1127 4198 1302 4240 meam
1347 4181 1522 4255 (Psul.
1552 4180 1656 4254 tv),
1688 4189 1746 4237 et

159 4277 362 4344 quidem
384 4281 643 4338 Christus
671 4295 782 4335 non
812 4290 900 4336 est
923 4293 1056 4334 usus
1087 4279 1192 4332 isto
1220 4275 1561 4332 indumento.
1604 4274 1744 4343 Quid

160 4377 236 4424 est
260 4386 444 4430 saccus
493 4372 700 4431 Christi
726 4414 742 4440 ,
796 4373 896 4428 nisi
946 4371 1247 4427 mortalitas
1277 4386 1439 4442 quam
1481 4370 1549 4426 de
1588 4369 1745 4426 nobis

163 4466 479 4534 assumpsit?
506 4465 660 4521 Tunc
684 4465 1000 4521 eonscissus
1029 4473 1113 4520 est
1140 4463 1246 4519 iste
1270 4476 1490 4530 saccus,
1525 4460 1743 4532 quando

163 4560 486 4630 resurrexit,
533 4567 584 4617 et
629 4557 960 4615 immortalis
982 4557 1208 4613 effectus
1239 4567 1345 4612 est.
1396 4557 1466 4612 Et
1495 4556 1623 4611 licet
1647 4555 1744 4610 ha-

1924 3347 2130 3403 Inclina
2159 3347 2226 3400 ad
2258 3364 2336 3402 me
2365 3362 2543 3400 aurem
2573 3356 2737 3399 tuam.
2774 3345 2888 3400 Vox
2913 3345 3171 3403 Ecclesia:
3201 3347 3269 3404 ad
3294 3349 3453 3406 Chri-

1851 3456 2018 3502 stum.
2078 3443 2185 3500 Per
2233 3458 2418 3500 aurem
2467 3443 2772 3513 benignitas
2812 3443 2908 3499 Dei
2961 3443 3301 3515 intelligitur.
3364 3444 3453 3501 ln-

1849 3538 2018 3594 cliuat
2064 3537 2318 3593 Christus
2360 3551 2584 3602 aurem,
2623 3534 2842 3606 quando
2881 3535 3145 3591 exaudire
3173 3535 3448 3608 dignatur.

1851 3629 1949 3686 Vel
1981 3638 2108 3686 tunc
2136 3628 2427 3684 inclinavit
2457 3627 2603 3683 Deus
2628 3642 2815 3684 aurem
2845 3642 3019 3697 suam,
3056 3628 3273 3698 quando
3303 3630 3452 3685 misit

1848 3722 2087 3781 Verbum
2118 3737 2300 3790 suum,
2331 3729 2387 3777 et
2409 3735 2509 3776 nos
2533 3719 2810 3776 exaudivit
2844 3721 2896 3776 iu
2916 3721 3148 3789 mundo;
3179 3729 3235 3777 et
3266 3723 3450 3778 intan-

1851 3826 1964 3875 tum
2011 3815 2329 3885 inclinavit,
2380 3823 2437 3870 ut
2487 3823 2670 3873 nostra
2723 3824 2942 3886 peccata
2991 3814 3163 3886 digito
3214 3816 3446 3873 interra

1848 3913 2135 3969 scriberet.
2180 3911 2424 3965 Accelera
2474 3919 2529 3963 ut
2574 3909 2767 3979 eripias
2812 3926 2910 3964 me.
2951 3908 3232 3975 Accelera,
3265 3910 3317 3966 id
3344 3919 3450 3982 est,

1849 4005 2080 4062 festina:
2116 4014 2171 4058 ut
2213 4004 2405 4074 eripias
2449 4018 2548 4057 me.
2594 4001 2931 4057 Vultsancta
2959 4001 3205 4058 Ecclesia
3230 4002 3450 4059 liberari

1847 4097 1915 4153 de
1959 4111 2226 4168 corpore,
2274 4103 2336 4150 ut
2378 4093 2455 4149 ait
2497 4093 2729 4150 Paulus:
2759 4091 2933 4166 Cupio
2961 4094 3213 4164 dissolvi,
3244 4106 3450 4153 etesse

1847 4204 1971 4245 cum
1995 4188 2218 4244 Christo
2251 4186 2481 4259 (Philip.
2510 4187 2574 4255 ι).

1920 4283 2048 4338 Esto
2091 4283 2221 4337 mihi
2268 4282 2322 4336 in
2363 4279 2533 4334 Deum
2589 4288 2952 4350 protectorem.
3015 4279 3128 4336 Vox
3162 4281 3445 4338 Ecclesia}.

1847 4375 1916 4431 In
1962 4375 2129 4431 Deum
2178 4383 2542 4446 protectorem.
2603 4371 2660 4427 lu
2690 4372 2859 4430 Deum
2891 4371 3237 4430 defensorem
3270 4393 3285 4431 :
3317 4376 3446 4446 quia

1847 4468 2002 4524 multi
2029 4477 2155 4523 sunt
2179 4467 2252 4522 dii
2275 4467 2455 4522 nocivi
2475 4509 2490 4533 ,
2519 4463 2612 4535 qui
2641 4480 2746 4520 non
2779 4473 3033 4536 prosunt.
3064 4464 3220 4522 Unde
3249 4467 3448 4524 Paulus

1847 4559 2013 4615 dicit:
2044 4559 2182 4613 Sunt
2211 4557 2428 4628 quidem
2458 4555 2535 4610 dii
2567 4556 2754 4622 multi,
2787 4563 2844 4612 et
2873 4556 3080 4612 domini
3117 4559 3274 4614 multi
3302 4577 3314 4614 :
3349 4576 3449 4616 no-

167 4642 270 4703 buit
293 4665 532 4720 saccum,
562 4652 658 4709 sed
691 4667 798 4709 non
822 4651 1013 4708 habuit
1041 4666 1178 4722 opus
1207 4649 1388 4708 sacci:
1411 4649 1463 4706 id
1487 4658 1592 4719 est,
1617 4663 1742 4718 pec-
1771 4636 1824 4697 Ῑ)
1849 4653 1934 4708 bis
1985 4658 2165 4705 tamen
2212 4662 2353 4704 unus
2398 4647 2544 4702 Deus
2568 4685 2584 4712 ,
2639 4661 2744 4700 una
2776 4646 2912 4702 fides
2934 4687 2952 4715 ,
2982 4663 3144 4703 unum
3177 4651 3444 4720 baptisma

167 4749 328 4798 calum
362 4763 376 4801 :
425 4747 495 4804 de
536 4763 644 4820 quo
686 4747 952 4816 scriptum
1007 4757 1128 4804 est:
1161 4746 1265 4814 Qui
1316 4754 1603 4818 peccatum
1632 4760 1742 4801 non

168 4828 288 4889 fecit
313 4853 328 4891 :
354 4856 454 4897 uec
484 4841 646 4898 dolus
676 4842 932 4898 iuventus
960 4850 1045 4897 est
1067 4841 1120 4896 in
1145 4856 1242 4897 ore
1265 4843 1386 4912 ejus
1409 4840 1567 4912 (lsai.
1600 4839 1738 4912 Lttt).

169 4917 319 4984 Nobis
343 4946 476 5005 ergo
505 4949 732 4991 necesse
761 4945 846 4990 est
875 4948 1094 4990 saccum
1127 4942 1183 4990 et
1203 4933 1440 4990 cilicium
1473 4933 1702 4989 induere
1727 4947 1741 4986 :

116 5017 117 5028 “
169 5015 282 5082 quia
321 5037 454 5092 opus
485 5027 628 5082 sacci
661 5025 948 5082 habuimus
968 5067 982 5092 ,
1014 5026 1068 5081 id
1095 5034 1209 5090 est,
1240 5034 1539 5096 peccatum.
1588 5024 1742 5080 Prw-

172 5103 358 5165 cinscisti
389 5133 467 5172 me
515 5119 720 5175 lwtitia.
772 5118 829 5174 ιιι
879 5127 1006 5187 est,
1058 5119 1248 5175 laetitia
1298 5119 1737 5186 resurrectionis,

173 5197 273 5256 sive
295 5203 563 5268 Christum
589 5253 606 5281 ,
654 5213 770 5268 sive
815 5211 1119 5268 Ecelesiam
1169 5211 1223 5266 in
1256 5211 1476 5268 futuro:
1506 5211 1741 5266 inducas

174 5301 250 5347 me
291 5301 422 5357 stola
455 5305 626 5376 prima
668 5305 1100 5362 immortalitatis
1151 5320 1248 5376 per
1286 5305 1737 5362 resurrectionem

175 5385 324 5444 tuam.

241 5477 302 5532 Ut
325 5495 529 5545 cantent
573 5491 684 5566 (Al.
719 5491 910 5564 cantet}
943 5491 1038 5546 tibi
1072 5490 1243 5563 gloria
1272 5505 1409 5545 mea.
1440 5487 1500 5544 1n
1530 5487 1615 5543 his
1647 5488 1740 5558 qui

176 5571 497 5638 crediderunt
535 5586 725 5656 gloria:
764 5584 1203 5642 resurrectionis.
1256 5584 1323 5639 Et
1357 5600 1461 5638 non
1494 5599 1742 5653 compun-

179 5670 280 5722 θαι.
324 5666 367 5721 Α
393 5673 626 5732 stimulis
655 5687 1032 5748 peccatorum.
1075 5675 1262 5748 Neque
1285 5675 1538 5733 Christus
1569 5690 1584 5728 :
1618 5675 1741 5746 quia

174 5751 361 5815 nullum
387 5763 578 5826 habuit
607 5781 913 5842 peccatum.

231 5844 432 5911 Domine
464 5859 618 5919 Deus
650 5881 818 5931 meus,
846 5865 900 5918 in
926 5873 1176 5920 internum
1196 5863 1482 5935 conﬁtebor
1509 5859 1623 5916 tibi.
1684 5859 1742 5917 id

414 5950 704 6017 PLTROL.
755 5955 990 6016 XXVI.

1851 4743 1895 4816 (Ι
1924 4741 2046 4798 Cor.
2075 4739 2215 4811 VIII).
2275 4737 2403 4794 Esto
2441 4737 2569 4791 mihi
2606 4739 2660 4790 in
2696 4735 2868 4792 Deum
2903 4747 3268 4809 protectorem,
3303 4751 3442 4798 tam-

1845 4852 2008 4909 quam
2042 4835 2342 4906 proximus.
2387 4830 2453 4885 Et
2481 4831 2535 4884 in
2566 4830 2780 4884 (tantum
2811 4832 3030 4901 refugii,
3064 4841 3118 4886 ut
3143 4835 3342 4889 salvum
3364 4853 3444 4891 mc

1847 4928 2033 5000 facias.
2079 4925 2215 4994 Quia
2247 4923 2515 4990 Ecclesia,
2552 4929 2875 4991 tempestate
2906 4924 3342 4993 persecutionis,
3375 4927 3444 4982 ad

1850 5021 2019 5076 Deum
2057 5017 2220 5073 habet
2249 5015 2541 5086 refugium.
2595 5011 2662 5067 Ut
2700 5012 2898 5068 salvum
2929 5029 3009 5067 me
3029 5014 3224 5084 facias,
3254 5033 3285 5072 a
3317 5033 3442 5088 pec-

1846 5112 2142 5170 catoribus.
2190 5111 2392 5165 Domus
2422 5116 2605 5163 autem
2638 5105 2833 5177 rel'ugii
2863 5105 2981 5175 ipse
3004 5115 3090 5162 est
3117 5107 3172 5163 in
3203 5125 3308 5180 quo
3341 5110 3446 5166 Pa-

1848 5216 1932 5263 ter
1960 5205 2250 5261 inhabitat.
2292 5201 2444 5256 Multi
2475 5200 2670 5255 volunt
2698 5197 2884 5269 fugere
2919 5213 2950 5254 a
2977 5202 3267 5270 praesentia
3300 5202 3396 5258 Dei
3427 5220 3440 5257 :

1845 5299 1946 5358 sed
1975 5313 2084 5354 non
2116 5306 2348 5370 possunt
2386 5293 2653 5362 evadere,
2687 5301 2747 5348 ut
2771 5293 2846 5348 ait
2875 5295 3141 5365 propheta
3170 5313 3182 5349 :
3214 5296 3283 5352 Et
3309 5313 3338 5352 a
3369 5299 3446 5352 fa-

1847 5393 1931 5451 cie
1959 5402 2051 5449 tua
2081 5408 2190 5464 quo
2219 5390 2421 5462 fugiam
2472 5387 2646 5460 (Psal.
2676 5389 2979 5459 cxxxvut)?
3022 5389 3127 5446 Sed
3159 5405 3281 5460 nos,
3313 5392 3447 5449 dicit

1848 5487 2134 5556 Ecclesia,
2169 5485 2388 5542 insimul
2423 5483 2477 5539 in
2508 5482 2674 5540 domo
2706 5481 2968 5538 habemus
2996 5482 3266 5556 refugium
3294 5503 3308 5544 :
3340 5487 3445 5545 hoc

1848 5589 1955 5651 est,
1981 5579 2033 5635 in
2061 5580 2179 5650 ipso
2208 5578 2299 5649 qui
2325 5584 2409 5634 est
2437 5575 2602 5632 Deus.

1921 5670 2178 5738 Quoniam
2214 5669 2602 5738 firmamentum
2642 5683 2845 5733 meum,
2890 5675 2938 5719 et
2983 5667 3246 5738 refugium
3276 5685 3446 5726 meum

1850 5779 1902 5818 es
1930 5772 2005 5816 tu.
2075 5760 2159 5815 Ad
2190 5759 2544 5815 sustinendos
2583 5774 2680 5815 eos
2711 5761 2799 5830 qui
2829 5759 2883 5813 in
2913 5775 2999 5814 me
3027 5763 3278 5816 satviunt.
3349 5763 3447 5820 Vel

1851 5857 2254 5912 ﬁrmamentum
2303 5851 2468 5920 fidei;
2522 5861 2570 5906 et
2617 5852 2880 5924 refugium
2908 5867 3075 5908 meum
3100 5868 3152 5907 es
3174 5864 3227 5907 tu
3250 5868 3271 5910 :
3301 5855 3448 5914 refu-

2926 5946 3006 6007 ’29
