3980 6284
1343 261 1694 328 APPENDIX
1734 258 1825 316 AD
1860 256 1903 313 Τ
1908 248 2101 311 OMUM
2142 241 2494 304 SEPTIMUM
2532 239 2593 297 S.
2634 228 3040 295 lllERONYMl.
3727 210 3836 268 908

1919 389 1950 427 ς)
1975 368 2140 426 habet
2168 365 2224 425 A
2247 375 2368 430 tua,
2406 376 2506 431 pro
2534 366 2697 413 tanta:
2728 352 2950 426 pietatis
2975 341 3263 405 commodo
3286 380 3302 409 ,
3335 344 3395 394 nt
3424 347 3514 392 me
3535 341 3630 389 tua
3661 342 3838 387 morte

2247 454 2548 513 redimercs
2581 468 2593 506 :
2624 450 2749 522 quia
2775 442 3044 517 respea‘isti
3072 434 3418 493 humilitatem
3444 444 3635 494 meam,
3668 427 3723 479 in
3749 440 3838 492 spe

2250 550 2340 605 illa
2371 519 2647 619 positam,
2687 557 2785 613 per
2811 554 2973 610 quam
3005 549 3067 591 ra
3097 546 3219 605 qua:
3248 543 3357 586 non
3386 525 3677 586 videmur,
3707 519 3838 574 desi-

2254 644 2538 701 derantur.
2585 635 2809 695 Saivasti
2852 635 2916 689 de
2953 624 3342 687 necessitatibus
3384 620 3620 675 animam
3659 630 3834 669 meam.

2253 735 2623 793 Necessitates
2640 732 2890 802 corporis
2909 724 3096 781 multat
3114 729 3272 777 sunt:
3293 716 3345 772 id
3368 723 3474 780 est,
3495 709 3834 771 manducare,

2257 831 2448 886 bibere
2470 867 2485 895 ,
2524 799 2800 889 dormire,
2841 818 2928 876 vel
2958 815 3102 872 aliud
3127 811 3274 885 quod
3305 804 3628 865 necessario
3659 811 3741 857 est
3767 799 3833 853 ta-

2257 922 2549 981 ciendum:
2580 917 2680 975 sed
2710 914 3081 971 necessarium
3111 905 3304 962 anima!
3323 940 3341 970 ,
3371 898 3608 957 omnino
3638 907 3794 949 unum
3823 909 3832 943 :

547 293 650 354 907

550 413 695 480 gium
746 413 926 458 meum
974 394 1145 451 dicit:
1198 388 1323 461 quia
1372 384 1618 442 Ecclesia
1648 382 1700 435 in
1729 376 1915 435 Christ

549 463 819 568 :efugium
844 534 860 561 ,
893 499 953 546 ut
979 488 1062 544 ait
1080 486 1382 557 propheta:
1406 474 1655 540 Domine,
1684 466 1948 539 refugium
1973 463 2143 517 tactus

551 608 611 648 es
644 552 802 644 nubis
836 552 1014 656 (Paul.
1063 552 1309 645 uxxilx).
1371 570 1595 641 Propter
1634 578 1819 619 nomen
1845 567 1991 614 tuum
2013 552 2144 608 edu-

555 701 636 740 ces
679 697 782 737 me.
837 646 909 734 iit
951 674 1058 730 hoc
1097 677 1285 726 notum
1329 663 1528 719 faciam
1550 657 1805 731 gentibus
1826 646 2147 708 credituris.

554 778 788 847 Propter
830 782 1032 826 nomen
1077 774 1230 820 tuum
1263 759 1371 814 dux
1396 752 1532 812 mihi
1572 750 1720 808 eris:
1773 742 2003 815 Quando
2050 751 2151 810 ego

560 832 698 926 iacio
720 861 923 935 aliquid
953 858 1080 915 boni
1104 897 1120 924 ,
1153 867 1352 910 nomen
1379 845 1599 905 Domini
1627 858 1698 899 ex
1744 841 1849 896 huc
1880 832 2153 909 gloriﬁca-

558 970 666 1017 tur.
719 956 785 1012 Et
813 923 1056 1009 'cntttries
1106 923 1205 1001 ine.
1237 938 1564 1015 Aggregatis
1608 931 1871 1006 paulatim
1922 923 2152 989 sanctis,

565 1054 768 1110 educas
796 1043 1102 1103 Ecclesium
1148 1013 1343 1101 tuam,
1370 1048 1491 1103 quae
1537 1030 1591 1085 in
1647 1041 1735 1082 me
1781 1021 2056 1079 fundatur.
2092 1013 2157 1070 Et

566 1144 792 1202 enutries
820 1156 920 1195 me.
953 1138 1109 1193 Tunc
1137 1128 1405 1188 enutrivit
1432 1121 1770 1184 Ecclesiam,
1805 1112 2022 1188 quando
2062 1123 2160 1164 no-

567 1248 736 1295 stram
767 1245 985 1290 carnem
1009 1223 1275 1293 suscepit.
1308 1218 1465 1276 Unde
1493 1225 1549 1272 et
1568 1212 1794 1268 Paulus:
1819 1207 1988 1262 Nemo
2013 1202 2158 1258 enim

567 1342 788 1385 carnem
848 1338 1006 1379 suam
1072 1316 1199 1372 odio
1266 1312 1454 1376 habet,
1523 1305 1619 1363 sed
1679 1301 1854 1359 nutrit
1911 1306 1966 1353 et
2015 1294 2164 1350 fovet

570 1420 788 1494 (Ep/tes.
824 1416 903 1487 v).
935 1415 1003 1470 Et
1034 1406 1295 1467 contrivit
1323 1416 1443 1469 nos,
1475 1410 1534 1454 ut
1565 1397 1735 1453 fortes
1763 1393 1957 1449 simus.

645 1479 713 1569 Et
758 1479 940 1567 educes
980 1522 1059 1560 me
1112 1504 1175 1557 de
1220 1498 1404 1568 laqueo
1432 1509 1581 1560 quem
1608 1486 1985 1543 absconderant
2014 1479 2163 1534 mihi.

574 1607 826 1677 Laqueus
873 1598 1074 1655 dicitur
1117 1591 1301 1663 captio
1344 1606 1357 1641 :
1403 1586 1531 1658 quia
1577 1577 1838 1653 quamdiu
1887 1575 1941 1629 in
1968 1571 2052 1628 via
2083 1584 2163 1634 es,

574 1701 681 1757 hoc
723 1706 829 1763 est,
867 1694 920 1750 in
953 1690 1198 1754 Christo,
1233 1700 1339 1741 non
1370 1682 1531 1737 times
1562 1677 1614 1731 in
1642 1677 1899 1744 laqueum
1926 1666 2162 1724 cadere:

2262 1020 2317 1075 id
2348 1026 2434 1075 est
2464 1060 2479 1087 ,
2525 1016 2634 1071 vita
2662 1020 2888 1069 aeterna.
2931 1005 3173 1065 Salvavit
3207 1003 3350 1058 Deus
3379 999 3620 1054 animam
3653 992 3722 1048 de
3756 1005 3836 1045 sua

2262 1082 2594 1169 necessitate
2625 1126 2637 1161 :
2672 1106 2797 1177 quia
2825 1101 2976 1171 dedit
3001 1099 3050 1156 ei
3081 1098 3245 1153 vitam
3274 1100 3583 1148 aeternam:
3610 1082 3757 1156 quod
3771 1092 3840 1134 est

2264 1222 2360 1262 sua
2413 1176 2735 1261 necessitas.
2786 1194 3023 1253 l‘roinde
3063 1189 3286 1248 salvasti
3328 1186 3400 1242 de
3442 1176 3842 1239 necessitatibus

2267 1298 2465 1355 mortis
2495 1301 2777 1366 perpetuas
2807 1290 3045 1345 animam
3075 1298 3253 1342 meam
3301 1294 3428 1352 qua:
3456 1276 3549 1333 tibi
3579 1281 3698 1331 erat
3721 1270 3847 1325 cha-

2266 1392 2427 1447 ritate
2449 1387 2719 1443 devincta.

2345 1483 2458 1539 Nec
2488 1478 2790 1537 conclusisti
2830 1490 2910 1529 me
2950 1473 3005 1526 in
3043 1484 3231 1525 manus
3254 1464 3478 1521 inimici.
3535 1460 3620 1516 Illi
3650 1457 3849 1515 conclu-

2271 1577 2472 1634 duntur
2495 1575 2548 1629 in
2574 1584 2765 1627 manus
2784 1565 2987 1622 inimici
3009 1604 3024 1630 ,
3051 1561 3145 1634 qui
3172 1564 3527 1631 perseverant
3554 1554 3608 1609 in
3636 1549 3849 1624 peetatis

2272 1669 2408 1725 suis.
2459 1664 2566 1723 Sed
2596 1680 2726 1735 ego,
2759 1659 2893 1716 dicit
2931 1654 3194 1720 Ecclesia,
3229 1666 3335 1708 non
3368 1644 3674 1705 concludar
3709 1642 3850 1711 :quia

576 1736 681 1757 ιιυυ
724 1736 829 1763 ωσι,
867 1736 920 1750 ιιι
954 1736 1198 1754 νισι-.--ν’
1233 1736 1336 1741 ---η
1380 1736 1383 1737 ,
1715 1736 1728 1744 υ

575 1792 756 1864 laquei
782 1802 941 1845 secus
971 1785 1112 1840 viam
1137 1786 1435 1853 ponuntur.
1465 1773 1587 1836 Via,
1611 1769 1862 1825 Christus
1889 1773 1973 1819 est
1993 1778 2007 1814 :
2030 1760 2171 1814 sicut
2204 1757 2250 1819 B
2277 1776 2385 1817 non
2418 1757 2541 1813 volo
2569 1767 2921 1828 perseverare
2950 1750 3003 1805 in
3029 1748 3212 1803 malis.
3244 1741 3495 1800 Statuisti
3523 1739 3584 1794 in
3612 1736 3727 1792 loco
3748 1751 3850 1805 δρα-

2301 1856 2311 1864 ”
2525 1854 2536 1864 ¹
2814 1846 2890 1864 ηοι
2935 1842 3055 1864 .Α-.ξ
3096 1841 3356 1864 ..-ἶι-ιι.-υι
3389 1833 3659 1864 Πηηιορὶω
3682 1830 3733 1864 nn
3760 1836 3850 1864 Inln

579 1851 696 1958 ipse
741 1884 818 1938 ait
858 1901 870 1936 :
915 1879 1030 1949 Ego
1057 1851 1178 1933 sum
1223 1873 1309 1927 via
1362 1866 1547 1940 (Joan.
1577 1860 1715 1933 xrv).
1746 1859 1813 1914 Et
1843 1866 1897 1911 tu
1950 1853 1994 1908 si
2024 1866 2083 1906 es
2112 1851 2165 1904 in

576 1982 689 2051 via,
733 1978 838 2032 hoc
886 1946 987 2030 esti
1020 1973 1073 2026 in
1104 1967 1352 2030 Christo,
1404 1975 1514 2018 non
1570 1958 1730 2013 times
1778 1951 1978 2009 cadere
2014 1947 2067 2003 in
2095 1946 2168 1999 la-

578 2042 776 2145 queum
826 2064 1033 2123 diaboli
1080 2082 1092 2116 :
1139 2060 1265 2131 quia
1315 2054 1497 2112 omnis
1548 2051 1778 2119 laqueus
1822 2043 1892 2098 ab
1922 2042 2041 2111 ipso
2067 2045 2169 2092 est.

583 2164 842 2236 Quoniam
875 2170 930 2215 tu
959 2176 1011 2213 es
1043 2160 1302 2227 protector
1330 2163 1474 2203 mens
1514 2161 1531 2196 :
1573 2144 1627 2197 in
1675 2155 1861 2195 manus
1891 2145 2006 2189 tuas
2032 2147 2171 2186 com-

581 2259 765 2314 mendo
814 2224 1057 2325 spiritum
1106 2261 1301 2302 meum.
1351 2240 1470 2296 Vox
1500 2232 1701 2292 Christi
1753 2231 1821 2286 ad
1852 2229 2071 2285 Patrem
2119 2224 2177 2279 in

584 2349 849 2406 Passione
888 2362 903 2397 ε
946 2338 1163 2412 quando
1190 2327 1609 2391 commendavit
1632 2323 1870 2379 animam
1915 2332 2091 2382 suam,
2124 2323 2180 2369 et

583 2444 723 2501 dixit
765 2459 779 2496 :
824 2438 1013 2502 Pater,
1066 2434 1120 2487 in
1153 2440 1349 2484 manus
1397 2433 1521 2478 tuas
1567 2413 1894 2475 commendo
1929 2411 2179 2480 Spiritum

594 2601 884 2706 recipitur.
917 2630 985 2686 Et
1027 2626 1146 2697 ipse
1174 2620 1311 2678 dixit
1337 2636 1349 2673 :
1374 2618 1708 2673 Potestatem
1741 2609 1914 2666 habeo
1946 2601 2182 2675 ponendi

591 2728 833 2784 animam
882 2735 1085 2786 meam,
1137 2723 1193 2771 et
1237 2716 1565 2784 potestatem
1616 2704 1791 2758 habeo
1841 2700 2045 2756 iterum
2094 2710 2186 2750 su-

589 2816 773 2876 mendi
806 2830 925 2870 eam
958 2810 1158 2882 (Joan.
1192 2820 1260 2860 xx
1285 2803 1329 2875 ).
1382 2799 1461 2854 Tu
1498 2815 1549 2852 es
1590 2804 1851 2863 protector
1876 2807 2040 2845 meus.
2071 2787 2185 2842 Vox

593 2909 874 2967 Ecclesiae.
910 2903 978 2959 In
1012 2916 1199 2956 manus
1227 2907 1345 2951 tuas
1371 2889 1677 2948 commendo
1704 2886 1947 2958 spiritum
1976 2895 2142 2936 meum
2168 2894 2188 2933 :

594 3006 701 3060 hoc
730 3011 836 3068 εει,
892 3000 944 3053 in
992 3000 1322 3067 potestatem
1378 2996 1531 3041 tuam
1577 2977 1904 3039 commendo
1951 2975 2185 3030 animam

596 3110 795 3153 meam.
824 3064 957 3145 'lloc
995 3064 1317 3154 exemplum
1364 3074 1578 3145 accepit
1609 3069 1857 3126 Ecclesia
1885 3084 1912 3119 a
1941 3064 2185 3121 Christo.

2274 1856 2406 1911 tioso
2438 1854 2593 1924 pedes
2623 1864 2783 1904 meos.
2812 1842 3059 1901 Dilatasti
3095 1841 3357 1896 unitatem
3389 1833 3660 1890 Ecclesiae
3682 1830 3733 1884 in
3760 1836 3856 1883 toto

2275 1923 2505 2005 mundo.
2529 1941 2816 2014 Quomodo
2837 1938 2995 2005 dicit,
3027 1935 3252 1990 inloco?
3276 1926 3556 2000 Numquid
3585 1923 3772 1981 localis
3789 1930 3856 1977 est

2278 2040 2467 2098 Deus?
2499 2037 2568 2093 Et
2601 2034 2790 2091 Incolis
2815 2073 2831 2100 ,
2879 2040 2933 2088 et
2971 2042 3080 2084 non
3124 2023 3331 2081 locatis.
3362 2020 3586 2078 Localis
3612 2025 3699 2074 est
3724 2014 3783 2069 ad
3809 2028 3859 2067 se

2278 2131 2649 2197 venientibus,
2683 2137 2735 2183 et
2762 2141 2874 2182 non
2905 2123 3116 2188 loculis,
3149 2116 3275 2190 quia
3298 2113 3500 2184 ubique
3521 2123 3615 2169 est
3638 2129 3653 2165 :
3679 2108 3768 2164 sed
3794 2108 3860 2162 in-

2281 2226 2498 2285 venitur
2519 2226 2571 2279 in
2602 2222 2723 2279 loco
2752 2233 2885 2291 pure
2910 2213 3303 2288 «inserentibus.
3326 2208 3403 2266 Ut
3421 2204 3560 2263 illud
3586 2205 3687 2259 :Et
3703 2213 3862 2258 motus

2284 2332 2367 2378 est
2399 2321 2553 2375 locus
2574 2317 2629 2371 in
2652 2327 2759 2383 quo
2781 2316 2943 2368 erant
2964 2293 3220 2365 sedentes
3242 2303 3382 2373 (Act.
3408 2300 3511 2369 ιν).
3538 2297 3613 2352 In
3638 2297 3747 2351 loco
3762 2308 3867 2363 spa—

2286 2416 2417 2469 tioso
2445 2411 2596 2484 pedes
2624 2423 2784 2462 meos.
2832 2401 3008 2459 Pedes
3032 2442 3046 2467 ,
3087 2398 3260 2454 sancti
3303 2392 3704 2465 praedicatores
3729 2428 3747 2456 ,
3790 2362 3865 2455 qui
3952 2362 3953 2399 ³

2288 2479 2509 2579 portant
2534 2503 2757 2560 verbum
2790 2493 3192 2567 praedicationis
3219 2491 3273 2544 in
3303 2497 3415 2543 toto
3447 2484 3661 2541 mundo
3684 2500 3700 2537 :
3723 2480 3801 2536 vel
3826 2479 3866 2533 in

2289 2577 2613 2667 Ecclesiam,
2647 2610 2810 2667 quam
2847 2601 2939 2648 tua
2979 2585 3380 2645 resurrectione
3406 2578 3661 2637 dilatain
3690 2577 3744 2633 in
3770 2590 3869 2629 ant-

2288 2695 2614 2769 plitudinem
2654 2687 2944 2748 libertatis.

2365 2787 2612 2844 Miserere
2643 2783 2764 2847 mei,
2815 2778 3057 2841 Domine,
3087 2773 3334 2843 quoniam
3364 2766 3617 2824 tribular.
3652 2764 3875 2820 Miserere

2291 2881 2435 2945 mei;
2467 2893 2530 2932 ac
2571 2875 2618 2932 si
2658 2874 2807 2929 dicat
2842 2889 2855 2925 :
2889 2871 3000 2926 Fac
3047 2868 3102 2922 in
3151 2881 3241 2921 me
3272 2859 3740 2920 misericordiam,
3768 2870 3878 2927 quo.

2292 2974 2432 3028 niam
2452 2969 2690 3023 tributor.
2710 2966 2933 3021 Illorum
2959 2976 3088 3027 vox,
3113 2958 3206 3029 qui
3231 2954 3569 3012 tribulantur
3600 2965 3633 3005 a
3660 2948 3879 3021 qualibet

2296 3065 2671 3123 tribulatione.
2716 3058 2967 3114 Miserere
2992 3053 3116 3118 mei,
3156 3051 3374 3106 Domine
3398 3090 3410 3109 .
3451 3046 3710 3118 quoniam
3739 3040 3882 3095 tribu-

597 3194 709 3250 Hoc
737 3200 791 3245 et
821 3194 1043 3242 sanctus
1062 3180 1378 3248 Stephanus
1404 3171 1535 3227 fecit
1558 3187 1571 3223 ε
1598 3167 1701 3222 hoc
1731 3173 1786 3220 et
1807 3160 1981 3219 sancti
2002 3166 2184 3225 orant,
2218 3146 2265 3213 C
2296 3159 2394 3214 tor.
2418 3156 2537 3211 Non
2556 3156 2666 3225 jam
2697 3160 2932 3207 mortem
2964 3148 3187 3207 timens,
3212 3142 3306 3198 sed
3332 3137 3759 3194 insectationem
3779 3147 3880 3187 me-

596 3290 813 3366 quando
845 3294 1049 3344 exeunt
1073 3282 1140 3336 de
1168 3290 1425 3347 corpore,
1459 3281 1518 3326 ut
1557 3267 1687 3323 illud
1714 3285 1726 3319 :
1751 3263 1927 3321 Fideli
1954 3260 2190 3317 creatori

599 3378 987 3443 commendant
1039 3374 1248 3427 animas
1308 3380 1436 3422 suas
1494 3363 1548 3417 in
1596 3355 1922 3416 benefactis.
1974 3352 2086 3408 Hoc
2135 3350 2190 3405 in

602 3491 765 3535 cruce
798 3472 1008 3543 positus
1039 3463 1305 3520 Dominus
1334 3456 1496 3522 dixit,
1531 3450 1679 3523 quod
1714 3449 1767 3504 in
1796 3446 1973 3503 Patris
2002 3456 2194 3498 manus

605 3570 858 3641 spiritum
906 3551 1378 3619 commendaverit
1417 3565 1430 3600 :
1475 3545 1587 3600 cito
1636 3558 1761 3597 eum
1795 3540 1917 3609 ipso
1962 3534 2197 3592 resusci-

612 3629 763 3719 tante
809 3659 1150 3723 sumpturus.
1200 3642 1355 3699 Dicat
1405 3653 1549 3693 nunc
1600 3633 1828 3704 populus
1880 3629 2197 3698 redemptus

608 3755 872 3827 sanguine
894 3747 1029 3818 Agni
1057 3760 1071 3799 :
1099 3736 1383 3798 Rcdemisti
1408 3750 1507 3801 me,
1522 3730 1762 3795 Domine,
1783 3726 1926 3781 Deus
1945 3725 2196 3779 veritatis.

608 3851 712 3918 Qui
758 3862 817 3902 es
862 3839 1065 3898 veritas
1091 3845 1147 3890 et
1194 3832 1303 3886 vita
1348 3847 1360 3881 ι
1404 3825 1528 3896 quia
1561 3820 1705 3892 quod
1752 3817 2004 3889 promisit
2035 3816 2198 3881 Deus,

613 3917 722 3997 non
770 3936 1053 3992 mentitur.
1085 3927 1243 3982 Sicut
1277 3917 1529 3993 promisit
1558 3930 1652 3985 per
1683 3926 1874 3969 servos
1918 3923 2047 3965 suos
2080 3922 2203 3978 pro-

615 4033 806 4103 phetas
849 4045 862 4080 :
892 4027 963 4080 ita
1010 4029 1066 4077 et
1092 4017 1261 4081 venit,
1286 4023 1342 4070 et
1371 4008 1610 4067 redemit
1639 4021 1739 4061 nos
1786 4004 2054 4073 sanguine
2080 4014 2201 4055 suo.

613 4096 773 4181 Dnde
799 4128 853 4175 et
872 4114 1073 4173 Paulus
1091 4104 1453 4175 dicitzEmpti
1481 4100 1629 4157 enim
1642 4097 1781 4154 estis
1805 4096 1979 4168 pretio
2012 4107 2206 4164 magno

617 4216 657 4289 (ι
681 4212 804 4269 Cor.
837 4208 934 4281 vt).

691 4304 861 4361 Odisti
907 4312 1083 4354 omnes
1127 4292 1451 4347 observantes
1514 4283 1835 4344 vanitatem,
1871 4290 2207 4348 supervacue.

625 4402 957 4471 Supervacua
985 4388 1119 4444 dicit
1141 4401 1157 4442 :
1183 4397 1289 4438 non
1333 4376 1476 4450 quod
1512 4376 1658 4430 Deus
1682 4371 1834 4428 odiat
1860 4381 2208 4440 quemquam,

618 4458 776 4553 Absit
803 4491 910 4545 hoc
939 4481 1166 4541 sentire.
1192 4475 1304 4534 Sed
1329 4473 1418 4545 qui
1443 4472 1601 4526 istam
1634 4461 2013 4521 tantummodo
2043 4458 2211 4515 vitam

2301 3264 2462 3309 tuens
2491 3248 2775 3304 vitiorum.
2809 3238 3159 3299 Conturbatus
3199 3244 3273 3291 est
3302 3235 3355 3289 in
3384 3234 3469 3287 ira
3518 3231 3709 3286 oculus
3734 3242 3881 3281 meus.

2300 3343 2547 3402 Ecclesia
2596 3336 2954 3396 conturbatur
2984 3332 3052 3388 de
3099 3329 3251 3385 vitiis
3295 3333 3353 3405 et
3388 3323 3662 3396 peccatis,
3696 3329 3800 3374 tam
3829 3315 3885 3369 de

2302 3438 2441 3503 suis,
2473 3449 2634 3505 quam
2666 3439 2722 3487 et
2750 3429 2818 3484 de
2848 3426 3103 3481 aliorum.
3135 3418 3241 3476 Sed
3271 3415 3544 3474 orandum
3605 3421 3711 3481 est,
3742 3418 3797 3464 ut
3820 3407 3885 3460 ira

2303 3547 2411 3587 non
2443 3534 2689 3584 vertatur
2722 3524 2775 3578 in
2823 3519 3031 3583 odium,
3063 3528 3241 3584 neque
3268 3512 3337 3566 de
3369 3508 3584 3566 festuca
3610 3506 3704 3561 ﬁat
3733 3501 3883 3559 trabs.

2303 3624 2403 3681 Vel
2435 3619 2796 3678 conturbatur
2821 3612 3014 3669 oculus
3039 3611 3110 3666 de
3152 3607 3335 3663 futuro
3357 3601 3591 3673 judicio.
3621 3596 3887 3655 Conturba-

2309 3729 2390 3774 tus
2421 3725 2495 3772 est
2542 3716 2595 3770 in
2620 3714 2701 3768 ira
2745 3708 2921 3765 oculus
2952 3719 3118 3768 meus,
3142 3714 3250 3771 quo
3277 3705 3331 3752 te
3372 3701 3557 3752 mente
3589 3688 3883 3749 cernebam.

2312 3810 2498 3866 Anima
2528 3823 2663 3874 mea,
2692 3816 2798 3874 qua
2829 3810 2883 3855 te
2929 3793 3245 3867 diligebam.
3275 3787 3344 3843 Et
3372 3797 3543 3842 venter
3593 3798 3757 3838 metu.
3786 3778 3886 3845 Quo

2310 3907 2387 3962 tui
2420 3899 2769 3960 recordabar.
2790 3895 2919 3951 llaec
2933 3890 3116 3947 omnia
3147 3883 3472 3943 conturbata
3503 3888 3658 3948 sunt,
3686 3884 3885 3950 propter

2314 3996 2503 4070 priora
2531 3993 2749 4049 delicta.

2390 4087 2654 4157 Quoniam
2702 4080 2892 4152 defecit
2922 4080 2979 4134 in
3015 4076 3216 4131 dotare.
3250 4072 3378 4129 ideo
3407 4072 3465 4127 in
3518 4068 3752 4131 dolore;
3779 4060 3879 4132 quin

2318 4181 2558 4239 Ecclesia
2588 4193 2697 4234 non
2724 4182 2903 4247 potest
2930 4170 3223 4229 emendare
3243 4167 3421 4222 malos
3445 4181 3461 4232 ;
3497 4178 3603 4219 nec
3624 4166 3879 4231 segregare

2318 4276 2493 4333 malos
2530 4288 2560 4328 a
2605 4271 2809 4329 sanctis
2851 4281 3024 4337 usque
3074 4265 3128 4319 in
3192 4264 3377 4317 ﬁnem.
3440 4256 3596 4314 Unde
3661 4250 3875 4310 Dominus

2320 4368 2496 4426 dixit:
2531 4366 2708 4422 Sinite
2736 4372 2965 4430 utraque
2993 4369 3244 4412 crescere
3274 4365 3447 4422 usque
3470 4348 3540 4404 ad
3572 4358 3812 4407 messem,
3836 4343 3878 4391 el

2328 4464 2382 4518 in
2432 4469 2685 4529 tempore
2723 4454 2922 4511 messis
2972 4449 3150 4506 dicam
3208 4444 3547 4502 messoribus
3593 4459 3609 4496 :
3669 4431 3879 4503 Colligite

623 4524 776 4553 ηυδιι
806 4524 910 4545 ιιυν
940 4524 1166 4541 suun-v-
1195 4524 1304 4534 ..ιν-
1332 4524 1418 4545 ...ν
1444 4524 1477 4526 _,

623 4590 946 4659 Ρΐωθθίιῑθω
998 4580 1213 4638 amant,
1267 4576 1324 4624 ει
1369 4560 1617 4621 θωιεεῑία
1665 4562 2019 4614 ευηῑεῐηῐιυῐιι
2047 4569 2060 4607 ε
2093 4565 2217 4621 SPe-
2246 4543 2295 4606 Β
2326 4556 2559 4629 primum
2587 4550 2818 4614 zizania,
2850 4556 2904 4601 et
2935 4542 3193 4613 colligate
3242 4535 3531 4593 fasciculos
3582 4531 3654 4588 ad
3696 4524 3879 4585 combu-

1789 4650 1819 4659 ..
1952 4646 1964 4659 .
2116 4644 2181 4659 μ,
2440 4647 2453 4659 .
2582 4642 2660 4659 ,υ
2706 4640 2771 4659 ..ιξ
2829 4637 2945 4659 ---Α
2983 4634 3105 4659 In...
3134 4648 3246 4659 ..ηη
3287 4639 3327 4659 ,,
3354 4628 3478 4659 nn.“-
3505 4625 3608 4659 ma;
3632 4626 3683 4659 ὅ..
3710 4614 3874 4659 “mm.

620 4688 808 4736 rantes
836 4669 1076 4729 inaniter
1109 4667 1164 4720 in
1196 4656 1590 4718 beatitudinem
1637 4650 1822 4706 saeculi
1870 4644 2216 4709 seduccntis,

627 4772 741 4831 odit
784 4768 910 4825 illos
955 4764 1124 4819 Deus.
1170 4756 1288 4811 Non
1333 4748 1479 4821 quod
1529 4746 1744 4810 odium,
1790 4741 1931 4797 sicut
1982 4737 2116 4804 dixi,
2164 4736 2217 4789 in

632 4869 801 4924 Deum
834 4862 994 4917 cadat
1027 4874 1040 4910 :
1068 4853 1168 4911 sed
1198 4850 1359 4905 odire
1398 4846 1560 4907 Deus,
1586 4841 1676 4911 qui
1718 4839 1799 4893 sic
1828 4837 2059 4898 faciunt,
2088 4831 2225 4888 dici-

630 4970 718 5015 tur
751 4976 765 5012 :
801 4955 852 5011 id
881 4961 985 5019 est,
1019 4943 1316 5016 repudiare
1345 4936 1509 5007 :quia
1540 4929 1800 5002 repudiat
1826 4928 1949 4983 illos
1981 4926 2143 4981 Deus.

702 5050 812 5120 Ego
842 5054 1012 5099 autem
1049 5040 1102 5093 in
1130 5046 1200 5103 te,
1232 5030 1473 5091 Domine,
1505 5024 1725 5095 speravi.
1753 5020 1871 5076 Vox
1907 5016 2169 5074 Ecclesiae
2200 5030 2214 5070 :

2321 4614 2548 4705 rendam
2576 4640 2796 4717 (Matth.
2829 4634 3108 4707 xui).Vita
3134 4648 3247 4688 mea
3283 4639 3328 4685 et
3351 4628 3479 4683 anni
3505 4625 3608 4681 mei
3632 4626 3684 4678 in
3709 4614 3874 4695 gemiti-

2326 4742 2443 4796 bus.
2469 4707 2741 4807 Quamdiu
2772 4742 2856 4788 est
2887 4730 2975 4784 hic
3002 4727 3055 4783 in
3098 4721 3359 4796 prtesenti
3389 4721 3524 4785 vita,
3557 4716 3719 4773 habet
3743 4707 3877 4783 εειιιὶο

2324 4843 2438 4889 tum
2468 4842 2523 4886 et
2547 4828 2737 4885 ﬂetum
2770 4820 3142 4892 unusquisque
3165 4817 3329 4872 homo
3362 4831 3377 4868 :
3412 4811 3682 4878 Quoniam
3728 4798 3880 4873 defecit

2323 4925 2378 4978 iu
2409 4920 2588 4977 dolore
2626 4918 2731 4972 vita
2759 4930 2893 4982 mea,
2926 4920 2972 4967 et
2998 4910 3122 4969 anni
3167 4907 3267 4962 mei
3311 4907 3368 4960 in
3411 4895 3881 4977 gemitiburmonec

2332 5009 2770 5087 persecutionem
2804 5004 2981 5076 patior
3004 5008 3228 5071 propter
3252 5010 3452 5052 nomen
3475 5003 3654 5049 tuum.
3674 4989 3884 5044 Pramus

2330 5109 2445 5161 vita
2473 5102 2681 5169 delicit,
2713 5099 2836 5170 quia
2864 5094 2997 5152 mihi
3026 5104 3273 5163 tempora
3321 5097 3475 5155 sunt,
3507 5081 3884 5157 perpetuitatem

625 5116 824 5200 Non-in
858 5150 946 5191 me
976 5150 991 5186 ι
1022 5128 1118 5186 sed
1166 5127 1218 5186 in
1249 5133 1301 5179 te
1332 5116 1545 5190 speravi
1577 5124 1634 5170 et
1662 5128 1826 5184 spero
1859 5117 2224 5178 :exspectans

632 5230 1097 5292 resurreCtionem
1133 5230 1305 5276 tuam.
1343 5210 1626 5269 Exsultabo
1649 5216 1694 5262 et
1719 5205 1930 5262 lwtabor
1953 5206 2006 5257 in
2028 5201 2226 5256 miseri-

631 5327 815 5383 cordia
842 5334 952 5377 tua.
987 5319 1092 5373 Pro
1119 5326 1229 5382 quo
1258 5305 1569 5371 exsultatio,
1612 5310 1667 5356 et
1702 5313 1802 5372 pro
1831 5313 1938 5369 quo
1967 5294 2226 5351 laetabor?

632 5419 741 5474 Pro
770 5415 876 5469 hoc
900 5408 1046 5482 quod
1070 5403 1333 5476 sequitur.

709 5507 846 5574 Quia
866 5500 1135 5570 rcspexisti
1165 5491 1513 5549 humilitatem
1536 5500 1722 5541 meam.
1769 5479 2080 5545 Exsultabo,
2108 5492 2230 5532 cor-

634 5618 767 5673 pore
793 5617 806 5653 :
833 5594 1068 5660 (tutabor,
1095 5596 1296 5644 mente.
1313 5585 1464 5640 Tunc
1491 5572 1989 5649 reaprxit,quando
2008 5585 2227 5625 carnem

638 5664 884 5764 suscepit
909 5707 923 5743 :
948 5687 1075 5757 quia
1102 5676 1553 5748 contemptibilis,
1574 5680 1631 5728 et
1648 5668 1883 5739 captiva,
1906 5677 1958 5720 et
1978 5664 2231 5734 despecta

641 5797 759 5841 erat
786 5754 1058 5855 Ecclesia.
1106 5770 1395 5829 Easuttabo
1434 5778 1481 5823 et
1519 5762 1735 5821 lwtabor
1780 5762 1834 5816 in
1878 5754 2237 5814 misericordia

2328 5194 2608 5255 conﬁteri.

2406 5289 2682 5360 Inﬁrmata
2710 5294 2782 5339 est
2825 5283 2877 5336 in
2906 5286 3211 5353 paupertate
3240 5275 3401 5329 virtus
3427 5289 3565 5327 mea.
3599 5270 3708 5325 Vox
3734 5258 3885 5320 Eccler
3952 5266 3953 5337 ᾖ

2334 5384 2449 5441 site.
2483 5380 2759 5460 lntirmata
2783 5385 2870 5431 est
2902 5371 3145 5428 Ecclesia
3176 5370 3316 5424 inter
3341 5365 3599 5423 homines
3626 5352 3885 5418 malo-,in-

2341 5491 2424 5535 ter
2462 5454 2599 5548 quos
2641 5471 2851 5528 habitat
2890 5467 2974 5522 hic
3002 5465 3057 5520 in
3102 5460 3360 5535 praesenti
3396 5459 3508 5514 vita
3539 5475 3556 5525 ;
3587 5455 3709 5528 quia
3736 5448 3883 5519 plures

2334 5577 2463 5625 sunt
2480 5533 2829 5639 peccatores,
2857 5568 2916 5616 et
2942 5533 3117 5628 pauci
3134 5561 3260 5608 sunt
3278 5548 3584 5607 sancti.Vel
3609 5547 3789 5602 aliter:
3818 5533 3884 5587 ln-

2340 5663 2548 5731 [irmata
2575 5667 2649 5712 est
2680 5657 2730 5710 in
2760 5627 3067 5723 paupertate
3108 5646 3269 5702 virtus
3321 5658 3456 5697 mea.
3504 5638 3719 5697 Sanittls
3759 5627 3883 5695 livius

2340 5749 2611 5823 corporis,
2638 5751 2783 5806 inter
2836 5740 3113 5799 cruciatus
3170 5735 3504 5809 passionum.
3556 5729 3625 5787 Et
3665 5740 3773 5784 oste
3798 5728 3882 5772 πλέα
