3980 6362
149 360 242 417 909

1092 354 1524 417 BREVIARIUM
1565 356 1630 417 IN
1666 355 2006 417 PSALMOS.
2048 356 2292 417 PSALM.
2336 360 2509 420 XXX.

3337 362 3445 422 910

151 470 447 530 conturbata
474 474 619 525 sunt.
670 469 958 527 Fortitudo
988 472 1177 544 utique
1216 492 1361 532 mea.
1410 478 1545 535 Ossa
1571 478 1741 535 fortes
1768 482 1822 541 Α
1850 476 2047 533 timent
2079 479 2255 534 illum.
2284 478 2351 535 In
2374 481 2611 537 munibus
2634 482 2735 536 tuis
2757 491 2920 537 sortes
2946 496 3092 539 meat.
3116 481 3175 539 Id
3190 490 3297 550 est,
3323 499 3446 555 gra-

157 566 318 624 sancti
346 582 363 631 ;
404 563 487 618 vel
516 577 666 630 ossa,
698 563 931 621 virtutes
970 564 1253 634 Ecclesiae,
1283 570 1366 625 vel
1400 578 1736 626 sanctorum.

166 658 467 715 Conturbata
495 664 634 721 sunt,
670 656 739 710 ab
767 657 882 713 illo.
918 657 1069 714 Unde
1106 663 1362 730 superius
1384 663 1516 717 dicit
1542 677 1739 720 secun-

162 751 281 807 dum
308 748 613 821 apostolum
656 766 670 803 :
702 750 921 807 Scimus
949 751 1078 823 quia
1118 755 1301 810 omnis
1328 767 1582 812 creatura
1611 772 1739 812 con-

159 843 395 917 gemiscit
419 858 434 909 ;
461 856 571 897 non
602 843 777 898 solum
803 843 916 911 illa,
945 844 1042 900 sed
1066 853 1121 901 et
1150 861 1249 902 nos
1276 847 1421 903 intra
1448 862 1550 905 nos
1569 850 1737 920 gemi—

159 952 275 995 mus
294 936 472 1009 (Rom.
495 936 637 1008 vni).

227 1031 394 1101 Super
422 1046 598 1086 omnes
617 1030 856 1085 inimicos
878 1047 1016 1086 meos
1036 1036 1210 1105 factus
1235 1050 1353 1089 sum
1380 1037 1734 1106 opprobrium.

154 1123 255 1193 Qui
285 1138 369 1179 me
397 1132 618 1194 propter
648 1132 800 1179 tuum
834 1140 1031 1180 nomen
1073 1136 1491 1199 persequuntur.
1542 1128 1740 1185 Factus

153 1233 265 1274 sum
294 1217 647 1288 opprobrium
679 1216 875 1273 vicinis
922 1220 1079 1274 meis.
1119 1218 1231 1273 Vox
1267 1221 1494 1291 Christi,
1553 1232 1608 1277 et
1633 1237 1740 1277 vox

156 1310 431 1368 Ecclesiae.
457 1310 693 1366 Domino
722 1309 893 1368 Judzci
924 1313 1091 1367 multa
1137 1314 1430 1385 opprobria
1460 1315 1733 1380 dixerunt,

140 1414 205 1479 et
254 1403 510 1472 hatretici,
542 1415 597 1460 et
653 1415 1059 1475 persecutores,
1113 1406 1300 1463 dicunt
1355 1406 1637 1464 Ecclesiae.
1669 1408 1738 1462 Et

150 1499 323 1554 vicinis
352 1499 475 1553 meis
524 1498 696 1553 ualde.
728 1498 833 1565 Qui
863 1497 932 1554 ad
976 1498 1307 1555 credendum
1337 1500 1737 1571 appropinqua-

148 1592 243 1648 bit.
269 1590 334 1646 Et
358 1592 516 1647 timor
544 1593 679 1647 notis
700 1592 846 1647 meis.
872 1591 1006 1661 Quia
1027 1593 1188 1648 amici
1218 1594 1351 1660 mei,
1375 1607 1598 1665 propter
1625 1609 1739 1651 me-

149 1695 253 1743 tum
314 1685 689 1752 inimicorum,
744 1699 774 1739 a
823 1701 910 1742 me
958 1687 1117 1756 longe
1165 1700 1529 1744 recesserunt.
1562 1688 1738 1745 Totus

149 1778 403 1848 psalmus,
436 1786 494 1834 et
524 1791 693 1847 super
722 1776 895 1832 David
941 1776 1095 1848 juxta
1130 1779 1439 1847 historiam,
1471 1791 1525 1836 et
1570 1795 1738 1853 super

1847 569 1927 623 tia
1956 569 2195 641 Spiritus
2235 573 2429 628 sancti.
2478 570 2597 628 Non
2626 589 2724 644 per
2759 575 3167 644 memctipsum,
3206 575 3301 630 sed
3333 590 3363 629 a
3397 585 3448 629 te

1844 662 1984 717 actio
2013 664 2139 718 vitm
2173 663 2353 735 hujus,
2380 680 2500 736 qua:
2529 665 2582 720 in
2611 666 2715 721 hoc
2741 667 2946 722 saeculo
2967 667 3199 737 geritur.

1917 754 2081 827 Eripe
2110 774 2190 813 me
2214 757 2279 812 de
2303 775 2461 812 manu
2490 758 2819 814 inimicorum
2846 775 3098 828 meorum,
3128 770 3176 816 et
3200 776 3234 814 a
3265 778 3441 831 perse-

1842 848 2116 919 quentibus
2147 865 2245 903 me.
2276 849 2356 905 Ne
2386 850 2517 905 mihi
2550 852 2903 921 praeviileant.

1919 938 2141 997 Illustra
2164 941 2363 1012 faciem
2384 952 2525 998 tuam
2563 960 2722 1014 super
2752 961 2957 1000 seruant
2998 955 3163 1002 tuum.
3196 944 3441 1013 Illustra,

1844 1033 1948 1088 hoc
1971 1041 2077 1103 est,
2101 1036 2271 1091 cerne
2301 1044 2356 1090 et
2384 1034 2639 1092 discerne
2666 1038 2994 1108 quicumque
3041 1038 3115 1094 sit
3156 1039 3354 1096 melior
3378 1040 3447 1095 de

1842 1129 2051 1183 sanctis
2102 1129 2227 1184 tuis.
2256 1128 2325 1183 Et
2355 1130 2554 1185 salvum
2606 1144 2685 1182 me
2706 1132 2792 1200 fac
2830 1130 2883 1183 in
2937 1131 3293 1185 misericordia
3322 1141 3442 1197 tua;

1844 1219 2087 1293 Domine,
2117 1239 2222 1277 non
2252 1223 2568 1295 confundor,
2599 1226 2851 1294 quoniam
2880 1224 3112 1278 invocavi
3137 1232 3204 1278 te.
3234 1223 3450 1278 lllunti-

1843 1317 1994 1371 natio
2015 1329 2303 1386 respectus
2337 1317 2412 1372 tui
2446 1331 2611 1387 super
2639 1332 2727 1372 me
2753 1316 3059 1388 refulgeat;
3087 1326 3148 1374 ut
3176 1333 3284 1374 non
3307 1333 3439 1374 con~

1842 1405 2061 1472 iundar,
2094 1406 2190 1462 sed
2224 1408 2408 1463 salrer
2431 1407 2499 1462 ab
2533 1408 2617 1462 his
2639 1407 3106 1478 persecutoribus.

1914 1497 2237 1559 Erubescant
2259 1501 2430 1573 impii,
2460 1509 2507 1557 et
2532 1499 2865 1555 deducantur
2911 1501 2963 1554 in
2996 1499 3278 1571 infernum.
3309 1500 3447 1555 Eru-

1844 1591 2051 1647 bescant
2098 1593 2270 1666 impii,
2301 1593 2601 1659 du'mones,
2636 1592 2903 1662 htcrctici,
2938 1592 3022 1647 vel
3071 1592 3162 1662 qui
3187 1608 3293 1647 non
3324 1608 3444 1646 cre-

1842 1684 1981 1738 duut
2011 1686 2497 1740 resurrectionem.
2526 1685 2861 1740 Erubescant
2898 1693 3045 1753 tunc,
3072 1683 3292 1756 quando
3319 1684 3442 1739 illos

1842 1787 2062 1832 sanctos
2089 1792 2226 1847 quos
2252 1778 2305 1833 in
2339 1778 2751 1846 despectionem
2810 1777 3137 1845 habuerunt,
3169 1774 3437 1833 videbunt

146 1869 429 1925 Dominum
455 1870 614 1940 juxta
639 1868 1228 1942 prophetiamintclligi
1251 1883 1448 1943 potest.
1469 1873 1731 1943 Nimium,
1765 1868 1817 1933 B
1842 1879 2155 1937 coronatos,
2189 1880 2244 1926 ct
2263 1885 2323 1928 se
2349 1870 2760 1927 condemnatos.
2788 1870 2881 1927 γει
2912 1871 3023 1942 qui,
3060 1871 3445 1942 relinquentes

146 1970 191 2016 et
210 1963 360 2017 timor
381 1963 518 2017 notis
548 1963 695 2026 meis,
733 1963 787 2017 id
819 1973 923 2028 est,
976 1966 1244 2034 apostolis
1272 1982 1287 2020 :
1322 1968 1413 2037 qui
1442 1968 1736 2024 timuerunt

144 2055 195 2109 in
245 2054 525 2124 passione.
563 2054 657 2110 Vel
711 2056 848 2122 noti,
882 2057 1006 2111 mali
1036 2056 1335 2114 Christiani
1374 2061 1504 2131 :qui
1546 2061 1738 2117 dicunt

145 2158 204 2199 se
233 2145 458 2202 credere
490 2146 542 2200 iu
597 2147 792 2213 Deum,
822 2158 874 2203 et
897 2151 1156 2219 operibus
1205 2164 1426 2223 negant,
1471 2163 1527 2210 et
1554 2155 1736 2224 despi-

143 2236 287 2293 ciunt
315 2239 480 2294 vitam
515 2249 857 2296 sanctorum.
898 2241 1072 2299 Vicini
1101 2244 1381 2315 dicuntur,
1407 2263 1503 2318 per
1536 2249 1692 2306 tidem
1719 2267 1733 2317 ;

148 2338 200 2384 ct
219 2331 353 2398 noti,
377 2344 609 2403 propter
639 2332 1118 2392 christianitatem.

212 2423 312 2491 Qui
338 2425 586 2480 ridebant
609 2443 708 2493 me,
741 2430 886 2498 foras
918 2429 1182 2503 fugiebant
1204 2449 1235 2486 a
1257 2451 1356 2490 me.
1386 2434 1442 2490 ld
1470 2447 1575 2501 est,
1606 2452 1738 2507 apo-

145 2517 263 2571 stoli
291 2533 306 2583 ;
339 2519 429 2588 qui
478 2519 736 2574 viderunt
776 2519 1053 2578 Chrismm
1086 2522 1472 2594 comprehendi
1518 2529 1570 2582 in
1611 2544 1736 2599 pas-

147 2607 315 2679 sione,
338 2620 414 2678 et,
450 2611 653 2668 relicto
682 2628 770 2683 eo,
799 2611 1073 2685 fugerunt.
1104 2617 1201 2672 Vel
1228 2617 1401 2675 Judzci
1427 2621 1740 2691 l‘ugiuntsa-

149 2714 413 2759 crementa
447 2702 699 2775 mysterii
751 2705 1031 2773 Ecclesiae,
1062 2708 1112 2763 id
1157 2722 1263 2778 est,
1288 2726 1487 2783 corpus
1526 2723 1581 2768 et
1614 2728 1740 2768 san-

147 2797 358 2866 guinem
387 2798 624 2854 Christi.
655 2801 856 2854 Omnes
886 2801 978 2871 qui
1010 2802 1268 2859 videbant
1324 2820 1434 2873 me,
1481 2805 1628 2863 foras
1656 2808 1742 2863 lu-

146 2897 333 2959 gerunt
376 2905 408 2946 a
458 2906 551 2947 me
599 2908 613 2945 :
648 2907 754 2948 non
796 2892 1168 2966 intelligentes
1208 2897 1525 2954 interiorem
1580 2916 1736 2970 spem

146 2995 340 3049 meam,
371 2999 475 3054 pro
505 3000 609 3055 qua
644 2986 821 3055 patior
847 3004 861 3054 ;
890 2987 958 3042 ad
990 2990 1270 3046 exteriora
1301 2992 1532 3048 visibilia
1564 2992 1739 3065 fugie-

144 3074 286 3132 bant.
323 3076 521 3133 Excidi
568 3087 833 3149 tamquam
878 3091 1117 3137 mortuus
1160 3099 1193 3136 a
1217 3086 1393 3139 corde.
1416 3085 1579 3141 Obliti
1610 3095 1740 3141 sunt

142 3183 228 3225 me
253 3171 437 3239 corde,
496 3182 773 3242 tamquam
802 3173 848 3229 si
879 3174 1071 3230 luerim
1123 3173 1234 3246 jam
1267 3175 1579 3235 defunctus.
1630 3177 1740 3234 Ea:-

1842 1979 2027 2018 verutn
2074 1965 2260 2029 Deum,
2295 1963 2437 2034 ligna
2474 1964 2722 2029 adorant,
2754 1981 2819 2019 ac
2846 1963 3054 2034 lapides
3086 1973 3437 2020 venerantur.

1841 2056 1993 2111 Muta
2043 2059 2171 2128 ﬁant
2222 2059 2359 2113 labia
2421 2056 2627 2125 dolosa,
2691 2075 2808 2130 qua:
2851 2059 3134 2129 loquuntur
3194 2059 3444 2115 adversus

1830 2152 2036 2221 justum
2071 2150 2393 2223 iniquitatem
2424 2168 2441 2206 :
2472 2153 2529 2206 in
2564 2151 2802 2223 superbia
2826 2161 2873 2207 et
2914 2152 2967 2206 in
2998 2151 3263 2207 abusione.
3308 2154 3443 2209 Cru-

1839 2242 2059 2296 citixum
2115 2242 2428 2309 irridentes,
2454 2253 2510 2299 et
2543 2243 2856 2311 ignorantes
2904 2254 3303 2316 resurgentem.
3336 2245 3439 2299 Ista

1843 2347 2074 2389 cernens
2113 2335 2402 2404 propheta,
2417 2334 2684 2390 exclamat
2704 2335 2987 2393 exsultans
3009 2345 3064 2392 et
3085 2336 3209 2393 dicit
3249 2355 3261 2389 :

1918 2426 2084 2491 Quam
2138 2442 2327 2498 magna
2372 2424 2650 2479 multitudo
2699 2410 2996 2480 dulcedinis
3034 2437 3156 2490 tute,
3195 2426 3440 2496 Domine,

1839 2535 2000 2588 quam
2026 2520 2345 2575 abscondisti
2371 2522 2669 2574 timentibus
2701 2530 2749 2575 te
2770 2521 2791 2573 .'
2840 2519 2978 2588 Quia
3011 2521 3306 2577 multifario
3349 2536 3443 2576 co-

1842 2611 1996 2683 piosa
2044 2612 2277 2668 dulcedo
2308 2624 2395 2669 tua
2427 2625 2534 2682 est,
2584 2630 2743 2685 quam
2790 2616 3081 2671 rescrvasti
3119 2617 3437 2672 timentibus

1843 2722 2043 2763 nomen
2068 2715 2243 2762 tuum.
2276 2707 2383 2762 Net:
2408 2722 2530 2763 eam
2563 2707 2617 2763 in
2650 2710 2735 2763 his
2785 2710 3179 2766 tentationihus
3205 2711 3438 2766 ostendi-

1839 2799 1907 2853 sti
1937 2815 1951 2853 :
1978 2816 2066 2866 ne,
2091 2808 2314 2869 accepta
2350 2800 2665 2870 securitate,
2692 2804 3083 2858 excederemus
3108 2816 3141 2855 a
3167 2801 3253 2857 via
3278 2802 3442 2873 justi-

1843 2888 1950 2945 tite.
1988 2889 2104 2954 Vel,
2138 2906 2292 2961 quam
2320 2907 2511 2964 magna
2530 2890 2811 2946 multitudo
2840 2892 3134 2948 dulcedinis
3173 2903 3299 2963 tute,
3337 2893 3443 2948 [)0-

1841 2982 1975 3036 minc
1994 2982 2014 3035 .'
2040 2982 2091 3036 itl
2110 2990 2218 3048 est,
2243 2994 2507 3053 quantum
2540 2985 2793 3055 gloriam,
2822 2997 3024 3058 quanta
3049 2989 3275 3059 prmmia
3303 3004 3441 3059 pra--

1842 3076 2043 3147 parasti
2085 3074 2345 3134 Ecclesia:
2374 3086 2500 3145 tun,
2538 3088 2595 3131 ut
2623 3088 2774 3133 esset
2805 3095 3026 3149 semper
3067 3094 3194 3136 cum
3223 3082 3436 3152 angelis
3502 3084 3507 3085 ⁷

1840 3169 1957 3226 sine
1987 3172 2096 3227 line
2118 3171 2171 3226 in
2201 3181 2463 3227 aeternum
2498 3188 2774 3228 mansura.
2810 3173 2977 3240 Quam
3019 3175 3337 3231 abscondisti
3370 3178 3437 3230 ti-

143 3260 241 3315 cidi
294 3270 566 3334 tamquam
614 3276 844 3320 manuus
892 3281 923 3318 a
954 3267 1124 3320 card».
1182 3267 1238 3322 Id
1271 3277 1377 3337 est,
1418 3270 1498 3324 sic
1530 3271 1708 3327 habue
1766 3249 1814 3316 C
1846 3263 2101 3318 mentibus
2132 3272 2224 3331 te;
2272 3262 2324 3318 id
2367 3274 2451 3318 est
2497 3263 2639 3320 bona
2683 3279 2998 3322 sanctorum
3049 3267 3100 3322 in
3151 3269 3439 3339 temetipso

143 3363 262 3409 runt
294 3353 472 3411 Judaei
508 3354 811 3425 Christum,
839 3357 994 3429 quasi
1028 3357 1304 3415 hominem
1339 3368 1609 3416 mortuum
1642 3378 1738 3432 pro

141 3445 324 3505 nihilo.

209 3537 274 3593 Et
304 3545 479 3614 factus
511 3558 629 3597 sum
667 3544 799 3597 sicut
848 3559 937 3598 vas
983 3543 1265 3615 perditum.
1297 3544 1388 3601 Sic
1436 3545 1741 3601 habuerunt

139 3629 303 3689 Judaei
332 3634 623 3691 Christum
665 3635 820 3706 quasi
848 3650 946 3691 vas
988 3636 1259 3707 perditura
1286 3652 1301 3703 ;
1327 3637 1378 3692 id
1425 3646 1530 3700 est,
1563 3637 1734 3692 homi-

142 3738 258 3779 nem
291 3736 575 3783 mortuum
608 3726 659 3782 in
702 3740 802 3782 suo
835 3738 1075 3798 peccato.
1120 3728 1208 3784 Sic
1235 3739 1362 3785 sunt
1392 3732 1567 3786 sancti
1597 3731 1738 3802 apud

139 3814 442 3889 luereticos,
473 3820 633 3876 velut
665 3820 828 3875 homo
857 3822 1122 3893 perditus.
1170 3822 1431 3889 Quoniam
1464 3824 1640 3880 audiui
1664 3825 1738 3880 vi-

140 3915 517 3978 tuperationem
556 3912 861 3969 multorum.
895 3914 951 3970 Id
977 3926 1092 3985 eSt,‘
1131 3916 1341 3973 Christi
1369 3934 1396 3971 ει
1425 3918 1652 3983 Judmis,
1685 3928 1739 3974 et

136 3998 390 4062 Ecclesiae
419 4006 493 4062 ab
532 4005 828 4063 haereticis.
860 4003 927 4059 In
968 4007 1191 4063 circuitu
1231 4009 1736 4066 inhabitantiude

137 4101 236 4162 est,
270 4094 324 4151 in
350 4096 595 4153 circuitu
622 4096 844 4161 Christi,
866 4108 919 4153 et
941 4097 995 4152 in
1017 4096 1253 4155 circuitu
1278 4100 1536 4156 Ecclesia:
1562 4119 1575 4154 :
1602 4116 1738 4172 quos

137 4184 234 4253 ipsi
256 4185 573 4258 supradicti
621 4186 1121 4244 circumdederunt.
1156 4188 1418 4255 Quoniam
1466 4192 1638 4245 audiui
1664 4192 1739 4245 ui-

138 4281 512 4348 tuperationem
544 4281 853 4352 multorum,
889 4283 1346 4338 commorantium
1397 4285 1447 4338 in
1476 4284 1733 4339 circuitu.

136 4368 306 4428 Erant
332 4374 721 4447 vituperantes
752 4390 862 4443 me,
892 4374 1061 4447 positi
1090 4376 1603 4449 inperrgrinatiouc
1628 4376 1735 4432 bu-

132 4462 217 4533 jus
268 4474 487 4524 terrm:
536 4476 829 4538 sequentes
876 4466 1165 4523 circuitum
1200 4479 1532 4538 temporum,
1584 4477 1638 4524 et
1669 4467 1735 4524 ad

134 4556 361 4625 patriam
392 4568 662 4615 aeternam
689 4557 867 4615 redire
898 4560 1164 4616 nolentes.

1844 3357 2200 3413 abscondisti.

1920 3448 2194 3521 I’erfecisti
2217 3451 2288 3505 eis
2318 3451 2408 3521 qui
2434 3460 2646 3523 sperant
2667 3452 2718 3505 in
2742 3459 2808 3505 te.
2851 3450 3120 3524 Perfeciin
3149 3469 3167 3509 :
3193 3468 3258 3509 ac
3288 3454 3331 3509 si
3357 3454 3439 3509 dia

1842 3549 1951 3606 cat,
1984 3542 2327 3613 perfecturus
2351 3543 2480 3597 eris.
2503 3540 2567 3595 In
2591 3554 2867 3615 conspectu
2889 3544 3119 3614 ﬁliorum
3146 3543 3433 3602 hominum.

1842 3631 1944 3701 Qui
1977 3650 2084 3688 non
2124 3633 2468 3690 erubuerunt
2511 3635 2759 3689 contitvri
2816 3634 2961 3703 quod
3018 3635 3268 3701 credunt,
3302 3648 3430 3692 ante

1842 3742 2000 3797 rcges
2029 3739 2084 3781 et
2116 3736 2437 3795 potestates,
2471 3737 2527 3780 ut
2554 3726 2628 3780 ait
2658 3727 2918 3797 propheta
2949 3745 2962 3782 :
2990 3725 3061 3782 Et
3090 3727 3349 3801 loquebar
3373 3731 3425 3786 in

1844 3819 2173 3875 testimoniis
2199 3821 2307 3875 tuis
2336 3819 2387 3874 in
2418 3831 2716 3890 conspectu
2750 3834 2962 3890 regum,
2990 3828 3047 3875 et
3073 3836 3181 3876 non
3209 3821 3434 3877 confun-

1841 3912 2013 3968 debar
2048 3910 2172 3984 (Ps.
2199 3912 2412 3980 cxvut).
2451 3911 2621 3979 Quam
2670 3910 2988 3965 abscondisti
3013 3912 3309 3967 timentibus
3339 3924 3385 3969 te
3413 3931 3431 3970 :

1842 4004 1978 4072 Quia
2014 4003 2103 4059 hic
2146 4019 2241 4075 per
2271 4001 2678 4058 tribulationem
2714 3999 2947 4072 plenitcr
2997 4018 3105 4058 non
3160 4003 3437 4074 accipiunt
3483 4074 3491 4081 _

1844 4097 2149 4169 praemium,
2183 4095 2277 4151 sed
2308 4095 2361 4151 in
2390 4092 2572 4150 futuro
2603 4104 2946 4166 exspectant.
2975 4093 3045 4151 Et
3074 4097 3335 4169 perfecisti
3364 4099 3437 4153 eis

1840 4190 1930 4262 qui
1956 4199 2163 4262 sperant
2193 4189 2246 4242 in
2297 4196 2362 4243 te.
2396 4186 2789 4243 Censummata
2831 4202 2952 4257 spe,
3002 4188 3304 4245 retribuisti
3340 4205 3434 4246 ex-

1841 4289 2082 4351 spectata
2111 4280 2162 4335 in
2196 4279 2404 4350 specie.
2438 4275 2504 4334 In
2533 4289 2809 4351 conspectu
2857 4280 3089 4348 filiorum
3120 4281 3388 4336 nominum
3418 4299 3435 4349 ;

1841 4375 1931 4445 qui
1963 4373 2218 4443 humana,
2268 4385 2317 4429 et
2346 4388 2454 4428 non
2487 4372 2756 4440 cmlestia,
2787 4374 3141 4443 quaesierunt.
3174 4372 3269 4429 Vel
3310 4390 3432 4430 cum

1841 4466 1998 4521 ibunt
2020 4467 2072 4521 in
2102 4464 2430 4537 supplicium
2472 4475 2740 4522 aeternum
2770 4481 2784 4519 :
2810 4464 2945 4536 justi
2974 4477 3154 4523 autem
3186 4468 3241 4522 in
3269 4466 3435 4524 vitam

1840 4569 2124 4616 teternam.

201 4651 342 4706 Dum
364 4653 705 4708 convenirent
727 4653 886 4709 simul
904 4654 1178 4709 adversum
1212 4670 1291 4708 me
1319 4670 1341 4722 ;
1370 4654 1602 4727 accipere
1621 4654 1733 4707 ani-
1762 4642 1815 4704 D
1910 4650 2206 4707 Abscondcs
2226 4668 2311 4707 eos
2332 4654 2386 4705 in
2430 4650 2733 4705 abscondito
2757 4651 2915 4722 faciei
2945 4661 3070 4720 tuae,
3093 4669 3125 4707 a
3149 4656 3427 4710 conturba-

133 4759 267 4801 mam
296 4764 472 4803 meam
523 4745 788 4802 consiliati
818 4758 957 4803 sunt.
1004 4748 1333 4819 Cougregati
1388 4757 1516 4803 sunt
1546 4761 1735 4818 perse-

133 4849 372 4908 cutores,
402 4852 461 4898 et
522 4840 775 4898 fecerunt
825 4841 1134 4913 consilium,
1168 4852 1227 4899 ut
1275 4844 1589 4913 acciperent
1620 4843 1737 4897 ιιιιί-

129 4946 271 4989 mam
323 4951 536 5005 meam,
589 4936 655 4990 ad
689 4938 1142 4994 consentiendum
1197 4938 1301 4995 sibi
1338 4939 1393 4993 in
1438 4937 1736 4994 sceleribus

132 5028 345 5083 mortis.
380 5024 457 5084 Ut
486 5026 807 5099 accipereut
834 5030 1071 5085 animam
1102 5045 1276 5086 meam
1303 5047 1317 5087 :
1345 5030 1395 5086 id
1425 5041 1531 5100 est,
1562 5029 1734 5086 δυάδι-ί

128 5112 410 5175 Christum
447 5135 463 5187 ;
498 5129 556 5174 et
588 5117 860 5187 haeretici,
905 5118 1229 5178 Ecclesiam.
1275 5121 1559 5179 (Sonsiliati
1607 5128 1737 5177 sunt

126 5210 268 5265 mala
295 5211 568 5278 consilia,
593 5218 650 5267 et
676 5229 783 5267 non
816 5213 980 5268 bona.
1008 5213 1285 5271 Ccusiliati
1328 5224 1476 5283 sunt,
1507 5225 1562 5271 ut
1591 5230 1733 5287 qua:-

125 5312 315 5358 rerent
360 5313 418 5360 et
454 5312 519 5358 ut
574 5303 834 5362 tollerent
867 5305 1103 5361 animam
1132 5305 1375 5376 Christi,
1420 5307 1627 5372 Judaai;
1682 5317 1736 5364 et

125 5388 397 5462 haeretici,
426 5395 674 5452 animam
706 5396 986 5454 Ecclesize.

193 5482 311 5562 Ego
341 5498 529 5543 autem
551 5489 605 5544 in
636 5499 684 5545 te
703 5491 925 5561 speravi,
962 5491 1213 5562 Domine;
1240 5493 1352 5549 dixi
1376 5509 1395 5549 :
1423 5491 1562 5549 Deus
1592 5509 1735 5548 meus

122 5596 176 5635 es
200 5589 279 5637 tu.
325 5581 435 5650 Qui
466 5581 630 5638 solus
662 5581 818 5639 fortis
853 5600 915 5640 es
962 5584 1026 5640 ad
1080 5586 1448 5643 liberandum.
1503 5585 1595 5640 Vel
1626 5600 1730 5640 vox

120 5671 412 5732 Ecclesiae.
446 5672 520 5728 In
555 5684 604 5730 te
630 5678 854 5745 speravi.
890 5679 943 5734 In
977 5691 1059 5747 te,
1094 5696 1201 5736 non
1232 5667 1418 5737 inine.
1456 5681 1523 5736 Et
1548 5694 1737 5751 pecca-

122 5778 270 5826 tores
293 5769 540 5825 dicunt:
580 5766 647 5824 In
678 5780 725 5826 te
753 5775 973 5843 speravi.
1009 5776 1115 5832 Sed
1148 5776 1344 5841 sancti,
1379 5785 1435 5831 et
1464 5773 1649 5838 (idem,
1681 5784 1736 5829 et

118 5874 285 5933 Opera
321 5858 567 5917 habent.
617 5861 943 5922 Peccatores
990 5879 1215 5939 sperant
1240 5868 1293 5924 in
1329 5867 1519 5933 Deum,
1547 5874 1600 5922 et
1631 5883 1735 5919 non

1841 4744 1977 4799 tione
2000 4743 2292 4799 hominum.
2316 4741 2637 4797 llluminatio
2666 4743 2808 4796 enim
2835 4744 3015 4801 vultus
3034 4745 3110 4799 tui
3136 4755 3277 4817 teget
3304 4763 3435 4806 eos:

1841 4835 1997 4891 neab‘
2041 4833 2280 4889 humana
2307 4832 2516 4887 malitia
2550 4835 2986 4889 conturbentur:
3020 4834 3091 4891 In
3133 4838 3432 4894 abscondito

1839 4928 2008 4983 uultus
2030 4927 2127 4997 tui,
2159 4925 2366 4982 scilicet
2409 4923 2634 4994 iustitia:
2678 4936 2786 4981 tua:
2829 4926 3065 4996 abditis;
3099 4931 3201 4987 hoc
3224 4941 3326 5002 est,
3373 4933 3424 4987 iu

1839 5031 2051 5080 secreto
2070 5031 2184 5088 tuo,
2212 5022 2344 5075 sicut
2370 5018 2495 5085 Joh,
2523 5030 2573 5074 et
2606 5019 2740 5089 ipso,
2767 5032 2822 5076 ct
2848 5023 3031 5077 omnia
3056 5039 3177 5094 quas
3208 5024 3417 5091 habuit.

1843 5117 2109 5174 absconsa
2162 5114 2382 5172 fuerunt
2434 5115 2485 5169 in
2523 5114 2709 5170 Deum.
2745 5114 2788 5168 Α
2834 5115 3227 5174 conturbatione
3259 5120 3428 5176 homi-

1844 5225 1988 5273 num,
2020 5224 2050 5263 a
2082 5210 2460 5279 persecutione
2487 5216 2858 5277 peccatorum.

1918 5302 2167 5373 Proteges
2211 5316 2297 5356 eos
2348 5301 2404 5354 in
2458 5297 2791 5355 tabernaculo
2824 5310 2935 5370 tuo,
2968 5319 3000 5355 a
3026 5303 3434 5361 contradictione

1844 5398 2161 5469 linguarum.
2194 5394 2253 5452 In
2277 5396 2630 5452 tabernaculo
2661 5396 2809 5465 ﬁdei,
2840 5412 2869 5452 a
2902 5398 3130 5470 strepitu
3161 5401 3431 5457 malarum

1840 5490 2148 5562 linguarum
2174 5489 2446 5554 velantur,
2480 5490 2569 5559 qui
2627 5489 2817 5545 dicunt
2849 5507 2862 5544 :
2913 5491 3046 5558 Quis
3087 5492 3241 5550 norit
3269 5497 3383 5552 lure
3411 5496 3434 5548 ?

1846 5591 1940 5639 aut
1969 5584 2092 5653 quis
2114 5581 2316 5638 redivit
2336 5596 2407 5637 ex
2435 5580 2665 5636 inieris?

1916 5674 2228 5730 Benedictus
2275 5672 2546 5728 Dominus.
2606 5674 2700 5729 Cui
2757 5674 3032 5731 benedicit
3083 5681 3260 5735 omnis
3286 5696 3440 5735 crea-

1847 5784 1987 5829 tura.
2015 5770 2300 5841 Quomodo
2325 5769 2491 5826 dicit:
2521 5768 2831 5826 Benedictus
2852 5770 3110 5829 Dominus
3128 5774 3154 5828 7
3169 5774 3434 5847 Numquid

1848 5866 1923 5921 illi
1970 5880 2107 5935 cpus
2161 5872 2243 5918 est
2286 5870 2470 5917 nostra
2503 5863 2844 5919 benedictio?
2876 5862 3015 5933 Non,
3043 5866 3135 5922 sed
3166 5875 3224 5923 ut
3243 5884 3342 5924 nos
3370 5870 3440 5925 ab
