4034 6342
605 313 709 371 9H

1397 302 1745 362 APPENDIX
1786 303 1879 361 AD
1918 300 2163 360 TOSIL'M
2205 301 2558 362 SEPHMUM
2601 303 2662 361 S.
2707 303 3110 363 HIERONYMI.

3791 303 3892 360 9|?

603 429 723 500 ipso
779 423 1210 481 benedictionem
1268 421 1511 491 accipere
1565 435 1890 477 mereantur.
1947 420 2202 486 Quoniam
2230 425 2279 485 Α
2380 417 2526 471 Beati
2569 435 2789 488 quarunt
2840 420 3072 473 rentissaa
3116 424 3233 470 sunt
3265 415 3563 488 iniquitates
3607 424 3656 469 et
3692 432 3890 482 quorum

605 520 900 590 miriﬁcarit
927 515 1326 572 miscricordiam
1357 531 1501 569 suam
1553 515 1608 568 in
1659 514 1864 568 civitate
1890 513 2110 567 inunita.
2145 511 2199 567 In

601 614 825 670 civitate
880 609 1217 674 Jerusalem,
1279 608 1331 662 in
1384 608 1566 663 medio
1616 607 1836 662 mundo.
1884 604 1949 659 In
1992 605 2200 659 civitate

607 707 805 760 munita
831 703 1046 768 dicitur,
1071 717 1136 758 eo
1165 702 1308 773 quod
1344 701 1555 756 ﬁrmata
1611 701 1696 756 vel
1745 701 1970 756 robusta
2011 700 2104 764 sit,
2148 707 2204 754 et

608 801 662 854 in
696 813 831 870 gyro
853 811 1045 852 omnes
1081 805 1270 866 gentes
1301 794 1448 849 illam
1496 792 1858 849 circumdant.
1883 791 1940 846 In
1973 792 2200 846 circuitu

602 891 865 949 Ecclesia:
885 893 1048 948 totius
1072 891 1281 947 diffusa:
1306 889 1412 944 :ibi
1439 890 1744 944 miriﬁcavit
1773 886 2199 943 misericordiam

610 1001 765 1041 suam
796 986 1092 1050 Dominus;
1119 986 1243 1053 quia
1266 983 1340 1039 ibi
1373 981 1642 1046 natus,ibi
1667 995 1881 1051 passus,
1916 979 1988 1034 ibi
2020 993 2204 1033 resur-

595 1080 765 1147 rexit,
799 1088 854 1135 et
905 1077 1032 1133 inde
1079 1075 1330 1132 ascendit
1373 1074 1440 1129 ad
1467 1074 1658 1137 oculos,
1691 1081 1751 1126 ut
1777 1072 1853 1126 ait
1885 1069 2149 1140 prOpheta
2184 1085 2198 1122 :

598 1173 871 1244 Operatus
897 1181 983 1228 est
1029 1171 1259 1227 salutem
1306 1169 1360 1223 in
1410 1168 1592 1224 medio
1622 1176 1785 1223 terra:
1834 1163 1950 1238 (Ps.
1984 1162 2198 1233 Lxxm).

605 1267 700 1323 Vel
729 1267 934 1322 aliter:
978 1263 1284 1322 Jerusalem
1336 1261 1578 1318 cmlestis
1624 1259 1830 1316 munita
1862 1259 1930 1315 de
1971 1273 2203 1328 congre-

604 1361 825 1431 gatione
849 1358 1195 1430 angelorum,
1230 1364 1287 1411 et
1317 1354 1620 1410 hominum.

675 1452 788 1527 Ego
816 1463 991 1508 autem
1042 1451 1154 1506 dixi
1183 1451 1235 1504 in
1277 1465 1491 1504 excessu
1543 1448 1727 1502 mentis
1776 1462 1920 1502 mete.
1955 1443 2201 1502 Ecclesia

598 1548 816 1618 quando
845 1545 1167 1602 recordatur
1195 1543 1265 1598 de
1309 1540 1588 1613 paradiso,
1613 1541 1892 1611 quomodo
1917 1541 2198 1596 immorta-

596 1642 665 1698 lis
693 1650 904 1713 poterat
925 1655 1071 1706 esse,
1103 1648 1160 1695 et
1199 1638 1404 1709 cogitat
1457 1636 1696 1708 qualiter
1745 1635 1944 1692 ibidem
1987 1642 2204 1703 poterat

597 1749 722 1791 esse
751 1751 765 1799 ;
798 1744 854 1789 et
905 1731 1153 1789 meminit
1207 1730 1385 1801 qualis
1411 1738 1516 1797 cst,
1577 1738 1630 1784 ει
1663 1728 1897 1799 qualiter
1927 1727 2072 1782 Deus
2103 1740 2200 1797 per

2309 520 2439 564 tecta
2469 521 2587 564 sunt
2621 521 2852 580 peccata.
2888 511 3085 566 Beatus
3111 509 3457 574 immortalis,
3484 509 3764 563 laudabilis
3790 510 3892 564 sive

2304 605 2598 674 gloriosus.
2631 606 2737 660 Sed
2763 617 2944 661 tamen
2974 605 3158 660 nullus
3189 614 3364 672 potest
3391 604 3537 674 apud
3559 620 3619 659 se
3641 620 3759 661 esse
3777 604 3893 659 bea-

2307 706 2415 764 tus,
2448 699 2550 752 nisi
2578 697 2645 752 ab
2675 698 2772 753 illo
2801 698 3031 767 accipiat
3059 697 3148 766 qui
3176 697 3443 766 justiﬁcat
3475 697 3703 768 impium
3734 714 3746 750 :
3802 697 3893 754 hoc

2305 801 2408 856 εει,
2437 791 2569 847 Deo.
2596 791 2751 848 Unde
2780 801 2837 848 et
2880 792 3076 857 Paulus
3108 792 3243 847 dicit
3274 809 3287 846 :
3334 792 3596 848 Credenti
3648 801 3818 849 autem
3847 793 3893 848 in

2306 901 2373 942 eo
2391 889 2479 957 qui
2498 886 2763 955 justiﬁeat
2785 889 3031 958 impium,
3050 887 3341 959 deputatur
3363 887 3500 944 ﬁdes
3521 889 3644 958 ejus
3666 887 3729 943 ad
3747 889 3892 958 justi-

2309 981 2436 1035 tiam
2457 979 2632 1051 (Rom.
2662 981 2757 1053 tv).
2777 981 2926 1038 Beati
2951 999 3170 1054 quorum
3193 983 3420 1038 remissae
3433 993 3554 1037 sunt
3577 983 3894 1053 iniquitates:

2305 1090 2537 1146 quorum
2565 1085 2783 1146 peccata
2817 1092 2912 1146 per
2941 1077 3340 1133 confessionem
3373 1094 3404 1132 ιι
3430 1077 3668 1133 Domino
3696 1077 3896 1133 diluun-

2305 1179 2412 1224 tur.
2445 1167 2655 1234 Quibus
2685 1168 2862 1224 modis
2891 1171 3241 1225 remittuntur
3266 1178 3487 1238 peccata
3507 1170 3532 1224 ?
3552 1169 3772 1225 Tribus.
3798 1168 3897 1225 Re-

2307 1260 2602 1315 mittuntur
2631 1276 2728 1332 per
2757 1262 3086 1332 baptismum
3111 1281 3122 1317 :
3151 1271 3411 1334 teguntur
3433 1279 3530 1333 per
3555 1264 3893 1330 charitatem,

2305 1370 2414 1410 non
2457 1355 2797 1424 imputantur
2826 1372 2924 1425 per
2978 1355 3319 1427 martyrium.
3390 1355 3462 1411 Et
3509 1374 3722 1428 quorum
3768 1368 3896 1413 tecta

2304 1457 2427 1502 sunt
2451 1457 2683 1516 peccata,
2715 1463 2812 1519 per
2837 1447 3156 1503 charitatem
3189 1467 3203 1504 :
3239 1449 3540 1505 secundum
3563 1449 3698 1506 illud
3724 1469 3738 1504 :
3763 1449 3899 1505 Cha-

2304 1543 2439 1595 ritas
2484 1544 2662 1610 operit
2713 1539 3118 1596 multitudinem
3170 1551 3521 1611 peccatorum
3566 1540 3783 1614 (Iacob.
3815 1545 3891 1610 ν).

2308 1633 2429 1704 Vel,
2456 1651 2677 1706 quorum
2702 1644 2837 1689 tecta
2861 1642 2983 1689 sunt
3013 1645 3220 1704 peccata
3245 1650 3264 1689 :
3311 1635 3414 1692 hoc
3443 1647 3550 1703 εει,
3595 1642 3658 1690 ιιι
3686 1635 3769 1690 hic
3796 1652 3895 1690 ve-

2303 1726 2493 1782 lentur
2536 1743 2632 1798 per
2656 1727 3030 1799 paenitentiam
3064 1769 3080 1794 ,
3127 1743 3194 1783 ne
3238 1727 3292 1782 in
3320 1727 3527 1797 judicio
3574 1729 3892 1784 revelentur.

595 1829 848 1900 angelum
868 1827 998 1883 Atla:
1030 1824 1354 1897 loquebatur
1373 1822 1530 1895 (Gen.
1557 1821 1660 1894 ιιι),
1681 1821 2028 1892 etquomodo
2060 1835 2196 1875 ocu-
2229 1817 2276 1879 B
2376 1819 2572 1875 Beatur
2602 1822 2681 1876 vir
2707 1823 2793 1876 cui
2840 1838 2942 1876 non
2981 1821 3256 1893 imputabit
3304 1820 3560 1876 Dominus
3616 1832 3893 1892 peccatum.

597 1922 668 1976 lis
697 1920 1056 1977 interioribus
1098 1919 1266 1974 Deum
1290 1917 1548 1972 videbat:
1581 1917 1802 1986 quando
1845 1917 1946 1970 ista
1975 1913 2194 1984 cogitat,

599 2024 729 2070 tunc
753 2015 805 2070 in
838 2027 1066 2070 excessu
1119 2012 1317 2067 mentis
1339 2019 1424 2066 est
1449 2009 1722 2068 Ecclesia.
1745 2009 1860 2082 Ego
1889 2019 2063 2063 autem
2086 2008 2197 2062 dixi

595 2111 650 2164 in
675 2125 889 2165 excessu
919 2107 1104 2162 mentis
1135 2122 1262 2160 mea:
1293 2122 1312 2160 :
1342 2104 1620 2178 Projectus
1643 2119 1758 2158 sum
1788 2120 1820 2156 a
1859 2102 1996 2172 [acie
2017 2100 2200 2154 oculo-

593 2217 710 2258 rum
747 2212 974 2256 tuorum.
1024 2199 1265 2269 Populus
1321 2197 1441 2252 hmc
1471 2196 1607 2252 dicit
1661 2196 1758 2251 ille
1803 2207 2102 2250 conversus
2129 2191 2196 2247 ad

593 2294 873 2350 Christum
905 2309 916 2344 :
953 2289 1276 2347 Existimavi
1305 2305 1414 2359 me,
1451 2290 1649 2359 inquit,
1682 2287 1984 2359 projectum
2013 2301 2137 2342 esse
2166 2301 2197 2340 a

596 2386 1065 2458 contemplatione
1115 2385 1383 2440 luminum
1440 2394 1686 2450 tuorum,
1720 2393 1775 2439 et
1815 2382 2032 2452 expavi,
2073 2396 2196 2436 cum

596 2494 688 2535 me
721 2487 870 2533 tanta
925 2485 1146 2546 propter
1203 2490 1402 2531 nomen
1458 2483 1608 2529 tuum
1656 2472 1764 2543 pati
1811 2471 2194 2541 permitteres;

596 2573 708 2640 vel,
744 2569 1018 2642 Projectus
1047 2586 1161 2623 sum
1187 2587 1220 2622 a
1247 2570 1392 2623 vultu
1436 2569 1704 2622 oculorum
1731 2574 1963 2621 tuorum.
1996 2565 2192 2628 Adam,

596 2663 816 2736 quando
850 2673 1232 2734 transgressus
1262 2662 1365 2717 fuit
1407 2662 1722 2716 mandatum
1765 2659 1886 2725 Dei,
1911 2669 2038 2714 tunc
2064 2675 2195 2729 pro-

591 2760 772 2831 jectus
799 2767 882 2814 εει
911 2773 942 2812 a
974 2756 1113 2812 facie
1133 2757 1231 2812 Dei
1255 2755 1470 2828 (Ibid),
1504 2765 1558 2812 et
1586 2757 1722 2826 ipse,
1755 2762 1812 2811 et
1839 2769 1960 2822 nos,
1993 2763 2048 2810 et
2075 2769 2196 2809 om-

601 2854 689 2910 nis
724 2851 1020 2923 posteritas
1051 2865 1149 2905 sua
1182 2858 1306 2920 post
1327 2865 1475 2905 cum.

670 2943 798 3000 Ideo
829 2944 1084 2999 exaudisti
1113 2959 1287 2998 vocem
1329 2943 1708 3015 deprecationis
1757 2958 1901 3012 mcw,
1933 2943 2054 2996 dum
2085 2941 2201 2996 cla-

598 3051 792 3091 marem
818 3035 886 3088 ad
937 3043 1004 3088 te.
1049 3032 1196 3100 Ideo,
1221 3031 1353 3088 dicit
1383 3034 1645 3097 Ecclesia,
1679 3034 1948 3088 cxaudisti
2001 3048 2194 3089 vocem

595 3129 864 3186 orationis
905 3143 1040 3185 mea:
1071 3145 1083 3181 :
1114 3128 1242 3198 quia
1270 3128 1523 3199 cognovi,
1557 3128 1650 3183 ubi
1673 3138 1916 3198 poteram
1963 3144 2113 3194 esse;
2141 3137 2198 3185 et

596 3237 888 3295 cognosco,
936 3221 1031 3277 ubi
1064 3220 1224 3278 modo
1253 3236 1397 3276 sum.
1426 3221 1708 3276 Exaudisti
1749 3237 1940 3278 vocem
1971 3223 2198 3281 interio-

597 3316 678 3372 ris
707 3314 968 3379 hominis,
1004 3322 1056 3368 te
1087 3313 1142 3367 in
1198 3311 1396 3368 mentis
1446 3312 1742 3382 Splendore
1792 3315 2092 3385 precantis,
2142 3324 2200 3372 et

594 3409 850 3465 amovisti
884 3406 1182 3465 horribiles
1215 3405 1611 3461 tribulationes.

665 3502 886 3572 Diligitc
913 3499 1224 3562 Dominum,
1256 3513 1433 3551 omnes
1476 3499 1642 3551 sancti
1672 3500 1818 3570 ejus;
1841 3504 2089 3571 quoniam
2109 3518 2197 3558 ve-

601 3596 813 3648 ritatem
845 3591 1067 3661 requiret
1092 3587 1380 3653 Dominus,
1409 3597 1458 3643 et
1486 3590 1731 3645 retribuet
1765 3593 2089 3650 abundanter
2117 3598 2200 3666 fa-

598 3688 848 3744 cientibus
879 3683 1196 3756 superbiam.
1250 3681 1564 3738 Humiliatis
1611 3685 1715 3751 his,
1747 3696 1953 3742 statuet
1979 3699 2199 3746 sanctos

597 3799 729 3841 suos
751 3782 802 3837 in
830 3792 1026 3849 magna
1053 3776 1383 3832 constantia.
1435 3773 1653 3848 Diligite
1685 3776 1989 3846 Dominum,
2019 3798 2198 3838 omnes

597 3874 769 3929 sancti
799 3873 933 3943 ejus.
964 3867 1206 3940 Diligite,
1253 3867 1304 3922 id
1353 3875 1460 3934 est,
1492 3880 1671 3925 amate
1712 3871 1885 3927 illum.
1936 3873 2199 3942 Quoniam

605 3966 874 4020 veritatem
903 3961 1129 4033 requiret
1152 3959 1426 4026 Dominus,
1446 3961 1538 4031 qui
1560 3975 1914 4032 perseverant
1944 3983 2114 4039 usque
2145 3969 2198 4024 in

605 4057 769 4112 ﬁnem
803 4056 857 4110 in
889 4053 1151 4120 bonitate,
1182 4062 1241 4108 ut
1269 4051 1476 4108 dictum
1523 4065 1607 4110 est
1641 4075 1652 4108 :
1680 4057 1778 4125 Qui
1809 4075 2200 4130 perseverave-

609 4150 680 4202 rit
711 4159 881 4216 usque
910 4143 962 4198 in
993 4144 1177 4209 linem,
1204 4140 1291 4197 hic
1318 4143 1500 4198 salvus
1531 4145 1635 4200 erit
1658 4146 1874 4219 (Matth.
1909 4152 2079 4222 xxw).

691 4237 924 4291 Viriliter
945 4235 1100 4309 agite.
1131 4234 1243 4290 Hoc
1265 4244 1371 4304 est,
1393 4237 1763 4296 immobililer.
1785 4239 1856 4297 Et
1885 4247 2202 4317 cattfortetur

601 4349 690 4388 cor
719 4341 966 4396 vestrum,
1001 4345 1176 4384 omnes
1221 4330 1312 4400 qui
1335 4333 1556 4403 speratis
1607 4335 1661 4389 in
1692 4334 1940 4394 Domino.
1971 4341 2072 4396 Cor
2117 4361 2201 4398 ve-

603 4434 770 4480 strum
799 4440 818 4478 :
849 4423 953 4478 hoc
981 4430 1086 4490 est,
1141 4423 1325 4477 anima
1359 4434 1568 4493 vestra,
1605 4426 1656 4481 in
1683 4427 1915 4488 Domino
1959 4449 2194 4507 seraper.

614 4516 849 4570 Viriliter
874 4515 1032 4588 agite,
1056 4521 1102 4568 et
1144 4514 1467 4585 confortetur
1507 4534 1597 4572 cor
1624 4531 1870 4592 vestrum,
1904 4542 2080 4583 omnes
2109 4532 2199 4599 qui

603 4609 824 4682 speratis
843 4609 895 4661 in
926 4605 1177 4662 Domino.
1210 4607 1448 4666 Fortiter
1477 4620 1640 4684 atque
1670 4629 1989 4678 constanter
2019 4635 2200 4681 custo-
2228 4600 2278 4662 D

605 4703 720 4758 dite
775 4700 1134 4772 propositum,
1187 4709 1244 4756 ut
1297 4702 1528 4758 fructum
1589 4709 1805 4766 metatis
1860 4712 1912 4768 in
1958 4713 2195 4774 Christo.

606 4795 780 4863 Quem
810 4791 1087 4863 supplices
1137 4793 1500 4862 deprecantur
1548 4807 1605 4853 ut
1637 4800 1873 4859 insinuet
1922 4809 2198 4868 mentibus

603 4885 811 4943 nostris
859 4899 1048 4941 curam
1080 4899 1139 4940 se
1165 4884 1448 4956 diligendi,
1482 4905 1578 4960 pro
1607 4891 1764 4949 nobis
1808 4911 2026 4965 passum
2055 4902 2195 4974 jugi-

602 4989 689 5034 ter
715 4977 990 5042 conﬁteri,
1017 4986 1076 5032 ut
1120 4992 1429 5034 mereamur
1480 4993 1668 5038 contra
1720 4987 1958 5060 iniquam
2007 5009 2198 5067 super-

599 5071 772 5137 biam,
805 5068 1131 5126 humilitatis
1159 5071 1326 5124 armis
1358 5072 1594 5130 viriliter
1615 5093 1939 5152 repugnare.

1123 5181 1438 5243 PSALMUS
1461 5186 1653 5246 XXXI.

599 5295 905 5374 Intellectus
931 5295 1120 5374 David.
1177 5296 1489 5374 intellectus
1543 5303 1766 5363 Christi.
1794 5309 2000 5374 Duplex
2035 5317 2193 5374 intel-

674 5372 850 5446 lectus
877 5368 1036 5446 estin
1064 5369 1373 5446 istptitulo,
1413 5375 1649 5446 Inaxime
1675 5379 1744 5435 de
1778 5368 2190 5446 illo'Publicano

671 5451 728 5496 ει
750 5440 1037 5530 ﬁnal-issue
1057 5439 1236 5530 quiin
1276 5445 1501 5530 templo‘
1527 5451 1751 5530 orabant
1800 5439 2187 5530 (Laida-viii):

672 5512 797 5585 quia
824 5524 963 5565 unus
984 5526 1042 5565 se
1063 5512 1431 5585 justilicabat;
1453 5524 1506 5570 et
1521 5519 1663 5572 alius
1683 5536 1742 5576 se
1764 5512 2160 5585 condemnandi

753 5591 857 5670 est,
888 5576 1472 5670 accusajbatLPlsalmus
1523 5603 1712 5646 vocem
1765 5576 2191 5670 soiiiii.'é'i"'5r1;:

675 5651 1241 5735 pheta-ostendentis
1269 5654 1542 5735 hominem
1588 5676 1721 5735 non
1749 5651 2005 5735 propriis
2031 5651 2194 5728 nieri-

672 5720 896 5844 ιξὶῗὲεέεει
925 5720 1022 5775 Dei
1047 5722 1220 5792 gratia
1253 5739 1412 5794 posse
1439 5729 1655 5802 salvari,
1679 5734 1723 5789 si
1749 5720 2194 5800 'con'ineiniii'd-

2306 1917 2406 1983 Qui
2429 1931 2488 1971 se
2518 1918 2570 1971 in
2601 1916 2707 1971 hoc
2748 1917 2950 1972 smculo
3000 1915 3288 1988 diligenter
3309 1919 3545 1988 potuerit
3577 1931 3894 1988 expurgare,

2303 2010 2393 2066 vel
2442 2025 2540 2080 per
2587 2009 2930 2080 martyrium.
2991 2010 3145 2079 Quod
3203 2011 3440 2080 tegitur,
3495 2027 3604 2066 non
3648 2009 3892 2065 videtur:

2303 2101 2448 2172 quod
2473 2117 2582 2158 non
2609 2101 2854 2168 videtur,
2905 2117 3016 2158 non
3049 2103 3386 2174 imputatur;
3416 2103 3560 2174 quod
3594 2119 3701 2158 non
3730 2103 3898 2174 impu-

2304 2205 2468 2265 tatur,
2499 2212 2602 2253 nec
2631 2199 2906 2268 punietur.
2944 2195 3055 2251 Nec
3089 2207 3160 2252 est
3192 2199 3243 2251 in
3272 2213 3362 2252 ore
3382 2200 3499 2270 ejus
3550 2196 3728 2252 dotus.
3789 2197 3896 2253 lloc

2302 2299 2390 2345 est
2421 2289 2472 2344 in
2507 2290 2658 2346 illius
2685 2306 2782 2346 ore
2806 2292 2894 2362 qui
2937 2307 2996 2347 se
3026 2290 3317 2348 conﬁtetur
3359 2307 3485 2348 esse
3530 2302 3893 2362 peccatorem,

2301 2380 2441 2436 sicut
2462 2380 2784 2438 Nathanael.
2813 2381 2967 2439 Unde
2987 2384 3249 2440 Dominus
3270 2383 3412 2439 dixit
3439 2401 3452 2439 :
3488 2385 3632 2441 Ecce
3658 2401 3789 2441 vere
3822 2384 3898 2439 ls-

2300 2475 2517 2542 raelita,
2558 2476 2611 2530 in
2641 2490 2750 2547 quo
2779 2475 2937 2532 dolus
2965 2493 3072 2532 non
3097 2488 3180 2532 est
3197 2474 3374 2550 (Joan.
3404 2477 3470 2547 1).
3497 2477 3566 2532 Et
3598 2477 3668 2533 de
3694 2477 3786 2533 illo
3807 2492 3900 2548 pu-

2298 2568 2534 2634 blicano,
2567 2569 2634 2625 de
2661 2585 2769 2642 quo
2799 2570 3052 2641 superius
3085 2571 3343 2637 diximus,
3373 2571 3467 2642 qui
3499 2588 3561 2628 se
3608 2571 3902 2627 conﬁteba-

2303 2669 2390 2715 tur
2417 2674 2539 2716 esse
2592 2672 2936 2731 pcecatorem
2985 2662 3212 2719 dicens:
3271 2663 3440 2732 Deus,
3476 2664 3742 2736 pr0pilius
3782 2675 3898 2721 esto

2298 2751 2430 2808 mihi
2462 2754 2734 2823 peccaturi
2770 2754 3124 2827 (an.xvm).
3155 2755 3270 2810 Nec
3285 2766 3358 2811 est
3384 2757 3437 2810 in
3463 2773 3551 2812 ore
3577 2759 3690 2828 ejus
3722 2757 3898 2825 dotus,

2301 2844 2397 2900 sed
2433 2845 2484 2899 in
2515 2846 2746 2902 veritate
2801 2846 3032 2904 credens
3065 2849 3273 2920 Deum,
3305 2848 3408 2906 hoc
3445 2850 3615 2906 corde
3650 2850 3895 2915 retinuit,

2299 2938 2443 3009 quod
2465 2953 2562 2994 ore
2583 2939 2968 2997 conﬁtebatur.

2375 3031 2637 3100 Quoniam
2660 3035 2818 3102 tacui,
2837 3035 3245 3090 inveteraverunt
3267 3035 3317 3091 in
3337 3052 3416 3091 me
3433 3037 3610 3093 omnia
3631 3055 3746 3093 ossa
3761 3054 3900 3094 mea.

2299 3122 2415 3178 Non
2450 3126 2652 3196 protuli
2706 3127 3103 3183 confessionem
3140 3127 3208 3184 ad
3247 3129 3510 3185 salutem:
3557 3130 3682 3187 ideo
3719 3133 3904 3187 omnis

2225 3214 2270 3278 C
2302 3217 2568 3276 fortitudo
2599 3235 2718 3276 mea
2742 3221 2798 3276 in
2828 3226 3009 3277 carnis
3036 3222 3354 3280 inﬁrmitate
3389 3226 3696 3281 consenuit.
3750 3225 3905 3292 Quo-

2301 3313 2442 3366 niam
2464 3315 2630 3380 tacui,
2657 3317 3064 3371 int'eteravcrunt
3088 3317 3140 3370 in
3164 3334 3243 3372 me
3269 3320 3440 3374 omnia
3469 3336 3586 3374 ossa
3616 3337 3745 3382 mea.
3776 3319 3904 3373 dum

2302 3407 2583 3462 clamarem
2613 3416 2721 3462 tota
2747 3409 2851 3465 die.
2885 3409 3068 3477 Tacui,
3095 3427 3200 3467 vox
3229 3412 3499 3468 malorum
3530 3422 3634 3469 est.
3683 3411 3852 3468 Tacui
3883 3431 3904 3466 .-

2300 3498 2352 3554 id
2381 3511 2485 3568 est,
2520 3510 2699 3558 tacent
2725 3503 2942 3558 illorum
2976 3515 3226 3576 peccata,
3267 3516 3319 3563 et
3349 3507 3402 3562 in
3425 3507 3773 3564 confessione
3799 3527 3905 3565 no-

2301 3591 2420 3647 lunt
2450 3593 2653 3650 dicere.
2679 3594 3103 3652 Iut'eteraverunt
3125 3615 3264 3668 ossa,
3296 3600 3347 3654 id
3378 3610 3481 3667 est,
3507 3602 3732 3658 virtutes
3761 3619 3904 3675 quas

2301 3683 2610 3741 debuerant
2654 3689 2893 3756 habere,
2946 3690 3390 3749 inveteraverunt
3450 3711 3545 3764 per
3592 3707 3906 3768 peccatum.

2303 3772 2444 3831 Dum
2465 3779 2741 3835 clamarem
2771 3797 2791 3837 :
2815 3781 2866 3837 id
2894 3792 2998 3852 est,
3025 3785 3284 3841 clamant.
3326 3787 3383 3843 Si
3415 3788 3618 3858 aliquid
3650 3791 3776 3846 boni
3808 3790 3908 3846 ha-

2301 3870 2434 3926 bent
2466 3889 2480 3925 :
2515 3889 2610 3943 per
2632 3878 2927 3932 vanitatem
2958 3878 3362 3950 demonstrant,
3390 3893 3452 3936 ut
3476 3882 3568 3939 ille
3592 3883 3907 3941 Pharismus

2301 3963 2500 4034 impius
2528 3965 2779 4036 faciebat,
2809 3971 2900 4041 qni
2933 3970 3191 4027 dicebat:
3221 3973 3386 4042 Deus,
3412 3975 3618 4046 gratias
3650 3978 3743 4033 tibi
3774 3994 3903 4049 ago,

2302 4060 2427 4129 quia
2459 4077 2564 4115 non
2590 4078 2709 4118 sum
2750 4065 2891 4120 sicut
2928 4067 3112 4123 caeteri
3144 4067 3415 4138 homines,
3444 4081 3714 4144 raptores,
3749 4072 3905 4126 adul-

2307 4153 2429 4207 teri.
2455 4151 2594 4208 Dum
2616 4157 2892 4212 clamarem
2912 4169 3017 4214 tota
3041 4161 3156 4215 die:
3186 4162 3240 4217 in
3273 4161 3429 4219 istius
3450 4164 3572 4220 vitae
3599 4177 3899 4221 momento.

2379 4246 2639 4314 Quoniam
2690 4251 2772 4304 die
2800 4269 2862 4306 ac
2887 4264 3036 4309 nocte
3062 4263 3276 4325 gravata
3307 4266 3382 4312 est
3430 4274 3588 4330 super
3610 4275 3691 4313 me
3720 4275 3900 4314 manu

2303 4345 2412 4392 tua.
2467 4337 2717 4397 P01entia
2772 4352 2882 4398 tua.
2924 4344 3058 4400 Cum
3089 4362 3267 4402 essem
3310 4347 3527 4419 impius,
3562 4361 3616 4407 et
3649 4350 3901 4422 blasphe-

2304 4443 2426 4484 mus
2462 4449 2473 4484 :
2497 4445 2710 4504 grarata
2737 4445 2812 4490 est
2831 4453 2988 4508 super
3009 4455 3088 4494 me
3107 4457 3290 4495 manus
3331 4450 3420 4496 tua
3453 4459 3471 4496 :
3500 4443 3553 4500 id
3581 4454 3689 4513 est,
3722 4455 3901 4515 potes-

2305 4530 2386 4576 tas
2417 4531 2507 4578 tua
2539 4541 2552 4578 :
2582 4527 2706 4596 quia
2730 4529 2820 4598 qui
2849 4528 2939 4586 hic
2965 4547 3073 4587 non
3102 4533 3420 4602 emendant,
3443 4547 3710 4607 gravatur
3736 4551 3904 4607 super

2304 4614 2428 4670 illos
2457 4631 2650 4674 manus
2672 4621 2787 4687 Dei,
2821 4621 2876 4676 id
2907 4635 3011 4691 est,
3041 4635 3285 4694 potestas
3314 4627 3570 4684 vindictae
3615 4629 3671 4684 in
3701 4628 3793 4685 die
3819 4628 3907 4698 ju-

2305 4708 2454 4766 dicii.
2486 4709 2772 4769 Conversus
2793 4732 2908 4770 sum
2930 4717 2983 4771 in
3018 4733 3273 4775 a2runtnu.
3319 4719 3375 4775 in
3426 4722 3646 4778 assidua
3677 4721 3907 4777 tribula-

2306 4802 2452 4857 tione
2475 4803 2814 4875 flagellorum
2841 4818 3079 4865 tuorum.
3116 4809 3248 4865 Dum
3269 4813 3550 4887 conﬁgitur
3572 4814 3702 4868 mihi
3724 4814 3902 4886 spina.

2306 4893 2568 4952 Stimulos
2595 4901 2948 4957 conscientiae
2994 4905 3328 4973 peccatricis.
3371 4904 3659 4962 Conversus
3699 4924 3820 4962 sum
3854 4909 3904 4959 in

2305 5003 2534 5044 (erumna
2563 4991 2687 5045 dum
2711 4996 2992 5067 con/igitur
3010 4997 3139 5052 mihi
3167 4997 3318 5070 spina
3341 5015 3358 5052 :
3384 5016 3620 5056 azruntna
3653 5018 3670 5054 :
3707 5001 3761 5056 id
3795 5009 3902 5058 est.

2311 5079 2553 5138 miseria.
2603 5083 2739 5141 Dum
2787 5089 3082 5160 configitur
3113 5089 3246 5146 mihi
3295 5092 3452 5162 Spina
3481 5112 3492 5146 :
3524 5093 3578 5150 id
3622 5103 3722 5160 est,
3772 5092 3903 5148 dum

2313 5173 2504 5246 pungit
2526 5191 2612 5232 me
2637 5179 2967 5237 conscientia
3000 5184 3227 5252 peccati.

2374 5265 2633 5324 Delictum
2675 5287 2841 5326 meum
2888 5276 3152 5346 cognitum
3196 5276 3287 5331 tibi
3322 5277 3465 5348 feci,
3507 5290 3558 5334 et
3612 5280 3904 5352 injustitias

2300 5374 2439 5412 meas
2462 5376 2564 5414 non
2587 5362 2854 5418 abscondi.
2895 5365 3004 5422 Sed
3049 5366 3329 5424 confessus
3367 5383 3511 5436 sum,
3562 5380 3617 5426 et
3663 5368 3904 5442 patefeci

2298 5452 2500 5506 omnia.
2522 5453 2645 5511 Scio
2675 5457 2820 5512 enim
2850 5467 2901 5514 te
2926 5460 3033 5516 cito
3061 5462 3336 5518 remittere
3356 5461 3590 5532 delicta,
3641 5479 3766 5520 cum
3802 5461 3903 5517 tibi

2302 5544 2507 5600 fuerint
2537 5549 2747 5621 integre
2773 5561 3036 5623 reserata,
3067 5565 3123 5609 et
3143 5555 3265 5612 ideo
3285 5555 3394 5612 dixi
3422 5573 3432 5609 :

2370 5636 2665 5708 Conﬁtcbor
2683 5632 2926 5701 aduersus
2946 5663 3026 5702 me
3041 5648 3320 5719 injustitias
3343 5665 3480 5704 meas
3502 5649 3753 5706 Domino.
3779 5648 3899 5705 Non

2298 5730 2442 5785 enim
2483 5733 2746 5793 adversus
2775 5738 3082 5810 Dominum,
3129 5741 3223 5798 sed
3245 5741 3506 5798 adversus
3537 5760 3623 5800 me
3650 5744 3746 5799 has
3775 5758 3906 5815 pro-
3992 5779 3993 5815 ι

2302 5823 2539 5882 nuntiavi
2573 5839 2626 5884 ut
2664 5829 2998 5902 justiﬁearer
3029 5851 3041 5888 :
3074 5833 3214 5904 Dixi,
3264 5836 3613 5908 pronuntiavi
3633 5835 3910 5894 adversus
