4034 6300
153 318 264 376 913

1088 317 1519 377 BREVIARIUM
1559 318 1625 375 ΙΝ
1666 317 1998 378 PSALMOS.
2043 322 2295 380 PSALM.
2340 322 2556 382 XXXII.

3354 326 3460 385 9H

155 451 246 492 me
277 433 572 506 injustitias
603 447 751 490 meas
777 434 1030 501 Domino,
1064 441 1119 490 et
1146 442 1202 489 tu
1223 434 1756 507 remisistiiniquita-
1779 433 1834 497 Α
1932 435 2001 491 In
2022 438 2207 492 chamo
2234 445 2280 492 et
2304 439 2452 508 freno
2477 437 2721 494 maxillas
2743 454 2922 494 eorum
2941 443 3253 517 constringe.
3280 444 3459 500 Freno

157 538 266 584 tem
296 529 506 599 peccati
530 527 655 582 mei.
687 526 744 582 in
770 542 999 596 persona
1053 526 1269 582 illorum
1309 526 1443 583 dicit
1488 528 1754 599 prOpheta

157 622 250 693 qui
281 628 704 685 convertuntur,
736 619 879 674 sicut
905 619 999 674 ille
1022 618 1167 674 filius
1221 619 1313 690 qui
1354 633 1581 690 peregre
1625 634 1755 690 pro-

157 713 334 770 fectus
359 723 467 776 εει,
492 720 546 768 et
575 711 708 767 dixit
739 730 752 767 :
777 711 875 768 Ibo
904 712 970 766 ad
994 711 1214 768 Patrem
1253 727 1432 768 meum
1463 712 1616 784 (Luc.
1639 713 1750 784 xv).

156 811 311 867 Dixit
336 810 390 864 in
417 808 604 874 corde,
635 807 724 863 ubi
755 806 900 862 Deus
931 806 1174 863 videtur:
1209 805 1274 860 Et
1307 816 1359 860 tu
1386 807 1625 862 remisisti
1652 809 1753 861 im-

157 904 401 974 pietatem
429 900 622 972 peccati
649 900 768 954 mei.
816 901 949 966 Qua:
987 899 1145 969 prius
1190 913 1492 970 gesseram,
1536 899 1754 955 miseri-

156 995 401 1051 corditer
419 991 715 1048 indulsisti.

228 1087 340 1141 Pro
361 1086 462 1139 hac
485 1086 747 1157 impietate
773 1085 939 1140 orabit
966 1083 1034 1137 ad
1062 1093 1108 1138 te
1130 1085 1295 1139 omnis
1321 1092 1532 1139 sanctus
1549 1084 1601 1139 in
1620 1094 1748 1140 tem-

157 1197 284 1251 pore
314 1188 624 1251 opportuno.
650 1177 888 1248 Tempus
927 1186 1295 1247 opportunum
1319 1176 1386 1232 ad
1409 1176 1750 1232 exorandum

165 1289 265 1346 pro
292 1274 550 1344 peccatis,
583 1271 701 1327 hate
727 1271 838 1326 vita
865 1279 950 1326 est
983 1289 997 1326 :
1023 1271 1075 1325 in
1093 1285 1197 1341 qua
1221 1269 1344 1325 ideo
1366 1270 1539 1325 sancti
1562 1277 1749 1324 orant:

153 1368 281 1434 quia
307 1379 470 1421 nemo
491 1376 574 1419 est
597 1379 628 1418 a
660 1364 898 1436 peccatis
925 1363 1208 1418 immunis.
1263 1362 1367 1418 Pro
1425 1362 1523 1418 hac
1556 1361 1752 1432 iniqui-

154 1468 284 1524 tate,
340 1457 428 1513 vel
471 1471 572 1527 pro
601 1457 702 1512 hac
746 1456 1097 1522 remissione,
1129 1454 1271 1524 quod
1295 1455 1547 1525 superius
1569 1454 1704 1509 dixit
1735 1472 1748 1508 :

153 1549 306 1604 Beati
352 1564 573 1621 quorum
623 1549 854 1602 remisere
899 1556 1020 1601 sunt
1069 1547 1389 1616 iniquitates,
1438 1555 1485 1600 et
1532 1563 1750 1617 quorum

149 1652 284 1698 tecta
315 1649 431 1696 sunt
457 1649 685 1713 peccata.
720 1639 903 1695 Omnis
933 1648 1141 1693 sanctus
1161 1654 1180 1693 :
1225 1639 1328 1693 hoc
1360 1645 1465 1708 est,
1497 1653 1594 1708 per
1614 1637 1747 1706 bap-

150 1737 368 1791 tismum
391 1751 406 1801 ;
431 1746 484 1790 et
506 1735 598 1804 qui
628 1743 747 1803 post
774 1732 1102 1802 baptismum
1129 1739 1339 1802 peccat,
1356 1740 1540 1801 postea
1567 1730 1748 1785 dimit-

147 1827 279 1883 titur
310 1825 385 1881 illi
415 1841 512 1897 per
543 1824 941 1894 paenitentiam,
963 1831 1055 1877 aut
1087 1837 1187 1893 per
1217 1822 1562 1892 martyrium.

228 1918 594 1974 Verumtamen
621 1919 673 1971 in
702 1916 895 1970 diluvio
926 1931 1178 1984 aquarum
1200 1915 1482 1968 multarum
1513 1913 1581 1966 ad
1628 1929 1744 1966 eum

144 2028 248 2066 non
275 2008 730 2081 approximabunt.
755 2006 907 2062 Multi
931 2005 1139 2061 fructus
1159 2006 1491 2060 diluviorum
1525 2006 1576 2060 in
1598 2003 1746 2075 judi-

144 2104 232 2159 cia
264 2103 459 2172 impios
485 2100 788 2165 vallahunt,
810 2099 900 2170 qui
923 2099 1130 2154 sanctis
1156 2097 1390 2154 nocituri
1421 2113 1528 2153 non
1559 2107 1741 2153 erunt.

156 2195 522 2250 Verumtamen
555 2194 612 2247 in
661 2191 858 2247 diluvio
901 2208 1153 2262 aquarum
1202 2193 1485 2246 multarunt
1537 2192 1606 2244 ad
1628 2207 1744 2246 cum

145 2306 250 2345 non
270 2289 782 2362 appt‘Opittquabunl.
814 2288 943 2344 Siue
984 2287 1269 2358 angustiis,
1304 2285 1400 2351 ait,
1440 2299 1561 2356 quae
1587 2287 1745 2356 quasi

148 2380 306 2450 aquis
355 2379 748 2435 inundantibus
795 2389 1204 2451 comparantur,
1262 2379 1329 2434 ad
1364 2380 1530 2435 Deum
1564 2380 1743 2435 sancti

146 2473 586 2545 appropinquare
632 2487 738 2527 non
777 2481 1071 2542 poterunt:
1119 2473 1244 2542 quia
1292 2473 1380 2543 qui
1424 2473 1746 2528 sustinuerit

146 2581 324 2634 usque
351 2565 403 2619 in
427 2565 614 2631 linem,
646 2565 733 2621 hic
753 2569 940 2622 salvus
984 2566 1107 2621 erit.
1132 2565 1256 2634 Vel,
1287 2566 1340 2620 in
1359 2565 1554 2620 diluvio
1582 2583 1746 2637 aqua-

145 2674 308 2711 rum:
341 2657 394 2712 id
441 2667 544 2723 est,
587 2659 851 2714 varietate
898 2657 1272 2714 doctrinarum
1316 2658 1739 2715 haereticorum:

148 2766 247 2822 per
275 2748 382 2805 hoc
411 2752 513 2823 ipsi
546 2751 610 2806 ad
639 2753 807 2809 Deum
833 2768 938 2808 non
971 2753 1454 2824 approximabunt.

222 2847 302 2901 Tu
331 2864 384 2901 es
409 2847 536 2901 mihi
558 2848 816 2922 refugium
839 2867 869 2902 a
893 2849 1225 2904 tribulatione
1256 2865 1371 2920 qua:
1407 2848 1743 2903 circumdedit

143 2958 250 2995 me.
280 2941 394 2996 Vox
445 2941 706 2998 Ecclesia:
751 2942 818 2998 ad
872 2942 1169 3003 Christum.
1227 2944 1302 2998 De
1347 2942 1506 3014 hujus
1556 2943 1741 2998 saeculi

144 3034 422 3106 pressuris
465 3039 580 3092 hare
608 3037 757 3092 dicit.
783 3036 1081 3092 Exsultatio
1108 3053 1238 3092 mea.
1289 3036 1424 3104 Quia
1455 3038 1508 3092 in
1539 3046 1592 3092 te
1613 3052 1743 3107 gau-

145 3128 276 3185 deo.
313 3128 450 3183 Erue
477 3147 603 3185 mea
631 3130 1066 3186 circumdantibus
1098 3149 1196 3186 me.
1237 3131 1337 3188 Vel
1383 3131 1453 3186 ab
1506 3129 1743 3184 inimicis

1860 539 1914 585 et
1935 529 2128 586 chamo
2155 530 2546 587 moderationis
2571 546 2706 601 sum,
2733 531 2879 588 Deus
2900 545 3142 592 coarctat
3165 537 3455 610 impiorum

1857 633 2220 690 supervacuas
2260 620 2642 691 blaSphemias.
2687 624 2893 692 Equus,
2941 625 3282 683 indomitus:
3331 645 3450 684 mu-

1857 713 1962 779 lus,
1994 715 2167 787 piger.
2203 717 2316 774 lloc
2340 727 2494 788 rogat
2521 718 2760 774 Ecclesia
2783 719 2949 778 Deum
2980 718 3219 788 Patrem,
3246 730 3306 777 ut
3349 738 3449 793 per

1853 803 2089 872 frenum,
2126 808 2180 862 id
2211 818 2317 874 est,
2371 809 2834 879 praedicationem,
2867 811 3125 883 populum
3155 813 3440 884 gentilem,

1855 912 1993 967 quos
2010 913 2177 968 equos
2201 899 2522 965 nominavit,
2557 901 2625 957 de
2656 902 2762 958 lata
2791 903 2875 958 via
2896 913 2951 960 et
2995 904 3234 974 spatiosa
3261 905 3444 960 saeculi

1857 989 2045 1060 hujus,
2102 990 2265 1048 faciat
2309 994 2375 1048 ad
2414 1008 2473 1050 se
2495 996 2952 1066 appropinquare,
2982 1006 3036 1052 et
3063 996 3322 1068 populum
3350 996 3452 1053 ,1η-

1855 1083 2093 1152 daicum,
2142 1101 2276 1155 quos
2307 1088 2482 1142 mulos
2537 1087 2864 1158 nominavit,
2913 1091 3003 1160 qui
3055 1090 3203 1161 piger
3251 1097 3337 1146 est
3374 1090 3441 1145 ad

1857 1177 2026 1232 Deum
2083 1177 2436 1242 credendum,
2494 1194 2592 1249 per
2645 1180 2919 1244 chamum.
2969 1181 3022 1236 id
3076 1189 3181 1250 est,
3233 1184 3438 1238 contri-

1854 1268 2054 1324 tionem
2087 1269 2266 1325 cordis
2289 1269 2452 1325 faciat
2481 1271 2545 1326 ad
2570 1287 2630 1328 se
2657 1273 2863 1330 venire.
2901 1273 3005 1340 Qui
3047 1291 3152 1328 non
3187 1277 3437 1345 approxi-

1853 1371 1995 1414 mant
2017 1361 2086 1414 ad
2124 1370 2191 1414 te.
2218 1361 2324 1416 Sed
2351 1377 2451 1432 per
2485 1363 2793 1433 superbiam
2823 1364 3159 1436 elongautur.

1928 1453 2098 1507 Multa
2127 1453 2340 1525 ﬂagella
2385 1465 2735 1526 peccatorum.
2767 1457 2900 1526 Quia
2927 1459 3092 1530 aliqui
3135 1468 3451 1528 peccatores

1853 1557 2000 1614 sunt,
2041 1564 2276 1617 quorum
2308 1549 2361 1603 in
2409 1549 2509 1604 ista
2552 1551 2657 1605 vita
2709 1551 2992 1608 initiantur
3045 1553 3278 1623 ﬂagella,
3335 1568 3459 1624 qua:

1851 1648 2035 1708 postea
2078 1639 2132 1694 in
2167 1639 2351 1695 futuro
2383 1641 2658 1697 habebunt
2692 1644 2812 1699 sine
2856 1644 2960 1700 fine
2995 1662 3008 1700 :
3044 1643 3214 1699 Multa
3238 1647 3450 1718 ﬂagella

1851 1741 2175 1802 peccatorum
2199 1749 2218 1787 :
2240 1734 2330 1801 qui
2359 1734 2737 1802 paenitentiam
2762 1750 2924 1805 agere
2959 1736 3274 1791 noluerunt.
3314 1736 3450 1809 Spe-

1777 1821 2021 1882 Brantes
2074 1835 2247 1880 autem
2293 1829 2346 1880 in
2403 1826 2630 1882 Domino
2684 1829 3038 1884 misericordia
3084 1830 3445 1886 circumdabit.

1851 1916 1944 1972 llla
1996 1917 2404 1986 misericordia,
2459 1928 2515 1974 ut
2558 1919 2722 1974 vitam
2776 1932 3092 1977 mereantur
3153 1930 3442 1978 aeternam.

1848 2010 1950 2078 Qui
1973 2019 2175 2066 rectam
2205 2025 2360 2080 spem
2387 2019 2446 2066 et
2469 2011 2629 2068 fidem
2660 2013 2712 2068 iu
2737 2013 2847 2068 Deo
2891 2013 3091 2069 habent
3120 2031 3133 2068 :
3169 2015 3316 2085 ipsos
3344 2015 3449 2069 mi-

1848 2102 2152 2158 sericordia
2179 2103 2269 2158 Dei
2299 2102 2685 2173 circumdabit,
2717 2113 2774 2160 ut
2805 2104 2935 2159 illud
2964 2124 2975 2160 :
3022 2105 3442 2176 Misitangelum

1849 2195 2111 2250 Dominus
2152 2195 2205 2250 in
2246 2196 2478 2250 circuitu
2531 2197 2841 2252 timentium
2886 2214 3009 2253 eum
3036 2197 3211 2266 (Psal.
3242 2197 3444 2270 xxxn);

1849 2295 1905 2342 et
1933 2285 2060 2340 alibi
2113 2305 2123 2338 :
2164 2286 2418 2343 Custodit
2473 2288 2735 2345 Dominus
2784 2303 2977 2346 omnes
3027 2289 3322 2362 diligentes
3383 2306 3447 2347 se

1848 2378 2022 2452 (Psal.
2050 2379 2252 2452 cxuv).

1917 2471 2269 2528 Ltctaminiin
2302 2473 2549 2542 Domino,
2596 2483 2644 2530 et
2666 2476 2943 2543 exsultate,
2965 2477 3122 2550 justi.
3171 2475 3447 2547 Propheta

1849 2565 2099 2620 hortatur
2136 2565 2440 2622 Ecclesiam
2483 2568 2654 2623 laetari
2699 2570 2770 2624 de
2813 2583 2912 2640 spe
2957 2569 3084 2624 vita:
3123 2578 3343 2625 :eterna:
3391 2579 3449 2624 ct

1847 2661 2278 2731 regenerationis
2310 2679 2323 2714 :
2357 2669 2538 2717 tamen
2579 2662 2791 2717 lmtatur
2842 2671 2898 2718 et
2955 2662 3042 2717 hic
3090 2662 3340 2718 Ecclesia
3391 2664 3446 2718 in

1849 2751 2219 2806 tribulatione.
2251 2750 2318 2806 Et
2337 2753 2834 2824 gloriaminiomnes
2855 2755 2982 2808 recti
3007 2755 3180 2810 corde.
3219 2755 3449 2812 UtPau-

1849 2846 1931 2901 lus
1966 2865 1979 2901 :
2013 2847 2112 2914 Qui
2141 2847 2427 2917 gloriatur,
2477 2847 2530 2902 in
2562 2847 2793 2901 Domino
2852 2847 3114 2918 glorietur
3161 2848 3205 2920 (Ι
3231 2848 3351 2904 Cor.
3383 2850 3451 2918 ι).

1849 2939 2002 2997 Booti
2033 2940 2200 2996 corde
2225 2939 2504 3007 dicuntur,
2538 2939 2734 3010 quibus
2765 2940 2945 2994 omnia
2973 2940 3177 3010 judicia
3205 2940 3298 2995 Dei
3331 2940 3449 3010 pla-

1849 3044 1997 3101 cent,
2027 3043 2082 3089 et
2105 3048 2164 3089 se
2191 3041 2452 3089 accusant
2477 3033 2545 3088 de
2575 3032 2689 3086 suis
2711 3033 2970 3102 peccatis,
3022 3044 3076 3088 et
3099 3033 3290 3100 Deum,
3331 3033 3449 3087 sive

1849 3127 1902 3183 in
1921 3127 2221 3198 prosperis,
2257 3127 2370 3182 sive
2411 3127 2460 3181 in
2485 3125 2755 3194 adversis,
2781 3140 3001 3196 semper
3036 3125 3259 3180 laudant
3281 3141 3299 3178 :
3331 3124 3448 3179 La:-

143 3220 406 3290 publieis,
439 3223 521 3276 vel
549 3238 578 3277 a
611 3223 863 3293 peccatis.
905 3228 1038 3278 ltum
1084 3223 1249 3289 dixit,
1273 3222 1566 3278 exsultatio
1597 3237 1738 3287 mea,
1771 3213 1816 3277 C
1849 3222 2030 3275 taurini
2062 3222 2114 3274 in
2142 3219 2382 3287 Domino,
2417 3228 2464 3274 et
2510 3217 2783 3284 exsultate,
2811 3219 2980 3290 justi;
3010 3228 3057 3272 et
3101 3217 3434 3288 gloriamini,

143 3313 346 3369 redime
371 3331 450 3370 me
469 3332 501 3368 a
529 3316 965 3372 circumdantibus
994 3333 1072 3372 me
1101 3333 1118 3370 :
1149 3316 1427 3387 quomodo
1451 3315 1608 3383 dicit,
1638 3315 1745 3370 Re-

147 3410 295 3465 dime
323 3424 430 3474 me,
456 3424 576 3465 cum
606 3410 697 3465 ille
738 3411 831 3481 qui
862 3412 1144 3467 redimitur
1175 3411 1227 3466 in
1278 3412 1593 3478 captivitate
1639 3419 1741 3474 est,

147 3515 204 3564 et
247 3505 328 3561 illi
377 3505 468 3575 qui
521 3505 821 3573 exsultant,
865 3505 1241 3577 redemptione
1292 3520 1400 3560 non
1460 3504 1746 3576 indigent?

152 3603 268 3658 Hoc
296 3601 364 3657 ad
395 3615 614 3658 sensum
637 3601 893 3671 pertinet.
935 3600 1053 3655 Vox
1080 3601 1300 3656 illorum
1328 3608 1433 3666 est,
1480 3599 1574 3670 qui
1621 3614 1746 3654 cum

154 3694 266 3750 Deo
298 3703 447 3759 sunt,
475 3703 528 3750 et
549 3702 739 3766 rogant
769 3708 867 3764 pro
891 3693 1001 3750 illis
1050 3695 1140 3764 qui
1196 3694 1249 3749 in
1296 3693 1397 3749 ista
1437 3691 1749 3764 Captivitate

153 3787 511 3844 tribulantur.

224 3880 559 3937 Intellectum
577 3880 668 3934 tibi
694 3881 849 3949 dabo,
882 3890 930 3936 et
977 3881 1229 3936 instruam
1253 3889 1300 3934 te
1329 3880 1383 3933 in
1411 3880 1495 3933 ria
1525 3880 1623 3933 hac
1651 3895 1751 3947 qua

151 3975 427 4046 gradieris.
489 3972 717 4042 Qualem
776 3973 1111 4028 intellectum
1163 3973 1255 4029 dat
1297 3973 1440 4028 Deus
1492 3971 1750 4027 Ecclesiae

152 4082 285 4122 suae.
321 4066 392 4123 Ut
434 4066 700 4137 intelligat
735 4081 836 4139 pro
869 4083 973 4136 qua
1003 4081 1165 4122 causa
1221 4068 1472 4121 anxiatur
1508 4075 1748 4131 sanctus,

155 4168 209 4215 ct
237 4159 364 4215 facit
394 4174 718 4230 prosperare
750 4171 1086 4229 peccatores.
1128 4157 1454 4213 Intellectum
1477 4157 1609 4213 dabo
1636 4158 1749 4224 tibi,

154 4264 200 4310 et
221 4256 476 4309 instruant
509 4263 555 4308 te
584 4254 637 4308 in
663 4254 744 4308 via
779 4254 876 4309 Itac
903 4253 1296 4325 quagradieris.
1325 4254 1379 4308 In
1405 4255 1512 4317 via,
1543 4253 1751 4308 scilicet

155 4344 520 4402 confessionis
543 4345 698 4399 istius
733 4345 963 4401 doceam
998 4354 1049 4401 te
1071 4345 1413 4415 sapientiam,
1449 4353 1506 4400 ut
1528 4359 1632 4398 non
1666 4359 1756 4398 re-

156 4439 318 4494 cedas
361 4439 432 4494 ab
478 4453 562 4492 ea.
625 4438 930 4509 Intelligere
973 4447 1024 4493 te
1056 4437 1274 4503 faciam,
1304 4447 1358 4493 et
1383 4436 1592 4493 docebo
1615 4444 1670 4492 te
1701 4437 1754 4491 in

157 4535 237 4588 via
272 4534 376 4588 hac
405 4547 508 4603 qua
533 4532 822 4600 gradieris.
851 4532 964 4587 Vox
999 4532 1217 4588 Domini
1243 4531 1516 4600 loquentis
1545 4529 1757 4585 induci-

1852 3331 2025 3370 omnes
2053 3315 2178 3368 recti
2206 3314 2382 3368 corde.
2417 3313 2488 3370 Ut
2507 3315 2688 3384 gloria
2716 3324 2899 3369 vestra
2923 3313 2992 3368 ad
3014 3328 3136 3368 eum
3160 3311 3451 3380 referatur,

1849 3411 1990 3467 sicut
2016 3411 2093 3466 ait
2121 3409 2416 3480 Apostolus
2450 3427 2461 3464 :
2493 3408 2595 3475 Qui
2623 3408 2910 3479 gloriatur,
2943 3407 3000 3463 in
3046 3406 3277 3462 Domino
3327 3405 3450 3476 glo-

1849 3504 2042 3560 rietur.
2073 3503 2244 3569 Quem
2277 3499 2549 3572 supplices
2580 3500 2962 3571 deprecemur,
2992 3507 3052 3554 ut
3095 3498 3326 3554 obtectis
3357 3514 3454 3568 per

1851 3597 2238 3667 indulgentiam
2269 3595 2530 3667 peccatis,
2556 3610 2659 3651 nec
2704 3593 2968 3665 reputatis
3019 3593 3162 3649 ultra
3210 3592 3452 3660 delictis,

1852 3706 2159 3748 mereamur
2205 3698 2518 3746 sanctorum
2565 3687 2950 3744 exsultationis
3003 3694 3279 3758 perpetuas
3327 3700 3452 3742 esse

1851 3785 2162 3857 participes.

2351 3853 2668 3913 PSALMUS
2707 3853 2928 3911 XXXII.

1855 3974 1920 4030 In
1949 3977 2123 4045 ﬁnt’m,
2157 3972 2396 4028 Psalmus
2431 3971 2622 4045 David.
2673 3972 2930 4045 Psalmus
2953 3970 3056 4026 iste
3082 3983 3272 4045 vocem
3319 3981 3454 4023 con-

1929 4041 2063 4102 tinet
2094 4045 2375 4117 propheta:
2403 4043 2470 4098 ad
2495 4045 2666 4098 Deum
2698 4043 2964 4117 hortantis
2994 4041 3224 4117 populos
3247 4059 3260 4095 :
3287 4048 3450 4112 atque

1926 4113 2396 4187 monentis'justos
2425 4117 2478 4170 in
2507 4130 2672 4186 quem
2704 4114 2938 4170 debeant
2968 4113 3268 4170 exsultare.

1928 4254 2222 4323 Exsultaté,
2276 4253 2436 4326 justi,
2495 4254 2551 4307 in
2581 4250 2828 4307 Domino.
2886 4249 3162 4320 Propheta
3202 4247 3458 4303 hortatur

1855 4359 2098 4413 sanctos,
2127 4358 2182 4402 ut
2212 4346 2434 4402 laudent
2466 4346 2654 4401 Deum.
2688 4343 2978 4411 Exsultate,
3011 4343 3163 4417 justi.
3193 4339 3339 4396 Alibi
3362 4340 3449 4396 di-

1857 4440 1932 4496 cit
1958 4457 1972 4495 :
1997 4439 2260 4505 Gaudete,
2293 4439 2389 4495 sed
2420 4453 2581 4494 unum
2607 4447 2711 4493 est.
2770 4437 2875 4492 Alii
2904 4436 3180 4491 exsultant
3206 4432 3260 4488 in
3285 4432 3454 4488 rebus

1862 4534 2025 4603 hujus
2052 4533 2260 4598 smculi,
2290 4533 2381 4588 alii
2415 4533 2468 4586 in
2503 4532 2649 4588 circo
2682 4531 2810 4586 :alii
2854 4531 2906 4586 in
2941 4531 3160 4586 theatro
3194 4545 3207 4581 :
3241 4527 3351 4584 Sed
3379 4537 3461 4594 tu,

159 4636 262 4692 "If.
316 4635 375 4681 ει
410 4625 682 4690 domnus.
726 4626 999 4696 quomodo
1051 4625 1216 4680 homo
1265 4639 1422 4680 suum
1479 4630 1755 4678 mereatur
1782 4602 1836 4662 D
1861 4627 1992 4683 dicit
2017 4626 2279 4698 propheta
2312 4627 2606 4695 unicuique
2633 4634 2852 4689 sancto,
2878 4627 2933 4679 in
2966 4623 3196 4678 Domino
3218 4623 3456 4692 exsulta,

153 4721 446 4784 auxilium,
475 4720 520 4775 si
555 4719 650 4775 Dei
679 4719 930 4775 videlicet
954 4729 1221 4790 praecepta
1261 4717 1578 4774 eusmdiens
1601 4726 1754 4772 recto

153 4812 362 4868 feratur
407 4809 625 4866 itinere.
660 4809 846 4878 Itaque
873 4811 937 4866 ad
980 4810 1283 4881 perfectum
1314 4809 1601 4866 munditia:
1625 4810 1756 4865 dicit

154 4906 440 4961 hominem
476 4904 663 4959 venire
686 4919 792 4958 non
820 4919 998 4971 posse.
1050 4903 1118 4958 Et
1163 4917 1491 4974 quamquam
1521 4902 1590 4958 ad
1626 4917 1756 4972 per-

152 4999 361 5056 fectum
393 4995 673 5051 munditia:
694 4997 882 5052 venire
917 5010 1024 5051 non
1047 4996 1262 5051 valeat:
1307 5004 1488 5051 tamen
1545 4996 1596 5049 iu
1641 4996 1762 5050 ani-

155 5093 382 5146 malium
428 5088 646 5144 modum
709 5105 915 5158 pronus
963 5105 1072 5145 non
1101 5090 1305 5144 feratur
1339 5089 1393 5144 in
1436 5088 1587 5143 vitia.
1631 5088 1760 5142 Fir-

155 5187 306 5240 mabo
328 5199 488 5253 super
519 5191 567 5237 te
588 5183 760 5238 oculos
803 5201 965 5239 meos.
1025 5182 1138 5239 Vox
1195 5181 1398 5238 Christi
1455 5183 1522 5239 ad
1570 5184 1763 5240 Eccle-

155 5283 320 5337 siam.
355 5277 543 5332 Firnta
564 5294 718 5348 super
748 5287 795 5332 te
814 5278 990 5333 oculos
1026 5293 1166 5332 meos
1195 5294 1212 5331 :
1268 5276 1321 5332 id
1343 5287 1446 5345 est,
1477 5284 1758 5348 aspectum

156 5373 489 5429 divinitatis.
531 5369 778 5424 Firmabo
799 5387 953 5442 super
975 5380 1022 5424 te
1062 5371 1238 5424 oculos
1269 5387 1428 5437 meos,
1491 5379 1548 5425 ut
1586 5369 1642 5425 iu
1682 5371 1764 5426 di-

160 5470 403 5525 lectione
427 5465 656 5520 luminis
686 5463 792 5519 mei
817 5478 1155 5534 permaneas.

233 5564 422 5620 Nolite
446 5561 558 5630 ﬁeri
580 5561 708 5614 sicut
730 5576 912 5630 equus,
955 5569 1060 5615 etc.
1085 5559 1185 5626 Qui
1211 5573 1314 5613 nou
1338 5558 1432 5614 Dei
1459 5557 1764 5623 voluntate,

159 5658 255 5714 sed
284 5653 516 5727 proprio
539 5660 690 5708 motu
717 5667 777 5709 se
816 5667 1008 5724 regere
1042 5651 1253 5719 volunt,
1315 5663 1370 5708 et
1420 5650 1656 5706 eil'renes
1711 5649 1766 5706 in

161 5752 440 5809 luxuriam
471 5745 753 5813 decidunt,
787 5747 886 5802 hos
909 5747 1175 5818 pr0phcta
1211 5754 1435 5803 coercet
1459 5743 1640 5801 verbis
1663 5754 1768 5802 ter-

159 5847 422 5907 ribilibus
444 5843 640 5901 dicens
674 5857 690 5899 :

1862 4729 1917 4776 et
1939 4735 2046 4776 non
2077 4721 2131 4775 iu
2163 4719 2615 4791 prosperitatibus
2639 4717 2847 4772 mundi.
2869 4715 3058 4770 Rectos
3079 4715 3219 4768 decet
3251 4715 3458 4769 collau-

1863 4816 2028 4870 datio.
2058 4814 2256 4869 Rectos
2289 4811 2441 4880 dicit,
2492 4811 2584 4880 qui
2616 4811 2668 4864 in
2697 4809 2940 4876 regulam
2987 4806 3234 4862 veritatis
3288 4807 3457 4861 corda

1866 4908 2078 4963 illorum
2116 4906 2396 4976 dirigunt:
2459 4918 2562 4958 non
2615 4902 2851 4973 iniquos,
2893 4899 3112 4957 dicente
3139 4897 3407 4969 prapbeta
3440 4917 3456 4953 :

1869 5001 1961 5058 Vre
2000 5002 2084 5058 his
2116 5001 2210 5074 qui
2236 5001 2420 5058 dicunt
2449 5000 2606 5055 dulce
2633 5012 2904 5065 amarum,
2948 5006 3003 5054 et
3028 5009 3272 5051 amarum
3298 4993 3460 5050 dulce

1867 5097 2052 5170 (Isaia:
2072 5097 2150 5168 v).

1941 5189 2270 5259 Conﬁtemini
2299 5186 2524 5243 Domino
2560 5189 2612 5242 in
2664 5184 2886 5240 cithara.
2932 5183 3153 5240 Cithara
3204 5181 3462 5238 deorsum

1872 5284 2031 5339 habet
2049 5297 2330 5349 cavamen,
2373 5291 2429 5337 et
2454 5295 2550 5336 sex
2570 5278 2806 5336 chordas
2830 5277 3012 5333 habet.
3045 5274 3225 5346 Opera
3249 5281 3468 5330 sancto-

1871 5393 1992 5433 rum
2016 5376 2390 5447 intelliguntur
2421 5389 2520 5446 per
2549 5373 2843 5438 citharam,
2889 5385 3010 5442 qua:
3032 5377 3158 5424 sunt
3183 5383 3278 5424 sex
3298 5382 3467 5440 opera

1873 5469 2280 5528 misericordia.
2312 5467 2386 5523 Et
2408 5467 2476 5523 de
2500 5465 2608 5522 illis
2631 5464 2855 5522 chordis
2888 5463 3007 5518 alim
3033 5461 3174 5518 bene
3202 5468 3463 5517 cantant:

1870 5563 1991 5619 aliae
2021 5568 2383 5618 murmurant.
2419 5559 2512 5616 Sic
2539 5568 2593 5614 et
2620 5558 2816 5626 sancti,
2839 5556 2931 5612 alii
2953 5556 3054 5624 sic,
3085 5553 3176 5610 alii
3203 5569 3332 5610 vero
3363 5552 3466 5608 sic.

1872 5656 2198 5727 Conﬁtemini
2245 5655 2472 5710 Domino
2521 5654 2576 5708 in
2629 5651 2852 5707 cithara.
2910 5649 2972 5705 lu
3013 5662 3177 5705 carne
3233 5645 3382 5702 vitiis
3415 5653 3472 5702 et

1872 5748 2321 5822 concupiscentiis
2375 5746 2698 5802 mortificata
2731 5759 2826 5814 per
2853 5757 3071 5800 crucem
3105 5739 3466 5797 Dominicam.

1875 5841 1943 5898 In
1966 5842 2208 5913 psalterio
2230 5840 2404 5898 decem
2428 5839 2741 5897 chordarum
2763 5835 2971 5909 psallite
2991 5835 3058 5892 ei.
3112 5833 3170 5892 In
3198 5831 3468 5903 Decalogo
