4034 6314
545 357 651 413 915

1332 338 1679 398 APPENDiX
1724 336 1813 392 AD
1850 332 2097 391 TOMUI
2134 328 2486 387 ειειιτιιιυει
2532 326 2588 382 S.
2635 321 3036 381 IIIERONVMI.

3728 316 3840 372 916

546 468 944 525 mandatorum.
982 462 1303 517 l‘sdteriutn
1328 458 1616 511 desursum
1646 452 1808 507 habet
1835 462 2093 504 cavamcu
2121 462 2138 502 :
2166 447 2219 507 Α
2243 446 2354 501 caeli
2397 443 2591 514 ﬁrmati
2629 452 2772 509 sunt,
2801 451 2847 493 et
2878 441 3065 508 spiritu
3097 438 3202 491 oris
3230 439 3346 508 ejus
3372 436 3537 490 omnis
3569 434 3728 487 virtus
3755 450 3852 488 eo-

551 561 862 633 prtedieatio
914 558 998 613 vel
1049 553 1299 610 mandata
1326 549 1642 619 intelligitur
1675 544 1976 607 insattetis,
2022 555 2146 611 quae
2247 557 2382 594 rum.
2413 538 2692 592 Trinitatis
2716 535 2978 602 majestas
3021 529 3464 586 manifestissime
3491 527 3848 582 declaratur:

551 656 621 710 de
649 650 898 722 supernis
925 647 1166 701 veniunt.
1195 641 1347 699 Unde
1371 641 1507 695 dixit
1537 658 1550 693 ε
1595 637 1770 693 Omne
1822 635 2009 689 datum
2044 649 2144 701 np-

2251 633 2532 698 Dominus,
2566 629 2825 693 Verbum,
2868 625 3111 695 Spiritus
3147 622 3382 677 Domini.
3416 619 3493 674 Et
3529 620 3719 689 spiritu
3746 620 3855 674 oris

553 713 766 811 timum,
819 751 877 797 ει
916 754 1081 794 omne
1128 737 1326 790 donum
1365 732 1692 804 perfectum,
1722 730 2013 783 desursum
2066 732 2149 779 est
2251 725 2365 796 ejus
2409 722 2574 777 omnis
2620 720 2788 775 uirtus
2831 734 3031 774 eorum.
3076 715 3361 771 Paracleto
3401 713 3617 769 scilicet
3656 726 3855 782 coope-

554 802 897 890 desccndens
917 845 948 884 a
973 830 1134 885 Patre
1166 802 1454 890 luminum,
1515 821 1654 891 apud
1701 835 1862 890 quem
1916 833 2021 870 non
2065 823 2153 871 est
2253 827 2436 880 rante,
2461 814 2658 868 borum
2687 812 2920 867 virtutes
2947 810 3209 865 ctelorum
3237 816 3437 864 creatre
3461 814 3615 860 sunt.
3638 802 3769 859 Nam
3799 804 3853 859 in

553 924 956 988 transmutatio,
984 920 1067 977 vel
1089 916 1475 974 vie‘ssitudinis
1495 912 1840 968 obumbratio
1857 909 2066 977 (Iacob.
2084 914 2150 974 ι).

555 1022 742 1076 Decem
763 1018 1093 1082 chordarum,
1140 1014 1191 1068 id
1223 1020 1330 1075 est,
1364 1010 1549 1065 decem
1600 1007 1762 1060 verba
1809 1006 1964 1074 legis.
2025 1001 2151 1056 Tria

560 1112 811 1167 mandata
841 1110 893 1163 in
924 1121 1033 1163 una
1063 1105 1264 1168 tabula,
1289 1117 1409 1172 qua:
1435 1100 1501 1153 ad
1535 1100 1695 1153 linem
1721 1094 2004 1151 Trinitatis
2033 1106 2156 1162 per.

562 1207 773 1271 tinent,
809 1205 923 1257 lucc
947 1206 1108 1262 sunt;
1140 1198 1370 1267 primum
1403 1213 1414 1247 :
1447 1192 1609 1259 Audi,
1666 1189 1850 1253 Israel,
1898 1188 2157 1241 Dominus

571 1300 713 1353 Dens
737 1306 859 1350 tuus
885 1294 1027 1349 Deus
1062 1304 1203 1345 unus
1233 1296 1348 1351 est;
1373 1285 1672 1341 secundum
1710 1299 1722 1335 :
1769 1279 1886 1335 Non
1930 1277 2160 1333 habebis

561 1408 758 1449 nomen
788 1388 879 1444 Dei
914 1389 989 1442 tui
1014 1387 1067 1440 in
1110 1398 1345 1447 vanum;
1405 1378 1668 1434 tertium:
1714 1374 1959 1431 Observa
2010 1371 2157 1425 diem

564 1484 774 1543 sabbati
796 1482 980 1554 (Deut.
1004 1491 1098 1541 vt).
1124 1479 1372 1547 Septem,
1402 1475 1456 1527 in
1484 1471 1651 1525 altera
1674 1467 1878 1534 tabula,
1903 1465 1969 1519 ad
1993 1462 2164 1519 dilec-

569 1580 771 1633 tionem
801 1572 1029 1645 proximi
1056 1569 1350 1640 pertinent.

636 1671 855 1724 Cuntate
891 1667 937 1721 ei
963 1664 1227 1718 canticum
1258 1673 1466 1713 nostrai.
1499 1656 1554 1710 Id
1584 1663 1689 1723 est,
1720 1652 1941 1724 psallite
1978 1652 2026 1706 ci
2057 1667 2158 1704 no-

566 1782 692 1820 vum
733 1762 1010 1816 canticum
1052 1775 1066 1814 :
1114 1757 1164 1809 id
1206 1762 1312 1821 est,
1362 1765 1557 1806 novam
1604 1749 1789 1812 vitam,
1824 1746 1946 1816 quia
1977 1759 2154 1800 novus

2256 907 2489 962 Domino
2513 906 2696 971 Pater,
2721 903 2775 958 in
2795 903 2972 958 Verbo
2992 901 3196 966 Filius;
3224 902 3275 955 in
3297 898 3493 969 spiritu
3525 897 3662 963 oris,
3686 895 3856 965 Spiri-

2259 1011 2344 1057 tus
2371 1011 2592 1055 sanctus
2622 999 2954 1055 declaratur.
2987 997 3052 1052 Et
3078 997 3203 1068 quia
3236 995 3397 1062 dicit,
3420 994 3525 1048 oris
3553 996 3671 1065 ejus
3703 1008 3721 1046 :
3747 1007 3856 1049 non

2261 1094 2558 1165 procedens
2586 1093 2743 1164 quasi
2776 1091 2955 1146 minor
2980 1088 3259 1146 credatur.
3291 1086 3429 1143 Nam
3461 1087 3604 1142 sicut
3630 1084 3801 1141 Filius
3826 1101 3858 1141 ιι

2262 1189 2461 1252 Patre,
2505 1197 2561 1241 ct
2607 1186 2831 1256 aequalis
2876 1184 3020 1239 Patri
3067 1201 3082 1237 :
3132 1184 3206 1238 ita
3252 1190 3309 1238 et
3355 1179 3595 1252 Spiritus
3635 1188 3862 1236 ωηειιιε

2261 1278 2486 1349 aequalis
2531 1278 2674 1333 Patri
2708 1277 2938 1331 habetur
2966 1291 3029 1330 ac
3059 1274 3221 1331 Filio.
3248 1272 3368 1339 Vel,
3397 1273 3579 1343 spiritu
3610 1273 3715 1326 oris
3742 1272 3866 1342 ejus

2265 1373 2431 1427 omnis
2470 1374 2628 1426 virtus
2666 1388 2864 1440 eorum,
2911 1370 2963 1433 id
3006 1379 3113 1435 est,
3162 1384 3266 1443 per
3300 1369 3563 1439 Spiritum
3606 1376 3859 1423 sanctum

2266 1468 2502 1521 virtutes
2549 1466 2790 1520 illorum.
2842 1464 2980 1532 Quia
3031 1479 3128 1535 per
3166 1463 3429 1533 Spiritum
3475 1470 3724 1517 sanctum
3767 1459 3864 1514 ba-

2266 1558 2507 1613 bucrunt
2535 1555 2780 1613 diversas
2805 1556 3017 1628 gratias
3050 1574 3063 1611 :
3094 1556 3146 1611 id
3178 1563 3284 1621 est,
3320 1555 3571 1610 virtutes.
3605 1551 3739 1609 Nam
3771 1567 3866 1623 per

2267 1667 2367 1707 nos
2397 1651 2533 1708 nihil
2563 1652 2689 1705 boni
2722 1650 3029 1717 habuimus,
3058 1650 3163 1706 nisi
3192 1664 3290 1719 per
3320 1650 3523 1720 ipsum.

2339 1745 2669 1816 Congregans
2700 1744 2832 1798 sicut
2857 1744 2913 1798 in
2939 1752 3053 1799 utre
3078 1760 3245 1816 aquas
3275 1744 3453 1798 maris.
3488 1742 3744 1800 Clausum
3778 1744 3867 1800 lit-

567 1859 733 1912 bomo
766 1855 923 1909 venit
950 1854 1002 1907 in
1035 1848 1296 1904 mundum
1327 1865 1339 1900 :
1373 1859 1566 1900 novam
1599 1843 1773 1913 legem
1805 1839 2035 1894 instituit
2065 1852 2162 1891 no—
2193 1832 2246 1896 B
2272 1837 2475 1893 toribus
2505 1852 2659 1892 mare
2684 1835 2943 1893 ostendit.
2970 1834 3298 1909 Congregans
3323 1836 3453 1890 sicut
3478 1837 3530 1891 in
3562 1845 3678 1892 utre
3697 1853 3861 1908 aquas

570 1952 675 2014 bis,
709 1957 765 2002 et
795 1960 992 2000 novam
1026 1942 1326 1997 Ecclesium
1361 1953 1457 2008 per
1488 1935 1841 2006 baptismum.
1873 1930 2092 1985 Caritate
2116 1931 2164 1985 ei

576 2042 835 2097 canticum
860 2052 1071 2103 norunt,
1094 2033 1221 2105 quia
1252 2046 1429 2087 resurt
1443 2028 1573 2089 exit,
1601 2026 1722 2097 quia
1751 2023 1908 2080 sedet
1935 2023 2002 2076 ad
2035 2022 2164 2076 dex-

571 2146 709 2189 tram
752 2131 946 2187 Patris.
989 2125 1128 2183 Bene
1164 2123 1372 2197 psallite
1410 2121 1477 2175 ei.
1525 2120 1617 2174 Ille
1662 2118 1802 2173 bene
1833 2115 2040 2183 psallit,
2073 2114 2163 2175 qui

573 2225 761 2295 implet
807 2224 858 2275 in
899 2233 1065 2287 opere
1104 2215 1246 2287 quod
1285 2221 1514 2268 cantat:
1549 2209 1600 2264 id
1632 2220 1739 2269 est.
1774 2206 2063 2277 prmdieat.
2100 2203 2167 2258 In

568 2316 900 2392 jubifatione.
948 2310 1159 2366 Jnhilus
1197 2308 1420 2372 dicitur,
1466 2302 1610 2373 quod
1655 2315 1753 2355 nec
1799 2298 2020 2363 verbis,
2069 2311 2171 2353 nec

573 2410 822 2480 syllabis,
864 2415 918 2460 et
957 2418 1058 2458 nec
1100 2400 1320 2465 litteris,
1356 2411 1458 2452 nec
1486 2410 1616 2449 voce
1649 2402 1825 2464 potest
1854 2402 2169 2460 erumpere,

574 2512 669 2556 aut
714 2493 1184 2566 comprehendere
1228 2501 1495 2562 quantum
1548 2488 1714 2541 homo
1765 2486 1934 2539 Deum
1975 2482 2171 2537 debent

577 2593 823 2649 laudare.
858 2589 996 2644 Bene
1020 2587 1228 2661 psallite
1261 2586 1306 2665 ei
1335 2585 1389 2638 in
1417 2581 1799 2654 vociferatione.
1837 2579 1940 2634 Per
1966 2577 2174 2646 iubila-

576 2691 784 2742 tionem
828 2683 1103 2753 quond-m
1147 2678 1515 2739 sacerdotum,
1559 2674 1780 2730 Jericlto
1822 2672 2007 2726 mundi
2035 2668 2174 2740 figu-

581 2794 698 2833 ram
741 2775 988 2831 retinens
1026 2772 1235 2829 corruit
1274 2769 1413 2841 (los.
1459 2767 1570 2838 vt),
1613 2779 1759 2822 nunc
1798 2780 1894 2834 per
1931 2772 2174 2818 nostram

581 2872 908 2934 orationem,
938 2868 1058 2938 ejus
1084 2861 1545 2935 concupiscentiae
1572 2860 1874 2916 eliduntur.

655 2964 914 3032 Quoniam
956 2971 1125 3015 rectus
1165 2970 1238 3015 est
1280 2972 1448 3013 sermo
1496 2955 1727 3010 Domini.
1772 2950 1881 3009 Nec
1913 2952 1965 3006 in
1995 2951 2180 3021 aliquo

584 3066 862 3123 curvatur,
910 3056 1004 3112 sed
1052 3052 1467 3126 prosperahitur
1506 3050 1558 3104 in
1603 3049 1689 3104 his
1737 3048 1804 3102 ad
1836 3063 1960 3117 qua:
1995 3046 2183 3118 dirigit

584 3154 756 3207 illum.
786 3150 853 3205 Et
880 3148 1051 3203 omnia
1078 3162 1237 3220 opera
1260 3148 1372 3217 ejus
1394 3145 1451 3199 in
1482 3142 1606 3214 ﬁde.
1632 3142 1781 3199 Sicut
1810 3142 1886 3195 ait
1915 3140 1968 3195 in
1999 3140 2179 3196 Evan-

2270 1930 2446 1984 maris.
2490 1930 2594 1984 Per
2624 1944 2823 2000 aquas,
2857 1930 3041 1984 saeculi
3079 1928 3460 1992 tribulationcs
3491 1929 3784 1999 significat,
3815 1940 3867 1986 et

2271 2026 2683 2095 perst-cutiones
2724 2033 3036 2077 sanctorum
3088 2041 3100 2076 :
3143 2022 3269 2094 quia
3302 2023 3440 2077 sicut
3472 2022 3636 2077 homo
3664 2020 3718 2077 in
3754 2033 3869 2080 utre

2273 2134 2443 2189 aquas
2472 2117 2710 2190 stringit,
2740 2130 2795 2172 ct
2824 2117 3039 2189 quando
3074 2116 3183 2172 vult
3216 2117 3421 2188 spargit
3457 2135 3470 2171 :
3505 2117 3583 2171 sic
3614 2117 3869 2173 Dominus

2276 2210 2651 2266 tribulationes
2702 2208 2984 2278 Ecclesiae,
3017 2218 3079 2264 ut
3120 2208 3194 2263 ait
3223 2208 3423 2263 Paulus
3453 2224 3468 2263 :
3495 2207 3702 2263 Fidelis
3732 2209 3871 2264 Deus

2274 2305 2367 2374 qni
2410 2320 2517 2360 non
2561 2306 2800 2376 patietur
2842 2320 2943 2359 vos
2971 2303 3166 2359 tentari
3194 2319 3360 2374 super
3389 2303 3441 2359 id
3470 2303 3614 2375 quod
3648 2304 3874 2375 potestis

2276 2401 2440 2466 ferre,
2486 2398 2582 2453 sed
2624 2398 2783 2453 faciet
2819 2396 2983 2453 etiam
3016 2407 3332 2467 proventum
3365 2405 3420 2451 ut
3451 2398 3676 2467 possitis
3704 2397 3865 2452 susti-

2279 2506 2406 2546 nere
2433 2491 2474 2566 (Ι
2500 2490 2621 2546 Cor.
2648 2489 2727 2563 x).
2754 2490 3085 2564 Congregans
3113 2491 3245 2544 sicut
3268 2490 3319 2543 in
3347 2500 3479 2553 utre.
3507 2491 3560 2545 in
3594 2505 3740 2544 novo
3773 2489 3864 2545 Ec-

2277 2586 2457 2639 clesia:
2488 2584 2704 2639 homine
2733 2600 2750 2640 :
2780 2600 2944 2654 aquas
2980 2586 3162 2652 maris,
3188 2584 3373 2639 steculi
3406 2584 3659 2656 populos,
3685 2595 3747 2639 ιιι
3773 2584 3876 2639 sint

2278 2677 2464 2731 vinum
2507 2676 2755 2741 novum,
2784 2676 2923 2731 sicut
2962 2675 3227 2731 Dominus
3269 2675 3375 2744 ait,
3421 2679 3471 2731 in
3516 2685 3668 2731 utres
3713 2690 3879 2731 novos

2284 2768 2469 2838 (Matt.
2503 2769 2581 2839 Ix)
2615 2786 2629 2823 :
2658 2767 2709 2823 id
2741 2778 2845 2833 est,
2882 2768 3262 2839 Evangelicnm
3294 2778 3651 2839 prteccptum,
3688 2784 3880 2824 reetin-

2282 2861 2451 2917 ditum
2487 2861 2537 2914 in
2572 2858 2832 2915 cordibus
2876 2859 3239 2915 credentium.
3291 2857 3501 2914 Peneus
3536 2858 3589 2913 in
3629 2858 3881 2913 thesauris

2284 2954 2515 3024 abyssos.
2557 2951 2603 3007 0
2649 2965 2843 3020 magna
2886 2950 3160 3007 Creatoris
3193 2952 3454 3022 potentia,
3490 2950 3798 3006 recondens
3829 2950 3881 3005 in

2286 3043 2559 3100 thesauris
2586 3043 2815 3115 abyssos
2848 3060 2861 3097 :
2894 3043 3205 3113 producens
3230 3042 3300 3098 de
3342 3042 3611 3097 thesauris
3644 3042 3879 3096 ventos!

2284 3138 2488 3194 Tamen
2530 3136 2621 3191 hic
2659 3135 2911 3207 abyssos,
2946 3136 3333 3208 mysteriorum
3364 3135 3663 3192 caelestium
3698 3135 3883 3190 altitu-

584 3245 747 3318 golio.
772 3242 830 3299 Si
861 3239 1167 3296 habueritis
1198 3236 1358 3292 fidem
1389 3238 1679 3305 integram.
1708 3241 1764 3288 et
1785 3232 2034 3287 doxeritis
2061 3231 2185 3288 lmic
2206 3220 2257 3286 C
2289 3232 2469 3287 dinem
2501 3230 2878 3302 intelligimus,
2906 3230 3059 3301 juxta
3101 3229 3230 3286 illud
3260 3230 3501 3302 Apostoli
3535 3247 3550 3285 :
3581 3230 3626 3287 0
3651 3231 3884 3286 altitudo

588 3337 784 3400 monti,
814 3333 1075 3390 Transfer
1101 3341 1154 3388 te
1181 3342 1237 3387 et
1267 3332 1422 3385 mitte.
1451 3338 1504 3383 te
1537 3329 1588 3382 in
1620 3342 1806 3381 mare:
1838 3327 1929 3379 fiet
1962 3324 2181 3396 (Matth.

588 3430 744 3495 xvtt).
779 3427 848 3481 Et
876 3425 1052 3480 omnia
1081 3437 1438 3493 qttmcuirtquc
1466 3419 1699 3474 lideliter
1725 3417 1994 3487 petieritis
2020 3432 2035 3471 :
2060 3431 2184 3471 cre-

589 3524 704 3578 dite
745 3521 872 3591 quia
911 3516 1210 3587 accipietis,
1256 3525 1309 3570 et
1348 3514 1576 3569 venient
1606 3514 1776 3565 vobis.
1808 3510 1944 3578 Quia
2004 3521 2187 3566 rectus

590 3624 676 3669 est
702 3627 883 3669 sermo
914 3609 1154 3672 Domini,
1184 3617 1239 3662 et
1276 3607 1460 3660 omnia
1488 3619 1657 3674 opera
1689 3603 1806 3673 ejus
1837 3604 1890 3656 in
1920 3603 2045 3657 lldc.
2083 3603 2190 3659 Re-

590 3717 713 3762 ctus
741 3714 826 3761 est
855 3704 907 3755 in
935 3700 1122 3757 rectis.
1145 3698 1323 3765 Opera
1350 3696 1471 3765 ejus
1501 3696 1555 3750 in
1589 3694 1717 3759 tide,
1742 3695 1799 3749 in
1832 3693 1938 3750 fide
1965 3705 2185 3750 sancto-

592 3815 714 3855 rum
760 3818 772 3851 :
814 3795 936 3865 quia
978 3792 1121 3864 quod
1168 3788 1437 3862 promittit
1477 3788 1617 3843 Deus
1659 3789 1860 3841 sanctis
1903 3788 2040 3853 suis,
2080 3804 2186 3843 non

594 3892 878 3947 mentitur.

667 3981 854 4052 Diligit
900 3976 1331 4040 misericordiam,
1361 3984 1407 4030 et
1438 3973 1703 4047 judicium
1730 3972 2008 4028 Dominus.
2038 3972 2187 4040 Quo-

595 4073 759 4129 modo
803 4071 954 4135 dieit,
1002 4068 1174 4141 diligit
1216 4066 1647 4130 misericordiam,
1682 4079 1803 4130 cum
1846 4066 1898 4118 in
1929 4066 2039 4118 alio
2069 4066 2192 4121 loco

594 4166 776 4222 dicat:
800 4161 881 4218 Ne
906 4158 1219 4217 miserearis
1245 4159 1469 4229 pauperi
1496 4159 1549 4212 in
1571 4156 1773 4228 judicio
1799 4155 1995 4228 (Exod.
2022 4155 2188 4229 xxn):

596 4257 650 4313 id
680 4263 785 4320 est,
817 4269 932 4312 non
965 4260 1195 4323 propter
1237 4263 1528 4320 pauperem
1561 4262 1660 4307 nec
1692 4254 1915 4317 propter
1938 4246 2186 4313 divitem,

594 4366 706 4408 non
745 4358 971 4420 propter
997 4344 1304 4418 proximum
1331 4354 1386 4401 et
1420 4342 1800 4412 longinquum,
1829 4354 1937 4397 non
1964 4352 2191 4412 propter

595 4446 872 4516 cognitum
913 4454 968 4498 et
1014 4438 1372 4511 incognitum,
1422 4436 1663 4493 declines
1695 4450 1725 4489 a
1758 4444 1907 4490 recto
1931 4433 2140 4504 judicio
2173 4451 2190 4492 :

594 4539 693 4596 sed
735 4536 887 4611 prius
923 4533 1104 4606 judico
1137 4545 1347 4588 rectum
1373 4529 1659 4601 judicium,
1691 4537 1744 4583 ct
1774 4534 1961 4598 postea
1988 4526 2181 4583 subve-

2286 3324 2599 3381 divitiarum
2625 3324 2932 3394 sapientitu,
2961 3332 3018 3379 et
3035 3324 3276 3380 scientim
3300 3323 3391 3379 Dei
3415 3323 3595 3395 (Rom.
3620 3322 3737 3396 xi)!
3771 3325 3880 3396 Vel,

2288 3420 2343 3473 in
2383 3417 2672 3482 thesauris,
2705 3416 2756 3471 id
2789 3428 2893 3484 est,
2926 3417 2979 3471 in
3020 3416 3356 3473 absconditis
3387 3416 3503 3472 Dei.
3539 3416 3876 3486 'l‘hesaurus,

2292 3509 2342 3566 id
2382 3518 2490 3575 est,
2537 3510 2759 3579 largitas
2791 3526 2806 3566 :
2833 3508 2937 3564 hoc
2965 3520 3070 3577 est,
3102 3509 3426 3580 profundum
3456 3510 3879 3581 Scripturarum.

2292 3602 2448 3659 Unde
2490 3602 2597 3661 allo
2637 3602 2757 3658 loco
2782 3601 2917 3657 dicit
2947 3617 2962 3657 :
2993 3602 3095 3671 Qui
3125 3602 3373 3672 producit
3409 3612 3628 3658 ventum
3658 3604 3734 3659 de
3765 3604 3878 3659 the-

2291 3697 2469 3752 sauris
2496 3699 2611 3752 suis
2641 3695 2815 3769 (Psal.
2847 3695 3093 3767 cxxxrv).
3124 3695 3258 3751 Nam
3290 3706 3553 3768 quantum
3586 3697 3762 3752 voluit
3793 3712 3881 3767 per

2292 3805 2480 3848 servos
2513 3803 2640 3843 suos
2666 3788 2825 3843 nobis
2854 3788 3235 3844 demonstrare
3269 3804 3285 3844 :
3316 3798 3525 3844 tantum
3558 3805 3654 3858 per
3679 3804 3780 3844 nos
3805 3790 3880 3843 in-

2295 3883 2539 3952 telligere
2578 3881 2852 3954 potuimus
2879 3897 2894 3935 :
2928 3882 3099 3951 ipsam
3130 3881 3552 3952 profunditatem
3582 3879 3878 3953 Scriptura-

2293 3991 2412 4032 rnni
2444 3990 2778 4045 nequaquam
2804 3988 3111 4044 possumus.

2369 4067 2567 4122 Timeat
2594 4064 2879 4121 Dominum
2907 4068 3071 4121 omnis
3091 4078 3246 4123 terra.
3273 4067 3372 4134 Qui
3399 4074 3620 4123 terrena
3647 4068 3871 4137 sapiunt,

2296 4162 2471 4230 ipsum
2502 4159 2704 4231 potius,
2735 4166 2790 4213 et
2821 4174 2926 4214 non
2958 4170 3286 4224 creaturam,
3321 4159 3572 4215 adorent.
3604 4160 3683 4214 Ab
3712 4176 3768 4214 eo
3790 4175 3874 4211 au-

2296 4263 2396 4306 tem
2439 4259 2850 4305 commoveantur
2890 4265 3070 4306 omnes
3116 4251 3461 4305 inhabitantes
3510 4251 3704 4305 orbem.
3762 4250 3870 4305 llas

2296 4342 2514 4415 quidam
2558 4343 2628 4399 de
2674 4343 2854 4399 futuro
2901 4343 3236 4399 arbitrantur
3276 4343 3506 4415 judicio,
3550 4344 3648 4399 sed
3690 4344 3755 4398 ad
3797 4357 3869 4397 se—

2296 4447 2552 4510 quentem
2603 4438 3001 4508 expositionem
3053 4439 3224 4510 magis
3271 4438 3591 4508 respiciunt.
3642 4438 3726 4493 Ab
3772 4436 3872 4505 ipso

2296 4540 2479 4587 autem
2521 4538 2972 4586 commoveantur
3015 4531 3275 4593 universi.
3320 4544 3516 4586 onmes
3556 4531 3651 4601 qui
3682 4526 3872 4584 inhabi-

594 4635 710 4689 niat
737 4608 1128 4689 misericordia.
1159 4624 1343 4697 Diligit
1368 4620 1798 4689 misericordiam,
1824 4622 1949 4693 quia
1979 4635 2079 4677 nos
2106 4634 2194 4676 as-
2220 4608 2277 4671 D
2303 4633 2412 4679 tant
2455 4623 2669 4679 orbem.
2713 4621 2796 4678 Ab
2838 4623 2956 4692 ipso
2982 4621 3097 4678 Deo
3124 4632 3576 4679 commoveantur
3608 4619 3831 4678 universi
3856 4631 3869 4676 :

592 4735 814 4798 sumpta
847 4737 1014 4780 carne
1041 4718 1297 4785 redemit,
1320 4724 1379 4773 et
1400 4716 1689 4787 judicium,
1716 4716 1805 4785 qui
1835 4715 1974 4774 inter
1997 4713 2192 4784 impios

589 4820 875 4890 iustosque
923 4814 1205 4872 discernit.
1234 4807 1605 4867 Misericordia
1652 4806 1865 4865 Domini
1912 4806 2065 4878 plena
2117 4814 2193 4861 est

593 4922 751 4970 terra.
783 4909 954 4966 Totus
1000 4905 1256 4965 mundus.
1291 4902 1388 4960 Vol
1432 4909 1601 4969 terra,
1632 4909 1818 4955 sancta
1852 4897 2092 4955 Ecclesia
2123 4897 2193 4960 de

592 5004 974 5064 misericordia
1024 5000 1122 5059 Dei
1162 4999 1320 5072 plena
1360 5005 1446 5054 est
1490 5014 1505 5051 :
1547 4995 1671 5066 quia
1701 4994 1842 5050 sicut
1867 4993 1962 5055 ille
1992 4991 2193 5063 ubique

594 5109 702 5167 est,
747 5108 800 5154 et
841 5111 939 5153 sua
981 5091 1354 5150 misericordia
1385 5105 1507 5145 eum
1538 5088 1654 5154 illo,
1682 5096 1738 5143 et
1763 5088 1833 5142 ab
1858 5086 1951 5142 illo
1977 5087 2193 5157 insepa-

592 5191 784 5250 rabilis
809 5199 897 5248 est
928 5207 942 5245 ε
973 5187 1101 5261 quia
1128 5200 1237 5245 non
1262 5192 1472 5245 tantum
1495 5190 1554 5237 ut
1572 5180 1755 5252 justo:
1777 5178 2072 5245 custodiat,
2096 5178 2193 5235 de-

592 5282 829 5352 scendit.
870 5281 968 5343 sed
1010 5287 1073 5341 ιιι
1110 5285 1427 5351 peccatores
1465 5272 1784 5340 redimeret,
1818 5280 1877 5333 ιιι
1903 5271 2084 5331 salvos
2113 5270 2194 5328 fa-

593 5384 760 5435 ceret.

674 5466 840 5525 Verbo
875 5464 1089 5523 Domini
1129 5462 1245 5519 creti
1287 5462 1481 5532 ﬁrmati
1521 5467 1665 5521 sunt.
1709 5458 1949 5517 Verbum
1990 5456 2188 5525 Patris,

593 5559 765 5615 Filius
790 5569 895 5615 est.
924 5556 1055 5613 Cati
1088 5554 1281 5626 ﬁrmati
1310 5564 1432 5611 sunt
1460 5570 1480 5608 :
1508 5551 1687 5609 sancti
1715 5547 1951 5622 apostoli
1979 5562 2077 5620 per
2107 5548 2187 5619 ip—

593 5666 715 5707 sum
746 5652 800 5705 in
827 5649 957 5707 ﬁde.
998 5647 1165 5703 Verbo
1207 5644 1418 5701 Domini
1446 5645 1561 5703 casti
1588 5643 1782 5712 firmati
1810 5650 1952 5699 sunt.
1983 5639 2041 5697 ιιι
2071 5639 2193 5710 ipso

601 5737 805 5801 Verbo.
830 5738 973 5805 quod
1005 5745 1122 5793 erat
1150 5737 1205 5790 in
1240 5736 1505 5804 principio
1534 5733 1680 5805 apud
1711 5733 1881 5789 Deum
1914 5748 1930 5787 :
1961 5731 2078 5787 sive
2110 5732 2192 5787 vi-

595 5824 783 5879 sibiles
809 5826 956 5892 cali,
982 5827 1095 5882 sive
1120 5825 1357 5897 apostoli
1386 5833 1512 5885 sunt
1551 5825 1742 5881 creati.
1785 5823 1947 5880 Verbo
1976 5824 2191 5883 Domini

2299 4717 2353 4773 id
2385 4726 2490 4783 est,
2512 4716 2581 4773 de
2608 4715 2926 4772 infidelitate
2956 4715 3022 4771 ad
3053 4714 3237 4773 ﬁdem.
3274 4715 3370 4771 Vel
3398 4717 3638 4772 universi
3665 4724 3872 4771 :omnes

2299 4821 2566 4866 creatura:
2610 4811 2678 4865 ab
2718 4809 2840 4880 ipso
2876 4809 3123 4877 veniunt,
3167 4821 3223 4867 et
3267 4824 3375 4866 non
3415 4811 3555 4867 sicut
3585 4817 3873 4880 peccatores

2299 4903 2506 4969 dicunt,
2557 4901 2701 4972 quod
2750 4913 2965 4972 tempus
3008 4901 3126 4957 illas
3172 4901 3433 4970 adducit,
3476 4911 3533 4959 et
3573 4918 3678 4958 non
3708 4901 3870 4956 Deus:

2299 4996 2425 5067 quia
2466 5004 2522 5050 et
2558 5005 2825 5065 tempora,
2866 5003 2925 5051 et
2965 4993 3103 5062 dies,
3134 5006 3188 5051 et
3217 5009 3415 5063 annos,
3446 4995 3534 5051 vel
3577 5000 3737 5051 etiam
3767 5004 3870 5048 mos

2300 5095 2481 5145 menta
2512 5087 2656 5144 Dens
2683 5084 2989 5142 constituit.

2372 5183 2509 5250 Quia
2548 5183 2660 5253 ipse
2700 5181 2858 5248 dixit,
2902 5190 2952 5235 et
2988 5182 3130 5251 facta
3168 5191 3291 5237 sunt
3333 5196 3354 5237 :
3380 5183 3494 5253 ipse
3531 5180 3807 5244 mandarit,
3832 5184 3872 5231 et

2296 5284 2470 5332 creata
2493 5283 2629 5331 sunt.
2656 5272 2786 5329 Ideo
2810 5272 2987 5343 ipsum
3014 5284 3209 5329 cuncta
3240 5275 3505 5329 timeant:
3528 5276 3655 5346 quia
3682 5272 3747 5327 ab
3771 5271 3874 5340 ipso

2296 5365 2381 5423 vel
2426 5364 2564 5421 facta
2607 5374 2758 5433 sunt,
2800 5364 2887 5420 vel
2929 5373 3132 5421 creata.
3178 5363 3302 5437 Ipse
3343 5367 3475 5421 dixit
3503 5383 3523 5421 :
3557 5366 3660 5421 hoc
3686 5373 3766 5420 cst
3792 5375 3875 5432 per

2294 5458 2518 5523 Filium,
2547 5458 2637 5530 qui
2676 5458 2900 5513 verbum
2927 5468 3031 5525 est,
3058 5458 3196 5514 dixit
3229 5474 3244 5514 :
3278 5458 3565 5529 mandavit,
3599 5474 3697 5530 per
3724 5458 3876 5526 impc-

2297 5553 2438 5607 rium
2468 5568 2484 5609 :
2515 5550 2617 5607 hoc
2644 5557 2749 5616 est,
2785 5550 3254 5608 inenarrabiliter.

2365 5640 2620 5699 Dominus
2660 5642 2884 5709 dissipat
2929 5644 3155 5699 consilia
3191 5647 3447 5719 gentium.
3481 5646 3785 5704 Secundum
3812 5642 3872 5696 il-

2296 5735 2387 5791 lod
2420 5752 2434 5792 :
2468 5735 2585 5793 Non
2613 5744 2700 5793 est
2725 5736 3035 5802 consilium,
3065 5754 3176 5797 non
3203 5749 3288 5795 est
3321 5740 3628 5812 prudentis,
3669 5754 3772 5797 non
3798 5742 3870 5791 est

2295 5826 2579 5898 sapientia,
2608 5842 2715 5884 non
2743 5836 2828 5885 est
2854 5828 3120 5889 fortitudo
3145 5840 3335 5890 contra
3356 5831 3527 5892 Deum
3549 5831 3730 5909 (Prov.
3756 5830 3864 5902 xu).

3944 5944 3984 6214 ι
