  <div class='ocr_page' id='page_1' title='image "/cluster/home/n/w/nwhite01/storage/ocr_20150623/26/uva.x000826568/466.png"; bbox 0 0 4034 6304; ppageno 0'>
   <div class='ocr_carea' id='block_1_1' title="bbox 210 286 324 342">
    <p class='ocr_par' dir='ltr' id='par_1_1' title="bbox 210 286 324 342">
     <span class='ocr_line' id='line_1_1' title="bbox 210 286 324 342; baseline 0 -1"><span class='ocrx_word' id='word_1_1' title='bbox 210 286 324 342; x_wconf 74' lang='grc'><strong>917</strong></span> 
     </span>
    </p>
   </div>
   <div class='ocr_carea' id='block_1_2' title="bbox 1121 287 2586 349">
    <p class='ocr_par' dir='ltr' id='par_1_2' title="bbox 1121 287 2586 349">
     <span class='ocr_line' id='line_1_2' title="bbox 1121 287 2586 349; baseline 0.003 -6"><span class='ocrx_word' id='word_1_2' title='bbox 1121 287 1550 345; x_wconf 70' lang='grc' dir='ltr'>ιιιιενιΑιιιυιι</span> <span class='ocrx_word' id='word_1_3' title='bbox 1591 288 1658 345; x_wconf 80' lang='lat' dir='ltr'><strong>IN</strong></span> <span class='ocrx_word' id='word_1_4' title='bbox 1695 288 2035 349; x_wconf 60' lang='lat' dir='ltr'><strong>PSAIJIOS.</strong></span> <span class='ocrx_word' id='word_1_5' title='bbox 2077 290 2325 349; x_wconf 77' lang='lat' dir='ltr'><strong>PSALM.</strong></span> <span class='ocrx_word' id='word_1_6' title='bbox 2368 288 2586 347; x_wconf 73' lang='lat' dir='ltr'><strong>XXXII.</strong></span> 
     </span>
    </p>
   </div>
   <div class='ocr_carea' id='block_1_3' title="bbox 3421 293 3529 351">
    <p class='ocr_par' dir='ltr' id='par_1_3' title="bbox 3421 293 3529 351">
     <span class='ocr_line' id='line_1_3' title="bbox 3421 293 3529 351; baseline 0.028 -3"><span class='ocrx_word' id='word_1_7' title='bbox 3421 293 3529 351; x_wconf 81' lang='lat' dir='ltr'><strong>9I8</strong></span> 
     </span>
    </p>
   </div>
   <div class='ocr_carea' id='block_1_4' title="bbox 215 394 3525 479">
    <p class='ocr_par' dir='ltr' id='par_1_4' title="bbox 215 394 3525 479">
     <span class='ocr_line' id='line_1_4' title="bbox 215 394 3525 479; baseline 0.002 -21"><span class='ocrx_word' id='word_1_8' title='bbox 215 404 484 459; x_wconf 80' lang='lat' dir='ltr'><strong>Dominus</strong></span> <span class='ocrx_word' id='word_1_9' title='bbox 527 404 747 475; x_wconf 82' lang='lat' dir='ltr'><strong>dissipat</strong></span> <span class='ocrx_word' id='word_1_10' title='bbox 771 404 988 460; x_wconf 87' lang='lat' dir='ltr'><strong>consilia</strong></span> <span class='ocrx_word' id='word_1_11' title='bbox 1010 394 1241 476; x_wconf 69' lang='lat' dir='ltr'><strong>gentium</strong></span> <span class='ocrx_word' id='word_1_12' title='bbox 1274 420 1294 458; x_wconf 92' lang='lat'><strong><em>:</em></strong></span> <span class='ocrx_word' id='word_1_13' title='bbox 1322 403 1632 459; x_wconf 70' lang='lat' dir='ltr'><strong>Judasorum</strong></span> <span class='ocrx_word' id='word_1_14' title='bbox 1674 404 1823 460; x_wconf 86' lang='lat' dir='ltr'><strong>scili-</strong></span> <span class='ocrx_word' id='word_1_15' title='bbox 1848 410 1899 469; x_wconf 77' lang='grc' dir='ltr'>Α</span> <span class='ocrx_word' id='word_1_16' title='bbox 2000 406 2124 462; x_wconf 85' lang='grc' dir='ltr'><strong>Νοη</strong></span> <span class='ocrx_word' id='word_1_17' title='bbox 2163 407 2444 461; x_wconf 81' lang='lat' dir='ltr'><strong>salrabitur</strong></span> <span class='ocrx_word' id='word_1_18' title='bbox 2480 423 2573 462; x_wconf 78' lang='lat' dir='ltr'><strong>rea:</strong></span> <span class='ocrx_word' id='word_1_19' title='bbox 2610 423 2699 478; x_wconf 86' lang='lat' dir='ltr'><strong>per</strong></span> <span class='ocrx_word' id='word_1_20' title='bbox 2742 408 2961 462; x_wconf 86' lang='lat' dir='ltr'><strong>multant</strong></span> <span class='ocrx_word' id='word_1_21' title='bbox 3002 408 3266 474; x_wconf 79' lang='lat' dir='ltr'><strong>uirtutem,</strong></span> <span class='ocrx_word' id='word_1_22' title='bbox 3308 417 3353 461; x_wconf 87' lang='lat' dir='ltr'><strong>et</strong></span> <span class='ocrx_word' id='word_1_23' title='bbox 3379 410 3525 479; x_wconf 88' lang='lat' dir='ltr'><strong>gigas</strong></span> 
     </span>
    </p>
   </div>
   <div class='ocr_carea' id='block_1_5' title="bbox 219 496 1817 567">
    <p class='ocr_par' dir='ltr' id='par_1_5' title="bbox 219 496 1817 567">
     <span class='ocr_line' id='line_1_5' title="bbox 219 496 1817 567; baseline -0.001 -14"><span class='ocrx_word' id='word_1_24' title='bbox 219 506 332 564; x_wconf 89' lang='lat' dir='ltr'><strong>cet,</strong></span> <span class='ocrx_word' id='word_1_25' title='bbox 375 496 469 567; x_wconf 88' lang='lat' dir='ltr'><strong>qui</strong></span> <span class='ocrx_word' id='word_1_26' title='bbox 516 505 792 567; x_wconf 75' lang='lat' dir='ltr'><strong>tamquam</strong></span> <span class='ocrx_word' id='word_1_27' title='bbox 837 497 1097 552; x_wconf 80' lang='lat' dir='ltr'><strong>increduli</strong></span> <span class='ocrx_word' id='word_1_28' title='bbox 1124 505 1314 552; x_wconf 87' lang='lat' dir='ltr'><strong>contra</strong></span> <span class='ocrx_word' id='word_1_29' title='bbox 1343 496 1513 551; x_wconf 87' lang='lat' dir='ltr'><strong>Deum</strong></span> <span class='ocrx_word' id='word_1_30' title='bbox 1545 496 1817 553; x_wconf 80' lang='lat' dir='ltr'><strong>Christum</strong></span> 
     </span>
    </p>
   </div>
   <div class='ocr_carea' id='block_1_6' title="bbox 218 590 1819 663">
    <p class='ocr_par' dir='ltr' id='par_1_6' title="bbox 218 590 1819 663">
     <span class='ocr_line' id='line_1_6' title="bbox 218 590 1819 663; baseline -0.001 -15"><span class='ocrx_word' id='word_1_31' title='bbox 218 600 537 649; x_wconf 83' lang='lat' dir='ltr'><strong>susurrant.</strong></span> <span class='ocrx_word' id='word_1_32' title='bbox 592 591 687 646; x_wconf 91' lang='lat' dir='ltr'><strong>Vel</strong></span> <span class='ocrx_word' id='word_1_33' title='bbox 732 591 960 663; x_wconf 67' lang='lat' dir='ltr'><strong>dissipat</strong></span> <span class='ocrx_word' id='word_1_34' title='bbox 1001 591 1232 647; x_wconf 85' lang='lat' dir='ltr'><strong>consilia</strong></span> <span class='ocrx_word' id='word_1_35' title='bbox 1261 606 1470 656; x_wconf 84' lang='lat' dir='ltr'><strong>eorum,</strong></span> <span class='ocrx_word' id='word_1_36' title='bbox 1498 590 1592 660; x_wconf 89' lang='lat' dir='ltr'><strong>qui</strong></span> <span class='ocrx_word' id='word_1_37' title='bbox 1626 591 1819 646; x_wconf 89' lang='lat' dir='ltr'><strong>turrim</strong></span> 
     </span>
    </p>
   </div>
   <div class='ocr_carea' id='block_1_7' title="bbox 216 682 1821 751">
    <p class='ocr_par' dir='ltr' id='par_1_7' title="bbox 216 682 1821 751">
     <span class='ocr_line' id='line_1_7' title="bbox 216 682 1821 751; baseline -0.001 -12"><span class='ocrx_word' id='word_1_38' title='bbox 216 684 498 739; x_wconf 77' lang='lat' dir='ltr'><strong>:cdiilcare</strong></span> <span class='ocrx_word' id='word_1_39' title='bbox 520 684 835 750; x_wconf 83' lang='lat' dir='ltr'><strong>voluerunt;</strong></span> <span class='ocrx_word' id='word_1_40' title='bbox 859 683 1146 750; x_wconf 77' lang='lat' dir='ltr'><strong>destruxit,</strong></span> <span class='ocrx_word' id='word_1_41' title='bbox 1170 693 1226 737; x_wconf 92' lang='lat' dir='ltr'><strong>ut</strong></span> <span class='ocrx_word' id='word_1_42' title='bbox 1252 683 1385 738; x_wconf 91' lang='lat' dir='ltr'><strong>illud</strong></span> <span class='ocrx_word' id='word_1_43' title='bbox 1414 702 1427 737; x_wconf 89' lang='lat'><strong>:</strong></span> <span class='ocrx_word' id='word_1_44' title='bbox 1455 682 1667 751; x_wconf 87' lang='lat' dir='ltr'><strong>Venite,</strong></span> <span class='ocrx_word' id='word_1_45' title='bbox 1689 697 1821 738; x_wconf 85' lang='lat' dir='ltr'><strong>con-</strong></span> 
     </span>
    </p>
   </div>
   <div class='ocr_carea' id='block_1_8' title="bbox 217 768 1819 848">
    <p class='ocr_par' dir='ltr' id='par_1_8' title="bbox 217 768 1819 848">
     <span class='ocr_line' id='line_1_8' title="bbox 217 768 1819 848; baseline -0.002 -15"><span class='ocrx_word' id='word_1_46' title='bbox 217 768 520 833; x_wconf 75' lang='lat' dir='ltr'><strong>l‘undainus</strong></span> <span class='ocrx_word' id='word_1_47' title='bbox 552 777 754 832; x_wconf 89' lang='lat' dir='ltr'><strong>ibidem</strong></span> <span class='ocrx_word' id='word_1_48' title='bbox 788 777 1002 848; x_wconf 82' lang='lat' dir='ltr'><strong>linguas</strong></span> <span class='ocrx_word' id='word_1_49' title='bbox 1029 791 1218 833; x_wconf 88' lang='lat' dir='ltr'><strong>eorum</strong></span> <span class='ocrx_word' id='word_1_50' title='bbox 1245 774 1399 848; x_wconf 78' lang='lat' dir='ltr'><strong>(Gen.</strong></span> <span class='ocrx_word' id='word_1_51' title='bbox 1434 774 1537 845; x_wconf 77' lang='lat' dir='ltr'><strong>st).</strong></span> <span class='ocrx_word' id='word_1_52' title='bbox 1559 773 1819 847; x_wconf 83' lang='lat' dir='ltr'><strong>Reprobat</strong></span> 
     </span>
    </p>
   </div>
   <div class='ocr_carea' id='block_1_9' title="bbox 216 866 1818 945">
    <p class='ocr_par' dir='ltr' id='par_1_9' title="bbox 216 866 1818 945">
     <span class='ocr_line' id='line_1_9' title="bbox 216 866 1818 945; baseline -0.002 -19"><span class='ocrx_word' id='word_1_53' title='bbox 216 881 395 926; x_wconf 84' lang='lat' dir='ltr'><strong>autem</strong></span> <span class='ocrx_word' id='word_1_54' title='bbox 440 871 780 945; x_wconf 85' lang='lat' dir='ltr'><strong>cogitationes</strong></span> <span class='ocrx_word' id='word_1_55' title='bbox 826 870 1158 942; x_wconf 86' lang='lat' dir='ltr'><strong>populorum.</strong></span> <span class='ocrx_word' id='word_1_56' title='bbox 1202 868 1314 924; x_wconf 85' lang='lat' dir='ltr'><strong>Hoc</strong></span> <span class='ocrx_word' id='word_1_57' title='bbox 1357 876 1461 934; x_wconf 90' lang='lat' dir='ltr'><strong>est,</strong></span> <span class='ocrx_word' id='word_1_58' title='bbox 1504 866 1818 923; x_wconf 65' lang='lat' dir='ltr'><strong>indecorum</strong></span> 
     </span>
    </p>
   </div>
   <div class='ocr_carea' id='block_1_10' title="bbox 215 960 1818 1033">
    <p class='ocr_par' dir='ltr' id='par_1_10' title="bbox 215 960 1818 1033">
     <span class='ocr_line' id='line_1_10' title="bbox 215 960 1818 1033; baseline -0.002 -15"><span class='ocrx_word' id='word_1_59' title='bbox 215 964 469 1026; x_wconf 87' lang='lat' dir='ltr'><strong>consilia,</strong></span> <span class='ocrx_word' id='word_1_60' title='bbox 494 964 620 1033; x_wconf 85' lang='lat' dir='ltr'><strong>quia</strong></span> <span class='ocrx_word' id='word_1_61' title='bbox 650 977 756 1019; x_wconf 88' lang='lat' dir='ltr'><strong>non</strong></span> <span class='ocrx_word' id='word_1_62' title='bbox 789 970 1081 1032; x_wconf 88' lang='lat' dir='ltr'><strong>potuerunt</strong></span> <span class='ocrx_word' id='word_1_63' title='bbox 1108 962 1198 1017; x_wconf 87' lang='lat' dir='ltr'><strong>illa</strong></span> <span class='ocrx_word' id='word_1_64' title='bbox 1229 960 1405 1015; x_wconf 86' lang='lat' dir='ltr'><strong>facere</strong></span> <span class='ocrx_word' id='word_1_65' title='bbox 1437 960 1536 1015; x_wconf 84' lang='lat' dir='ltr'><strong>nisi</strong></span> <span class='ocrx_word' id='word_1_66' title='bbox 1561 968 1818 1029; x_wconf 88' lang='lat' dir='ltr'><strong>quantum</strong></span> 
     </span>
    </p>
   </div>
   <div class='ocr_carea' id='block_1_11' title="bbox 216 1053 1820 1127">
    <p class='ocr_par' dir='ltr' id='par_1_11' title="bbox 216 1053 1820 1127">
     <span class='ocr_line' id='line_1_11' title="bbox 216 1053 1820 1127; baseline -0.003 -17"><span class='ocrx_word' id='word_1_67' title='bbox 216 1071 251 1110; x_wconf 87' lang='lat' dir='ltr'><strong>a</strong></span> <span class='ocrx_word' id='word_1_68' title='bbox 295 1057 407 1111; x_wconf 91' lang='lat' dir='ltr'><strong>Deo</strong></span> <span class='ocrx_word' id='word_1_69' title='bbox 449 1056 776 1125; x_wconf 62' lang='lat' dir='ltr'><strong>praeﬁnitum</strong></span> <span class='ocrx_word' id='word_1_70' title='bbox 822 1055 938 1110; x_wconf 82' lang='lat' dir='ltr'><strong>fuit.</strong></span> <span class='ocrx_word' id='word_1_71' title='bbox 977 1055 1235 1124; x_wconf 81' lang='lat' dir='ltr'><strong>Reprobat</strong></span> <span class='ocrx_word' id='word_1_72' title='bbox 1268 1065 1443 1108; x_wconf 90' lang='lat' dir='ltr'><strong>autent</strong></span> <span class='ocrx_word' id='word_1_73' title='bbox 1482 1053 1820 1127; x_wconf 85' lang='lat' dir='ltr'><strong>cogitationes</strong></span> 
     </span>
    </p>
   </div>
   <div class='ocr_carea' id='block_1_12' title="bbox 214 1145 1822 1221">
    <p class='ocr_par' dir='ltr' id='par_1_12' title="bbox 214 1145 1822 1221">
     <span class='ocr_line' id='line_1_12' title="bbox 214 1145 1822 1221; baseline -0.001 -19"><span class='ocrx_word' id='word_1_74' title='bbox 214 1148 540 1221; x_wconf 84' lang='lat' dir='ltr'><strong>populorum</strong></span> <span class='ocrx_word' id='word_1_75' title='bbox 572 1166 587 1203; x_wconf 91' lang='lat'><strong>:</strong></span> <span class='ocrx_word' id='word_1_76' title='bbox 621 1149 1040 1215; x_wconf 66' lang='lat' dir='ltr'><strong>Pharisaeorum,</strong></span> <span class='ocrx_word' id='word_1_77' title='bbox 1064 1157 1121 1203; x_wconf 79' lang='lat' dir='ltr'><strong>et;</strong></span> <span class='ocrx_word' id='word_1_78' title='bbox 1148 1147 1593 1210; x_wconf 54' lang='lat' dir='ltr'><strong>Sadduca’ornm,</strong></span> <span class='ocrx_word' id='word_1_79' title='bbox 1624 1145 1710 1200; x_wconf 83' lang='lat' dir='ltr'><strong>vel</strong></span> <span class='ocrx_word' id='word_1_80' title='bbox 1738 1158 1822 1201; x_wconf 83' lang='lat' dir='ltr'><strong>re-</strong></span> 
     </span>
    </p>
   </div>
   <div class='ocr_carea' id='block_1_13' title="bbox 218 1238 1821 1313">
    <p class='ocr_par' dir='ltr' id='par_1_13' title="bbox 218 1238 1821 1313">
     <span class='ocr_line' id='line_1_13' title="bbox 218 1238 1821 1313; baseline -0.003 -16"><span class='ocrx_word' id='word_1_81' title='bbox 218 1243 496 1313; x_wconf 84' lang='lat' dir='ltr'><strong>liquarum</strong></span> <span class='ocrx_word' id='word_1_82' title='bbox 544 1249 875 1312; x_wconf 74' lang='lat' dir='ltr'><strong>potestatum</strong></span> <span class='ocrx_word' id='word_1_83' title='bbox 924 1255 1148 1312; x_wconf 85' lang='lat' dir='ltr'><strong>genera.</strong></span> <span class='ocrx_word' id='word_1_84' title='bbox 1201 1239 1269 1294; x_wconf 81' lang='lat' dir='ltr'><strong>Et</strong></span> <span class='ocrx_word' id='word_1_85' title='bbox 1316 1238 1555 1312; x_wconf 83' lang='lat' dir='ltr'><strong>reprobat</strong></span> <span class='ocrx_word' id='word_1_86' title='bbox 1602 1239 1821 1293; x_wconf 84' lang='lat' dir='ltr'><strong>consilia</strong></span> 
     </span>
    </p>
   </div>
   <div class='ocr_carea' id='block_1_14' title="bbox 218 1329 1822 1404">
    <p class='ocr_par' dir='ltr' id='par_1_14' title="bbox 218 1329 1822 1404">
     <span class='ocr_line' id='line_1_14' title="bbox 218 1329 1822 1404; baseline -0.002 -15"><span class='ocrx_word' id='word_1_87' title='bbox 218 1335 543 1404; x_wconf 60' lang='lat' dir='ltr'><strong>principum.</strong></span> <span class='ocrx_word' id='word_1_88' title='bbox 608 1335 721 1389; x_wconf 85' lang='lat' dir='ltr'><strong>Hoc</strong></span> <span class='ocrx_word' id='word_1_89' title='bbox 772 1344 886 1402; x_wconf 85' lang='lat' dir='ltr'><strong>cst,</strong></span> <span class='ocrx_word' id='word_1_90' title='bbox 932 1332 1104 1388; x_wconf 82' lang='lat' dir='ltr'><strong>Annae</strong></span> <span class='ocrx_word' id='word_1_91' title='bbox 1144 1342 1200 1388; x_wconf 87' lang='lat' dir='ltr'><strong>et</strong></span> <span class='ocrx_word' id='word_1_92' title='bbox 1235 1330 1498 1402; x_wconf 70' lang='lat' dir='ltr'><strong>Caiphm,</strong></span> <span class='ocrx_word' id='word_1_93' title='bbox 1542 1330 1667 1401; x_wconf 85' lang='lat' dir='ltr'><strong>quia</strong></span> <span class='ocrx_word' id='word_1_94' title='bbox 1720 1329 1822 1400; x_wconf 89' lang='lat' dir='ltr'><strong>ipsi</strong></span> 
     </span>
    </p>
   </div>
   <div class='ocr_carea' id='block_1_15' title="bbox 216 1423 1818 1498">
    <p class='ocr_par' dir='ltr' id='par_1_15' title="bbox 216 1423 1818 1498">
     <span class='ocr_line' id='line_1_15' title="bbox 216 1423 1818 1498; baseline -0.002 -16"><span class='ocrx_word' id='word_1_95' title='bbox 216 1428 501 1498; x_wconf 82' lang='lat' dir='ltr'><strong>principes</strong></span> <span class='ocrx_word' id='word_1_96' title='bbox 540 1437 697 1483; x_wconf 90' lang='lat' dir='ltr'><strong>erant</strong></span> <span class='ocrx_word' id='word_1_97' title='bbox 735 1427 976 1496; x_wconf 83' lang='lat' dir='ltr'><strong>ipsorum</strong></span> <span class='ocrx_word' id='word_1_98' title='bbox 1022 1424 1368 1483; x_wconf 88' lang='lat' dir='ltr'><strong>sacerdotum</strong></span> <span class='ocrx_word' id='word_1_99' title='bbox 1396 1424 1490 1496; x_wconf 91' lang='lat' dir='ltr'><strong>qui</strong></span> <span class='ocrx_word' id='word_1_100' title='bbox 1524 1423 1818 1495; x_wconf 84' lang='lat' dir='ltr'><strong>primatum</strong></span> 
     </span>
    </p>
   </div>
   <div class='ocr_carea' id='block_1_16' title="bbox 216 1514 1821 1586">
    <p class='ocr_par' dir='ltr' id='par_1_16' title="bbox 216 1514 1821 1586">
     <span class='ocr_line' id='line_1_16' title="bbox 216 1514 1821 1586; baseline -0.002 -13"><span class='ocrx_word' id='word_1_101' title='bbox 216 1519 483 1574; x_wconf 87' lang='lat' dir='ltr'><strong>tenebant</strong></span> <span class='ocrx_word' id='word_1_102' title='bbox 516 1518 678 1586; x_wconf 80' lang='lat' dir='ltr'><strong>huius</strong></span> <span class='ocrx_word' id='word_1_103' title='bbox 704 1518 948 1573; x_wconf 84' lang='lat' dir='ltr'><strong>sceleris.</strong></span> <span class='ocrx_word' id='word_1_104' title='bbox 986 1518 1094 1572; x_wconf 88' lang='lat' dir='ltr'><strong>llos</strong></span> <span class='ocrx_word' id='word_1_105' title='bbox 1131 1531 1321 1573; x_wconf 90' lang='lat' dir='ltr'><strong>omnes</strong></span> <span class='ocrx_word' id='word_1_106' title='bbox 1346 1532 1470 1572; x_wconf 87' lang='lat' dir='ltr'><strong>cum</strong></span> <span class='ocrx_word' id='word_1_107' title='bbox 1498 1516 1613 1571; x_wconf 86' lang='lat' dir='ltr'><strong>suis</strong></span> <span class='ocrx_word' id='word_1_108' title='bbox 1637 1514 1821 1570; x_wconf 83' lang='lat' dir='ltr'><strong>consi-</strong></span> 
     </span>
    </p>
   </div>
   <div class='ocr_carea' id='block_1_17' title="bbox 217 1609 1270 1681">
    <p class='ocr_par' dir='ltr' id='par_1_17' title="bbox 217 1609 1270 1681">
     <span class='ocr_line' id='line_1_17' title="bbox 217 1609 1270 1681; baseline -0.002 -14"><span class='ocrx_word' id='word_1_109' title='bbox 217 1613 306 1667; x_wconf 85' lang='lat' dir='ltr'><strong>liis</strong></span> <span class='ocrx_word' id='word_1_110' title='bbox 340 1614 602 1668; x_wconf 87' lang='lat' dir='ltr'><strong>Dominus</strong></span> <span class='ocrx_word' id='word_1_111' title='bbox 628 1614 960 1681; x_wconf 81' lang='lat' dir='ltr'><strong>resurgendo</strong></span> <span class='ocrx_word' id='word_1_112' title='bbox 982 1609 1270 1667; x_wconf 83' lang='lat' dir='ltr'><strong>destruxit.</strong></span> 
     </span>
    </p>
   </div>
   <div class='ocr_carea' id='block_1_18' title="bbox 292 1701 1822 1761">
    <p class='ocr_par' dir='ltr' id='par_1_18' title="bbox 292 1701 1822 1761">
     <span class='ocr_line' id='line_1_18' title="bbox 292 1701 1822 1761; baseline -0.003 -1"><span class='ocrx_word' id='word_1_113' title='bbox 292 1704 583 1761; x_wconf 72' lang='lat' dir='ltr'><strong>Consilium</strong></span> <span class='ocrx_word' id='word_1_114' title='bbox 612 1721 727 1759; x_wconf 85' lang='lat' dir='ltr'><strong>vero</strong></span> <span class='ocrx_word' id='word_1_115' title='bbox 767 1704 976 1759; x_wconf 85' lang='lat' dir='ltr'><strong>Domini</strong></span> <span class='ocrx_word' id='word_1_116' title='bbox 1014 1714 1184 1758; x_wconf 89' lang='lat' dir='ltr'><strong>manet</strong></span> <span class='ocrx_word' id='word_1_117' title='bbox 1221 1705 1274 1757; x_wconf 90' lang='lat' dir='ltr'><strong>in</strong></span> <span class='ocrx_word' id='word_1_118' title='bbox 1323 1713 1593 1759; x_wconf 70' lang='lat' dir='ltr'><strong>retentum.</strong></span> <span class='ocrx_word' id='word_1_119' title='bbox 1630 1701 1822 1759; x_wconf 81' lang='lat' dir='ltr'><strong>Consi-</strong></span> 
     </span>
    </p>
   </div>
   <div class='ocr_carea' id='block_1_19' title="bbox 1922 499 3525 571">
    <p class='ocr_par' dir='ltr' id='par_1_19' title="bbox 1922 499 3525 571">
     <span class='ocr_line' id='line_1_19' title="bbox 1922 499 3525 571; baseline 0 -16"><span class='ocrx_word' id='word_1_120' title='bbox 1922 516 2025 555; x_wconf 90' lang='lat' dir='ltr'><strong>non</strong></span> <span class='ocrx_word' id='word_1_121' title='bbox 2072 499 2359 555; x_wconf 79' lang='lat' dir='ltr'><strong>saluabitur</strong></span> <span class='ocrx_word' id='word_1_122' title='bbox 2404 502 2457 554; x_wconf 90' lang='lat' dir='ltr'><strong>in</strong></span> <span class='ocrx_word' id='word_1_123' title='bbox 2501 500 2832 555; x_wconf 81' lang='lat' dir='ltr'><strong>multitudine</strong></span> <span class='ocrx_word' id='word_1_124' title='bbox 2878 502 3084 554; x_wconf 84' lang='lat' dir='ltr'><strong>rirtutis</strong></span> <span class='ocrx_word' id='word_1_125' title='bbox 3128 516 3255 556; x_wconf 70' lang='lat' dir='ltr'><strong>sum.</strong></span> <span class='ocrx_word' id='word_1_126' title='bbox 3290 501 3395 557; x_wconf 91' lang='lat' dir='ltr'><strong>Sed</strong></span> <span class='ocrx_word' id='word_1_127' title='bbox 3428 516 3525 571; x_wconf 89' lang='lat' dir='ltr'><strong>per</strong></span> 
     </span>
    </p>
   </div>
   <div class='ocr_carea' id='block_1_20' title="bbox 1918 591 3527 662">
    <p class='ocr_par' dir='ltr' id='par_1_20' title="bbox 1918 591 3527 662">
     <span class='ocr_line' id='line_1_20' title="bbox 1918 591 3527 662; baseline 0.002 -16"><span class='ocrx_word' id='word_1_128' title='bbox 1918 592 2205 662; x_wconf 74' lang='lat' dir='ltr'><strong>justitiam,</strong></span> <span class='ocrx_word' id='word_1_129' title='bbox 2247 602 2303 646; x_wconf 92' lang='lat' dir='ltr'><strong>et</strong></span> <span class='ocrx_word' id='word_1_130' title='bbox 2332 591 2598 646; x_wconf 74' lang='lat' dir='ltr'><strong>auxilium</strong></span> <span class='ocrx_word' id='word_1_131' title='bbox 2650 593 2768 647; x_wconf 88' lang='lat' dir='ltr'><strong>Dei.</strong></span> <span class='ocrx_word' id='word_1_132' title='bbox 2802 592 2937 647; x_wconf 85' lang='lat' dir='ltr'><strong>Nam</strong></span> <span class='ocrx_word' id='word_1_133' title='bbox 2969 603 3023 648; x_wconf 91' lang='lat' dir='ltr'><strong>et</strong></span> <span class='ocrx_word' id='word_1_134' title='bbox 3052 592 3222 648; x_wconf 67' lang='lat' dir='ltr'><strong>Goliae</strong></span> <span class='ocrx_word' id='word_1_135' title='bbox 3253 592 3527 649; x_wconf 91' lang='lat' dir='ltr'><strong>fortitudi-</strong></span> 
     </span>
    </p>
   </div>
   <div class='ocr_carea' id='block_1_21' title="bbox 1922 683 3515 758">
    <p class='ocr_par' dir='ltr' id='par_1_21' title="bbox 1922 683 3515 758">
     <span class='ocr_line' id='line_1_21' title="bbox 1922 683 3515 758; baseline 0.001 -18"><span class='ocrx_word' id='word_1_136' title='bbox 1922 700 2047 740; x_wconf 86' lang='lat' dir='ltr'><strong>nem</strong></span> <span class='ocrx_word' id='word_1_137' title='bbox 2094 683 2339 740; x_wconf 87' lang='lat' dir='ltr'><strong>conl‘udit</strong></span> <span class='ocrx_word' id='word_1_138' title='bbox 2389 686 2528 740; x_wconf 82' lang='lat' dir='ltr'><strong>Dens</strong></span> <span class='ocrx_word' id='word_1_139' title='bbox 2580 701 2676 756; x_wconf 87' lang='lat' dir='ltr'><strong>per</strong></span> <span class='ocrx_word' id='word_1_140' title='bbox 2708 702 2927 740; x_wconf 68' lang='lat' dir='ltr'><strong>matrum</strong></span> <span class='ocrx_word' id='word_1_141' title='bbox 2985 684 3151 741; x_wconf 84' lang='lat' dir='ltr'><strong>David</strong></span> <span class='ocrx_word' id='word_1_142' title='bbox 3200 687 3357 758; x_wconf 89' lang='lat' dir='ltr'><strong>pueri</strong></span> <span class='ocrx_word' id='word_1_143' title='bbox 3409 688 3515 742; x_wconf 91' lang='lat' dir='ltr'><strong>sui.</strong></span> 
     </span>
    </p>
   </div>
   <div class='ocr_carea' id='block_1_22' title="bbox 1919 774 3524 847">
    <p class='ocr_par' dir='ltr' id='par_1_22' title="bbox 1919 774 3524 847">
     <span class='ocr_line' id='line_1_22' title="bbox 1919 774 3524 847; baseline 0.002 -16"><span class='ocrx_word' id='word_1_144' title='bbox 1919 774 2038 831; x_wconf 88' lang='lat' dir='ltr'><strong>Non</strong></span> <span class='ocrx_word' id='word_1_145' title='bbox 2089 774 2148 830; x_wconf 89' lang='lat' dir='ltr'><strong>lit</strong></span> <span class='ocrx_word' id='word_1_146' title='bbox 2191 776 2375 832; x_wconf 80' lang='lat' dir='ltr'><strong>salvus</strong></span> <span class='ocrx_word' id='word_1_147' title='bbox 2418 791 2512 832; x_wconf 80' lang='lat' dir='ltr'><strong>rex</strong></span> <span class='ocrx_word' id='word_1_148' title='bbox 2561 792 2659 847; x_wconf 89' lang='lat' dir='ltr'><strong>per</strong></span> <span class='ocrx_word' id='word_1_149' title='bbox 2704 778 3107 833; x_wconf 89' lang='lat' dir='ltr'><strong>multitudinem</strong></span> <span class='ocrx_word' id='word_1_150' title='bbox 3137 780 3356 835; x_wconf 85' lang='lat' dir='ltr'><strong>virtutis</strong></span> <span class='ocrx_word' id='word_1_151' title='bbox 3386 795 3524 836; x_wconf 72' lang='lat' dir='ltr'><strong>suae.</strong></span> 
     </span>
    </p>
   </div>
   <div class='ocr_carea' id='block_1_23' title="bbox 1921 866 3525 946">
    <p class='ocr_par' dir='ltr' id='par_1_23' title="bbox 1921 866 3525 946">
     <span class='ocr_line' id='line_1_23' title="bbox 1921 866 3525 946; baseline 0.002 -23"><span class='ocrx_word' id='word_1_152' title='bbox 1921 866 2141 935; x_wconf 84' lang='lat' dir='ltr'><strong>Quare?</strong></span> <span class='ocrx_word' id='word_1_153' title='bbox 2161 870 2286 939; x_wconf 90' lang='lat' dir='ltr'><strong>quia</strong></span> <span class='ocrx_word' id='word_1_154' title='bbox 2309 867 2443 923; x_wconf 85' lang='lat' dir='ltr'><strong>alibi</strong></span> <span class='ocrx_word' id='word_1_155' title='bbox 2462 868 2594 923; x_wconf 91' lang='lat' dir='ltr'><strong>dicit</strong></span> <span class='ocrx_word' id='word_1_156' title='bbox 2618 886 2631 922; x_wconf 90' lang='lat'><strong>:</strong></span> <span class='ocrx_word' id='word_1_157' title='bbox 2661 868 2923 925; x_wconf 86' lang='lat' dir='ltr'><strong>Dominus</strong></span> <span class='ocrx_word' id='word_1_158' title='bbox 2948 880 3031 925; x_wconf 86' lang='lat' dir='ltr'><strong>est</strong></span> <span class='ocrx_word' id='word_1_159' title='bbox 3052 870 3198 925; x_wconf 86' lang='lat' dir='ltr'><strong>salus</strong></span> <span class='ocrx_word' id='word_1_160' title='bbox 3220 869 3394 941; x_wconf 87' lang='lat' dir='ltr'><strong>(Psal.</strong></span> <span class='ocrx_word' id='word_1_161' title='bbox 3420 870 3525 946; x_wconf 89' lang='grc' dir='ltr'>ιιι).</span> 
     </span>
    </p>
   </div>
   <div class='ocr_carea' id='block_1_24' title="bbox 1922 959 3522 1031">
    <p class='ocr_par' dir='ltr' id='par_1_24' title="bbox 1922 959 3522 1031">
     <span class='ocr_line' id='line_1_24' title="bbox 1922 959 3522 1031; baseline 0.003 -16"><span class='ocrx_word' id='word_1_162' title='bbox 1922 960 2031 1015; x_wconf 86' lang='grc' dir='ltr'>Νεε</span> <span class='ocrx_word' id='word_1_163' title='bbox 2055 960 2209 1031; x_wconf 81' lang='lat' dir='ltr'><strong>gigas</strong></span> <span class='ocrx_word' id='word_1_164' title='bbox 2228 960 2418 1014; x_wconf 81' lang='lat' dir='ltr'><strong>salvus</strong></span> <span class='ocrx_word' id='word_1_165' title='bbox 2442 961 2547 1015; x_wconf 89' lang='lat' dir='ltr'><strong>erit</strong></span> <span class='ocrx_word' id='word_1_166' title='bbox 2573 959 2627 1014; x_wconf 90' lang='lat' dir='ltr'><strong>in</strong></span> <span class='ocrx_word' id='word_1_167' title='bbox 2660 961 3009 1017; x_wconf 91' lang='lat' dir='ltr'><strong>multitudine</strong></span> <span class='ocrx_word' id='word_1_168' title='bbox 3033 962 3366 1020; x_wconf 76' lang='lat' dir='ltr'><strong>fortitudinis</strong></span> <span class='ocrx_word' id='word_1_169' title='bbox 3387 979 3522 1020; x_wconf 67' lang='lat' dir='ltr'><strong>suae.</strong></span> 
     </span>
    </p>
   </div>
   <div class='ocr_carea' id='block_1_25' title="bbox 1922 1052 3523 1127">
    <p class='ocr_par' dir='ltr' id='par_1_25' title="bbox 1922 1052 3523 1127">
     <span class='ocr_line' id='line_1_25' title="bbox 1922 1052 3523 1127; baseline 0.002 -18"><span class='ocrx_word' id='word_1_170' title='bbox 1922 1053 2089 1125; x_wconf 83' lang='lat' dir='ltr'><strong>Gigas</strong></span> <span class='ocrx_word' id='word_1_171' title='bbox 2137 1068 2239 1123; x_wconf 87' lang='lat' dir='ltr'><strong>pro</strong></span> <span class='ocrx_word' id='word_1_172' title='bbox 2277 1066 2373 1108; x_wconf 87' lang='lat' dir='ltr'><strong>sua</strong></span> <span class='ocrx_word' id='word_1_173' title='bbox 2417 1052 2739 1110; x_wconf 79' lang='lat' dir='ltr'><strong>fortitudine</strong></span> <span class='ocrx_word' id='word_1_174' title='bbox 2778 1054 3001 1111; x_wconf 88' lang='lat' dir='ltr'><strong>dicitur.</strong></span> <span class='ocrx_word' id='word_1_175' title='bbox 3046 1054 3158 1111; x_wconf 87' lang='lat' dir='ltr'><strong>Nec</strong></span> <span class='ocrx_word' id='word_1_176' title='bbox 3197 1056 3313 1127; x_wconf 82' lang='lat' dir='ltr'><strong>ipse</strong></span> <span class='ocrx_word' id='word_1_177' title='bbox 3339 1057 3523 1113; x_wconf 84' lang='lat' dir='ltr'><strong>salvus</strong></span> 
     </span>
    </p>
   </div>
   <div class='ocr_carea' id='block_1_26' title="bbox 1922 1145 3525 1221">
    <p class='ocr_par' dir='ltr' id='par_1_26' title="bbox 1922 1145 3525 1221">
     <span class='ocr_line' id='line_1_26' title="bbox 1922 1145 3525 1221; baseline 0.003 -19"><span class='ocrx_word' id='word_1_178' title='bbox 1922 1161 2045 1202; x_wconf 88' lang='lat' dir='ltr'><strong>esse</strong></span> <span class='ocrx_word' id='word_1_179' title='bbox 2075 1154 2256 1216; x_wconf 88' lang='lat' dir='ltr'><strong>potest</strong></span> <span class='ocrx_word' id='word_1_180' title='bbox 2289 1161 2384 1214; x_wconf 91' lang='lat' dir='ltr'><strong>per</strong></span> <span class='ocrx_word' id='word_1_181' title='bbox 2407 1145 2783 1203; x_wconf 83' lang='lat' dir='ltr'><strong>fortitudinem</strong></span> <span class='ocrx_word' id='word_1_182' title='bbox 2808 1162 2983 1215; x_wconf 80' lang='lat' dir='ltr'><strong>suam,</strong></span> <span class='ocrx_word' id='word_1_183' title='bbox 3018 1149 3159 1204; x_wconf 89' lang='lat' dir='ltr'><strong>sicut</strong></span> <span class='ocrx_word' id='word_1_184' title='bbox 3178 1151 3429 1221; x_wconf 89' lang='lat' dir='ltr'><strong>superius</strong></span> <span class='ocrx_word' id='word_1_185' title='bbox 3457 1152 3525 1207; x_wconf 91' lang='lat' dir='ltr'><strong>de</strong></span> 
     </span>
    </p>
   </div>
   <div class='ocr_carea' id='block_1_27' title="bbox 1922 1237 2379 1294">
    <p class='ocr_par' dir='ltr' id='par_1_27' title="bbox 1922 1237 2379 1294">
     <span class='ocr_line' id='line_1_27' title="bbox 1922 1237 2379 1294; baseline -0.009 0"><span class='ocrx_word' id='word_1_186' title='bbox 1922 1237 2080 1294; x_wconf 86' lang='lat' dir='ltr'><strong>Golia</strong></span> <span class='ocrx_word' id='word_1_187' title='bbox 2106 1246 2160 1292; x_wconf 87' lang='lat' dir='ltr'><strong>et</strong></span> <span class='ocrx_word' id='word_1_188' title='bbox 2190 1237 2379 1291; x_wconf 80' lang='lat' dir='ltr'><strong>David.</strong></span> 
     </span>
    </p>
   </div>
   <div class='ocr_carea' id='block_1_28' title="bbox 1995 1329 3525 1400">
    <p class='ocr_par' dir='ltr' id='par_1_28' title="bbox 1995 1329 3525 1400">
     <span class='ocr_line' id='line_1_28' title="bbox 1995 1329 3525 1400; baseline 0.001 -15"><span class='ocrx_word' id='word_1_189' title='bbox 1995 1329 2196 1385; x_wconf 71' lang='lat' dir='ltr'><strong>Fallax</strong></span> <span class='ocrx_word' id='word_1_190' title='bbox 2221 1346 2384 1400; x_wconf 87' lang='lat' dir='ltr'><strong>equus</strong></span> <span class='ocrx_word' id='word_1_191' title='bbox 2409 1330 2478 1384; x_wconf 87' lang='lat' dir='ltr'><strong>ad</strong></span> <span class='ocrx_word' id='word_1_192' title='bbox 2505 1329 2746 1395; x_wconf 79' lang='lat' dir='ltr'><strong>salutem,</strong></span> <span class='ocrx_word' id='word_1_193' title='bbox 2776 1330 2830 1385; x_wconf 90' lang='lat' dir='ltr'><strong>in</strong></span> <span class='ocrx_word' id='word_1_194' title='bbox 2860 1330 3182 1386; x_wconf 85' lang='lat' dir='ltr'><strong>abundantia</strong></span> <span class='ocrx_word' id='word_1_195' title='bbox 3221 1343 3391 1388; x_wconf 84' lang='lat' dir='ltr'><strong>autem</strong></span> <span class='ocrx_word' id='word_1_196' title='bbox 3419 1333 3525 1388; x_wconf 81' lang='lat' dir='ltr'><strong>vir-</strong></span> 
     </span>
    </p>
   </div>
   <div class='ocr_carea' id='block_1_29' title="bbox 1924 1421 3526 1482">
    <p class='ocr_par' dir='ltr' id='par_1_29' title="bbox 1924 1421 3526 1482">
     <span class='ocr_line' id='line_1_29' title="bbox 1924 1421 3526 1482; baseline 0 -3"><span class='ocrx_word' id='word_1_197' title='bbox 1924 1425 2051 1479; x_wconf 83' lang='lat' dir='ltr'><strong>tutis</strong></span> <span class='ocrx_word' id='word_1_198' title='bbox 2092 1439 2202 1478; x_wconf 76' lang='lat' dir='ltr'><strong>sua:</strong></span> <span class='ocrx_word' id='word_1_199' title='bbox 2244 1439 2347 1477; x_wconf 89' lang='lat' dir='ltr'><strong>non</strong></span> <span class='ocrx_word' id='word_1_200' title='bbox 2388 1421 2689 1477; x_wconf 83' lang='lat' dir='ltr'><strong>salvabitur.</strong></span> <span class='ocrx_word' id='word_1_201' title='bbox 2723 1423 2837 1478; x_wconf 84' lang='lat' dir='ltr'><strong>Nisi</strong></span> <span class='ocrx_word' id='word_1_202' title='bbox 2878 1424 3020 1480; x_wconf 91' lang='lat' dir='ltr'><strong>Deus</strong></span> <span class='ocrx_word' id='word_1_203' title='bbox 3060 1423 3225 1480; x_wconf 86' lang='lat' dir='ltr'><strong>fuerit</strong></span> <span class='ocrx_word' id='word_1_204' title='bbox 3268 1440 3526 1482; x_wconf 88' lang='lat' dir='ltr'><strong>ascensor</strong></span> 
     </span>
    </p>
   </div>
   <div class='ocr_carea' id='block_1_30' title="bbox 1922 1512 3526 1589">
    <p class='ocr_par' dir='ltr' id='par_1_30' title="bbox 1922 1512 3526 1589">
     <span class='ocr_line' id='line_1_30' title="bbox 1922 1512 3526 1589; baseline 0.001 -19"><span class='ocrx_word' id='word_1_205' title='bbox 1922 1515 2060 1585; x_wconf 87' lang='lat' dir='ltr'><strong>ejus.</strong></span> <span class='ocrx_word' id='word_1_206' title='bbox 2109 1512 2306 1569; x_wconf 70' lang='lat' dir='ltr'><strong>Fallax</strong></span> <span class='ocrx_word' id='word_1_207' title='bbox 2342 1531 2502 1586; x_wconf 81' lang='lat' dir='ltr'><strong>equus</strong></span> <span class='ocrx_word' id='word_1_208' title='bbox 2538 1516 2608 1568; x_wconf 87' lang='lat' dir='ltr'><strong>ad</strong></span> <span class='ocrx_word' id='word_1_209' title='bbox 2648 1515 2886 1569; x_wconf 85' lang='lat' dir='ltr'><strong>salutem.</strong></span> <span class='ocrx_word' id='word_1_210' title='bbox 2931 1515 3143 1586; x_wconf 88' lang='lat' dir='ltr'><strong>Equus,</strong></span> <span class='ocrx_word' id='word_1_211' title='bbox 3175 1530 3372 1589; x_wconf 87' lang='lat' dir='ltr'><strong>corpus</strong></span> <span class='ocrx_word' id='word_1_212' title='bbox 3424 1518 3526 1572; x_wconf 84' lang='grc' dir='ltr'>ιιιι-</span> 
     </span>
    </p>
   </div>
   <div class='ocr_carea' id='block_1_31' title="bbox 1925 1610 3531 1682">
    <p class='ocr_par' dir='ltr' id='par_1_31' title="bbox 1925 1610 3531 1682">
     <span class='ocr_line' id='line_1_31' title="bbox 1925 1610 3531 1682; baseline -0.002 -14"><span class='ocrx_word' id='word_1_213' title='bbox 1925 1628 2165 1679; x_wconf 83' lang='lat' dir='ltr'><strong>manum,</strong></span> <span class='ocrx_word' id='word_1_214' title='bbox 2194 1612 2498 1682; x_wconf 87' lang='lat' dir='ltr'><strong>jumentnm</strong></span> <span class='ocrx_word' id='word_1_215' title='bbox 2532 1622 2613 1667; x_wconf 92' lang='lat' dir='ltr'><strong>est</strong></span> <span class='ocrx_word' id='word_1_216' title='bbox 2651 1613 2878 1679; x_wconf 73' lang='lat' dir='ltr'><strong>animm,</strong></span> <span class='ocrx_word' id='word_1_217' title='bbox 2912 1612 3035 1668; x_wconf 89' lang='lat' dir='ltr'><strong>ideo</strong></span> <span class='ocrx_word' id='word_1_218' title='bbox 3062 1612 3244 1667; x_wconf 80' lang='lat' dir='ltr'><strong>fallax.</strong></span> <span class='ocrx_word' id='word_1_219' title='bbox 3275 1610 3341 1666; x_wconf 86' lang='lat' dir='ltr'><strong>In</strong></span> <span class='ocrx_word' id='word_1_220' title='bbox 3369 1613 3531 1667; x_wconf 89' lang='lat' dir='ltr'><strong>abun-</strong></span> 
     </span>
    </p>
   </div>
   <div class='ocr_carea' id='block_1_32' title="bbox 1923 1706 3528 1777">
    <p class='ocr_par' dir='ltr' id='par_1_32' title="bbox 1923 1706 3528 1777">
     <span class='ocr_line' id='line_1_32' title="bbox 1923 1706 3528 1777; baseline 0.001 -16"><span class='ocrx_word' id='word_1_221' title='bbox 1923 1707 2105 1762; x_wconf 88' lang='lat' dir='ltr'><strong>dantia</strong></span> <span class='ocrx_word' id='word_1_222' title='bbox 2142 1716 2314 1761; x_wconf 87' lang='lat' dir='ltr'><strong>autem</strong></span> <span class='ocrx_word' id='word_1_223' title='bbox 2354 1706 2563 1760; x_wconf 85' lang='lat' dir='ltr'><strong>virtutis</strong></span> <span class='ocrx_word' id='word_1_224' title='bbox 2603 1720 2733 1774; x_wconf 69' lang='lat' dir='ltr'><strong>suae,</strong></span> <span class='ocrx_word' id='word_1_225' title='bbox 2780 1720 2887 1761; x_wconf 90' lang='lat' dir='ltr'><strong>non</strong></span> <span class='ocrx_word' id='word_1_226' title='bbox 2930 1708 3034 1762; x_wconf 90' lang='lat' dir='ltr'><strong>erit</strong></span> <span class='ocrx_word' id='word_1_227' title='bbox 3076 1708 3261 1763; x_wconf 84' lang='lat' dir='ltr'><strong>salvus</strong></span> <span class='ocrx_word' id='word_1_228' title='bbox 3294 1727 3306 1762; x_wconf 90' lang='lat'><strong>:</strong></span> <span class='ocrx_word' id='word_1_229' title='bbox 3340 1708 3392 1764; x_wconf 92' lang='lat' dir='ltr'><strong>id</strong></span> <span class='ocrx_word' id='word_1_230' title='bbox 3421 1717 3528 1777; x_wconf 88' lang='lat' dir='ltr'><strong>est,</strong></span> 
     </span>
    </p>
   </div>
   <div class='ocr_carea' id='block_1_33' title="bbox 210 1797 2515 1871">
    <p class='ocr_par' dir='ltr' id='par_1_33' title="bbox 210 1797 2515 1871">
     <span class='ocr_line' id='line_1_33' title="bbox 210 1797 2515 1871; baseline -0.002 -14"><span class='ocrx_word' id='word_1_231' title='bbox 210 1802 356 1857; x_wconf 88' lang='lat' dir='ltr'><strong>lium</strong></span> <span class='ocrx_word' id='word_1_232' title='bbox 401 1799 613 1855; x_wconf 88' lang='lat' dir='ltr'><strong>Domini</strong></span> <span class='ocrx_word' id='word_1_233' title='bbox 652 1798 773 1865; x_wconf 85' lang='lat' dir='ltr'><strong>fuit,</strong></span> <span class='ocrx_word' id='word_1_234' title='bbox 805 1806 865 1853; x_wconf 82' lang='lat' dir='ltr'><strong>ut</strong></span> <span class='ocrx_word' id='word_1_235' title='bbox 902 1807 1214 1868; x_wconf 81' lang='lat' dir='ltr'><strong>resurgeret</strong></span> <span class='ocrx_word' id='word_1_236' title='bbox 1246 1813 1273 1850; x_wconf 87' lang='lat' dir='ltr'><strong>a</strong></span> <span class='ocrx_word' id='word_1_237' title='bbox 1307 1797 1560 1864; x_wconf 88' lang='lat' dir='ltr'><strong>mortuis,</strong></span> <span class='ocrx_word' id='word_1_238' title='bbox 1593 1798 1737 1851; x_wconf 87' lang='lat' dir='ltr'><strong>sicut</strong></span> <span class='ocrx_word' id='word_1_239' title='bbox 1765 1804 1822 1851; x_wconf 90' lang='lat' dir='ltr'><strong>et</strong></span> <span class='ocrx_word' id='word_1_240' title='bbox 1851 1808 1899 1867; x_wconf 77' lang='grc' dir='ltr'><strong>Β</strong></span> <span class='ocrx_word' id='word_1_241' title='bbox 1928 1816 2028 1857; x_wconf 88' lang='lat' dir='ltr'><strong>nec</strong></span> <span class='ocrx_word' id='word_1_242' title='bbox 2056 1801 2228 1871; x_wconf 89' lang='lat' dir='ltr'><strong>gigas,</strong></span> <span class='ocrx_word' id='word_1_243' title='bbox 2263 1813 2365 1855; x_wconf 89' lang='lat' dir='ltr'><strong>nec</strong></span> <span class='ocrx_word' id='word_1_244' title='bbox 2392 1814 2515 1854; x_wconf 85' lang='lat' dir='ltr'><strong>rex.</strong></span> 
     </span>
    </p>
   </div>
   <div class='ocr_carea' id='block_1_34' title="bbox 217 1888 1818 1960">
    <p class='ocr_par' dir='ltr' id='par_1_34' title="bbox 217 1888 1818 1960">
     <span class='ocr_line' id='line_1_34' title="bbox 217 1888 1818 1960; baseline -0.005 -11"><span class='ocrx_word' id='word_1_245' title='bbox 217 1893 378 1949; x_wconf 78' lang='lat' dir='ltr'><strong>fecit.</strong></span> <span class='ocrx_word' id='word_1_246' title='bbox 426 1890 572 1947; x_wconf 89' lang='lat' dir='ltr'><strong>Istud</strong></span> <span class='ocrx_word' id='word_1_247' title='bbox 610 1892 920 1957; x_wconf 86' lang='lat' dir='ltr'><strong>consilium,</strong></span> <span class='ocrx_word' id='word_1_248' title='bbox 943 1890 1139 1957; x_wconf 69' lang='lat' dir='ltr'><strong>Judaei,</strong></span> <span class='ocrx_word' id='word_1_249' title='bbox 1169 1889 1252 1945; x_wconf 91' lang='lat' dir='ltr'><strong>vel</strong></span> <span class='ocrx_word' id='word_1_250' title='bbox 1277 1889 1552 1960; x_wconf 86' lang='lat' dir='ltr'><strong>principes</strong></span> <span class='ocrx_word' id='word_1_251' title='bbox 1581 1888 1818 1953; x_wconf 90' lang='lat' dir='ltr'><strong>illorum,</strong></span> 
     </span>
    </p>
   </div>
   <div class='ocr_carea' id='block_1_35' title="bbox 218 1980 1824 2053">
    <p class='ocr_par' dir='ltr' id='par_1_35' title="bbox 218 1980 1824 2053">
     <span class='ocr_line' id='line_1_35' title="bbox 218 1980 1824 2053; baseline -0.005 -13"><span class='ocrx_word' id='word_1_252' title='bbox 218 1986 510 2041; x_wconf 85' lang='lat' dir='ltr'><strong>destruere</strong></span> <span class='ocrx_word' id='word_1_253' title='bbox 545 1999 653 2038; x_wconf 90' lang='lat' dir='ltr'><strong>non</strong></span> <span class='ocrx_word' id='word_1_254' title='bbox 697 1992 1005 2051; x_wconf 76' lang='lat' dir='ltr'><strong>potuerunt.</strong></span> <span class='ocrx_word' id='word_1_255' title='bbox 1043 1982 1391 2053; x_wconf 81' lang='lat' dir='ltr'><strong>Cogitationes</strong></span> <span class='ocrx_word' id='word_1_256' title='bbox 1421 1980 1592 2034; x_wconf 85' lang='lat' dir='ltr'><strong>cordis</strong></span> <span class='ocrx_word' id='word_1_257' title='bbox 1624 1983 1739 2051; x_wconf 86' lang='lat' dir='ltr'><strong>ejus</strong></span> <span class='ocrx_word' id='word_1_258' title='bbox 1770 1980 1824 2033; x_wconf 89' lang='lat' dir='ltr'><strong>in</strong></span> 
     </span>
    </p>
   </div>
   <div class='ocr_carea' id='block_1_36' title="bbox 221 2071 1823 2151">
    <p class='ocr_par' dir='ltr' id='par_1_36' title="bbox 221 2071 1823 2151">
     <span class='ocr_line' id='line_1_36' title="bbox 221 2071 1823 2151; baseline -0.005 -19"><span class='ocrx_word' id='word_1_259' title='bbox 221 2078 558 2151; x_wconf 84' lang='lat' dir='ltr'><strong>generatione</strong></span> <span class='ocrx_word' id='word_1_260' title='bbox 584 2085 632 2131; x_wconf 85' lang='lat' dir='ltr'><strong>et</strong></span> <span class='ocrx_word' id='word_1_261' title='bbox 661 2076 1064 2146; x_wconf 80' lang='lat' dir='ltr'><strong>generationem.</strong></span> <span class='ocrx_word' id='word_1_262' title='bbox 1096 2073 1239 2128; x_wconf 85' lang='lat' dir='ltr'><strong>Nihil</strong></span> <span class='ocrx_word' id='word_1_263' title='bbox 1263 2088 1327 2128; x_wconf 79' lang='lat' dir='ltr'><strong>ex</strong></span> <span class='ocrx_word' id='word_1_264' title='bbox 1358 2072 1438 2128; x_wconf 87' lang='lat' dir='ltr'><strong>eis</strong></span> <span class='ocrx_word' id='word_1_265' title='bbox 1466 2071 1823 2138; x_wconf 84' lang='lat' dir='ltr'><strong>diminuetur,</strong></span> 
     </span>
    </p>
   </div>
   <div class='ocr_carea' id='block_1_37' title="bbox 216 2165 1862 2243">
    <p class='ocr_par' dir='ltr' id='par_1_37' title="bbox 216 2165 1862 2243">
     <span class='ocr_line' id='line_1_37' title="bbox 216 2165 1862 2243; baseline -0.002 -16"><span class='ocrx_word' id='word_1_266' title='bbox 216 2174 379 2243; x_wconf 79' lang='lat' dir='ltr'><strong>juxta</strong></span> <span class='ocrx_word' id='word_1_267' title='bbox 422 2171 552 2227; x_wconf 91' lang='lat' dir='ltr'><strong>illud</strong></span> <span class='ocrx_word' id='word_1_268' title='bbox 587 2188 601 2226; x_wconf 91' lang='lat'><strong>:</strong></span> <span class='ocrx_word' id='word_1_269' title='bbox 629 2169 845 2226; x_wconf 65' lang='lat' dir='ltr'><strong>Caelum</strong></span> <span class='ocrx_word' id='word_1_270' title='bbox 888 2179 941 2226; x_wconf 91' lang='lat' dir='ltr'><strong>et</strong></span> <span class='ocrx_word' id='word_1_271' title='bbox 974 2179 1114 2223; x_wconf 87' lang='lat' dir='ltr'><strong>terra</strong></span> <span class='ocrx_word' id='word_1_272' title='bbox 1147 2167 1456 2223; x_wconf 86' lang='lat' dir='ltr'><strong>transibunt</strong></span> <span class='ocrx_word' id='word_1_273' title='bbox 1487 2183 1500 2220; x_wconf 91' lang='lat'><strong>:</strong></span> <span class='ocrx_word' id='word_1_274' title='bbox 1530 2165 1695 2220; x_wconf 78' lang='lat' dir='ltr'><strong>verba</strong></span> <span class='ocrx_word' id='word_1_275' title='bbox 1726 2178 1825 2219; x_wconf 87' lang='lat' dir='ltr'><strong>au-</strong></span> <span class='ocrx_word' id='word_1_276' title='bbox 1847 2206 1862 2223; x_wconf 95' lang='lat'><strong>.</strong></span> 
     </span>
    </p>
   </div>
   <div class='ocr_carea' id='block_1_38' title="bbox 228 2259 1441 2333">
    <p class='ocr_par' dir='ltr' id='par_1_38' title="bbox 228 2259 1441 2333">
     <span class='ocr_line' id='line_1_38' title="bbox 228 2259 1441 2333; baseline -0.002 -15"><span class='ocrx_word' id='word_1_277' title='bbox 228 2275 341 2319; x_wconf 87' lang='lat' dir='ltr'><strong>tem</strong></span> <span class='ocrx_word' id='word_1_278' title='bbox 372 2279 491 2318; x_wconf 87' lang='lat' dir='ltr'><strong>mea</strong></span> <span class='ocrx_word' id='word_1_279' title='bbox 521 2278 627 2318; x_wconf 91' lang='lat' dir='ltr'><strong>non</strong></span> <span class='ocrx_word' id='word_1_280' title='bbox 669 2262 1021 2333; x_wconf 59' lang='lat' dir='ltr'><strong>praeteribunt</strong></span> <span class='ocrx_word' id='word_1_281' title='bbox 1051 2259 1230 2331; x_wconf 78' lang='lat' dir='ltr'><strong>(Matt.</strong></span> <span class='ocrx_word' id='word_1_282' title='bbox 1263 2261 1441 2329; x_wconf 76' lang='lat' dir='ltr'><strong>xxiv).</strong></span> 
     </span>
    </p>
   </div>
   <div class='ocr_carea' id='block_1_39' title="bbox 301 2351 1831 2427">
    <p class='ocr_par' dir='ltr' id='par_1_39' title="bbox 301 2351 1831 2427">
     <span class='ocr_line' id='line_1_39' title="bbox 301 2351 1831 2427; baseline -0.002 -17"><span class='ocrx_word' id='word_1_283' title='bbox 301 2355 467 2411; x_wconf 85' lang='lat' dir='ltr'><strong>Beata</strong></span> <span class='ocrx_word' id='word_1_284' title='bbox 504 2372 650 2427; x_wconf 87' lang='lat' dir='ltr'><strong>gens,</strong></span> <span class='ocrx_word' id='word_1_285' title='bbox 682 2354 833 2426; x_wconf 80' lang='lat' dir='ltr'><strong>cujus</strong></span> <span class='ocrx_word' id='word_1_286' title='bbox 870 2366 945 2408; x_wconf 88' lang='lat' dir='ltr'><strong>est</strong></span> <span class='ocrx_word' id='word_1_287' title='bbox 979 2354 1236 2407; x_wconf 81' lang='lat' dir='ltr'><strong>Dominus</strong></span> <span class='ocrx_word' id='word_1_288' title='bbox 1263 2352 1408 2407; x_wconf 83' lang='lat' dir='ltr'><strong>Deus</strong></span> <span class='ocrx_word' id='word_1_289' title='bbox 1437 2353 1572 2420; x_wconf 75' lang='lat' dir='ltr'><strong>eius.</strong></span> <span class='ocrx_word' id='word_1_290' title='bbox 1607 2351 1720 2407; x_wconf 84' lang='lat' dir='ltr'><strong>Hoc</strong></span> <span class='ocrx_word' id='word_1_291' title='bbox 1748 2361 1831 2407; x_wconf 84' lang='lat' dir='ltr'><strong>est</strong></span> 
     </span>
    </p>
   </div>
   <div class='ocr_carea' id='block_1_40' title="bbox 228 2443 1829 2519">
    <p class='ocr_par' dir='ltr' id='par_1_40' title="bbox 228 2443 1829 2519">
     <span class='ocr_line' id='line_1_40' title="bbox 228 2443 1829 2519; baseline -0.003 -17"><span class='ocrx_word' id='word_1_292' title='bbox 228 2447 326 2519; x_wconf 89' lang='lat' dir='ltr'><strong>qui</strong></span> <span class='ocrx_word' id='word_1_293' title='bbox 369 2445 602 2502; x_wconf 87' lang='lat' dir='ltr'><strong>credunt</strong></span> <span class='ocrx_word' id='word_1_294' title='bbox 638 2445 783 2516; x_wconf 87' lang='lat' dir='ltr'><strong>quod</strong></span> <span class='ocrx_word' id='word_1_295' title='bbox 827 2444 1092 2498; x_wconf 82' lang='lat' dir='ltr'><strong>Dominus</strong></span> <span class='ocrx_word' id='word_1_296' title='bbox 1132 2443 1340 2498; x_wconf 84' lang='lat' dir='ltr'><strong>creavit</strong></span> <span class='ocrx_word' id='word_1_297' title='bbox 1381 2443 1499 2497; x_wconf 77' lang='lat' dir='ltr'><strong>illas</strong></span> <span class='ocrx_word' id='word_1_298' title='bbox 1526 2451 1829 2510; x_wconf 85' lang='lat' dir='ltr'><strong>creaturas,</strong></span> 
     </span>
    </p>
   </div>
   <div class='ocr_carea' id='block_1_41' title="bbox 232 2534 1831 2609">
    <p class='ocr_par' dir='ltr' id='par_1_41' title="bbox 232 2534 1831 2609">
     <span class='ocr_line' id='line_1_41' title="bbox 232 2534 1831 2609; baseline -0.003 -14"><span class='ocrx_word' id='word_1_299' title='bbox 232 2539 380 2595; x_wconf 88' lang='lat' dir='ltr'><strong>unde</strong></span> <span class='ocrx_word' id='word_1_300' title='bbox 419 2539 671 2609; x_wconf 82' lang='lat' dir='ltr'><strong>superius</strong></span> <span class='ocrx_word' id='word_1_301' title='bbox 710 2539 1045 2593; x_wconf 88' lang='lat' dir='ltr'><strong>mentionem</strong></span> <span class='ocrx_word' id='word_1_302' title='bbox 1086 2534 1216 2591; x_wconf 83' lang='lat' dir='ltr'><strong>fecit</strong></span> <span class='ocrx_word' id='word_1_303' title='bbox 1247 2552 1263 2591; x_wconf 86' lang='lat'><strong>:</strong></span> <span class='ocrx_word' id='word_1_304' title='bbox 1296 2552 1402 2590; x_wconf 87' lang='lat' dir='ltr'><strong>non</strong></span> <span class='ocrx_word' id='word_1_305' title='bbox 1445 2534 1589 2604; x_wconf 86' lang='lat' dir='ltr'><strong>quod</strong></span> <span class='ocrx_word' id='word_1_306' title='bbox 1621 2541 1831 2605; x_wconf 81' lang='lat' dir='ltr'><strong>tempus</strong></span> 
     </span>
    </p>
   </div>
   <div class='ocr_carea' id='block_1_42' title="bbox 234 2629 1834 2702">
    <p class='ocr_par' dir='ltr' id='par_1_42' title="bbox 234 2629 1834 2702">
     <span class='ocr_line' id='line_1_42' title="bbox 234 2629 1834 2702; baseline -0.002 -14"><span class='ocrx_word' id='word_1_307' title='bbox 234 2634 363 2688; x_wconf 89' lang='lat' dir='ltr'><strong>illas</strong></span> <span class='ocrx_word' id='word_1_308' title='bbox 391 2632 643 2689; x_wconf 85' lang='lat' dir='ltr'><strong>adducat.</strong></span> <span class='ocrx_word' id='word_1_309' title='bbox 681 2632 805 2701; x_wconf 85' lang='lat' dir='ltr'><strong>Vel,</strong></span> <span class='ocrx_word' id='word_1_310' title='bbox 836 2631 984 2686; x_wconf 87' lang='lat' dir='ltr'><strong>beata</strong></span> <span class='ocrx_word' id='word_1_311' title='bbox 1024 2648 1166 2702; x_wconf 82' lang='lat' dir='ltr'><strong>gens,</strong></span> <span class='ocrx_word' id='word_1_312' title='bbox 1199 2629 1654 2698; x_wconf 76' lang='lat' dir='ltr'><strong>Christianorum,</strong></span> <span class='ocrx_word' id='word_1_313' title='bbox 1684 2629 1834 2699; x_wconf 84' lang='lat' dir='ltr'><strong>cujus</strong></span> 
     </span>
    </p>
   </div>
   <div class='ocr_carea' id='block_1_43' title="bbox 238 2718 1835 2795">
    <p class='ocr_par' dir='ltr' id='par_1_43' title="bbox 238 2718 1835 2795">
     <span class='ocr_line' id='line_1_43' title="bbox 238 2718 1835 2795; baseline 0.001 -18"><span class='ocrx_word' id='word_1_314' title='bbox 238 2725 494 2778; x_wconf 87' lang='lat' dir='ltr'><strong>Dominus</strong></span> <span class='ocrx_word' id='word_1_315' title='bbox 535 2718 679 2779; x_wconf 82' lang='lat' dir='ltr'><strong>Deus</strong></span> <span class='ocrx_word' id='word_1_316' title='bbox 721 2727 858 2795; x_wconf 87' lang='lat' dir='ltr'><strong>ejus.</strong></span> <span class='ocrx_word' id='word_1_317' title='bbox 908 2724 1193 2778; x_wconf 86' lang='lat' dir='ltr'><strong>Dominum</strong></span> <span class='ocrx_word' id='word_1_318' title='bbox 1240 2724 1384 2777; x_wconf 87' lang='lat' dir='ltr'><strong>enim</strong></span> <span class='ocrx_word' id='word_1_319' title='bbox 1426 2723 1583 2792; x_wconf 84' lang='lat' dir='ltr'><strong>elegit</strong></span> <span class='ocrx_word' id='word_1_320' title='bbox 1631 2721 1835 2778; x_wconf 83' lang='lat' dir='ltr'><strong>habere</strong></span> 
     </span>
    </p>
   </div>
   <div class='ocr_carea' id='block_1_44' title="bbox 239 2813 1836 2887">
    <p class='ocr_par' dir='ltr' id='par_1_44' title="bbox 239 2813 1836 2887">
     <span class='ocr_line' id='line_1_44' title="bbox 239 2813 1836 2887; baseline -0.001 -16"><span class='ocrx_word' id='word_1_321' title='bbox 239 2817 435 2885; x_wconf 90' lang='lat' dir='ltr'><strong>Deum,</strong></span> <span class='ocrx_word' id='word_1_322' title='bbox 479 2816 637 2871; x_wconf 90' lang='lat' dir='ltr'><strong>idolis</strong></span> <span class='ocrx_word' id='word_1_323' title='bbox 673 2815 970 2872; x_wconf 87' lang='lat' dir='ltr'><strong>derelictis.</strong></span> <span class='ocrx_word' id='word_1_324' title='bbox 1004 2813 1243 2887; x_wconf 84' lang='lat' dir='ltr'><strong>Populus</strong></span> <span class='ocrx_word' id='word_1_325' title='bbox 1281 2830 1433 2885; x_wconf 84' lang='lat' dir='ltr'><strong>quem</strong></span> <span class='ocrx_word' id='word_1_326' title='bbox 1469 2814 1626 2887; x_wconf 85' lang='lat' dir='ltr'><strong>elegit</strong></span> <span class='ocrx_word' id='word_1_327' title='bbox 1657 2813 1836 2869; x_wconf 89' lang='lat' dir='ltr'><strong>Domi-</strong></span> 
     </span>
    </p>
   </div>
   <div class='ocr_carea' id='block_1_45' title="bbox 236 2907 1834 2979">
    <p class='ocr_par' dir='ltr' id='par_1_45' title="bbox 236 2907 1834 2979">
     <span class='ocr_line' id='line_1_45' title="bbox 236 2907 1834 2979; baseline 0.001 -16"><span class='ocrx_word' id='word_1_328' title='bbox 236 2925 341 2964; x_wconf 88' lang='lat' dir='ltr'><strong>nus</strong></span> <span class='ocrx_word' id='word_1_329' title='bbox 380 2910 435 2963; x_wconf 86' lang='lat' dir='ltr'><strong>in</strong></span> <span class='ocrx_word' id='word_1_330' title='bbox 473 2908 829 2964; x_wconf 76' lang='lat' dir='ltr'><strong>hiereditatem</strong></span> <span class='ocrx_word' id='word_1_331' title='bbox 867 2909 985 2963; x_wconf 91' lang='lat' dir='ltr'><strong>sibi.</strong></span> <span class='ocrx_word' id='word_1_332' title='bbox 1019 2907 1126 2977; x_wconf 79' lang='lat' dir='ltr'><strong>Ipsi</strong></span> <span class='ocrx_word' id='word_1_333' title='bbox 1171 2909 1425 2979; x_wconf 82' lang='lat' dir='ltr'><strong>papulum</strong></span> <span class='ocrx_word' id='word_1_334' title='bbox 1466 2908 1834 2964; x_wconf 82' lang='lat' dir='ltr'><strong>ChriStiannm</strong></span> 
     </span>
    </p>
   </div>
   <div class='ocr_carea' id='block_1_46' title="bbox 237 3000 1836 3071">
    <p class='ocr_par' dir='ltr' id='par_1_46' title="bbox 237 3000 1836 3071">
     <span class='ocr_line' id='line_1_46' title="bbox 237 3000 1836 3071; baseline 0 -14"><span class='ocrx_word' id='word_1_335' title='bbox 237 3003 295 3057; x_wconf 92' lang='lat' dir='ltr'><strong>in</strong></span> <span class='ocrx_word' id='word_1_336' title='bbox 345 3001 717 3058; x_wconf 79' lang='lat' dir='ltr'><strong>haereditatem</strong></span> <span class='ocrx_word' id='word_1_337' title='bbox 757 3001 883 3069; x_wconf 87' lang='lat' dir='ltr'><strong>sibi,</strong></span> <span class='ocrx_word' id='word_1_338' title='bbox 915 3010 976 3056; x_wconf 91' lang='lat' dir='ltr'><strong>ut</strong></span> <span class='ocrx_word' id='word_1_339' title='bbox 1000 3000 1140 3056; x_wconf 81' lang='lat' dir='ltr'><strong>dixit</strong></span> <span class='ocrx_word' id='word_1_340' title='bbox 1170 3001 1223 3055; x_wconf 93' lang='lat' dir='ltr'><strong>in</strong></span> <span class='ocrx_word' id='word_1_341' title='bbox 1255 3000 1362 3059; x_wconf 83' lang='lat' dir='ltr'><strong>alio</strong></span> <span class='ocrx_word' id='word_1_342' title='bbox 1391 3001 1602 3071; x_wconf 88' lang='lat' dir='ltr'><strong>psalmo</strong></span> <span class='ocrx_word' id='word_1_343' title='bbox 1636 3018 1650 3056; x_wconf 88' lang='lat'><strong>:</strong></span> <span class='ocrx_word' id='word_1_344' title='bbox 1687 3001 1836 3057; x_wconf 86' lang='lat' dir='ltr'><strong>Dabo</strong></span> 
     </span>
    </p>
   </div>
   <div class='ocr_carea' id='block_1_47' title="bbox 238 3093 1833 3165">
    <p class='ocr_par' dir='ltr' id='par_1_47' title="bbox 238 3093 1833 3165">
     <span class='ocr_line' id='line_1_47' title="bbox 238 3093 1833 3165; baseline -0.002 -15"><span class='ocrx_word' id='word_1_345' title='bbox 238 3094 341 3150; x_wconf 87' lang='lat' dir='ltr'><strong>tibi</strong></span> <span class='ocrx_word' id='word_1_346' title='bbox 382 3100 575 3165; x_wconf 83' lang='lat' dir='ltr'><strong>gentes</strong></span> <span class='ocrx_word' id='word_1_347' title='bbox 615 3093 669 3150; x_wconf 86' lang='lat' dir='ltr'><strong>in</strong></span> <span class='ocrx_word' id='word_1_348' title='bbox 713 3093 1086 3149; x_wconf 69' lang='lat' dir='ltr'><strong>hmreditatetn</strong></span> <span class='ocrx_word' id='word_1_349' title='bbox 1131 3104 1300 3160; x_wconf 88' lang='lat' dir='ltr'><strong>tttam,</strong></span> <span class='ocrx_word' id='word_1_350' title='bbox 1333 3103 1389 3148; x_wconf 90' lang='lat' dir='ltr'><strong>et</strong></span> <span class='ocrx_word' id='word_1_351' title='bbox 1431 3095 1833 3163; x_wconf 84' lang='lat' dir='ltr'><strong>possessionem</strong></span> 
     </span>
    </p>
   </div>
   <div class='ocr_carea' id='block_1_48' title="bbox 2001 1890 3529 1965">
    <p class='ocr_par' dir='ltr' id='par_1_48' title="bbox 2001 1890 3529 1965">
     <span class='ocr_line' id='line_1_48' title="bbox 2001 1890 3529 1965; baseline 0.004 -19"><span class='ocrx_word' id='word_1_352' title='bbox 2001 1891 2131 1947; x_wconf 78' lang='lat' dir='ltr'><strong>Ecce</strong></span> <span class='ocrx_word' id='word_1_353' title='bbox 2169 1892 2308 1946; x_wconf 89' lang='lat' dir='ltr'><strong>oculi</strong></span> <span class='ocrx_word' id='word_1_354' title='bbox 2353 1890 2564 1945; x_wconf 87' lang='lat' dir='ltr'><strong>Domini</strong></span> <span class='ocrx_word' id='word_1_355' title='bbox 2602 1908 2758 1963; x_wconf 81' lang='lat' dir='ltr'><strong>super</strong></span> <span class='ocrx_word' id='word_1_356' title='bbox 2789 1892 3023 1948; x_wconf 83' lang='lat' dir='ltr'><strong>timentes</strong></span> <span class='ocrx_word' id='word_1_357' title='bbox 3052 1911 3190 1949; x_wconf 91' lang='lat' dir='ltr'><strong>eum.</strong></span> <span class='ocrx_word' id='word_1_358' title='bbox 3220 1894 3376 1951; x_wconf 88' lang='lat' dir='ltr'><strong>Oculi</strong></span> <span class='ocrx_word' id='word_1_359' title='bbox 3412 1896 3529 1965; x_wconf 89' lang='lat' dir='ltr'><strong>Dei,</strong></span> 
     </span>
    </p>
   </div>
   <div class='ocr_carea' id='block_1_49' title="bbox 1926 1984 3532 2059">
    <p class='ocr_par' dir='ltr' id='par_1_49' title="bbox 1926 1984 3532 2059">
     <span class='ocr_line' id='line_1_49' title="bbox 1926 1984 3532 2059; baseline 0.004 -20"><span class='ocrx_word' id='word_1_360' title='bbox 1926 1993 2176 2056; x_wconf 88' lang='lat' dir='ltr'><strong>aspectus</strong></span> <span class='ocrx_word' id='word_1_361' title='bbox 2203 1985 2523 2040; x_wconf 80' lang='lat' dir='ltr'><strong>divinitatis.</strong></span> <span class='ocrx_word' id='word_1_362' title='bbox 2557 1984 2729 2058; x_wconf 72' lang='lat' dir='ltr'><strong>Super</strong></span> <span class='ocrx_word' id='word_1_363' title='bbox 2759 1986 2993 2040; x_wconf 87' lang='lat' dir='ltr'><strong>timentes</strong></span> <span class='ocrx_word' id='word_1_364' title='bbox 3018 2003 3154 2053; x_wconf 87' lang='lat' dir='ltr'><strong>eum,</strong></span> <span class='ocrx_word' id='word_1_365' title='bbox 3188 1989 3280 2059; x_wconf 93' lang='lat' dir='ltr'><strong>qui</strong></span> <span class='ocrx_word' id='word_1_366' title='bbox 3311 2005 3435 2045; x_wconf 92' lang='lat' dir='ltr'><strong>enm</strong></span> <span class='ocrx_word' id='word_1_367' title='bbox 3465 1991 3532 2045; x_wconf 85' lang='lat' dir='ltr'><strong>ti-</strong></span> 
     </span>
    </p>
   </div>
   <div class='ocr_carea' id='block_1_50' title="bbox 1929 2059 3530 2147">
    <p class='ocr_par' dir='ltr' id='par_1_50' title="bbox 1929 2059 3530 2147">
     <span class='ocr_line' id='line_1_50' title="bbox 1929 2059 3530 2147; baseline 0.004 -18"><span class='ocrx_word' id='word_1_368' title='bbox 1929 2086 2080 2131; x_wconf 90' lang='lat' dir='ltr'><strong>ment</strong></span> <span class='ocrx_word' id='word_1_369' title='bbox 2119 2075 2313 2129; x_wconf 90' lang='lat' dir='ltr'><strong>timore</strong></span> <span class='ocrx_word' id='word_1_370' title='bbox 2352 2083 2563 2132; x_wconf 90' lang='lat' dir='ltr'><strong>sancto.</strong></span> <span class='ocrx_word' id='word_1_371' title='bbox 2597 2059 2744 2131; x_wconf 80' lang='lat' dir='ltr'><strong>Deus</strong></span> <span class='ocrx_word' id='word_1_372' title='bbox 2782 2077 2927 2131; x_wconf 93' lang='lat' dir='ltr'><strong>enim</strong></span> <span class='ocrx_word' id='word_1_373' title='bbox 2960 2087 3247 2147; x_wconf 79' lang='lat' dir='ltr'><strong>Sperantes</strong></span> <span class='ocrx_word' id='word_1_374' title='bbox 3272 2081 3325 2135; x_wconf 91' lang='lat' dir='ltr'><strong>in</strong></span> <span class='ocrx_word' id='word_1_375' title='bbox 3355 2096 3416 2137; x_wconf 92' lang='lat' dir='ltr'><strong>se</strong></span> <span class='ocrx_word' id='word_1_376' title='bbox 3448 2082 3530 2136; x_wconf 90' lang='lat' dir='ltr'><strong>in-</strong></span> 
     </span>
    </p>
   </div>
   <div class='ocr_carea' id='block_1_51' title="bbox 1925 2167 3531 2245">
    <p class='ocr_par' dir='ltr' id='par_1_51' title="bbox 1925 2167 3531 2245">
     <span class='ocr_line' id='line_1_51' title="bbox 1925 2167 3531 2245; baseline 0.002 -21"><span class='ocrx_word' id='word_1_377' title='bbox 1925 2168 2206 2239; x_wconf 88' lang='lat' dir='ltr'><strong>spectione</strong></span> <span class='ocrx_word' id='word_1_378' title='bbox 2235 2167 2445 2223; x_wconf 79' lang='lat' dir='ltr'><strong>ctelesti</strong></span> <span class='ocrx_word' id='word_1_379' title='bbox 2485 2168 2719 2238; x_wconf 83' lang='lat' dir='ltr'><strong>protegit</strong></span> <span class='ocrx_word' id='word_1_380' title='bbox 2750 2184 2812 2222; x_wconf 88' lang='lat' dir='ltr'><strong>ac</strong></span> <span class='ocrx_word' id='word_1_381' title='bbox 2854 2167 3118 2225; x_wconf 82' lang='lat' dir='ltr'><strong>defendit.</strong></span> <span class='ocrx_word' id='word_1_382' title='bbox 3153 2169 3220 2225; x_wconf 87' lang='lat' dir='ltr'><strong>Et</strong></span> <span class='ocrx_word' id='word_1_383' title='bbox 3262 2173 3315 2226; x_wconf 88' lang='lat' dir='ltr'><strong>in</strong></span> <span class='ocrx_word' id='word_1_384' title='bbox 3342 2174 3414 2227; x_wconf 80' lang='lat' dir='ltr'><strong>eis</strong></span> <span class='ocrx_word' id='word_1_385' title='bbox 3444 2176 3531 2245; x_wconf 84' lang='lat' dir='ltr'><strong>qui</strong></span> 
     </span>
    </p>
   </div>
   <div class='ocr_carea' id='block_1_52' title="bbox 1927 2257 3520 2330">
    <p class='ocr_par' dir='ltr' id='par_1_52' title="bbox 1927 2257 3520 2330">
     <span class='ocr_line' id='line_1_52' title="bbox 1927 2257 3520 2330; baseline 0.005 -17"><span class='ocrx_word' id='word_1_386' title='bbox 1927 2267 2135 2330; x_wconf 86' lang='lat' dir='ltr'><strong>sperant</strong></span> <span class='ocrx_word' id='word_1_387' title='bbox 2163 2259 2216 2313; x_wconf 83' lang='lat' dir='ltr'><strong>in</strong></span> <span class='ocrx_word' id='word_1_388' title='bbox 2246 2257 2600 2312; x_wconf 84' lang='lat' dir='ltr'><strong>misericordia</strong></span> <span class='ocrx_word' id='word_1_389' title='bbox 2629 2260 2762 2329; x_wconf 84' lang='lat' dir='ltr'><strong>ejus.</strong></span> <span class='ocrx_word' id='word_1_390' title='bbox 2796 2258 2863 2315; x_wconf 88' lang='lat' dir='ltr'><strong>Ut</strong></span> <span class='ocrx_word' id='word_1_391' title='bbox 2895 2271 3042 2316; x_wconf 88' lang='lat' dir='ltr'><strong>eruat</strong></span> <span class='ocrx_word' id='word_1_392' title='bbox 3072 2279 3105 2315; x_wconf 90' lang='lat' dir='ltr'><strong>a</strong></span> <span class='ocrx_word' id='word_1_393' title='bbox 3136 2272 3297 2318; x_wconf 88' lang='lat' dir='ltr'><strong>morte</strong></span> <span class='ocrx_word' id='word_1_394' title='bbox 3317 2267 3520 2321; x_wconf 87' lang='lat' dir='ltr'><strong>animas</strong></span> 
     </span>
    </p>
   </div>
   <div class='ocr_carea' id='block_1_53' title="bbox 1930 2352 3524 2428">
    <p class='ocr_par' dir='ltr' id='par_1_53' title="bbox 1930 2352 3524 2428">
     <span class='ocr_line' id='line_1_53' title="bbox 1930 2352 3524 2428; baseline 0.004 -21"><span class='ocrx_word' id='word_1_395' title='bbox 1930 2368 2129 2408; x_wconf 88' lang='lat' dir='ltr'><strong>eorum.</strong></span> <span class='ocrx_word' id='word_1_396' title='bbox 2167 2352 2223 2407; x_wconf 90' lang='lat' dir='ltr'><strong>Id</strong></span> <span class='ocrx_word' id='word_1_397' title='bbox 2258 2362 2361 2417; x_wconf 90' lang='lat' dir='ltr'><strong>est,</strong></span> <span class='ocrx_word' id='word_1_398' title='bbox 2394 2352 2446 2406; x_wconf 91' lang='lat' dir='ltr'><strong>in</strong></span> <span class='ocrx_word' id='word_1_399' title='bbox 2490 2352 2593 2407; x_wconf 87' lang='lat' dir='ltr'><strong>hoc</strong></span> <span class='ocrx_word' id='word_1_400' title='bbox 2634 2362 2859 2423; x_wconf 76' lang='lat' dir='ltr'><strong>sperant</strong></span> <span class='ocrx_word' id='word_1_401' title='bbox 2885 2354 2936 2408; x_wconf 89' lang='lat' dir='ltr'><strong>in</strong></span> <span class='ocrx_word' id='word_1_402' title='bbox 2966 2355 3341 2413; x_wconf 88' lang='lat' dir='ltr'><strong>misericordia</strong></span> <span class='ocrx_word' id='word_1_403' title='bbox 3372 2359 3524 2428; x_wconf 86' lang='lat' dir='ltr'><strong>ejus,</strong></span> 
     </span>
    </p>
   </div>
   <div class='ocr_carea' id='block_1_54' title="bbox 1934 2444 3530 2516">
    <p class='ocr_par' dir='ltr' id='par_1_54' title="bbox 1934 2444 3530 2516">
     <span class='ocr_line' id='line_1_54' title="bbox 1934 2444 3530 2516; baseline 0.004 -18"><span class='ocrx_word' id='word_1_404' title='bbox 1934 2445 1984 2498; x_wconf 87' lang='lat' dir='ltr'><strong>id</strong></span> <span class='ocrx_word' id='word_1_405' title='bbox 2026 2452 2130 2510; x_wconf 86' lang='lat' dir='ltr'><strong>est,</strong></span> <span class='ocrx_word' id='word_1_406' title='bbox 2176 2444 2291 2509; x_wconf 85' lang='lat' dir='ltr'><strong>Dei,</strong></span> <span class='ocrx_word' id='word_1_407' title='bbox 2333 2455 2390 2498; x_wconf 93' lang='lat' dir='ltr'><strong>ut</strong></span> <span class='ocrx_word' id='word_1_408' title='bbox 2429 2460 2458 2498; x_wconf 92' lang='lat' dir='ltr'><strong>a</strong></span> <span class='ocrx_word' id='word_1_409' title='bbox 2507 2457 2688 2501; x_wconf 87' lang='lat' dir='ltr'><strong>morte</strong></span> <span class='ocrx_word' id='word_1_410' title='bbox 2723 2459 2982 2516; x_wconf 78' lang='lat' dir='ltr'><strong>perpetua</strong></span> <span class='ocrx_word' id='word_1_411' title='bbox 3012 2458 3168 2502; x_wconf 84' lang='lat' dir='ltr'><strong>eruat</strong></span> <span class='ocrx_word' id='word_1_412' title='bbox 3200 2449 3407 2504; x_wconf 87' lang='lat' dir='ltr'><strong>animas</strong></span> <span class='ocrx_word' id='word_1_413' title='bbox 3431 2467 3530 2506; x_wconf 87' lang='lat' dir='ltr'><strong>co-</strong></span> 
     </span>
    </p>
   </div>
   <div class='ocr_carea' id='block_1_55' title="bbox 1933 2534 3069 2603">
    <p class='ocr_par' dir='ltr' id='par_1_55' title="bbox 1933 2534 3069 2603">
     <span class='ocr_line' id='line_1_55' title="bbox 1933 2534 3069 2603; baseline 0.003 -13"><span class='ocrx_word' id='word_1_414' title='bbox 1933 2551 2075 2590; x_wconf 90' lang='lat' dir='ltr'><strong>rum.</strong></span> <span class='ocrx_word' id='word_1_415' title='bbox 2103 2534 2198 2589; x_wconf 75' lang='lat' dir='ltr'><strong>Vel</strong></span> <span class='ocrx_word' id='word_1_416' title='bbox 2232 2550 2259 2588; x_wconf 87' lang='lat' dir='ltr'><strong>a</strong></span> <span class='ocrx_word' id='word_1_417' title='bbox 2291 2544 2493 2603; x_wconf 90' lang='lat' dir='ltr'><strong>morte,</strong></span> <span class='ocrx_word' id='word_1_418' title='bbox 2527 2536 2631 2592; x_wconf 90' lang='lat' dir='ltr'><strong>hoc</strong></span> <span class='ocrx_word' id='word_1_419' title='bbox 2660 2549 2742 2593; x_wconf 90' lang='grc' dir='ltr'><strong>εει</strong></span> <span class='ocrx_word' id='word_1_420' title='bbox 2771 2553 2800 2591; x_wconf 88' lang='lat' dir='ltr'><strong>a</strong></span> <span class='ocrx_word' id='word_1_421' title='bbox 2828 2534 3069 2595; x_wconf 88' lang='lat' dir='ltr'><strong>diabolo.</strong></span> 
     </span>
    </p>
   </div>
   <div class='ocr_carea' id='block_1_56' title="bbox 2009 2627 3527 2691">
    <p class='ocr_par' dir='ltr' id='par_1_56' title="bbox 2009 2627 3527 2691">
     <span class='ocr_line' id='line_1_56' title="bbox 2009 2627 3527 2691; baseline 0.005 -7"><span class='ocrx_word' id='word_1_422' title='bbox 2009 2627 2078 2684; x_wconf 89' lang='lat' dir='ltr'><strong>Ut</strong></span> <span class='ocrx_word' id='word_1_423' title='bbox 2124 2639 2267 2684; x_wconf 87' lang='lat' dir='ltr'><strong>eruat</strong></span> <span class='ocrx_word' id='word_1_424' title='bbox 2307 2646 2341 2683; x_wconf 92' lang='lat' dir='ltr'><strong>a</strong></span> <span class='ocrx_word' id='word_1_425' title='bbox 2377 2641 2540 2685; x_wconf 88' lang='lat' dir='ltr'><strong>morte</strong></span> <span class='ocrx_word' id='word_1_426' title='bbox 2575 2632 2775 2687; x_wconf 86' lang='lat' dir='ltr'><strong>animas</strong></span> <span class='ocrx_word' id='word_1_427' title='bbox 2815 2649 2997 2687; x_wconf 88' lang='lat' dir='ltr'><strong>eorum</strong></span> <span class='ocrx_word' id='word_1_428' title='bbox 3039 2649 3058 2686; x_wconf 92' lang='grc'><em>.·</em></span> <span class='ocrx_word' id='word_1_429' title='bbox 3103 2632 3169 2689; x_wconf 81' lang='lat' dir='ltr'><strong>Et</strong></span> <span class='ocrx_word' id='word_1_430' title='bbox 3208 2635 3316 2689; x_wconf 87' lang='lat' dir='ltr'><strong>alat</strong></span> <span class='ocrx_word' id='word_1_431' title='bbox 3352 2651 3439 2690; x_wconf 87' lang='lat' dir='ltr'><strong>eos</strong></span> <span class='ocrx_word' id='word_1_432' title='bbox 3476 2637 3527 2691; x_wconf 86' lang='lat' dir='ltr'><strong>in</strong></span> 
     </span>
    </p>
   </div>
   <div class='ocr_carea' id='block_1_57' title="bbox 1935 2718 3528 2799">
    <p class='ocr_par' dir='ltr' id='par_1_57' title="bbox 1935 2718 3528 2799">
     <span class='ocr_line' id='line_1_57' title="bbox 1935 2718 3528 2799; baseline 0.007 -26"><span class='ocrx_word' id='word_1_433' title='bbox 1935 2720 2090 2790; x_wconf 77' lang='lat' dir='ltr'><strong>fame.</strong></span> <span class='ocrx_word' id='word_1_434' title='bbox 2134 2718 2267 2775; x_wconf 88' lang='lat' dir='ltr'><strong>Cum</strong></span> <span class='ocrx_word' id='word_1_435' title='bbox 2309 2721 2401 2775; x_wconf 85' lang='lat' dir='ltr'><strong>alii</strong></span> <span class='ocrx_word' id='word_1_436' title='bbox 2443 2722 2597 2778; x_wconf 81' lang='lat' dir='ltr'><strong>verbi</strong></span> <span class='ocrx_word' id='word_1_437' title='bbox 2632 2723 2726 2778; x_wconf 91' lang='lat' dir='ltr'><strong>Dei</strong></span> <span class='ocrx_word' id='word_1_438' title='bbox 2769 2723 3050 2793; x_wconf 76' lang='lat' dir='ltr'><strong>penuriam</strong></span> <span class='ocrx_word' id='word_1_439' title='bbox 3085 2724 3407 2799; x_wconf 83' lang='lat' dir='ltr'><strong>patiuntur:</strong></span> <span class='ocrx_word' id='word_1_440' title='bbox 3441 2730 3528 2784; x_wconf 90' lang='lat' dir='ltr'><strong>isti</strong></span> 
     </span>
    </p>
   </div>
   <div class='ocr_carea' id='block_1_58' title="bbox 1934 2813 2485 2893">
    <p class='ocr_par' dir='ltr' id='par_1_58' title="bbox 1934 2813 2485 2893">
     <span class='ocr_line' id='line_1_58' title="bbox 1934 2813 2485 2893; baseline 0 -24"><span class='ocrx_word' id='word_1_441' title='bbox 1934 2813 2002 2869; x_wconf 79' lang='lat' dir='ltr'><strong>ab</strong></span> <span class='ocrx_word' id='word_1_442' title='bbox 2031 2814 2485 2893; x_wconf 22' lang='lat' dir='ltr'><strong>eo&#39;vivilicantnr.</strong></span> 
     </span>
    </p>
   </div>
   <div class='ocr_carea' id='block_1_59' title="bbox 2008 2906 3568 2988">
    <p class='ocr_par' dir='ltr' id='par_1_59' title="bbox 2008 2906 3568 2988">
     <span class='ocr_line' id='line_1_59' title="bbox 2008 2906 3568 2988; baseline 0.008 -28"><span class='ocrx_word' id='word_1_443' title='bbox 2008 2906 2197 2961; x_wconf 82' lang='lat' dir='ltr'><strong>Anima</strong></span> <span class='ocrx_word' id='word_1_444' title='bbox 2227 2918 2397 2962; x_wconf 88' lang='lat' dir='ltr'><strong>autem</strong></span> <span class='ocrx_word' id='word_1_445' title='bbox 2437 2917 2611 2964; x_wconf 87' lang='lat' dir='ltr'><strong>nostra</strong></span> <span class='ocrx_word' id='word_1_446' title='bbox 2640 2910 2854 2964; x_wconf 68' lang='lat' dir='ltr'><strong>sustinet</strong></span> <span class='ocrx_word' id='word_1_447' title='bbox 2884 2908 3184 2968; x_wconf 87' lang='lat' dir='ltr'><strong>Dominum.</strong></span> <span class='ocrx_word' id='word_1_448' title='bbox 3214 2912 3272 2970; x_wconf 83' lang='lat' dir='ltr'><strong>Id</strong></span> <span class='ocrx_word' id='word_1_449' title='bbox 3302 2924 3407 2981; x_wconf 87' lang='lat' dir='ltr'><strong>est,</strong></span> <span class='ocrx_word' id='word_1_450' title='bbox 3440 2931 3534 2988; x_wconf 83' lang='lat' dir='ltr'><strong>pa-</strong></span> <span class='ocrx_word' id='word_1_451' title='bbox 3563 2909 3568 2912; x_wconf 57' lang='grc'><em>’</em></span> 
     </span>
    </p>
   </div>
   <div class='ocr_carea' id='block_1_60' title="bbox 1937 2998 3531 3071">
    <p class='ocr_par' dir='ltr' id='par_1_60' title="bbox 1937 2998 3531 3071">
     <span class='ocr_line' id='line_1_60' title="bbox 1937 2998 3531 3071; baseline 0.005 -19"><span class='ocrx_word' id='word_1_452' title='bbox 1937 2998 2078 3054; x_wconf 90' lang='lat' dir='ltr'><strong>tiens</strong></span> <span class='ocrx_word' id='word_1_453' title='bbox 2106 3007 2191 3053; x_wconf 84' lang='lat' dir='ltr'><strong>est</strong></span> <span class='ocrx_word' id='word_1_454' title='bbox 2219 2999 2276 3054; x_wconf 89' lang='lat' dir='ltr'><strong>in</strong></span> <span class='ocrx_word' id='word_1_455' title='bbox 2307 2999 2557 3056; x_wconf 90' lang='lat' dir='ltr'><strong>Domino.</strong></span> <span class='ocrx_word' id='word_1_456' title='bbox 2590 3000 2858 3071; x_wconf 84' lang='lat' dir='ltr'><strong>Quidquid</strong></span> <span class='ocrx_word' id='word_1_457' title='bbox 2886 3004 3182 3060; x_wconf 80' lang='lat' dir='ltr'><strong>accesserit</strong></span> <span class='ocrx_word' id='word_1_458' title='bbox 3206 3004 3258 3061; x_wconf 87' lang='lat' dir='ltr'><strong>ei</strong></span> <span class='ocrx_word' id='word_1_459' title='bbox 3283 3006 3402 3061; x_wconf 75' lang='lat' dir='ltr'><strong>sive</strong></span> <span class='ocrx_word' id='word_1_460' title='bbox 3434 3008 3531 3063; x_wconf 87' lang='lat' dir='ltr'><strong>ho-</strong></span> 
     </span>
    </p>
   </div>
   <div class='ocr_carea' id='block_1_61' title="bbox 1940 3090 3535 3164">
    <p class='ocr_par' dir='ltr' id='par_1_61' title="bbox 1940 3090 3535 3164">
     <span class='ocr_line' id='line_1_61' title="bbox 1940 3090 3535 3164; baseline 0.006 -20"><span class='ocrx_word' id='word_1_461' title='bbox 1940 3106 2087 3153; x_wconf 91' lang='lat' dir='ltr'><strong>num,</strong></span> <span class='ocrx_word' id='word_1_462' title='bbox 2112 3091 2226 3145; x_wconf 87' lang='lat' dir='ltr'><strong>sive</strong></span> <span class='ocrx_word' id='word_1_463' title='bbox 2248 3090 2467 3154; x_wconf 88' lang='lat' dir='ltr'><strong>malum,</strong></span> <span class='ocrx_word' id='word_1_464' title='bbox 2497 3093 2731 3147; x_wconf 87' lang='lat' dir='ltr'><strong>sustinet</strong></span> <span class='ocrx_word' id='word_1_465' title='bbox 2762 3103 2982 3164; x_wconf 88' lang='lat' dir='ltr'><strong>propter</strong></span> <span class='ocrx_word' id='word_1_466' title='bbox 3006 3095 3197 3161; x_wconf 87' lang='lat' dir='ltr'><strong>Deum,</strong></span> <span class='ocrx_word' id='word_1_467' title='bbox 3224 3105 3280 3150; x_wconf 90' lang='grc' dir='ltr'><strong>ιιι</strong></span> <span class='ocrx_word' id='word_1_468' title='bbox 3302 3099 3375 3151; x_wconf 88' lang='lat' dir='ltr'><strong>ait</strong></span> <span class='ocrx_word' id='word_1_469' title='bbox 3399 3099 3535 3154; x_wconf 83' lang='lat' dir='ltr'><strong>Pan-</strong></span> 
     </span>
    </p>
   </div>
   <div class='ocr_carea' id='block_1_62' title="bbox 236 3182 3535 3261">
    <p class='ocr_par' dir='ltr' id='par_1_62' title="bbox 236 3182 3535 3261">
     <span class='ocr_line' id='line_1_62' title="bbox 236 3182 3535 3261; baseline 0.001 -18"><span class='ocrx_word' id='word_1_470' title='bbox 236 3199 390 3245; x_wconf 90' lang='lat' dir='ltr'><strong>tuam</strong></span> <span class='ocrx_word' id='word_1_471' title='bbox 434 3190 697 3244; x_wconf 76' lang='lat' dir='ltr'><strong>terminos</strong></span> <span class='ocrx_word' id='word_1_472' title='bbox 737 3197 898 3245; x_wconf 75' lang='lat' dir='ltr'><strong>terra:</strong></span> <span class='ocrx_word' id='word_1_473' title='bbox 926 3187 1103 3261; x_wconf 88' lang='lat' dir='ltr'><strong>(Psal.</strong></span> <span class='ocrx_word' id='word_1_474' title='bbox 1136 3188 1235 3258; x_wconf 83' lang='lat' dir='ltr'><strong>tt);</strong></span> <span class='ocrx_word' id='word_1_475' title='bbox 1272 3195 1328 3243; x_wconf 89' lang='lat' dir='ltr'><strong>et</strong></span> <span class='ocrx_word' id='word_1_476' title='bbox 1354 3187 1485 3243; x_wconf 87' lang='lat' dir='ltr'><strong>alibi</strong></span> <span class='ocrx_word' id='word_1_477' title='bbox 1520 3204 1534 3241; x_wconf 87' lang='lat'><strong>:</strong></span> <span class='ocrx_word' id='word_1_478' title='bbox 1571 3187 1831 3243; x_wconf 87' lang='lat' dir='ltr'><strong>Dominus</strong></span> <span class='ocrx_word' id='word_1_479' title='bbox 1857 3185 1907 3251; x_wconf 86' lang='lat' dir='ltr'>C</span> <span class='ocrx_word' id='word_1_480' title='bbox 1939 3184 2024 3239; x_wconf 90' lang='lat' dir='ltr'><strong>lus</strong></span> <span class='ocrx_word' id='word_1_481' title='bbox 2058 3202 2069 3238; x_wconf 92' lang='lat'>:</span> <span class='ocrx_word' id='word_1_482' title='bbox 2103 3182 2294 3239; x_wconf 87' lang='lat' dir='ltr'><strong>Omnia</strong></span> <span class='ocrx_word' id='word_1_483' title='bbox 2329 3183 2457 3240; x_wconf 88' lang='lat' dir='ltr'><strong>mihi</strong></span> <span class='ocrx_word' id='word_1_484' title='bbox 2490 3184 2703 3256; x_wconf 85' lang='lat' dir='ltr'><strong>placent</strong></span> <span class='ocrx_word' id='word_1_485' title='bbox 2734 3184 2784 3258; x_wconf 89' lang='lat' dir='ltr'><strong>(I</strong></span> <span class='ocrx_word' id='word_1_486' title='bbox 2815 3184 2935 3242; x_wconf 83' lang='lat' dir='ltr'><strong>Cor.</strong></span> <span class='ocrx_word' id='word_1_487' title='bbox 2970 3189 3051 3258; x_wconf 70' lang='grc' dir='ltr'><strong>κ).</strong></span> <span class='ocrx_word' id='word_1_488' title='bbox 3081 3187 3202 3254; x_wconf 89' lang='lat' dir='ltr'><strong>Vel,</strong></span> <span class='ocrx_word' id='word_1_489' title='bbox 3235 3190 3327 3245; x_wconf 89' lang='lat' dir='ltr'><strong>alit</strong></span> <span class='ocrx_word' id='word_1_490' title='bbox 3358 3207 3443 3245; x_wconf 88' lang='lat' dir='ltr'><strong>eos</strong></span> <span class='ocrx_word' id='word_1_491' title='bbox 3480 3193 3535 3246; x_wconf 90' lang='lat' dir='ltr'><strong>in</strong></span> 
     </span>
    </p>
   </div>
   <div class='ocr_carea' id='block_1_63' title="bbox 238 3277 1836 3353">
    <p class='ocr_par' dir='ltr' id='par_1_63' title="bbox 238 3277 1836 3353">
     <span class='ocr_line' id='line_1_63' title="bbox 238 3277 1836 3353; baseline -0.001 -16"><span class='ocrx_word' id='word_1_492' title='bbox 238 3297 374 3353; x_wconf 86' lang='lat' dir='ltr'><strong>pars</strong></span> <span class='ocrx_word' id='word_1_493' title='bbox 415 3281 746 3337; x_wconf 82' lang='lat' dir='ltr'><strong>haereditatis</strong></span> <span class='ocrx_word' id='word_1_494' title='bbox 792 3297 926 3336; x_wconf 79' lang='lat' dir='ltr'><strong>mea:</strong></span> <span class='ocrx_word' id='word_1_495' title='bbox 959 3279 1130 3350; x_wconf 86' lang='lat' dir='ltr'><strong>(Psal.</strong></span> <span class='ocrx_word' id='word_1_496' title='bbox 1178 3277 1306 3351; x_wconf 78' lang='lat' dir='ltr'><strong>xv);</strong></span> <span class='ocrx_word' id='word_1_497' title='bbox 1350 3289 1405 3335; x_wconf 89' lang='lat' dir='ltr'><strong>et</strong></span> <span class='ocrx_word' id='word_1_498' title='bbox 1443 3280 1573 3334; x_wconf 88' lang='lat' dir='ltr'><strong>item</strong></span> <span class='ocrx_word' id='word_1_499' title='bbox 1605 3297 1617 3333; x_wconf 87' lang='lat'><strong>:</strong></span> <span class='ocrx_word' id='word_1_500' title='bbox 1652 3280 1836 3336; x_wconf 88' lang='lat' dir='ltr'><strong>Portio</strong></span> 
     </span>
    </p>
   </div>
   <div class='ocr_carea' id='block_1_64' title="bbox 240 3370 1837 3446">
    <p class='ocr_par' dir='ltr' id='par_1_64' title="bbox 240 3370 1837 3446">
     <span class='ocr_line' id='line_1_64' title="bbox 240 3370 1837 3446; baseline -0.003 -14"><span class='ocrx_word' id='word_1_501' title='bbox 240 3391 364 3432; x_wconf 85' lang='lat' dir='ltr'><strong>mea</strong></span> <span class='ocrx_word' id='word_1_502' title='bbox 382 3376 642 3430; x_wconf 82' lang='lat' dir='ltr'><strong>Dominus</strong></span> <span class='ocrx_word' id='word_1_503' title='bbox 664 3373 838 3446; x_wconf 84' lang='lat' dir='ltr'><strong>(Psal.</strong></span> <span class='ocrx_word' id='word_1_504' title='bbox 859 3373 1071 3442; x_wconf 80' lang='lat' dir='ltr'><strong>cxvttt).</strong></span> <span class='ocrx_word' id='word_1_505' title='bbox 1106 3370 1172 3426; x_wconf 91' lang='lat' dir='ltr'><strong>In</strong></span> <span class='ocrx_word' id='word_1_506' title='bbox 1193 3371 1550 3427; x_wconf 68' lang='lat' dir='ltr'><strong>hereditatem</strong></span> <span class='ocrx_word' id='word_1_507' title='bbox 1578 3372 1697 3427; x_wconf 86' lang='lat' dir='ltr'><strong>sibi.</strong></span> <span class='ocrx_word' id='word_1_508' title='bbox 1731 3371 1837 3429; x_wconf 82' lang='lat' dir='ltr'><strong>Re-</strong></span> 
     </span>
    </p>
   </div>
   <div class='ocr_carea' id='block_1_65' title="bbox 239 3466 1692 3542">
    <p class='ocr_par' dir='ltr' id='par_1_65' title="bbox 239 3466 1692 3542">
     <span class='ocr_line' id='line_1_65' title="bbox 239 3466 1692 3542; baseline -0.003 -18"><span class='ocrx_word' id='word_1_509' title='bbox 239 3469 417 3542; x_wconf 88' lang='lat' dir='ltr'><strong>pulsis</strong></span> <span class='ocrx_word' id='word_1_510' title='bbox 448 3467 670 3538; x_wconf 69' lang='lat' dir='ltr'><strong>Judaeis,</strong></span> <span class='ocrx_word' id='word_1_511' title='bbox 699 3483 799 3524; x_wconf 88' lang='lat' dir='ltr'><strong>nos</strong></span> <span class='ocrx_word' id='word_1_512' title='bbox 827 3483 1015 3522; x_wconf 88' lang='lat' dir='ltr'><strong>sumus</strong></span> <span class='ocrx_word' id='word_1_513' title='bbox 1043 3466 1096 3521; x_wconf 89' lang='lat' dir='ltr'><strong>in</strong></span> <span class='ocrx_word' id='word_1_514' title='bbox 1116 3466 1489 3522; x_wconf 72' lang='lat' dir='ltr'><strong>haereditatem</strong></span> <span class='ocrx_word' id='word_1_515' title='bbox 1516 3466 1692 3521; x_wconf 89' lang='lat' dir='ltr'><strong>asciti.</strong></span> 
     </span>
    </p>
   </div>
   <div class='ocr_carea' id='block_1_66' title="bbox 315 3557 1869 3630">
    <p class='ocr_par' dir='ltr' id='par_1_66' title="bbox 315 3557 1869 3630">
     <span class='ocr_line' id='line_1_66' title="bbox 315 3557 1869 3630; baseline -0.002 -16"><span class='ocrx_word' id='word_1_516' title='bbox 315 3559 396 3616; x_wconf 90' lang='lat' dir='ltr'><strong>De</strong></span> <span class='ocrx_word' id='word_1_517' title='bbox 427 3561 556 3615; x_wconf 74' lang='lat' dir='ltr'><strong>caelo</strong></span> <span class='ocrx_word' id='word_1_518' title='bbox 594 3562 815 3630; x_wconf 70' lang='lat' dir='ltr'><strong>respexit</strong></span> <span class='ocrx_word' id='word_1_519' title='bbox 856 3560 1105 3613; x_wconf 88' lang='lat' dir='ltr'><strong>Dominus</strong></span> <span class='ocrx_word' id='word_1_520' title='bbox 1140 3578 1152 3612; x_wconf 92' lang='lat'>:</span> <span class='ocrx_word' id='word_1_521' title='bbox 1183 3559 1311 3612; x_wconf 83' lang='lat' dir='ltr'><strong>vidit</strong></span> <span class='ocrx_word' id='word_1_522' title='bbox 1358 3575 1532 3614; x_wconf 81' lang='lat' dir='ltr'><strong>omnes</strong></span> <span class='ocrx_word' id='word_1_523' title='bbox 1566 3558 1701 3629; x_wconf 73' lang='lat' dir='ltr'><strong>ﬁlios</strong></span> <span class='ocrx_word' id='word_1_524' title='bbox 1728 3557 1831 3612; x_wconf 86' lang='lat' dir='ltr'><strong>ho-</strong></span> <span class='ocrx_word' id='word_1_525' title='bbox 1864 3620 1869 3625; x_wconf 36' lang='grc'><strong>,</strong></span> 
     </span>
    </p>
   </div>
   <div class='ocr_carea' id='block_1_67' title="bbox 238 3650 1823 3721">
    <p class='ocr_par' dir='ltr' id='par_1_67' title="bbox 238 3650 1823 3721">
     <span class='ocr_line' id='line_1_67' title="bbox 238 3650 1823 3721; baseline -0.001 -14"><span class='ocrx_word' id='word_1_526' title='bbox 238 3653 460 3708; x_wconf 87' lang='lat' dir='ltr'><strong>minum.</strong></span> <span class='ocrx_word' id='word_1_527' title='bbox 496 3651 565 3708; x_wconf 87' lang='lat' dir='ltr'><strong>Ut</strong></span> <span class='ocrx_word' id='word_1_528' title='bbox 593 3652 845 3708; x_wconf 89' lang='lat' dir='ltr'><strong>omnibus</strong></span> <span class='ocrx_word' id='word_1_529' title='bbox 871 3653 1194 3706; x_wconf 86' lang='lat' dir='ltr'><strong>misereatur</strong></span> <span class='ocrx_word' id='word_1_530' title='bbox 1225 3669 1238 3705; x_wconf 89' lang='lat'><strong>:</strong></span> <span class='ocrx_word' id='word_1_531' title='bbox 1266 3650 1390 3721; x_wconf 85' lang='lat' dir='ltr'><strong>quia</strong></span> <span class='ocrx_word' id='word_1_532' title='bbox 1422 3666 1711 3721; x_wconf 90' lang='lat' dir='ltr'><strong>numquam</strong></span> <span class='ocrx_word' id='word_1_533' title='bbox 1741 3667 1823 3706; x_wconf 87' lang='lat' dir='ltr'><strong>re-</strong></span> 
     </span>
    </p>
   </div>
   <div class='ocr_carea' id='block_1_68' title="bbox 240 3740 1838 3816">
    <p class='ocr_par' dir='ltr' id='par_1_68' title="bbox 240 3740 1838 3816">
     <span class='ocr_line' id='line_1_68' title="bbox 240 3740 1838 3816; baseline -0.003 -14"><span class='ocrx_word' id='word_1_534' title='bbox 240 3752 466 3816; x_wconf 75' lang='lat' dir='ltr'><strong>Spectus</strong></span> <span class='ocrx_word' id='word_1_535' title='bbox 492 3743 613 3813; x_wconf 79' lang='lat' dir='ltr'><strong>ejus</strong></span> <span class='ocrx_word' id='word_1_536' title='bbox 640 3744 758 3799; x_wconf 89' lang='lat' dir='ltr'><strong>sine</strong></span> <span class='ocrx_word' id='word_1_537' title='bbox 787 3740 1161 3798; x_wconf 85' lang='lat' dir='ltr'><strong>misericordia</strong></span> <span class='ocrx_word' id='word_1_538' title='bbox 1194 3742 1311 3797; x_wconf 85' lang='lat' dir='ltr'><strong>fuit.</strong></span> <span class='ocrx_word' id='word_1_539' title='bbox 1348 3741 1444 3797; x_wconf 89' lang='lat' dir='ltr'><strong>Vel</strong></span> <span class='ocrx_word' id='word_1_540' title='bbox 1477 3742 1742 3798; x_wconf 79' lang='lat' dir='ltr'><strong>Deminns</strong></span> <span class='ocrx_word' id='word_1_541' title='bbox 1768 3742 1838 3799; x_wconf 91' lang='lat' dir='ltr'><strong>de</strong></span> 
     </span>
    </p>
   </div>
   <div class='ocr_carea' id='block_1_69' title="bbox 241 3834 1840 3907">
    <p class='ocr_par' dir='ltr' id='par_1_69' title="bbox 241 3834 1840 3907">
     <span class='ocr_line' id='line_1_69' title="bbox 241 3834 1840 3907; baseline -0.002 -14"><span class='ocrx_word' id='word_1_542' title='bbox 241 3837 386 3893; x_wconf 65' lang='lat' dir='ltr'><strong>caelo</strong></span> <span class='ocrx_word' id='word_1_543' title='bbox 430 3835 710 3907; x_wconf 80' lang='lat' dir='ltr'><strong>prospexit</strong></span> <span class='ocrx_word' id='word_1_544' title='bbox 739 3853 755 3890; x_wconf 88' lang='lat'><strong>:</strong></span> <span class='ocrx_word' id='word_1_545' title='bbox 788 3837 892 3890; x_wconf 83' lang='lat' dir='ltr'><strong>hoc</strong></span> <span class='ocrx_word' id='word_1_546' title='bbox 921 3844 1026 3898; x_wconf 88' lang='lat' dir='ltr'><strong>est,</strong></span> <span class='ocrx_word' id='word_1_547' title='bbox 1059 3836 1315 3890; x_wconf 90' lang='lat' dir='ltr'><strong>misertus</strong></span> <span class='ocrx_word' id='word_1_548' title='bbox 1343 3842 1428 3890; x_wconf 91' lang='lat' dir='ltr'><strong>est</strong></span> <span class='ocrx_word' id='word_1_549' title='bbox 1455 3834 1629 3889; x_wconf 89' lang='lat' dir='ltr'><strong>nobis.</strong></span> <span class='ocrx_word' id='word_1_550' title='bbox 1662 3835 1840 3903; x_wconf 78' lang='lat' dir='ltr'><strong>Super</strong></span> 
     </span>
    </p>
   </div>
   <div class='ocr_carea' id='block_1_70' title="bbox 244 3926 1840 3986">
    <p class='ocr_par' dir='ltr' id='par_1_70' title="bbox 244 3926 1840 3986">
     <span class='ocr_line' id='line_1_70' title="bbox 244 3926 1840 3986; baseline -0.001 0"><span class='ocrx_word' id='word_1_551' title='bbox 244 3931 391 3986; x_wconf 82' lang='lat' dir='ltr'><strong>ﬁlios</strong></span> <span class='ocrx_word' id='word_1_552' title='bbox 418 3929 720 3985; x_wconf 80' lang='lat' dir='ltr'><strong>hominum.</strong></span> <span class='ocrx_word' id='word_1_553' title='bbox 754 3929 879 3984; x_wconf 89' lang='lat' dir='ltr'><strong>Filii</strong></span> <span class='ocrx_word' id='word_1_554' title='bbox 910 3928 1189 3984; x_wconf 80' lang='lat' dir='ltr'><strong>hominum</strong></span> <span class='ocrx_word' id='word_1_555' title='bbox 1226 3946 1239 3983; x_wconf 89' lang='lat'><strong>:</strong></span> <span class='ocrx_word' id='word_1_556' title='bbox 1272 3927 1370 3982; x_wconf 87' lang='lat' dir='ltr'><strong>lilii</strong></span> <span class='ocrx_word' id='word_1_557' title='bbox 1398 3926 1594 3983; x_wconf 83' lang='lat' dir='ltr'><strong>Adam.</strong></span> <span class='ocrx_word' id='word_1_558' title='bbox 1624 3927 1722 3984; x_wconf 83' lang='lat' dir='ltr'><strong>Vel</strong></span> <span class='ocrx_word' id='word_1_559' title='bbox 1744 3926 1840 3985; x_wconf 83' lang='lat' dir='ltr'><strong>lilii</strong></span> 
     </span>
    </p>
   </div>
   <div class='ocr_carea' id='block_1_71' title="bbox 245 4021 1356 4093">
    <p class='ocr_par' dir='ltr' id='par_1_71' title="bbox 245 4021 1356 4093">
     <span class='ocr_line' id='line_1_71' title="bbox 245 4021 1356 4093; baseline -0.001 -15"><span class='ocrx_word' id='word_1_560' title='bbox 245 4023 554 4092; x_wconf 87' lang='lat' dir='ltr'><strong>hominum,</strong></span> <span class='ocrx_word' id='word_1_561' title='bbox 586 4037 935 4079; x_wconf 86' lang='lat' dir='ltr'><strong>successores</strong></span> <span class='ocrx_word' id='word_1_562' title='bbox 963 4021 1356 4093; x_wconf 84' lang='lat' dir='ltr'><strong>apostolorum.</strong></span> 
     </span>
    </p>
   </div>
   <div class='ocr_carea' id='block_1_72' title="bbox 322 4113 1843 4187">
    <p class='ocr_par' dir='ltr' id='par_1_72' title="bbox 322 4113 1843 4187">
     <span class='ocr_line' id='line_1_72' title="bbox 322 4113 1843 4187; baseline 0.003 -19"><span class='ocrx_word' id='word_1_563' title='bbox 322 4114 402 4170; x_wconf 91' lang='lat' dir='ltr'><strong>De</strong></span> <span class='ocrx_word' id='word_1_564' title='bbox 445 4124 735 4186; x_wconf 78' lang='lat' dir='ltr'><strong>prteparato</strong></span> <span class='ocrx_word' id='word_1_565' title='bbox 772 4114 1067 4169; x_wconf 84' lang='lat' dir='ltr'><strong>habitacula</strong></span> <span class='ocrx_word' id='word_1_566' title='bbox 1106 4131 1202 4170; x_wconf 86' lang='lat' dir='ltr'><strong>suo</strong></span> <span class='ocrx_word' id='word_1_567' title='bbox 1227 4113 1449 4187; x_wconf 71' lang='lat' dir='ltr'><strong>respexit</strong></span> <span class='ocrx_word' id='word_1_568' title='bbox 1477 4132 1635 4184; x_wconf 84' lang='lat' dir='ltr'><strong>super</strong></span> <span class='ocrx_word' id='word_1_569' title='bbox 1665 4132 1843 4172; x_wconf 86' lang='lat' dir='ltr'><strong>omnes</strong></span> 
     </span>
    </p>
   </div>
   <div class='ocr_carea' id='block_1_73' title="bbox 245 4204 1843 4279">
    <p class='ocr_par' dir='ltr' id='par_1_73' title="bbox 245 4204 1843 4279">
     <span class='ocr_line' id='line_1_73' title="bbox 245 4204 1843 4279; baseline 0.002 -19"><span class='ocrx_word' id='word_1_570' title='bbox 245 4208 333 4279; x_wconf 80' lang='lat' dir='ltr'><strong>qui</strong></span> <span class='ocrx_word' id='word_1_571' title='bbox 379 4204 672 4260; x_wconf 87' lang='lat' dir='ltr'><strong>inhabitant</strong></span> <span class='ocrx_word' id='word_1_572' title='bbox 701 4214 911 4262; x_wconf 86' lang='lat' dir='ltr'><strong>terram.</strong></span> <span class='ocrx_word' id='word_1_573' title='bbox 944 4204 1047 4273; x_wconf 88' lang='lat' dir='ltr'><strong>Qui</strong></span> <span class='ocrx_word' id='word_1_574' title='bbox 1075 4204 1227 4276; x_wconf 71' lang='lat' dir='ltr'><strong>ﬁnxit</strong></span> <span class='ocrx_word' id='word_1_575' title='bbox 1260 4206 1532 4278; x_wconf 81' lang='lat' dir='ltr'><strong>sigillatim</strong></span> <span class='ocrx_word' id='word_1_576' title='bbox 1572 4208 1730 4262; x_wconf 87' lang='lat' dir='ltr'><strong>corda</strong></span> <span class='ocrx_word' id='word_1_577' title='bbox 1756 4224 1843 4263; x_wconf 87' lang='lat' dir='ltr'><strong>eo-</strong></span> 
     </span>
    </p>
   </div>
   <div class='ocr_carea' id='block_1_74' title="bbox 246 4300 1843 4374">
    <p class='ocr_par' dir='ltr' id='par_1_74' title="bbox 246 4300 1843 4374">
     <span class='ocr_line' id='line_1_74' title="bbox 246 4300 1843 4374; baseline 0.002 -19"><span class='ocrx_word' id='word_1_578' title='bbox 246 4318 387 4356; x_wconf 86' lang='lat' dir='ltr'><strong>rum.</strong></span> <span class='ocrx_word' id='word_1_579' title='bbox 425 4303 494 4356; x_wconf 61' lang='grc' dir='ltr'><strong>ιιι</strong></span> <span class='ocrx_word' id='word_1_580' title='bbox 522 4300 613 4356; x_wconf 87' lang='lat' dir='ltr'><strong>alii</strong></span> <span class='ocrx_word' id='word_1_581' title='bbox 644 4300 804 4356; x_wconf 88' lang='lat' dir='ltr'><strong>detur</strong></span> <span class='ocrx_word' id='word_1_582' title='bbox 830 4315 1013 4356; x_wconf 87' lang='lat' dir='ltr'><strong>sermo</strong></span> <span class='ocrx_word' id='word_1_583' title='bbox 1038 4301 1305 4366; x_wconf 73' lang='lat' dir='ltr'><strong>scientim,</strong></span> <span class='ocrx_word' id='word_1_584' title='bbox 1337 4301 1428 4357; x_wconf 89' lang='lat' dir='ltr'><strong>alii</strong></span> <span class='ocrx_word' id='word_1_585' title='bbox 1459 4302 1843 4374; x_wconf 85' lang='lat' dir='ltr'><strong>interpretatio</strong></span> 
     </span>
    </p>
   </div>
   <div class='ocr_carea' id='block_1_75' title="bbox 247 4393 1842 4467">
    <p class='ocr_par' dir='ltr' id='par_1_75' title="bbox 247 4393 1842 4467">
     <span class='ocr_line' id='line_1_75' title="bbox 247 4393 1842 4467; baseline 0.002 -17"><span class='ocrx_word' id='word_1_586' title='bbox 247 4410 590 4462; x_wconf 88' lang='lat' dir='ltr'><strong>sermonum,</strong></span> <span class='ocrx_word' id='word_1_587' title='bbox 620 4393 712 4450; x_wconf 90' lang='lat' dir='ltr'><strong>alii</strong></span> <span class='ocrx_word' id='word_1_588' title='bbox 740 4410 937 4465; x_wconf 87' lang='lat' dir='ltr'><strong>genera</strong></span> <span class='ocrx_word' id='word_1_589' title='bbox 970 4395 1301 4466; x_wconf 85' lang='lat' dir='ltr'><strong>linguarum,</strong></span> <span class='ocrx_word' id='word_1_590' title='bbox 1330 4404 1389 4453; x_wconf 90' lang='lat' dir='ltr'><strong>et</strong></span> <span class='ocrx_word' id='word_1_591' title='bbox 1438 4396 1647 4467; x_wconf 87' lang='lat' dir='ltr'><strong>reliqua</strong></span> <span class='ocrx_word' id='word_1_592' title='bbox 1678 4416 1690 4452; x_wconf 94' lang='lat'>:</span> <span class='ocrx_word' id='word_1_593' title='bbox 1720 4413 1842 4466; x_wconf 71' lang='lat' dir='ltr'><strong>qua!</strong></span> 
     </span>
    </p>
   </div>
   <div class='ocr_carea' id='block_1_76' title="bbox 246 4488 1845 4561">
    <p class='ocr_par' dir='ltr' id='par_1_76' title="bbox 246 4488 1845 4561">
     <span class='ocr_line' id='line_1_76' title="bbox 246 4488 1845 4561; baseline 0.003 -18"><span class='ocrx_word' id='word_1_594' title='bbox 246 4497 510 4560; x_wconf 89' lang='lat' dir='ltr'><strong>operatur</strong></span> <span class='ocrx_word' id='word_1_595' title='bbox 555 4504 692 4544; x_wconf 91' lang='lat' dir='ltr'><strong>unus</strong></span> <span class='ocrx_word' id='word_1_596' title='bbox 734 4498 895 4561; x_wconf 90' lang='lat' dir='ltr'><strong>atque</strong></span> <span class='ocrx_word' id='word_1_597' title='bbox 935 4489 1075 4545; x_wconf 91' lang='lat' dir='ltr'><strong>idem</strong></span> <span class='ocrx_word' id='word_1_598' title='bbox 1120 4488 1382 4559; x_wconf 83' lang='lat' dir='ltr'><strong>Spiritus.</strong></span> <span class='ocrx_word' id='word_1_599' title='bbox 1432 4489 1527 4546; x_wconf 91' lang='lat' dir='ltr'><strong>Vel</strong></span> <span class='ocrx_word' id='word_1_600' title='bbox 1567 4492 1657 4561; x_wconf 93' lang='lat' dir='ltr'><strong>qui</strong></span> <span class='ocrx_word' id='word_1_601' title='bbox 1687 4491 1845 4547; x_wconf 76' lang='lat' dir='ltr'><strong>finxit</strong></span> 
     </span>
    </p>
   </div>
   <div class='ocr_carea' id='block_1_77' title="bbox 1940 3278 3529 3351">
    <p class='ocr_par' dir='ltr' id='par_1_77' title="bbox 1940 3278 3529 3351">
     <span class='ocr_line' id='line_1_77' title="bbox 1940 3278 3529 3351; baseline 0.007 -18"><span class='ocrx_word' id='word_1_602' title='bbox 1940 3282 2076 3351; x_wconf 78' lang='lat' dir='ltr'><strong>{ante</strong></span> <span class='ocrx_word' id='word_1_603' title='bbox 2122 3296 2139 3332; x_wconf 88' lang='lat'><strong><em>:</em></strong></span> <span class='ocrx_word' id='word_1_604' title='bbox 2178 3278 2232 3334; x_wconf 94' lang='lat' dir='ltr'><strong>id</strong></span> <span class='ocrx_word' id='word_1_605' title='bbox 2268 3290 2373 3346; x_wconf 89' lang='lat' dir='ltr'><strong>est,</strong></span> <span class='ocrx_word' id='word_1_606' title='bbox 2405 3280 2579 3351; x_wconf 89' lang='lat' dir='ltr'><strong>pascit</strong></span> <span class='ocrx_word' id='word_1_607' title='bbox 2619 3295 2736 3341; x_wconf 75' lang='lat' dir='ltr'><strong>eos.</strong></span> <span class='ocrx_word' id='word_1_608' title='bbox 2767 3281 2923 3339; x_wconf 90' lang='lat' dir='ltr'><strong>Unde</strong></span> <span class='ocrx_word' id='word_1_609' title='bbox 2959 3283 3093 3339; x_wconf 82' lang='lat' dir='ltr'><strong>dixit</strong></span> <span class='ocrx_word' id='word_1_610' title='bbox 3131 3301 3142 3338; x_wconf 90' lang='lat'><strong>:</strong></span> <span class='ocrx_word' id='word_1_611' title='bbox 3177 3286 3244 3340; x_wconf 90' lang='lat' dir='ltr'><strong>Et</strong></span> <span class='ocrx_word' id='word_1_612' title='bbox 3271 3287 3401 3342; x_wconf 89' lang='lat' dir='ltr'><strong>aluit</strong></span> <span class='ocrx_word' id='word_1_613' title='bbox 3433 3304 3529 3344; x_wconf 91' lang='lat' dir='ltr'><strong>eos</strong></span> 
     </span>
    </p>
   </div>
   <div class='ocr_carea' id='block_1_78' title="bbox 1940 3371 3533 3449">
    <p class='ocr_par' dir='ltr' id='par_1_78' title="bbox 1940 3371 3533 3449">
     <span class='ocr_line' id='line_1_78' title="bbox 1940 3371 3533 3449; baseline 0.004 -24"><span class='ocrx_word' id='word_1_614' title='bbox 1940 3372 2293 3442; x_wconf 73' lang='lat' dir='ltr'><strong>quadaaginta</strong></span> <span class='ocrx_word' id='word_1_615' title='bbox 2322 3371 2483 3427; x_wconf 85' lang='lat' dir='ltr'><strong>annis</strong></span> <span class='ocrx_word' id='word_1_616' title='bbox 2512 3374 2565 3427; x_wconf 91' lang='lat' dir='ltr'><strong>in</strong></span> <span class='ocrx_word' id='word_1_617' title='bbox 2591 3374 2811 3428; x_wconf 89' lang='lat' dir='ltr'><strong>deserto</strong></span> <span class='ocrx_word' id='word_1_618' title='bbox 2841 3373 3039 3447; x_wconf 75' lang='lat' dir='ltr'><strong>(Exod.</strong></span> <span class='ocrx_word' id='word_1_619' title='bbox 3074 3380 3207 3447; x_wconf 81' lang='lat' dir='ltr'><strong>xvi).</strong></span> <span class='ocrx_word' id='word_1_620' title='bbox 3238 3376 3372 3445; x_wconf 85' lang='lat' dir='ltr'><strong>Quia</strong></span> <span class='ocrx_word' id='word_1_621' title='bbox 3394 3396 3533 3449; x_wconf 78' lang='lat' dir='ltr'><strong>quo-</strong></span> 
     </span>
    </p>
   </div>
   <div class='ocr_carea' id='block_1_79' title="bbox 1942 3466 3537 3542">
    <p class='ocr_par' dir='ltr' id='par_1_79' title="bbox 1942 3466 3537 3542">
     <span class='ocr_line' id='line_1_79' title="bbox 1942 3466 3537 3542; baseline 0.005 -21"><span class='ocrx_word' id='word_1_622' title='bbox 1942 3469 2277 3538; x_wconf 86' lang='lat' dir='ltr'><strong>tiescumque</strong></span> <span class='ocrx_word' id='word_1_623' title='bbox 2310 3467 2557 3523; x_wconf 87' lang='lat' dir='ltr'><strong>homines</strong></span> <span class='ocrx_word' id='word_1_624' title='bbox 2590 3467 2790 3523; x_wconf 89' lang='lat' dir='ltr'><strong>habent</strong></span> <span class='ocrx_word' id='word_1_625' title='bbox 2818 3466 3034 3537; x_wconf 65' lang='lat' dir='ltr'><strong>famem,</strong></span> <span class='ocrx_word' id='word_1_626' title='bbox 3059 3469 3198 3525; x_wconf 87' lang='lat' dir='ltr'><strong>Deus</strong></span> <span class='ocrx_word' id='word_1_627' title='bbox 3224 3474 3394 3542; x_wconf 89' lang='lat' dir='ltr'><strong>pascit</strong></span> <span class='ocrx_word' id='word_1_628' title='bbox 3421 3488 3537 3529; x_wconf 88' lang='lat' dir='ltr'><strong>ser-</strong></span> 
     </span>
    </p>
   </div>
   <div class='ocr_carea' id='block_1_80' title="bbox 1942 3560 3528 3636">
    <p class='ocr_par' dir='ltr' id='par_1_80' title="bbox 1942 3560 3528 3636">
     <span class='ocr_line' id='line_1_80' title="bbox 1942 3560 3528 3636; baseline 0.004 -20"><span class='ocrx_word' id='word_1_629' title='bbox 1942 3578 2036 3616; x_wconf 86' lang='lat' dir='ltr'><strong>vos</strong></span> <span class='ocrx_word' id='word_1_630' title='bbox 2062 3575 2192 3615; x_wconf 90' lang='lat' dir='ltr'><strong>suos</strong></span> <span class='ocrx_word' id='word_1_631' title='bbox 2223 3578 2235 3615; x_wconf 92' lang='lat'><strong>:</strong></span> <span class='ocrx_word' id='word_1_632' title='bbox 2271 3560 2404 3616; x_wconf 89' lang='lat' dir='ltr'><strong>licet</strong></span> <span class='ocrx_word' id='word_1_633' title='bbox 2428 3560 2648 3617; x_wconf 85' lang='lat' dir='ltr'><strong>decibo</strong></span> <span class='ocrx_word' id='word_1_634' title='bbox 2681 3570 2921 3628; x_wconf 85' lang='lat' dir='ltr'><strong>terreno,</strong></span> <span class='ocrx_word' id='word_1_635' title='bbox 2945 3563 3039 3617; x_wconf 88' lang='lat' dir='ltr'><strong>sed</strong></span> <span class='ocrx_word' id='word_1_636' title='bbox 3076 3572 3252 3619; x_wconf 85' lang='lat' dir='ltr'><strong>tamen</strong></span> <span class='ocrx_word' id='word_1_637' title='bbox 3281 3566 3400 3635; x_wconf 91' lang='lat' dir='ltr'><strong>plus</strong></span> <span class='ocrx_word' id='word_1_638' title='bbox 3423 3580 3528 3636; x_wconf 90' lang='lat' dir='ltr'><strong>est,</strong></span> 
     </span>
    </p>
   </div>
   <div class='ocr_carea' id='block_1_81' title="bbox 1940 3654 3536 3727">
    <p class='ocr_par' dir='ltr' id='par_1_81' title="bbox 1940 3654 3536 3727">
     <span class='ocr_line' id='line_1_81' title="bbox 1940 3654 3536 3727; baseline 0.006 -20"><span class='ocrx_word' id='word_1_639' title='bbox 1940 3654 2083 3709; x_wconf 87' lang='lat' dir='ltr'><strong>unde</strong></span> <span class='ocrx_word' id='word_1_640' title='bbox 2116 3656 2287 3721; x_wconf 81' lang='lat' dir='ltr'><strong>pascit</strong></span> <span class='ocrx_word' id='word_1_641' title='bbox 2327 3669 2427 3710; x_wconf 88' lang='lat' dir='ltr'><strong>eos</strong></span> <span class='ocrx_word' id='word_1_642' title='bbox 2470 3656 2537 3708; x_wconf 92' lang='lat' dir='ltr'><strong>de</strong></span> <span class='ocrx_word' id='word_1_643' title='bbox 2565 3655 2691 3710; x_wconf 87' lang='lat' dir='ltr'><strong>cibo</strong></span> <span class='ocrx_word' id='word_1_644' title='bbox 2738 3656 3011 3725; x_wconf 89' lang='lat' dir='ltr'><strong>spirituali</strong></span> <span class='ocrx_word' id='word_1_645' title='bbox 3056 3675 3068 3710; x_wconf 87' lang='lat'><strong>:</strong></span> <span class='ocrx_word' id='word_1_646' title='bbox 3117 3658 3305 3727; x_wconf 89' lang='lat' dir='ltr'><strong>idest,</strong></span> <span class='ocrx_word' id='word_1_647' title='bbox 3341 3660 3408 3715; x_wconf 89' lang='lat' dir='ltr'><strong>de</strong></span> <span class='ocrx_word' id='word_1_648' title='bbox 3439 3677 3536 3718; x_wconf 88' lang='lat' dir='ltr'><strong>sua</strong></span> 
     </span>
    </p>
   </div>
   <div class='ocr_carea' id='block_1_82' title="bbox 1942 3747 3541 3812">
    <p class='ocr_par' dir='ltr' id='par_1_82' title="bbox 1942 3747 3541 3812">
     <span class='ocr_line' id='line_1_82' title="bbox 1942 3747 3541 3812; baseline 0.007 -10"><span class='ocrx_word' id='word_1_649' title='bbox 1942 3747 2186 3802; x_wconf 84' lang='lat' dir='ltr'><strong>doetrina</strong></span> <span class='ocrx_word' id='word_1_650' title='bbox 2230 3756 2281 3804; x_wconf 90' lang='lat' dir='ltr'><strong>et</strong></span> <span class='ocrx_word' id='word_1_651' title='bbox 2315 3763 2415 3802; x_wconf 88' lang='lat' dir='ltr'><strong>suo</strong></span> <span class='ocrx_word' id='word_1_652' title='bbox 2450 3749 2619 3802; x_wconf 71' lang='lat' dir='ltr'><strong>verbo</strong></span> <span class='ocrx_word' id='word_1_653' title='bbox 2654 3767 2665 3802; x_wconf 90' lang='lat'><strong>:</strong></span> <span class='ocrx_word' id='word_1_654' title='bbox 2700 3748 2889 3803; x_wconf 86' lang='lat' dir='ltr'><strong>Anima</strong></span> <span class='ocrx_word' id='word_1_655' title='bbox 2915 3763 3083 3803; x_wconf 75' lang='lat' dir='ltr'><strong>autem</strong></span> <span class='ocrx_word' id='word_1_656' title='bbox 3120 3763 3297 3807; x_wconf 88' lang='lat' dir='ltr'><strong>nostra</strong></span> <span class='ocrx_word' id='word_1_657' title='bbox 3322 3755 3541 3812; x_wconf 83' lang='lat' dir='ltr'><strong>sustinet</strong></span> 
     </span>
    </p>
   </div>
   <div class='ocr_carea' id='block_1_83' title="bbox 1944 3839 3541 3914">
    <p class='ocr_par' dir='ltr' id='par_1_83' title="bbox 1944 3839 3541 3914">
     <span class='ocr_line' id='line_1_83' title="bbox 1944 3839 3541 3914; baseline 0.006 -20"><span class='ocrx_word' id='word_1_658' title='bbox 1944 3839 2225 3895; x_wconf 87' lang='lat' dir='ltr'><strong>Dominum</strong></span> <span class='ocrx_word' id='word_1_659' title='bbox 2253 3857 2271 3895; x_wconf 89' lang='lat'><strong><em>:</em></strong></span> <span class='ocrx_word' id='word_1_660' title='bbox 2298 3841 2541 3910; x_wconf 86' lang='lat' dir='ltr'><strong>quoniam</strong></span> <span class='ocrx_word' id='word_1_661' title='bbox 2567 3842 2778 3914; x_wconf 85' lang='lat' dir='ltr'><strong>adjutor</strong></span> <span class='ocrx_word' id='word_1_662' title='bbox 2803 3852 2850 3894; x_wconf 77' lang='lat' dir='ltr'><strong>et</strong></span> <span class='ocrx_word' id='word_1_663' title='bbox 2874 3851 3134 3914; x_wconf 86' lang='lat' dir='ltr'><strong>protector</strong></span> <span class='ocrx_word' id='word_1_664' title='bbox 3158 3853 3331 3901; x_wconf 84' lang='lat' dir='ltr'><strong>noster</strong></span> <span class='ocrx_word' id='word_1_665' title='bbox 3352 3858 3443 3902; x_wconf 79' lang='lat' dir='ltr'><strong>est.</strong></span> <span class='ocrx_word' id='word_1_666' title='bbox 3473 3847 3541 3903; x_wconf 78' lang='lat' dir='ltr'><strong>Et</strong></span> 
     </span>
    </p>
   </div>
   <div class='ocr_carea' id='block_1_84' title="bbox 1941 3932 3542 4008">
    <p class='ocr_par' dir='ltr' id='par_1_84' title="bbox 1941 3932 3542 4008">
     <span class='ocr_line' id='line_1_84' title="bbox 1941 3932 3542 4008; baseline 0.004 -21"><span class='ocrx_word' id='word_1_667' title='bbox 1941 3935 1996 3988; x_wconf 88' lang='lat' dir='ltr'><strong>in</strong></span> <span class='ocrx_word' id='word_1_668' title='bbox 2019 3934 2133 4003; x_wconf 88' lang='lat' dir='ltr'><strong>ipso</strong></span> <span class='ocrx_word' id='word_1_669' title='bbox 2165 3932 2424 3987; x_wconf 68' lang='lat' dir='ltr'><strong>(celabitur</strong></span> <span class='ocrx_word' id='word_1_670' title='bbox 2453 3949 2542 3987; x_wconf 87' lang='lat' dir='ltr'><strong>cor</strong></span> <span class='ocrx_word' id='word_1_671' title='bbox 2570 3943 2822 3999; x_wconf 84' lang='lat' dir='ltr'><strong>nostrum,</strong></span> <span class='ocrx_word' id='word_1_672' title='bbox 2851 3943 2899 3987; x_wconf 88' lang='lat' dir='ltr'><strong>et</strong></span> <span class='ocrx_word' id='word_1_673' title='bbox 2922 3934 2976 3987; x_wconf 86' lang='lat' dir='ltr'><strong>in</strong></span> <span class='ocrx_word' id='word_1_674' title='bbox 3000 3936 3210 3989; x_wconf 86' lang='lat' dir='ltr'><strong>nomine</strong></span> <span class='ocrx_word' id='word_1_675' title='bbox 3229 3947 3407 3992; x_wconf 88' lang='lat' dir='ltr'><strong>sancto</strong></span> <span class='ocrx_word' id='word_1_676' title='bbox 3430 3940 3542 4008; x_wconf 81' lang='lat' dir='ltr'><strong>ejus</strong></span> 
     </span>
    </p>
   </div>
   <div class='ocr_carea' id='block_1_85' title="bbox 1938 4020 3541 4097">
    <p class='ocr_par' dir='ltr' id='par_1_85' title="bbox 1938 4020 3541 4097">
     <span class='ocr_line' id='line_1_85' title="bbox 1938 4020 3541 4097; baseline 0.006 -20"><span class='ocrx_word' id='word_1_677' title='bbox 1938 4024 2278 4095; x_wconf 82' lang='lat' dir='ltr'><strong>sperarimus.</strong></span> <span class='ocrx_word' id='word_1_678' title='bbox 2325 4020 2727 4078; x_wconf 62' lang='lat' dir='ltr'><strong>Scimus‘enitn</strong></span> <span class='ocrx_word' id='word_1_679' title='bbox 2776 4023 2918 4094; x_wconf 90' lang='lat' dir='ltr'><strong>quod</strong></span> <span class='ocrx_word' id='word_1_680' title='bbox 2973 4026 3152 4081; x_wconf 91' lang='lat' dir='ltr'><strong>nullus</strong></span> <span class='ocrx_word' id='word_1_681' title='bbox 3202 4031 3440 4097; x_wconf 64' lang='lat' dir='ltr'><strong>speravit</strong></span> <span class='ocrx_word' id='word_1_682' title='bbox 3485 4031 3541 4086; x_wconf 92' lang='lat' dir='ltr'><strong>in</strong></span> 
     </span>
    </p>
   </div>
   <div class='ocr_carea' id='block_1_86' title="bbox 1944 4116 3541 4197">
    <p class='ocr_par' dir='ltr' id='par_1_86' title="bbox 1944 4116 3541 4197">
     <span class='ocr_line' id='line_1_86' title="bbox 1944 4116 3541 4197; baseline 0.004 -25"><span class='ocrx_word' id='word_1_683' title='bbox 1944 4132 2090 4184; x_wconf 90' lang='lat' dir='ltr'><strong>eum,</strong></span> <span class='ocrx_word' id='word_1_684' title='bbox 2126 4125 2181 4172; x_wconf 84' lang='lat' dir='ltr'><strong>ct</strong></span> <span class='ocrx_word' id='word_1_685' title='bbox 2206 4117 2463 4175; x_wconf 80' lang='lat' dir='ltr'><strong>confusus</strong></span> <span class='ocrx_word' id='word_1_686' title='bbox 2494 4117 2780 4173; x_wconf 86' lang='lat' dir='ltr'><strong>abscessit.</strong></span> <span class='ocrx_word' id='word_1_687' title='bbox 2814 4116 3075 4184; x_wconf 82' lang='lat' dir='ltr'><strong>Quoniam</strong></span> <span class='ocrx_word' id='word_1_688' title='bbox 3101 4122 3316 4195; x_wconf 86' lang='lat' dir='ltr'><strong>adjutor</strong></span> <span class='ocrx_word' id='word_1_689' title='bbox 3342 4132 3387 4178; x_wconf 85' lang='lat' dir='ltr'><strong>et</strong></span> <span class='ocrx_word' id='word_1_690' title='bbox 3414 4142 3541 4197; x_wconf 83' lang='lat' dir='ltr'><strong>pro-</strong></span> 
     </span>
    </p>
   </div>
   <div class='ocr_carea' id='block_1_87' title="bbox 1944 4210 3545 4287">
    <p class='ocr_par' dir='ltr' id='par_1_87' title="bbox 1944 4210 3545 4287">
     <span class='ocr_line' id='line_1_87' title="bbox 1944 4210 3545 4287; baseline 0.007 -24"><span class='ocrx_word' id='word_1_691' title='bbox 1944 4220 2105 4265; x_wconf 86' lang='lat' dir='ltr'><strong>tector</strong></span> <span class='ocrx_word' id='word_1_692' title='bbox 2132 4219 2303 4266; x_wconf 85' lang='lat' dir='ltr'><strong>noster</strong></span> <span class='ocrx_word' id='word_1_693' title='bbox 2331 4220 2426 4265; x_wconf 86' lang='lat' dir='ltr'><strong>est.</strong></span> <span class='ocrx_word' id='word_1_694' title='bbox 2464 4210 2580 4266; x_wconf 83' lang='lat' dir='ltr'><strong>Hoc</strong></span> <span class='ocrx_word' id='word_1_695' title='bbox 2612 4221 2719 4277; x_wconf 84' lang='lat' dir='ltr'><strong>est,</strong></span> <span class='ocrx_word' id='word_1_696' title='bbox 2743 4212 2869 4282; x_wconf 89' lang='lat' dir='ltr'><strong>quia</strong></span> <span class='ocrx_word' id='word_1_697' title='bbox 2898 4211 3016 4282; x_wconf 89' lang='lat' dir='ltr'><strong>ipse</strong></span> <span class='ocrx_word' id='word_1_698' title='bbox 3043 4224 3127 4268; x_wconf 85' lang='lat' dir='ltr'><strong>est</strong></span> <span class='ocrx_word' id='word_1_699' title='bbox 3158 4224 3213 4270; x_wconf 90' lang='lat' dir='ltr'><strong>et</strong></span> <span class='ocrx_word' id='word_1_700' title='bbox 3239 4215 3456 4287; x_wconf 87' lang='lat' dir='ltr'><strong>adjutor</strong></span> <span class='ocrx_word' id='word_1_701' title='bbox 3485 4228 3545 4275; x_wconf 81' lang='lat' dir='ltr'><strong>et.</strong></span> 
     </span>
    </p>
   </div>
   <div class='ocr_carea' id='block_1_88' title="bbox 1944 4301 3546 4374">
    <p class='ocr_par' dir='ltr' id='par_1_88' title="bbox 1944 4301 3546 4374">
     <span class='ocr_line' id='line_1_88' title="bbox 1944 4301 3546 4374; baseline 0.002 -17"><span class='ocrx_word' id='word_1_702' title='bbox 1944 4301 2201 4358; x_wconf 85' lang='lat' dir='ltr'><strong>defensor</strong></span> <span class='ocrx_word' id='word_1_703' title='bbox 2235 4303 2512 4358; x_wconf 71' lang='grc' dir='ltr'>Εεειεείςε.</span> <span class='ocrx_word' id='word_1_704' title='bbox 2556 4302 2625 4356; x_wconf 81' lang='lat' dir='ltr'><strong>Et</strong></span> <span class='ocrx_word' id='word_1_705' title='bbox 2656 4303 2709 4357; x_wconf 88' lang='lat' dir='ltr'><strong>in</strong></span> <span class='ocrx_word' id='word_1_706' title='bbox 2737 4304 2853 4374; x_wconf 85' lang='lat' dir='ltr'><strong>ipso</strong></span> <span class='ocrx_word' id='word_1_707' title='bbox 2880 4302 3148 4359; x_wconf 70' lang='lat' dir='ltr'><strong>[tutabitur</strong></span> <span class='ocrx_word' id='word_1_708' title='bbox 3174 4321 3265 4361; x_wconf 86' lang='lat' dir='ltr'><strong>cor</strong></span> <span class='ocrx_word' id='word_1_709' title='bbox 3292 4319 3546 4367; x_wconf 84' lang='lat' dir='ltr'><strong>nostrum.</strong></span> 
     </span>
    </p>
   </div>
   <div class='ocr_carea' id='block_1_89' title="bbox 1947 4393 3541 4468">
    <p class='ocr_par' dir='ltr' id='par_1_89' title="bbox 1947 4393 3541 4468">
     <span class='ocr_line' id='line_1_89' title="bbox 1947 4393 3541 4468; baseline 0.005 -20"><span class='ocrx_word' id='word_1_710' title='bbox 1947 4393 2004 4448; x_wconf 91' lang='lat' dir='ltr'><strong>Id</strong></span> <span class='ocrx_word' id='word_1_711' title='bbox 2045 4403 2149 4460; x_wconf 89' lang='lat' dir='ltr'><strong>est,</strong></span> <span class='ocrx_word' id='word_1_712' title='bbox 2180 4396 2358 4450; x_wconf 87' lang='lat' dir='ltr'><strong>anima</strong></span> <span class='ocrx_word' id='word_1_713' title='bbox 2391 4402 2572 4451; x_wconf 88' lang='lat' dir='ltr'><strong>nostra</strong></span> <span class='ocrx_word' id='word_1_714' title='bbox 2604 4396 2873 4452; x_wconf 67' lang='lat' dir='ltr'><strong>laetabitur</strong></span> <span class='ocrx_word' id='word_1_715' title='bbox 2904 4395 2971 4452; x_wconf 92' lang='lat' dir='ltr'><strong>de</strong></span> <span class='ocrx_word' id='word_1_716' title='bbox 2997 4412 3093 4468; x_wconf 85' lang='grc' dir='ltr'><strong>ερε</strong></span> <span class='ocrx_word' id='word_1_717' title='bbox 3124 4397 3321 4454; x_wconf 68' lang='lat' dir='ltr'><strong>futura:</strong></span> <span class='ocrx_word' id='word_1_718' title='bbox 3353 4416 3541 4457; x_wconf 87' lang='lat' dir='ltr'><strong>remu-</strong></span> 
     </span>
    </p>
   </div>
   <div class='ocr_carea' id='block_1_90' title="bbox 1948 4485 3548 4551">
    <p class='ocr_par' dir='ltr' id='par_1_90' title="bbox 1948 4485 3548 4551">
     <span class='ocr_line' id='line_1_90' title="bbox 1948 4485 3548 4551; baseline 0.008 -12"><span class='ocrx_word' id='word_1_719' title='bbox 1948 4485 2265 4551; x_wconf 85' lang='lat' dir='ltr'><strong>nerationis,</strong></span> <span class='ocrx_word' id='word_1_720' title='bbox 2298 4498 2353 4543; x_wconf 89' lang='lat' dir='ltr'><strong>et</strong></span> <span class='ocrx_word' id='word_1_721' title='bbox 2382 4487 2658 4545; x_wconf 64' lang='lat' dir='ltr'><strong>luitabitur</strong></span> <span class='ocrx_word' id='word_1_722' title='bbox 2690 4488 2935 4545; x_wconf 86' lang='lat' dir='ltr'><strong>Ecclesia</strong></span> <span class='ocrx_word' id='word_1_723' title='bbox 2978 4490 3030 4547; x_wconf 92' lang='lat' dir='ltr'><strong>in</strong></span> <span class='ocrx_word' id='word_1_724' title='bbox 3071 4492 3443 4551; x_wconf 85' lang='lat' dir='ltr'><strong>tribulatione.</strong></span> <span class='ocrx_word' id='word_1_725' title='bbox 3480 4495 3548 4551; x_wconf 83' lang='lat' dir='ltr'><strong>Et</strong></span> 
     </span>
    </p>
   </div>
   <div class='ocr_carea' id='block_1_91' title="bbox 248 4579 3550 4656">
    <p class='ocr_par' dir='ltr' id='par_1_91' title="bbox 248 4579 3550 4656">
     <span class='ocr_line' id='line_1_91' title="bbox 248 4579 3550 4656; baseline -0.002 -15"><span class='ocrx_word' id='word_1_726' title='bbox 248 4600 349 4656; x_wconf 89' lang='lat' dir='ltr'><strong>per</strong></span> <span class='ocrx_word' id='word_1_727' title='bbox 375 4584 620 4656; x_wconf 89' lang='lat' dir='ltr'><strong>singulos</strong></span> <span class='ocrx_word' id='word_1_728' title='bbox 639 4583 806 4640; x_wconf 89' lang='lat' dir='ltr'><strong>corda</strong></span> <span class='ocrx_word' id='word_1_729' title='bbox 828 4599 1040 4641; x_wconf 90' lang='lat' dir='ltr'><strong>eorum.</strong></span> <span class='ocrx_word' id='word_1_730' title='bbox 1068 4584 1298 4652; x_wconf 84' lang='lat' dir='ltr'><strong>Quidam</strong></span> <span class='ocrx_word' id='word_1_731' title='bbox 1328 4584 1469 4640; x_wconf 91' lang='lat' dir='ltr'><strong>hunc</strong></span> <span class='ocrx_word' id='word_1_732' title='bbox 1490 4585 1666 4641; x_wconf 90' lang='lat' dir='ltr'><strong>locum</strong></span> <span class='ocrx_word' id='word_1_733' title='bbox 1695 4601 1846 4642; x_wconf 88' lang='lat' dir='ltr'><strong>men-</strong></span> <span class='ocrx_word' id='word_1_734' title='bbox 1873 4579 1925 4639; x_wconf 91' lang='lat' dir='ltr'><strong>D</strong></span> <span class='ocrx_word' id='word_1_735' title='bbox 1950 4580 2002 4632; x_wconf 75' lang='lat' dir='ltr'><strong>in</strong></span> <span class='ocrx_word' id='word_1_736' title='bbox 2045 4580 2251 4633; x_wconf 81' lang='lat' dir='ltr'><strong>nomine</strong></span> <span class='ocrx_word' id='word_1_737' title='bbox 2305 4590 2486 4635; x_wconf 83' lang='lat' dir='ltr'><strong>sancto</strong></span> <span class='ocrx_word' id='word_1_738' title='bbox 2544 4583 2658 4653; x_wconf 80' lang='lat' dir='ltr'><strong>ejus</strong></span> <span class='ocrx_word' id='word_1_739' title='bbox 2707 4583 3047 4654; x_wconf 81' lang='lat' dir='ltr'><strong>speravimus.</strong></span> <span class='ocrx_word' id='word_1_740' title='bbox 3105 4584 3314 4641; x_wconf 80' lang='lat' dir='ltr'><strong>Nomen</strong></span> <span class='ocrx_word' id='word_1_741' title='bbox 3374 4587 3550 4643; x_wconf 77' lang='lat' dir='ltr'><strong>Patris</strong></span> 
     </span>
    </p>
   </div>
   <div class='ocr_carea' id='block_1_92' title="bbox 246 4670 1844 4747">
    <p class='ocr_par' dir='ltr' id='par_1_92' title="bbox 246 4670 1844 4747">
     <span class='ocr_line' id='line_1_92' title="bbox 246 4670 1844 4747; baseline 0.001 -14"><span class='ocrx_word' id='word_1_742' title='bbox 246 4677 460 4734; x_wconf 89' lang='lat' dir='ltr'><strong>daeiter</strong></span> <span class='ocrx_word' id='word_1_743' title='bbox 502 4676 569 4731; x_wconf 92' lang='lat' dir='ltr'><strong>ad</strong></span> <span class='ocrx_word' id='word_1_744' title='bbox 610 4676 741 4732; x_wconf 91' lang='lat' dir='ltr'><strong>illud</strong></span> <span class='ocrx_word' id='word_1_745' title='bbox 787 4676 1065 4742; x_wconf 86' lang='lat' dir='ltr'><strong>referunt,</strong></span> <span class='ocrx_word' id='word_1_746' title='bbox 1110 4676 1256 4747; x_wconf 89' lang='lat' dir='ltr'><strong>quod</strong></span> <span class='ocrx_word' id='word_1_747' title='bbox 1300 4677 1534 4731; x_wconf 89' lang='lat' dir='ltr'><strong>animam</strong></span> <span class='ocrx_word' id='word_1_748' title='bbox 1568 4670 1631 4732; x_wconf 81' lang='lat' dir='ltr'><strong>ex</strong></span> <span class='ocrx_word' id='word_1_749' title='bbox 1664 4678 1844 4734; x_wconf 84' lang='lat' dir='ltr'><strong>anima</strong></span> 
     </span>
    </p>
   </div>
   <div class='ocr_carea' id='block_1_93' title="bbox 247 4769 1840 4843">
    <p class='ocr_par' dir='ltr' id='par_1_93' title="bbox 247 4769 1840 4843">
     <span class='ocr_line' id='line_1_93' title="bbox 247 4769 1840 4843; baseline -0.001 -15"><span class='ocrx_word' id='word_1_750' title='bbox 247 4771 567 4828; x_wconf 76' lang='lat' dir='ltr'><strong>existiment</strong></span> <span class='ocrx_word' id='word_1_751' title='bbox 610 4785 734 4828; x_wconf 86' lang='lat' dir='ltr'><strong>esse</strong></span> <span class='ocrx_word' id='word_1_752' title='bbox 772 4780 1125 4843; x_wconf 85' lang='lat' dir='ltr'><strong>generatam,</strong></span> <span class='ocrx_word' id='word_1_753' title='bbox 1176 4780 1231 4827; x_wconf 93' lang='lat' dir='ltr'><strong>et</strong></span> <span class='ocrx_word' id='word_1_754' title='bbox 1286 4770 1338 4825; x_wconf 93' lang='lat' dir='ltr'><strong>in</strong></span> <span class='ocrx_word' id='word_1_755' title='bbox 1380 4769 1552 4826; x_wconf 86' lang='lat' dir='ltr'><strong>Adam</strong></span> <span class='ocrx_word' id='word_1_756' title='bbox 1599 4772 1840 4827; x_wconf 88' lang='lat' dir='ltr'><strong>omnium</strong></span> 
     </span>
    </p>
   </div>
   <div class='ocr_carea' id='block_1_94' title="bbox 249 4861 1850 4933">
    <p class='ocr_par' dir='ltr' id='par_1_94' title="bbox 249 4861 1850 4933">
     <span class='ocr_line' id='line_1_94' title="bbox 249 4861 1850 4933; baseline 0.004 -17"><span class='ocrx_word' id='word_1_757' title='bbox 249 4863 467 4917; x_wconf 88' lang='lat' dir='ltr'><strong>animas</strong></span> <span class='ocrx_word' id='word_1_758' title='bbox 492 4862 762 4919; x_wconf 82' lang='lat' dir='ltr'><strong>contineri</strong></span> <span class='ocrx_word' id='word_1_759' title='bbox 793 4880 809 4922; x_wconf 89' lang='lat'><strong>:</strong></span> <span class='ocrx_word' id='word_1_760' title='bbox 839 4863 967 4933; x_wconf 86' lang='lat' dir='ltr'><strong>quia</strong></span> <span class='ocrx_word' id='word_1_761' title='bbox 995 4862 1047 4919; x_wconf 88' lang='lat' dir='ltr'><strong>id</strong></span> <span class='ocrx_word' id='word_1_762' title='bbox 1076 4862 1219 4933; x_wconf 87' lang='lat' dir='ltr'><strong>quod</strong></span> <span class='ocrx_word' id='word_1_763' title='bbox 1248 4861 1438 4919; x_wconf 63' lang='lat' dir='ltr'><strong>Graece</strong></span> <span class='ocrx_word' id='word_1_764' title='bbox 1466 4861 1667 4919; x_wconf 86' lang='lat' dir='ltr'><strong>dicitur</strong></span> <span class='ocrx_word' id='word_1_765' title='bbox 1694 4885 1850 4922; x_wconf 79' lang='grc' dir='ltr'><strong>κατα-</strong></span> 
     </span>
    </p>
   </div>
   <div class='ocr_carea' id='block_1_95' title="bbox 248 4954 1847 5029">
    <p class='ocr_par' dir='ltr' id='par_1_95' title="bbox 248 4954 1847 5029">
     <span class='ocr_line' id='line_1_95' title="bbox 248 4954 1847 5029; baseline 0.003 -18"><span class='ocrx_word' id='word_1_766' title='bbox 248 4954 449 5029; x_wconf 79' lang='grc' dir='ltr'><strong>μόνας,</strong></span> <span class='ocrx_word' id='word_1_767' title='bbox 480 4971 587 5015; x_wconf 83' lang='grc' dir='ltr'>ηοιι</span> <span class='ocrx_word' id='word_1_768' title='bbox 616 4970 807 5025; x_wconf 91' lang='lat' dir='ltr'><strong>unum,</strong></span> <span class='ocrx_word' id='word_1_769' title='bbox 841 4956 939 5012; x_wconf 88' lang='lat' dir='ltr'><strong>sed</strong></span> <span class='ocrx_word' id='word_1_770' title='bbox 972 4971 1070 5027; x_wconf 90' lang='lat' dir='ltr'><strong>per</strong></span> <span class='ocrx_word' id='word_1_771' title='bbox 1098 4957 1296 5012; x_wconf 80' lang='lat' dir='ltr'><strong>multos</strong></span> <span class='ocrx_word' id='word_1_772' title='bbox 1339 4971 1608 5027; x_wconf 86' lang='lat' dir='ltr'><strong>quemque</strong></span> <span class='ocrx_word' id='word_1_773' title='bbox 1637 4956 1847 5027; x_wconf 76' lang='lat' dir='ltr'><strong>signiti-</strong></span> 
     </span>
    </p>
   </div>
   <div class='ocr_carea' id='block_1_96' title="bbox 248 5057 363 5104">
    <p class='ocr_par' dir='ltr' id='par_1_96' title="bbox 248 5057 363 5104">
     <span class='ocr_line' id='line_1_96' title="bbox 248 5057 363 5104; baseline -0.017 0"><span class='ocrx_word' id='word_1_774' title='bbox 248 5057 363 5104; x_wconf 89' lang='lat' dir='ltr'><strong>cet.</strong></span> 
     </span>
    </p>
   </div>
   <div class='ocr_carea' id='block_1_97' title="bbox 328 5139 1852 5214">
    <p class='ocr_par' dir='ltr' id='par_1_97' title="bbox 328 5139 1852 5214">
     <span class='ocr_line' id='line_1_97' title="bbox 328 5139 1852 5214; baseline 0.001 -20"><span class='ocrx_word' id='word_1_775' title='bbox 328 5140 435 5208; x_wconf 85' lang='lat' dir='ltr'><strong>Qui</strong></span> <span class='ocrx_word' id='word_1_776' title='bbox 476 5140 629 5210; x_wconf 65' lang='lat' dir='ltr'><strong>finxit</strong></span> <span class='ocrx_word' id='word_1_777' title='bbox 671 5141 945 5214; x_wconf 83' lang='lat' dir='ltr'><strong>sigillatim</strong></span> <span class='ocrx_word' id='word_1_778' title='bbox 984 5140 1144 5195; x_wconf 88' lang='lat' dir='ltr'><strong>corda</strong></span> <span class='ocrx_word' id='word_1_779' title='bbox 1186 5156 1382 5196; x_wconf 86' lang='lat' dir='ltr'><strong>eorum.</strong></span> <span class='ocrx_word' id='word_1_780' title='bbox 1418 5140 1521 5206; x_wconf 86' lang='lat' dir='ltr'><strong>Qui</strong></span> <span class='ocrx_word' id='word_1_781' title='bbox 1567 5141 1717 5208; x_wconf 72' lang='lat' dir='ltr'><strong>ﬁnxit</strong></span> <span class='ocrx_word' id='word_1_782' title='bbox 1748 5158 1767 5196; x_wconf 89' lang='lat'><strong><em>:</em></strong></span> <span class='ocrx_word' id='word_1_783' title='bbox 1797 5139 1852 5196; x_wconf 89' lang='lat' dir='ltr'><strong>id</strong></span> 
     </span>
    </p>
   </div>
   <div class='ocr_carea' id='block_1_98' title="bbox 250 5231 1849 5304">
    <p class='ocr_par' dir='ltr' id='par_1_98' title="bbox 250 5231 1849 5304">
     <span class='ocr_line' id='line_1_98' title="bbox 250 5231 1849 5304; baseline -0.002 -14"><span class='ocrx_word' id='word_1_784' title='bbox 250 5242 361 5298; x_wconf 83' lang='lat' dir='ltr'><strong>est,</strong></span> <span class='ocrx_word' id='word_1_785' title='bbox 410 5232 556 5288; x_wconf 90' lang='lat' dir='ltr'><strong>fecit.</strong></span> <span class='ocrx_word' id='word_1_786' title='bbox 589 5231 898 5304; x_wconf 87' lang='lat' dir='ltr'><strong>Sigillatim.</strong></span> <span class='ocrx_word' id='word_1_787' title='bbox 933 5232 1038 5287; x_wconf 87' lang='lat' dir='ltr'><strong>Per</strong></span> <span class='ocrx_word' id='word_1_788' title='bbox 1080 5231 1321 5303; x_wconf 86' lang='lat' dir='ltr'><strong>singulos</strong></span> <span class='ocrx_word' id='word_1_789' title='bbox 1349 5247 1543 5288; x_wconf 90' lang='lat' dir='ltr'><strong>omnes</strong></span> <span class='ocrx_word' id='word_1_790' title='bbox 1571 5232 1849 5304; x_wconf 87' lang='lat' dir='ltr'><strong>intelligit,</strong></span> 
     </span>
    </p>
   </div>
   <div class='ocr_carea' id='block_1_99' title="bbox 248 5323 1855 5396">
    <p class='ocr_par' dir='ltr' id='par_1_99' title="bbox 248 5323 1855 5396">
     <span class='ocr_line' id='line_1_99' title="bbox 248 5323 1855 5396; baseline 0 -16"><span class='ocrx_word' id='word_1_791' title='bbox 248 5337 308 5382; x_wconf 73' lang='lat' dir='ltr'><strong>rt</strong></span> <span class='ocrx_word' id='word_1_792' title='bbox 359 5326 581 5381; x_wconf 75' lang='lat' dir='ltr'><strong>insimul</strong></span> <span class='ocrx_word' id='word_1_793' title='bbox 627 5340 820 5386; x_wconf 82' lang='lat' dir='ltr'><strong>omnes</strong></span> <span class='ocrx_word' id='word_1_794' title='bbox 862 5325 1159 5396; x_wconf 73' lang='lat' dir='ltr'><strong>cognoscit.</strong></span> <span class='ocrx_word' id='word_1_795' title='bbox 1207 5323 1379 5381; x_wconf 88' lang='lat' dir='ltr'><strong>Corda</strong></span> <span class='ocrx_word' id='word_1_796' title='bbox 1418 5341 1594 5379; x_wconf 84' lang='lat' dir='ltr'><strong>eorum</strong></span> <span class='ocrx_word' id='word_1_797' title='bbox 1632 5340 1650 5378; x_wconf 89' lang='lat'><strong><em>:</em></strong></span> <span class='ocrx_word' id='word_1_798' title='bbox 1688 5340 1855 5395; x_wconf 84' lang='lat' dir='ltr'><strong>opera</strong></span> 
     </span>
    </p>
   </div>
   <div class='ocr_carea' id='block_1_100' title="bbox 250 5416 1857 5489">
    <p class='ocr_par' dir='ltr' id='par_1_100' title="bbox 250 5416 1857 5489">
     <span class='ocr_line' id='line_1_100' title="bbox 250 5416 1857 5489; baseline -0.003 -12"><span class='ocrx_word' id='word_1_799' title='bbox 250 5421 497 5477; x_wconf 82' lang='lat' dir='ltr'><strong>illorum.</strong></span> <span class='ocrx_word' id='word_1_800' title='bbox 544 5417 647 5485; x_wconf 88' lang='lat' dir='ltr'><strong>Qui</strong></span> <span class='ocrx_word' id='word_1_801' title='bbox 687 5417 933 5489; x_wconf 86' lang='lat' dir='ltr'><strong>intelligit</strong></span> <span class='ocrx_word' id='word_1_802' title='bbox 978 5418 1153 5471; x_wconf 85' lang='lat' dir='ltr'><strong>omnia</strong></span> <span class='ocrx_word' id='word_1_803' title='bbox 1191 5432 1352 5487; x_wconf 84' lang='lat' dir='ltr'><strong>opera</strong></span> <span class='ocrx_word' id='word_1_804' title='bbox 1390 5432 1586 5470; x_wconf 79' lang='lat' dir='ltr'><strong>eorum.</strong></span> <span class='ocrx_word' id='word_1_805' title='bbox 1622 5416 1742 5487; x_wconf 83' lang='lat' dir='ltr'><strong>Ipse</strong></span> <span class='ocrx_word' id='word_1_806' title='bbox 1771 5426 1857 5475; x_wconf 87' lang='lat' dir='ltr'><strong>est</strong></span> 
     </span>
    </p>
   </div>
   <div class='ocr_carea' id='block_1_101' title="bbox 252 5508 1854 5581">
    <p class='ocr_par' dir='ltr' id='par_1_101' title="bbox 252 5508 1854 5581">
     <span class='ocr_line' id='line_1_101' title="bbox 252 5508 1854 5581; baseline -0.003 -12"><span class='ocrx_word' id='word_1_807' title='bbox 252 5512 402 5569; x_wconf 88' lang='lat' dir='ltr'><strong>enim</strong></span> <span class='ocrx_word' id='word_1_808' title='bbox 451 5510 767 5581; x_wconf 88' lang='lat' dir='ltr'><strong>speculator</strong></span> <span class='ocrx_word' id='word_1_809' title='bbox 820 5508 1154 5580; x_wconf 88' lang='lat' dir='ltr'><strong>prospiciens</strong></span> <span class='ocrx_word' id='word_1_810' title='bbox 1196 5508 1265 5564; x_wconf 91' lang='lat' dir='ltr'><strong>de</strong></span> <span class='ocrx_word' id='word_1_811' title='bbox 1309 5508 1399 5563; x_wconf 91' lang='lat' dir='ltr'><strong>die</strong></span> <span class='ocrx_word' id='word_1_812' title='bbox 1438 5508 1489 5563; x_wconf 93' lang='lat' dir='ltr'><strong>in</strong></span> <span class='ocrx_word' id='word_1_813' title='bbox 1523 5508 1667 5564; x_wconf 90' lang='lat' dir='ltr'><strong>diem</strong></span> <span class='ocrx_word' id='word_1_814' title='bbox 1699 5518 1854 5564; x_wconf 89' lang='lat' dir='ltr'><strong>actus</strong></span> 
     </span>
    </p>
   </div>
   <div class='ocr_carea' id='block_1_102' title="bbox 252 5600 1855 5675">
    <p class='ocr_par' dir='ltr' id='par_1_102' title="bbox 252 5600 1855 5675">
     <span class='ocr_line' id='line_1_102' title="bbox 252 5600 1855 5675; baseline -0.002 -15"><span class='ocrx_word' id='word_1_815' title='bbox 252 5606 551 5661; x_wconf 82' lang='lat' dir='ltr'><strong>humanos.</strong></span> <span class='ocrx_word' id='word_1_816' title='bbox 585 5601 688 5669; x_wconf 87' lang='lat' dir='ltr'><strong>Qui</strong></span> <span class='ocrx_word' id='word_1_817' title='bbox 714 5600 955 5674; x_wconf 85' lang='lat' dir='ltr'><strong>intelligit</strong></span> <span class='ocrx_word' id='word_1_818' title='bbox 984 5601 1157 5657; x_wconf 88' lang='lat' dir='ltr'><strong>omnia</strong></span> <span class='ocrx_word' id='word_1_819' title='bbox 1187 5617 1341 5675; x_wconf 89' lang='lat' dir='ltr'><strong>opera</strong></span> <span class='ocrx_word' id='word_1_820' title='bbox 1369 5616 1543 5655; x_wconf 85' lang='lat' dir='ltr'><strong>eorum</strong></span> <span class='ocrx_word' id='word_1_821' title='bbox 1574 5616 1592 5655; x_wconf 94' lang='lat'><strong><em>:</em></strong></span> <span class='ocrx_word' id='word_1_822' title='bbox 1624 5601 1724 5656; x_wconf 87' lang='lat' dir='ltr'><strong>hoc</strong></span> <span class='ocrx_word' id='word_1_823' title='bbox 1751 5610 1855 5669; x_wconf 79' lang='lat' dir='ltr'><strong>est,</strong></span> 
     </span>
    </p>
   </div>
   <div class='ocr_carea' id='block_1_103' title="bbox 249 5692 1861 5771">
    <p class='ocr_par' dir='ltr' id='par_1_103' title="bbox 249 5692 1861 5771">
     <span class='ocr_line' id='line_1_103' title="bbox 249 5692 1861 5771; baseline -0.001 -19"><span class='ocrx_word' id='word_1_824' title='bbox 249 5697 498 5771; x_wconf 87' lang='lat' dir='ltr'><strong>qualiter</strong></span> <span class='ocrx_word' id='word_1_825' title='bbox 544 5693 749 5751; x_wconf 88' lang='lat' dir='ltr'><strong>donum</strong></span> <span class='ocrx_word' id='word_1_826' title='bbox 772 5694 867 5751; x_wconf 87' lang='lat' dir='ltr'><strong>Dei</strong></span> <span class='ocrx_word' id='word_1_827' title='bbox 910 5708 1248 5768; x_wconf 64' lang='lat' dir='ltr'><strong>unaquaeque</strong></span> <span class='ocrx_word' id='word_1_828' title='bbox 1280 5693 1461 5750; x_wconf 87' lang='lat' dir='ltr'><strong>anima</strong></span> <span class='ocrx_word' id='word_1_829' title='bbox 1491 5692 1712 5763; x_wconf 86' lang='lat' dir='ltr'><strong>habeat,</strong></span> <span class='ocrx_word' id='word_1_830' title='bbox 1744 5693 1861 5765; x_wconf 89' lang='lat' dir='ltr'><strong>ipse</strong></span> 
     </span>
    </p>
   </div>
   <div class='ocr_carea' id='block_1_104' title="bbox 254 5793 568 5864">
    <p class='ocr_par' dir='ltr' id='par_1_104' title="bbox 254 5793 568 5864">
     <span class='ocr_line' id='line_1_104' title="bbox 254 5793 568 5864; baseline -0.019 -13"><span class='ocrx_word' id='word_1_831' title='bbox 254 5793 568 5864; x_wconf 81' lang='lat' dir='ltr'><strong>dispensat.</strong></span> 
     </span>
    </p>
   </div>
   <div class='ocr_carea' id='block_1_105' title="bbox 1954 4669 2259 4726">
    <p class='ocr_par' dir='ltr' id='par_1_105' title="bbox 1954 4669 2259 4726">
     <span class='ocr_line' id='line_1_105' title="bbox 1954 4669 2259 4726; baseline 0.003 -2"><span class='ocrx_word' id='word_1_832' title='bbox 1954 4669 2125 4724; x_wconf 86' lang='lat' dir='ltr'><strong>Filius</strong></span> <span class='ocrx_word' id='word_1_833' title='bbox 2156 4680 2259 4726; x_wconf 88' lang='lat' dir='ltr'><strong>est.</strong></span> 
     </span>
    </p>
   </div>
   <div class='ocr_carea' id='block_1_106' title="bbox 2025 4760 3549 4842">
    <p class='ocr_par' dir='ltr' id='par_1_106' title="bbox 2025 4760 3549 4842">
     <span class='ocr_line' id='line_1_106' title="bbox 2025 4760 3549 4842; baseline 0.006 -28"><span class='ocrx_word' id='word_1_834' title='bbox 2025 4760 2147 4816; x_wconf 85' lang='lat' dir='ltr'><strong>Fiat</strong></span> <span class='ocrx_word' id='word_1_835' title='bbox 2170 4762 2522 4818; x_wconf 86' lang='lat' dir='ltr'><strong>misericordia</strong></span> <span class='ocrx_word' id='word_1_836' title='bbox 2544 4772 2658 4833; x_wconf 87' lang='lat' dir='ltr'><strong>tua,</strong></span> <span class='ocrx_word' id='word_1_837' title='bbox 2683 4762 2919 4832; x_wconf 88' lang='lat' dir='ltr'><strong>Domine,</strong></span> <span class='ocrx_word' id='word_1_838' title='bbox 2944 4782 3098 4835; x_wconf 83' lang='lat' dir='ltr'><strong>super</strong></span> <span class='ocrx_word' id='word_1_839' title='bbox 3125 4784 3240 4831; x_wconf 85' lang='lat' dir='ltr'><strong>nos,</strong></span> <span class='ocrx_word' id='word_1_840' title='bbox 3273 4769 3405 4823; x_wconf 87' lang='lat' dir='ltr'><strong>sicut</strong></span> <span class='ocrx_word' id='word_1_841' title='bbox 3427 4787 3549 4842; x_wconf 83' lang='lat' dir='ltr'><strong>spe-</strong></span> 
     </span>
    </p>
   </div>
   <div class='ocr_carea' id='block_1_107' title="bbox 1954 4854 3553 4917">
    <p class='ocr_par' dir='ltr' id='par_1_107' title="bbox 1954 4854 3553 4917">
     <span class='ocr_line' id='line_1_107' title="bbox 1954 4854 3553 4917; baseline 0.006 -10"><span class='ocrx_word' id='word_1_842' title='bbox 1954 4854 2177 4909; x_wconf 79' lang='lat' dir='ltr'><strong>rarimus</strong></span> <span class='ocrx_word' id='word_1_843' title='bbox 2196 4855 2249 4909; x_wconf 88' lang='lat' dir='ltr'><strong>in</strong></span> <span class='ocrx_word' id='word_1_844' title='bbox 2281 4863 2348 4910; x_wconf 90' lang='lat' dir='ltr'><strong>te.</strong></span> <span class='ocrx_word' id='word_1_845' title='bbox 2381 4855 2565 4910; x_wconf 79' lang='lat' dir='ltr'><strong>Oratio</strong></span> <span class='ocrx_word' id='word_1_846' title='bbox 2597 4856 2846 4911; x_wconf 67' lang='lat' dir='ltr'><strong>Ecclesia:</strong></span> <span class='ocrx_word' id='word_1_847' title='bbox 2872 4867 2959 4911; x_wconf 90' lang='lat' dir='ltr'><strong>est</strong></span> <span class='ocrx_word' id='word_1_848' title='bbox 2985 4876 2998 4910; x_wconf 89' lang='lat'><strong>:</strong></span> <span class='ocrx_word' id='word_1_849' title='bbox 3030 4867 3211 4915; x_wconf 88' lang='lat' dir='ltr'><strong>tamen</strong></span> <span class='ocrx_word' id='word_1_850' title='bbox 3237 4860 3404 4915; x_wconf 90' lang='lat' dir='ltr'><strong>istum</strong></span> <span class='ocrx_word' id='word_1_851' title='bbox 3432 4877 3553 4917; x_wconf 86' lang='lat' dir='ltr'><strong>ver-</strong></span> 
     </span>
    </p>
   </div>
   <div class='ocr_carea' id='block_1_108' title="bbox 1957 4948 3557 5027">
    <p class='ocr_par' dir='ltr' id='par_1_108' title="bbox 1957 4948 3557 5027">
     <span class='ocr_line' id='line_1_108' title="bbox 1957 4948 3557 5027; baseline 0.006 -25"><span class='ocrx_word' id='word_1_852' title='bbox 1957 4948 2190 5003; x_wconf 89' lang='lat' dir='ltr'><strong>siculum</strong></span> <span class='ocrx_word' id='word_1_853' title='bbox 2223 4948 2463 5020; x_wconf 85' lang='lat' dir='ltr'><strong>cogitare</strong></span> <span class='ocrx_word' id='word_1_854' title='bbox 2492 4948 2655 5005; x_wconf 89' lang='lat' dir='ltr'><strong>debet</strong></span> <span class='ocrx_word' id='word_1_855' title='bbox 2692 4951 3063 5021; x_wconf 77' lang='lat' dir='ltr'><strong>unusquiSque</strong></span> <span class='ocrx_word' id='word_1_856' title='bbox 3091 4962 3379 5025; x_wconf 88' lang='lat' dir='ltr'><strong>antequam</strong></span> <span class='ocrx_word' id='word_1_857' title='bbox 3410 4954 3557 5027; x_wconf 79' lang='lat' dir='ltr'><strong>lcga-</strong></span> 
     </span>
    </p>
   </div>
   <div class='ocr_carea' id='block_1_109' title="bbox 1958 5041 3556 5116">
    <p class='ocr_par' dir='ltr' id='par_1_109' title="bbox 1958 5041 3556 5116">
     <span class='ocr_line' id='line_1_109' title="bbox 1958 5041 3556 5116; baseline 0.008 -22"><span class='ocrx_word' id='word_1_858' title='bbox 1958 5050 2067 5105; x_wconf 89' lang='lat' dir='ltr'><strong>tur,</strong></span> <span class='ocrx_word' id='word_1_859' title='bbox 2102 5052 2157 5096; x_wconf 90' lang='lat' dir='ltr'><strong>ut</strong></span> <span class='ocrx_word' id='word_1_860' title='bbox 2187 5041 2421 5098; x_wconf 84' lang='lat' dir='ltr'><strong>fideliter</strong></span> <span class='ocrx_word' id='word_1_861' title='bbox 2450 5042 2618 5111; x_wconf 75' lang='lat' dir='ltr'><strong>dicat,</strong></span> <span class='ocrx_word' id='word_1_862' title='bbox 2646 5045 2776 5100; x_wconf 88' lang='lat' dir='ltr'><strong>sicut</strong></span> <span class='ocrx_word' id='word_1_863' title='bbox 2799 5046 3117 5116; x_wconf 81' lang='lat' dir='ltr'><strong>speravimus</strong></span> <span class='ocrx_word' id='word_1_864' title='bbox 3139 5046 3192 5101; x_wconf 88' lang='lat' dir='ltr'><strong>in</strong></span> <span class='ocrx_word' id='word_1_865' title='bbox 3228 5057 3296 5116; x_wconf 90' lang='lat' dir='ltr'><strong>te,</strong></span> <span class='ocrx_word' id='word_1_866' title='bbox 3324 5064 3392 5104; x_wconf 92' lang='lat' dir='ltr'><strong>ne</strong></span> <span class='ocrx_word' id='word_1_867' title='bbox 3421 5047 3556 5106; x_wconf 86' lang='lat' dir='ltr'><strong>alibi</strong></span> 
     </span>
    </p>
   </div>
   <div class='ocr_carea' id='block_1_110' title="bbox 1956 5134 3553 5215">
    <p class='ocr_par' dir='ltr' id='par_1_110' title="bbox 1956 5134 3553 5215">
     <span class='ocr_line' id='line_1_110' title="bbox 1956 5134 3553 5215; baseline 0.006 -28"><span class='ocrx_word' id='word_1_868' title='bbox 1956 5143 2113 5188; x_wconf 85' lang='lat' dir='ltr'><strong>vacet</strong></span> <span class='ocrx_word' id='word_1_869' title='bbox 2144 5149 2297 5189; x_wconf 76' lang='lat' dir='ltr'><strong>utens</strong></span> <span class='ocrx_word' id='word_1_870' title='bbox 2320 5151 2441 5191; x_wconf 87' lang='lat' dir='ltr'><strong>sua.</strong></span> <span class='ocrx_word' id='word_1_871' title='bbox 2472 5134 2616 5204; x_wconf 87' lang='lat' dir='ltr'><strong>Fiat,</strong></span> <span class='ocrx_word' id='word_1_872' title='bbox 2646 5134 2885 5201; x_wconf 81' lang='lat' dir='ltr'><strong>Domine,</strong></span> <span class='ocrx_word' id='word_1_873' title='bbox 2908 5138 3266 5194; x_wconf 82' lang='lat' dir='ltr'><strong>misericordia</strong></span> <span class='ocrx_word' id='word_1_874' title='bbox 3294 5150 3381 5195; x_wconf 85' lang='lat' dir='ltr'><strong>tua</strong></span> <span class='ocrx_word' id='word_1_875' title='bbox 3400 5159 3553 5215; x_wconf 82' lang='lat' dir='ltr'><strong>super</strong></span> 
     </span>
    </p>
   </div>
   <div class='ocr_carea' id='block_1_111' title="bbox 1959 5226 3555 5303">
    <p class='ocr_par' dir='ltr' id='par_1_111' title="bbox 1959 5226 3555 5303">
     <span class='ocr_line' id='line_1_111' title="bbox 1959 5226 3555 5303; baseline 0.008 -25"><span class='ocrx_word' id='word_1_876' title='bbox 1959 5241 2054 5281; x_wconf 88' lang='lat' dir='ltr'><strong>nos</strong></span> <span class='ocrx_word' id='word_1_877' title='bbox 2077 5240 2096 5280; x_wconf 89' lang='lat'><strong><em>:</em></strong></span> <span class='ocrx_word' id='word_1_878' title='bbox 2123 5226 2254 5280; x_wconf 87' lang='lat' dir='ltr'><strong>sicut</strong></span> <span class='ocrx_word' id='word_1_879' title='bbox 2276 5228 2591 5293; x_wconf 78' lang='lat' dir='ltr'><strong>speravimus</strong></span> <span class='ocrx_word' id='word_1_880' title='bbox 2611 5229 2664 5282; x_wconf 89' lang='lat' dir='ltr'><strong>in</strong></span> <span class='ocrx_word' id='word_1_881' title='bbox 2695 5238 2761 5283; x_wconf 75' lang='lat' dir='ltr'><strong>te.</strong></span> <span class='ocrx_word' id='word_1_882' title='bbox 2795 5228 2860 5285; x_wconf 88' lang='lat' dir='ltr'><strong>Ut</strong></span> <span class='ocrx_word' id='word_1_883' title='bbox 2881 5230 2971 5300; x_wconf 93' lang='lat' dir='ltr'><strong>qni</strong></span> <span class='ocrx_word' id='word_1_884' title='bbox 2997 5245 3096 5287; x_wconf 88' lang='lat' dir='ltr'><strong>nos</strong></span> <span class='ocrx_word' id='word_1_885' title='bbox 3111 5245 3207 5301; x_wconf 89' lang='lat' dir='ltr'><strong>per</strong></span> <span class='ocrx_word' id='word_1_886' title='bbox 3224 5232 3555 5303; x_wconf 86' lang='lat' dir='ltr'><strong>baptismum</strong></span> 
     </span>
    </p>
   </div>
   <div class='ocr_carea' id='block_1_112' title="bbox 1961 5319 3561 5392">
    <p class='ocr_par' dir='ltr' id='par_1_112' title="bbox 1961 5319 3561 5392">
     <span class='ocr_line' id='line_1_112' title="bbox 1961 5319 3561 5392; baseline 0.005 -18"><span class='ocrx_word' id='word_1_887' title='bbox 1961 5319 2200 5383; x_wconf 83' lang='lat' dir='ltr'><strong>abluisti,</strong></span> <span class='ocrx_word' id='word_1_888' title='bbox 2231 5320 2468 5390; x_wconf 88' lang='lat' dir='ltr'><strong>Spiritus</strong></span> <span class='ocrx_word' id='word_1_889' title='bbox 2519 5322 2693 5376; x_wconf 84' lang='lat' dir='ltr'><strong>sancti</strong></span> <span class='ocrx_word' id='word_1_890' title='bbox 2727 5322 2997 5377; x_wconf 88' lang='lat' dir='ltr'><strong>infnsioue</strong></span> <span class='ocrx_word' id='word_1_891' title='bbox 3042 5325 3371 5392; x_wconf 88' lang='lat' dir='ltr'><strong>confirmes,</strong></span> <span class='ocrx_word' id='word_1_892' title='bbox 3414 5328 3561 5382; x_wconf 78' lang='lat' dir='ltr'><strong>sirnt</strong></span> 
     </span>
    </p>
   </div>
   <div class='ocr_carea' id='block_1_113' title="bbox 1960 5414 3555 5491">
    <p class='ocr_par' dir='ltr' id='par_1_113' title="bbox 1960 5414 3555 5491">
     <span class='ocr_line' id='line_1_113' title="bbox 1960 5414 3555 5491; baseline 0.005 -23"><span class='ocrx_word' id='word_1_893' title='bbox 1960 5414 2014 5468; x_wconf 90' lang='lat' dir='ltr'><strong>in</strong></span> <span class='ocrx_word' id='word_1_894' title='bbox 2047 5414 2269 5471; x_wconf 79' lang='lat' dir='ltr'><strong>Actibus</strong></span> <span class='ocrx_word' id='word_1_895' title='bbox 2300 5415 2679 5485; x_wconf 86' lang='lat' dir='ltr'><strong>apostolorum</strong></span> <span class='ocrx_word' id='word_1_896' title='bbox 2710 5417 2987 5473; x_wconf 88' lang='lat' dir='ltr'><strong>cernimus</strong></span> <span class='ocrx_word' id='word_1_897' title='bbox 3018 5433 3141 5474; x_wconf 91' lang='lat' dir='ltr'><strong>esse</strong></span> <span class='ocrx_word' id='word_1_898' title='bbox 3186 5419 3387 5475; x_wconf 80' lang='lat' dir='ltr'><strong>factum</strong></span> <span class='ocrx_word' id='word_1_899' title='bbox 3418 5420 3555 5491; x_wconf 83' lang='lat' dir='ltr'><strong>(Act.</strong></span> 
     </span>
    </p>
   </div>
   <div class='ocr_carea' id='block_1_114' title="bbox 1961 5507 3561 5583">
    <p class='ocr_par' dir='ltr' id='par_1_114' title="bbox 1961 5507 3561 5583">
     <span class='ocr_line' id='line_1_114' title="bbox 1961 5507 3561 5583; baseline 0.004 -21"><span class='ocrx_word' id='word_1_900' title='bbox 1961 5507 2042 5580; x_wconf 87' lang='grc' dir='ltr'>ιι).</span> <span class='ocrx_word' id='word_1_901' title='bbox 2086 5508 2183 5576; x_wconf 86' lang='lat' dir='ltr'><strong>Qui</strong></span> <span class='ocrx_word' id='word_1_902' title='bbox 2231 5524 2374 5564; x_wconf 90' lang='lat' dir='ltr'><strong>nunc</strong></span> <span class='ocrx_word' id='word_1_903' title='bbox 2426 5509 2477 5562; x_wconf 91' lang='lat' dir='ltr'><strong>in</strong></span> <span class='ocrx_word' id='word_1_904' title='bbox 2509 5510 2669 5565; x_wconf 86' lang='lat' dir='ltr'><strong>nobis</strong></span> <span class='ocrx_word' id='word_1_905' title='bbox 2694 5511 2882 5565; x_wconf 78' lang='lat' dir='ltr'><strong>venire</strong></span> <span class='ocrx_word' id='word_1_906' title='bbox 2910 5512 3182 5581; x_wconf 85' lang='lat' dir='ltr'><strong>dignetur,</strong></span> <span class='ocrx_word' id='word_1_907' title='bbox 3219 5522 3275 5567; x_wconf 89' lang='lat' dir='ltr'><strong>ut</strong></span> <span class='ocrx_word' id='word_1_908' title='bbox 3320 5528 3415 5582; x_wconf 86' lang='lat' dir='ltr'><strong>per</strong></span> <span class='ocrx_word' id='word_1_909' title='bbox 3439 5513 3561 5583; x_wconf 86' lang='lat' dir='ltr'><strong>ejus</strong></span> 
     </span>
    </p>
   </div>
   <div class='ocr_carea' id='block_1_115' title="bbox 1962 5600 3557 5675">
    <p class='ocr_par' dir='ltr' id='par_1_115' title="bbox 1962 5600 3557 5675">
     <span class='ocr_line' id='line_1_115' title="bbox 1962 5600 3557 5675; baseline 0.003 -19"><span class='ocrx_word' id='word_1_910' title='bbox 1962 5602 2143 5657; x_wconf 91' lang='lat' dir='ltr'><strong>lumen</strong></span> <span class='ocrx_word' id='word_1_911' title='bbox 2171 5600 2315 5659; x_wconf 80' lang='lat' dir='ltr'><strong>efﬁci</strong></span> <span class='ocrx_word' id='word_1_912' title='bbox 2348 5616 2658 5660; x_wconf 87' lang='lat' dir='ltr'><strong>mercamur</strong></span> <span class='ocrx_word' id='word_1_913' title='bbox 2689 5602 2936 5661; x_wconf 69' lang='lat' dir='ltr'><strong>liccrcdes</strong></span> <span class='ocrx_word' id='word_1_914' title='bbox 2971 5604 3159 5675; x_wconf 64' lang='lat' dir='ltr'><strong>gloriae</strong></span> <span class='ocrx_word' id='word_1_915' title='bbox 3188 5605 3557 5675; x_wconf 71' lang='lat' dir='ltr'><strong>sempiternae.</strong></span> 
     </span>
    </p>
   </div>
   <div class='ocr_carea' id='block_1_116' title="bbox 1964 5698 2162 5752">
    <p class='ocr_par' dir='ltr' id='par_1_116' title="bbox 1964 5698 2162 5752">
     <span class='ocr_line' id='line_1_116' title="bbox 1964 5698 2162 5752; baseline 0 -1"><span class='ocrx_word' id='word_1_916' title='bbox 1964 5698 2162 5752; x_wconf 79' lang='lat' dir='ltr'><strong>Amen.</strong></span> 
     </span>
    </p>
   </div>
  </div>
