4034 6304
475 275 582 336 919

985 389 1305 450 PSALMUS
1344 389 1587 446 XXXIII.

480 489 726 548 Psalmus
767 489 933 544 David
960 504 1078 543 cum
1108 488 1321 543 mutavit
1348 489 1534 558 faciem
1566 505 1713 544 suam
1741 505 1912 544 coram
1942 489 2071 545 Abi-

554 562 774 629 melcclt,
830 570 877 615 et
904 560 1102 615 dimisit
1131 575 1270 625 eum,
1301 568 1349 614 et
1376 560 1522 614 abiit.
1556 559 1783 615 Mutatio
1813 560 1973 616 faciei
2017 560 2070 616 in

556 636 844 691 verborum
886 633 1186 686 mutatione
1227 639 1562 686 monstratur
1594 648 1608 685 :
1639 633 1855 702 quando
1886 648 1914 686 a
1938 631 2068 689 Saul

556 719 615 761 se
646 706 866 759 missum
896 717 1016 757 esse
1046 703 1345 757 simulavit.
1375 705 1483 758 Aut
1511 702 1557 757 si
1593 718 1773 759 veram
1822 706 2074 760 mutatio-

555 790 681 832 nem
713 775 892 830 vultus
914 773 1165 828 volumus
1212 773 1539 845 intelligere,
1584 774 1901 831 Abimelech
1934 776 2073 831 scia-

553 861 676 903 mus
699 846 905 901 dictum
931 859 1052 900 esse
1070 854 1094 881 “
1114 861 1213 915 pro
1236 844 1422 900 Achis.
1456 845 1564 901 Nec
1593 848 1644 902 in
1671 847 1890 906 nomine
1913 861 2072 903 error

552 929 663 981 cst.
698 933 820 973 cum
869 932 940 972 ex
987 927 1140 985 parte
1187 926 1507 985 generatus,
1556 919 1716 975 etiam
1752 918 2068 974 Abimelech

553 989 787 1059 potuerit
816 987 1100 1058 appellari.
1149 987 1463 1044 Abimelech
1499 990 1703 1060 quippe
1742 994 2069 1060 interpreta-

553 1071 641 1115 tur
666 1068 812 1133 pater
849 1076 991 1115 meus
1036 1074 1148 1114 rex.
1185 1060 1470 1133 Quomodo
1511 1060 1666 1133 dicit,
1716 1062 2069 1133 cnmmtttavit

552 1130 760 1188 vultum
808 1146 964 1187 suum
995 1145 1183 1202 coram
1226 1130 1582 1202 Abimeleeh‘l
1610 1135 1744 1201 Quia
1777 1136 1831 1188 in
1859 1132 2068 1202 Regum

552 1205 632 1259 sic
684 1204 942 1273 legimus,
987 1201 1130 1273 quod
1186 1203 1238 1256 in
1283 1201 1420 1258 Gcth
1459 1202 1728 1260 civitatem
1768 1205 1835 1258 ad
1886 1201 2067 1273 regem

553 1276 720 1331 Acltis
746 1272 900 1345 lugit
946 1272 1327 1347 inAPl‘tilirstiim
1360 1275 1423 1347 (1Δ
1447 1273 1576 1347 lieg.
1610 1278 1748 1347 vui).
1785 1274 1883 1347 Vel
1933 1272 2070 1345 quo-

553 1347 718 1403 modo
755 1343 922 1400 auSns
954 1343 1051 1399 fuit
1078 1343 1275 1400 ibidem
1321 1344 1621 1413 ambulare,
1659 1343 1780 1415 quia
1814 1343 2069 1402 inimicus

551 1419 765 1473 illorum
799 1424 937 1481 erat,
966 1416 1164 1489 etipse
1190 1417 1463 1489 interiecit
1485 1426 1642 1472 antea
1676 1418 1885 1474 Goliam
1914 1417 2069 1489 prin-

554 1490 732 1560 cipem
761 1486 1328 1560 illorutn?Propterea
1347 1488 1476 1560 illuc
1502 1490 1818 1560 ambulavit,
1850 1486 1950 1560 pro
1968 1490 2069 1545 hoc

551 1558 698 1622 quod
729 1561 986 1615 mulieres
1009 1559 1268 1614 dixerunt
1298 1577 1312 1614 :
1345 1558 1623 1616 Percussit
1660 1561 1787 1617 Saul
1818 1558 1988 1626 mille,
2014 1570 2070 1616 ct

552 1632 721 1688 David
741 1632 928 1687 decem
954 1631 1144 1685 millia.
1173 1633 1237 1686 Et
1262 1639 1445 1700 postea
1481 1633 1699 1688 intravit
1736 1633 1987 1689 diabolus
2015 1634 2065 1688 in

552 1704 685 1759 Sani
715 1704 1107 1772 perinvidiam,
1140 1713 1196 1775 et
1224 1702 1398 1758 dixit:
1425 1704 1563 1771 Quid
1588 1704 1933 1775 superestci,
1963 1705 2066 1759 nisi

1267 269 1616 331 APPENDIX
1656 273 1748 330 AD
1787 269 2029 330 TOMUM
2070 269 2424 332 SEPTIMUM
2463 273 2523 331 S.
2567 274 2969 334 HIERONYMI.

2096 391 2148 451 A
2175 388 2269 446 sed
2289 398 2399 446 tam
2422 407 2682 465 prospera
2702 410 2865 465 quam
2887 392 3164 450 contraria
3187 391 3573 464 aequanimiter
3601 389 3786 446 ferre:

3674 269 3794 329 920

2175 496 2238 537 ac
2260 486 2476 539 beatum
2506 494 2635 541 ante
2657 486 2848 542 oculos
2871 496 3263 557 proponentes,
3295 485 3351 541 in
3381 483 3638 539 omnibus
3659 496 3791 550 qum

2177 576 2503 643 acciderint,
2543 577 2638 633 Dei
2682 576 3013 634 benedicere
3053 591 3273 633 nomen.
3312 574 3633 630 Benedicam
3670 570 3792 628 Do-

2175 669 2371 723 minum
2397 672 2451 724 in
2478 671 2620 725 omni
2646 680 2894 743 tempore.
2924 670 3354 741 Benedicam,-id
3396 679 3504 735 est,
3536 668 3787 724 laudabo

2177 762 2485 819 Dominum.
2519 763 2586 819 In
2615 767 2756 820 omni
2783 775 3015 836 tempore
3038 784 3056 820 :
3084 767 3138 822 in
3171 766 3455 837 prosperis
3485 773 3542 820 ct
3581 763 3788 821 adver-

2174 855 2273 911 sis.
2304 855 2455 911 Fecit
2485 855 2589 913 hoc
2618 857 2811 920 David,
2840 868 2892 914 et
2926 858 3089 914 modo
3115 859 3380 915 Ecclesia.
3416 857 3639 930 Semper
3661 856 3785 910 laus

2174 951 2289 1022 ejus
2317 950 2371 1004 in
2398 965 2487 1004 ore
2516 967 2649 1006 meo.
2672 950 2729 1007 In
2755 965 2850 1007 ore
2867 961 2924 1008 et
2942 952 3130 1019 corde,
3154 952 3363 1008 intenta
3391 961 3578 1007 mente
3602 949 3782 1006 Deum

2174 1055 2391 1113 semper
2415 1042 2655 1100 laudare.

2244 1135 2314 1190 In
2359 1135 2585 1193 Domino
2618 1138 2921 1192 laudabitur
2948 1137 3128 1194 anima
3170 1154 3306 1192 mea.
3363 1136 3478 1194 Hoc
3507 1145 3623 1204 est,
3667 1136 3786 1192 vita

2172 1243 2317 1284 mea.
2347 1227 2482 1284 Cum
2522 1228 2650 1286 huic
2679 1229 2863 1285 studio
2891 1231 3073 1286 anima
3110 1229 3326 1297 dedita,
3358 1242 3553 1299 aspera
3582 1227 3783 1283 mundi

2172 1336 2331 1390 aequo
2376 1322 2559 1377 animo
2604 1321 2932 1378 sustinuerit
2964 1338 2979 1375 :
3010 1322 3079 1378 ab
3107 1322 3191 1378 his
3221 1322 3317 1393 qui
3364 1331 3495 1377 sunt
3522 1319 3774 1384 Domini,

2172 1414 2536 1471 collaudatur.
2567 1415 2800 1472 Audiant
2821 1416 3096 1471 mansueti.
3128 1415 3184 1471 Id
3212 1424 3317 1485 est,
3348 1415 3542 1472 sancti.
3576 1413 3644 1467 Et
3685 1412 3788 1467 la:-

2173 1515 2361 1562 tentur.
2395 1506 2513 1563 Non
2546 1506 2615 1563 de
2649 1509 2908 1576 terrenis,
2932 1507 3029 1564 sed
3056 1508 3125 1563 de
3154 1507 3471 1565 ctelestibus
3499 1523 3515 1565 :
3549 1506 3639 1577 qui
3666 1522 3781 1562 non

2173 1600 2379 1656 habent
2410 1616 2645 1672 pugnam
2674 1600 2934 1656 vitiorum
2972 1600 3025 1656 in
3059 1615 3140 1669 sc,
3177 1600 3252 1656 illi
3282 1600 3374 1672 qui
3400 1598 3619 1671 glebam
3648 1613 3785 1653 cor-

2173 1693 2325 1765 poris
2356 1695 2440 1749 sui
2469 1695 2563 1749 tali
2599 1702 2934 1750 testamento
2960 1703 3234 1750 coercent.
3265 1694 3420 1749 Beati
3449 1694 3597 1749 enim
3625 1706 3784 1749 mana

554 1786 856 1857 tantunrut
881 1790 1106 1857 reggurp
1136 1774 1364 1857 habeat?
1408 1778 1474 1857 Et
1506 1774 1955 1857 ιιειῖνρηἰιρανῖά
2001 1775 2067 1831 ad
2100 1784 2148 1845 B
2174 1787 2317 1842 sueti
2345 1805 2357 1841 :
2384 1786 2640 1857 quoniam
2676 1786 2778 1856 ipsi
2803 1786 3165 1857 possidebunt
3191 1796 3415 1842 terram.

548 1862 736 1917 regem
766 1847 949 1903 Achls.
983 1847 1087 1902 Sed
1118 1856 1299 1918 postea
1331 1848 1495 1904 Achis
1525 1849 1673 1903 misit
1714 1850 1912 1902 missos
1937 1862 2065 1902 suos

552 1927 613 1972 ut
646 1919 810 1975 David
836 1921 905 1976 ad
934 1934 995 1977 se
1031 1920 1314 1984 ducerent,
1345 1929 1400 1975 ut
1425 1934 1548 1975 cum
1574 1919 1960 1975 interﬁcerent.
1996 1919 2068 1974 Et

551 2005 673 2046 cum
698 1990 997 2049 invenisset
1024 2007 1147 2047 cum
1174 1993 1241 2046 ad
1268 2001 1477 2055 portam
1506 1992 1745 2046 civitatis
1766 2033 1782 2057 ,
1813 1991 2067 2061 cognovit

551 2062 725 2118 David
747 2064 890 2135 quod
909 2064 1083 2131 ipsum
1117 2062 1417 2135 interﬁcere
1439 2062 1716 2130 volebant,
1740 2064 2067 2135 necessitate

553 2132 865 2204 compulsus
896 2135 962 2189 ad
998 2150 1178 2192 arcem
1212 2134 1526 2191 declinavit.
1571 2134 1937 2191 Misericordia
1968 2132 2065 2187 Dei

551 2206 896 2276 providente,
925 2207 1126 2262 cecidit
1148 2206 1381 2277 Spiritus
1418 2216 1639 2277 sanctus
1667 2221 1829 2275 super
1861 2206 2061 2277 ipsum,

552 2275 607 2331 et
631 2282 796 2347 coepit
822 2278 950 2345 labi,
969 2287 1023 2332 et
1046 2275 1275 2334 salivam
1304 2276 1557 2332 mittebat
1586 2292 1750 2347 super
1770 2291 1921 2330 suam
1944 2275 2069 2329 bar-

552 2350 698 2404 bam.
727 2351 795 2406 Et
815 2366 939 2406 cum
969 2350 1324 2406 adduxissent
1350 2362 1476 2403 eum
1507 2348 1572 2404 ad
1602 2362 1808 2419 regem,
1837 2348 1971 2419 dixit
1994 2349 2061 2403 il-

552 2421 622 2476 lis
650 2436 748 2477 rex
776 2441 788 2475 :
815 2421 922 2477 Pro
950 2437 1053 2492 qua
1082 2436 1248 2479 causa
1272 2418 1575 2476 adduxistis
1602 2418 1763 2474 istum
1787 2418 2064 2492 hominem

548 2494 902 2563 arreptivnm,
919 2490 1330 2549 et‘l‘uribundum
1346 2506 1513 2562 super
1532 2493 1652 2549 me?
1671 2492 1833 2546 David
1848 2490 2068 2562 pulcher

551 2568 713 2624 homo
735 2577 873 2635 erat,
894 2568 1175 2640 etquando
1200 2583 1322 2624 eum
1345 2567 1840 2639 apprehendernnt,
1856 2575 2065 2640 tympa-

552 2641 772 2695 nizabat
790 2640 857 2696 ad
880 2636 1088 2709 portam
1102 2641 1356 2707 civitatis,
1380 2636 1500 2696 etin
1514 2641 1763 2697 manibus
1778 2636 1894 2694 suis
1921 2636 2065 2692 fere.

552 2711 732 2769 batur.
773 2711 985 2767 Etcum
1011 2727 1133 2769 eum
1164 2713 1515 2778 dimisissent,
1544 2722 1599 2768 et
1629 2713 1870 2783 fugisset,
1904 2711 2065 2765 istum

551 2784 820 2853 psalmum
843 2785 1084 2840 cantavit
1118 2803 1130 2840 :
1161 2785 1254 2854 qui
1278 2792 1424 2840 totus
1449 2786 1589 2839 circa
1615 2784 1893 2854 pietatem,
1923 2791 2067 2838 totus

551 2855 696 2911 circa
719 2856 1107 2924 inspectionem
1123 2855 1381 2923 divinam,
1400 2864 1545 2911 totus
1556 2860 1704 2911 circa
1717 2869 2068 2925 compescen-

551 2925 649 2983 das
668 2936 980 2983 sanctorum
997 2928 1373 2983 tribulationes
1401 2937 1877 2983 commemoratur.
1896 2926 2065 2981 David

553 2998 779 3068 ﬁguram
811 2996 1013 3055 Christi
1039 3008 1188 3056 tenet
1214 3018 1225 3053 :
1258 2998 1387 3055 Saul
1429 2999 1655 3070 ﬁguram
1687 2998 1910 3070 diaboli.
1937 2998 2066 3070 Abi-

551 3070 761 3125 melech
784 3069 1195 3142 interpretatur,
1222 3086 1439 3143 regnum
1468 3068 1629 3140 patris
1656 3069 1958 3143 mei.Aclt_is
1984 3068 2065 3143 in-

472 3186 475 3187 ν
552 3148 907 3215 terpr_etatur,
933 3141 1192 3215 quanton
1221 3141 1317 3207 est,
1348 3142 1466 3215 vel,
1498 3142 1814 3215 ignorantia,
1837 3141 2065 3215 vel,_ni-

550 3229 661 3283 ger.
690 3213 859 3270 David
891 3211 1037 3270 venit
1069 3214 1123 3270 in
1151 3213 1288 3269 Geth
1318 3212 1386 3268 ad
1417 3211 1598 3283 regem
1628 3212 1817 3281 Achis,
1857 3218 1913 3266 et
1955 3211 2067 3283 Do:-

549 3282 734 3347 ininus
766 3286 914 3341 venit
961 3287 1015 3342 in
1063 3300 1287 3357 regnum
1320 3282 1498 3357 Patris
1531 3284 1629 3357 sui
1667 3302 1679 3338 :
1712 3285 1815 3339 hoc
1858 3292 1961 3350 est,
1998 3282 2064 3337 ad

552 3370 774 3425 regnum
818 3355 1153 3412 Judacorum.
1204 3356 1430 3412 Mutavit
1458 3355 1662 3410 vultum
1693 3370 1850 3409 suum
1882 3368 2063 3409 coram

549 3427 870 3483 Abimelech
896 3445 908 3481 :
939 3429 1040 3483 hoc
1062 3438 1168 3494 est,
1194 3443 1378 3484 coram
1406 3441 1573 3497 regno
1597 3427 1764 3493 patris
1781 3426 1884 3481 sui.
1912 3425 2066 3482 Unde

548 3509 770 3554 sanctus
792 3498 990 3553 Paulus
1011 3500 1145 3552 dixit
1174 3518 1186 3553 :
1217 3498 1318 3567 Qui
1347 3513 1466 3551 cum
1499 3499 1550 3552 in
1575 3498 1742 3551 forma
1776 3497 1866 3552 Dei
1896 3497 2062 3567 esset,

551 3584 659 3622 non
690 3570 930 3637 rapinam
960 3571 1259 3624 arbitratus
1280 3577 1366 3622 est
1391 3582 1514 3622 esse
1545 3583 1604 3622 se
1634 3572 1898 3637 aequalem
1927 3568 2062 3634 Deo,

547 3640 642 3694 sed
668 3639 896 3695 formam
926 3640 1069 3695 servi
1092 3642 1343 3707 accepit:
1379 3639 1431 3692 in
1456 3638 1867 3693 similitudinem
1892 3638 2066 3692 homi-

547 3726 678 3765 num
710 3711 905 3777 laetus,
930 3719 984 3765 et
1004 3710 1190 3765 habitu
1221 3713 1474 3765 inventus
1492 3718 1550 3763 ut
1577 3710 1774 3764 homo:
1807 3708 2063 3763 humilia-

548 3782 628 3836 vit
653 3784 1008 3852 semetipsum
1043 3780 1217 3838 lactus
1245 3780 1509 3837 oliediens
1538 3796 1707 3848 usque
1735 3780 1801 3835 ad
1834 3792 2063 3852 mortem

548 3852 774 3924 (Philip.
807 3851 939 3924 xvi).
968 3852 1073 3924 rVel
1096 3853 1292 3924 aliter:
1325 3852 1546 3907 Mutavit
1570 3851 1776 3907 vultum
1804 3867 1982 3917 suum,
2012 3851 2064 3924 id

546 3922 654 3984 est,
699 3924 754 3994 in
786 3922 1177 3978 sacerdmium.
1226 3923 1378 3979 Tunc
1427 3926 1811 3985 commutavit.
1846 3922 2065 3994 quando

545 3993 1178 4067 illelchiscdeclrobtulit
1206 4010 1406 4066 panem
1433 4004 1489 4051 et
1521 3996 1704 4067 vinum
1739 3993 1892 4066 (Gen.
1920 3994 2060 4067 sitv).

547 4064 859 4121 lmmntavit
884 4064 1090 4120 vultum
1125 4083 1138 4120 :
1172 4064 1297 4137 quia
1327 4076 1591 4137 quantum
1616 4064 1885 4122 adventus
1909 4064 2065 4120 Chri-

546 4138 614 4191 Sti
661 4137 1152 4207 appropinquabat,
1206 4147 1412 4193 tantum
1464 4138 1571 4209 illa:
1630 4139 1829 4209 ﬁgura}
1862 4146 2063 4207 apertas

544 4215 703 4263 erant
734 4224 747 4261 :
776 4209 900 4278 quia
932 4218 1094 4263 antea
1147 4210 1353 4264 hostias
1407 4207 1702 4275 oﬁ‘erebat',
1737 4207 1834 4264 sed
1875 4218 2060 4278 postea

544 4279 907 4350 spiritnraliter
962 4279 1243 4350 impletum
1291 4280 1391 4334 fuit
1439 4283 1493 4335 in
1538 4294 1681 4335 novo
1710 4279 2062 4337 Testamento

544 4349 843 4405 secundum
892 4349 1137 4406 ordinem
1195 4350 1588 4407 Melchisedech
1617 4369 1630 4404 :
1662 4368 1768 4407 non
1810 4351 1948 4405 dixit
1976 4365 2063 4405 sc-

542 4420 777 4477 cundum
826 4422 1077 4477 ordinem
1125 4421 1325 4488 Aaron,
1358 4424 1453 4478 sed
1483 4421 1780 4479 secundum
1817 4423 2060 4478 ordinent

541 4492 962 4565 Melchisedech.
993 4492 1418 4565 Tympanizabat
1450 4495 1516 4549 ad
1560 4505 1769 4564 portam
1798 4493 2058 4551 civitatis.

2239 1879 2583 1954 Magni/irate
2635 1879 2917 1935 Dominum
2957 1896 3178 1935 mecum.
3226 1880 3446 1936 Patrem
3480 1879 3781 1935 Dominum

2167 1972 2408 2028 laudate.
2446 1971 2513 2026 Et
2561 1972 2855 2028 exaltemus
2885 1989 3073 2028 nomen
3102 1974 3218 2044 ejus
3251 1974 3305 2028 in
3339 1971 3595 2042 idipsunt.
3626 1973 3705 2029 Ac
3728 1974 3780 2028 si

2167 2066 2316 2122 dicat
2343 2066 2611 2137 propheta
2646 2084 2661 2120 :
2691 2066 2976 2134 Quomodo
2999 2082 3100 2139 ego
3126 2082 3272 2135 amo,
3292 2075 3461 2124 etvas
3483 2068 3562 2124 sic
3583 2067 3771 2123 tacite.

2167 2157 2285 2225 Vel,
2322 2159 2608 2215 exaltemus
2628 2176 2813 2214 nomen
2827 2161 2942 2230 ejus
2963 2160 3017 2214 in
3041 2160 3269 2232 idipsum
3299 2176 3318 2214 :
3344 2159 3542 2215 Filium
3561 2162 3646 2217 cui
3671 2159 3777 2215 Pa-

2169 2260 2255 2307 ter
2285 2251 2433 2307 dedit
2460 2267 2682 2318 nomen,
2708 2253 2854 2323 quod
2888 2262 2973 2308 est
3011 2268 3177 2324 super
3205 2268 3370 2309 omne
3399 2268 3626 2310 nomen.

2242 2341 2495 2412 Inquisivi
2526 2342 2832 2399 Dominum.
2863 2344 3125 2415 Spiritum
3158 2355 3428 2403 sanctum.
3464 2345 3532 2401 Et
3554 2347 3774 2403 exaudi-

2168 2436 2238 2491 cit
2261 2452 2357 2503 me,
2390 2444 2440 2491 et
2466 2452 2530 2491 ea:
2559 2437 2793 2491 omnibus
2832 2435 3258 2492 tribulationibus
3288 2440 3413 2492 meis
3446 2440 3640 2506 eripuit
3668 2455 3773 2494 me.

2167 2530 2509 2588 Consumcns
2552 2532 2921 2603 corruptelam
2951 2533 3135 2588 carnis
3167 2549 3181 2586 :
3212 2548 3335 2605 qua:
3361 2532 3494 2588 mihi
3542 2533 3776 2589 tribula-

2171 2627 2348 2684 tiones
2377 2624 2747 2698 peccaminum
2778 2626 3098 2698 ingerebat,
3131 2641 3200 2683 ne
3230 2641 3356 2684 eum
3387 2627 3653 2684 attentius
3675 2627 3775 2685 de-

2169 2737 2453 2796 precarer.
3380 2712 3385 2717 ’

2242 2815 2483 2872 Accedite
2506 2815 2575 2869 ad
2603 2814 2907 2870 Dominum.
2939 2814 3159 2872 Credite
3186 2816 3240 2872 in
3273 2831 3420 2873 eum.
3450 2817 3687 2872 Accedite
3701 2818 3775 2872 ad

2169 2907 2476 2974 Dominum,
2506 2924 2614 2963 non
2641 2907 2783 2974 loco,
2818 2909 2915 2965 sed
2942 2908 3071 2975 ﬁde,
3097 2920 3152 2965 ct
3175 2925 3363 2980 opere.
3393 2910 3464 2965 Et
3500 2911 3775 2966 illumina-

2170 3001 2320 3055 mini.
2356 3000 2410 3057 ld
2442 3009 2549 3064 est.
2580 3001 2636 3055 in
2666 3011 2852 3057 mente
2874 3001 3168 3073 intelligite
3195 3019 3208 3056 :
3237 3004 3365 3073 quia
3399 3002 3507 3059 nisi
3527 3003 3777 3060 credide-

2168 3092 2313 3159 ritis,
2349 3106 2457 3148 non
2485 3092 2813 3165 intelligetis.
2839 3092 2907 3148 Et
2937 3094 3095 3165 facies
3122 3102 3306 3150 vestra:
3321 3111 3425 3150 non
3448 3095 3778 3167 confunden-

2089 3166 2139 3233 Ο
2170 3194 2275 3240 tur.
2309 3185 2365 3241 ln
2386 3185 2595 3258 judicio
2616 3201 2725 3257 quo
2756 3186 2906 3257 impii
2934 3186 3337 3244 conlnndentur
3360 3189 3415 3246 iu
3437 3189 3773 3246 condemna-

2172 3280 2398 3346 tionem,
2433 3281 2485 3336 in
2513 3280 2603 3337 die
2624 3281 2840 3351 judicii.

2242 3371 2349 3427 Iste
2377 3389 2576 3445 pauper
2619 3374 2878 3429 clamavit.
2923 3372 3179 3430 Christus
3218 3374 3480 3434 Dominus
3523 3378 3617 3449 qui
3674 3393 3775 3449 pro

2168 3467 2330 3525 nobis
2361 3483 2565 3539 panper
2599 3470 2769 3525 iactus
2799 3477 2902 3536 est,
2937 3468 3004 3524 ad
3040 3469 3256 3526 Patrem
3288 3470 3341 3526 in
3371 3472 3628 3544 passione
3654 3473 3768 3529 ela-

2169 3561 2353 3616 tnavit.
2408 3559 2527 3629 γει,
2581 3561 2678 3616 iste
2706 3577 2927 3633 pauper,
2977 3560 3029 3615 id
3089 3571 3209 3629 est,
3258 3562 3453 3631 David,
3501 3565 3769 3631 clantacit,

2168 3653 2383 3725 quando
2412 3654 2549 3708 dixit
2582 3672 2594 3707 :
2625 3653 2853 3709 Domine
2904 3653 3071 3719 Deus,
3112 3669 3308 3709 vanum
3366 3654 3453 3711 fac
3482 3657 3770 3713 consilium

2168 3745 2496 3816 Achitophel
2525 3743 2592 3820 (ll
2621 3745 2746 3816 Reg.
2783 3744 2954 3817 xxvi).
2988 3746 3052 3800 Et
3079 3745 3319 3802 Ecclesia
3350 3746 3550 3801 clamat
3578 3748 3759 3804 modo.

2168 3835 2237 3891 Et
2264 3835 2519 3893 Dominus
2549 3837 2814 3893 exaudivit
2855 3854 2993 3908 eum,
3025 3848 3074 3893 et
3102 3855 3167 3893 ea:
3205 3838 3440 3894 omnibus
3477 3840 3775 3897 tribulatio-

2168 3929 2318 3983 nibus
2345 3932 2458 4001 ejus
2489 3930 2726 3985 liberavit
2750 3946 2886 3984 eum.
2910 3930 3261 3986 Resnscitans
3284 3930 3435 3986 illum
3459 3947 3490 3987 a
3513 3935 3768 3990 mortuis.

2243 4020 2703 4094 Emittitangelum
2726 4021 3051 4077 Dominusin
3075 4023 3293 4078 circuitu
3314 4024 3605 4080 timentium
3627 4043 3767 4093 eum,

2167 4123 2215 4170 et
2237 4115 2417 4188 eripiet
2447 4131 2554 4170 eos.
2593 4114 2709 4170 [loc
2746 4124 2849 4182 est,
2883 4115 3132 4186 angelum
3167 4116 3345 4188 magni
3374 4119 3597 4174 consilii
3624 4120 3770 4177 dedit

2167 4211 2296 4267 illis.
2330 4210 2481 4265 Haud
2511 4209 2733 4265 dubium
2756 4210 3134 4280 est,ltimentes
3156 4209 3471 4278 Dominum,
3494 4213 3564 4268 ab
3587 4228 3753 4284 ange-

2166 4303 2233 4359 lis
2277 4301 2576 4359 custodiri:
2607 4300 2745 4358 sicut
2802 4303 2919 4373 ipse
2968 4301 3229 4359 Dominus
3268 4319 3367 4376 per
3413 4305 3767 4377 Evangelinm

2165 4395 2324 4453 docet
2356 4413 2369 4450 :
2401 4396 2597 4464 Amen,
2630 4410 2790 4450 amen
2819 4394 2944 4451 dico
2979 4395 3173 4452 vobis:
3201 4398 3327 4468 quia
3368 4400 3550 4470 angeli
3578 4414 3767 4457 eorum

2165 4489 2408 4560 quotidie
2450 4488 2639 4545 vident
2670 4488 2862 4545 faciem
2894 4488 3071 4545 Patris
3113 4490 3239 4559 mei,
3292 4491 3383 4562 qui
3416 4501 3502 4548 est
3533 4493 3586 4548 in
3616 4494 3767 4549 ctelis

539 4556 1184 4661 IXTzlfa'ﬂ’jfﬂehfffij:
1198 4556 1635 4661 οξξξῖξιξίίίξξξέῖξ
1659 4567 2058 4661 ΑᾞἮίξξξιεξξ·
2090 4556 2140 4618 D
2167 4556 2383 4657 (—Matth.
2416 4583 2593 4657 xvttt).
2625 4583 2910 4640 Vallantur
2931 4598 3063 4656 ergo
3083 4556 3339 4654 prtcsidio
3366 4587 3648 4658 angelico,
3677 4588 3763 4661 qui

542 4635 716 4691 tendit
756 4649 949 4692 manus
981 4650 1107 4691 snas
1130 4636 1185 4691 in
1215 4652 1396 4693 cruce.
1429 4637 1626 4694 Portas
1655 4637 1914 4701 civitatis,
1944 4638 2053 4695 itii-

542 4709 676 4781 tium
729 4706 855 4764 ﬁdei
899 4716 1102 4781 nostra:
1144 4708 1487 4781 intelligitur,
1517 4709 2055 4781 quandocredimus

542 4780 971 4836 incarnationem
1000 4779 1224 4835 Christi.
1270 4779 1372 4834 Per
1397 4779 1646 4849 salivam,
1681 4780 2054 4839 inﬁrmitatem

538 4852 718 4923 carnis
754 4868 922 4923 quam
954 4851 1351 4923 dignatusest
1373 4851 1672 4922 suscipere.
1720 4851 1813 4923 Illa
1846 4854 2013 4923 barba
2036 4895 2051 4920 ,

540 4922 802 4978 fortitudo
822 4921 1143 4978 divinitatis.
1174 4921 1385 4977 Dimisit
1410 4921 1535 4978 cunt
1575 4933 1625 4977 et
1650 4921 1803 4978 abiit.
1842 4922 2055 4979 Dimisit

535 4990 786 5050 Christus
800 4992 1037 5059 Judaeos,
1061 5003 1119 5049 et
1141 4996 1286 5048 venit
1307 4997 1360 5047 in
1377 4994 1656 5063 gentibus.
1682 4993 1835 5050 Unde
1847 4993 2052 5052 dictum

536 5072 663 5119 est:
698 5064 835 5130 Quia
878 5065 1127 5133 indignos
1165 5079 1263 5119 vos
1301 5064 1590 5133 judicastis
1627 5064 1752 5119 vita:
1788 5072 2011 5123 acterna:
2042 5085 2055 5121 :

536 5149 639 5190 nos
668 5150 733 5190 ex
760 5138 863 5190 hoc
890 5133 1090 5190 ibimus
1118 5134 1185 5189 ad
1211 5145 1399 5206 gentes
1428 5135 1566 5208 (Act.
1595 5137 1738 5206 stu).

537 5222 854 5281 Benedicam
894 5224 1180 5281 Dominum
1209 5227 1263 5282 in
1303 5227 1445 5281 omni
1472 5236 1732 5297 tempore,
1764 5238 1871 5284 etc.
1922 5227 2057 5286 Cutn

2164 4676 2233 4731 de
2260 4675 2444 4731 cordis
2473 4677 2709 4746 puritate
2736 4676 3017 4733 timuerint
3048 4677 3236 4735 Deum.

2235 4766 2472 4835 Gustate,
2502 4777 2605 4825 etc.
2637 4768 2837 4825 Gustus
2861 4784 2956 4841 per
2982 4769 3165 4828 lances
3187 4771 3418 4829 discitur
3444 4789 3460 4830 ;
3495 4772 3647 4832 visus
3673 4789 3767 4846 per

2163 4861 2351 4917 oculos
2379 4902 2394 4927 ,
2444 4860 2573 4932 quia
2612 4876 2711 4931 per
2759 4861 2945 4919 oculos
2987 4863 3224 4921 videtur.
3279 4863 3549 4937 Propheta
3592 4866 3719 4922 dicit
3746 4906 3763 4931 .

2163 4952 2410 5012 Custavi.
2446 4951 2515 5008 Et
2542 4952 2818 5024 quomodo
2846 4956 3056 5025 gustavi
3086 4972 3099 5009 :
3135 4955 3217 5011 sic
3239 4956 3421 5012 inveni
3453 4973 3552 5028 per
3580 4958 3757 5024 ﬁdem,

2160 5062 2262 5120 per
2280 5061 2461 5117 spem,
2484 5056 2539 5103 et
2569 5063 2666 5118 per
2696 5062 2860 5118 opera
2886 5048 3048 5104 bona.
3082 5048 3279 5105 Beatus
3305 5050 3380 5105 vir
3398 5051 3487 5122 qui
3510 5061 3682 5123 sperat
3710 5054 3759 5107 in

2163 5158 2299 5197 eum.
2324 5141 2507 5210 Quare
2535 5141 2761 5197 beatus?
2790 5141 2927 5211 Quia
2960 5143 3114 5200 illum
3146 5143 3312 5201 habet
3338 5146 3428 5217 qui
3459 5149 3641 5203 omnia
3667 5148 3761 5204 ba-

2160 5234 2253 5292 bet
2283 5254 2296 5290 :
2323 5235 2425 5293 hoc
2449 5244 2554 5302 est,
2591 5236 2783 5293 Deum.
2805 5236 2947 5306 Ergo
2976 5237 3066 5294 hic
3093 5238 3297 5295 dicitur
3323 5249 3538 5311 gustus,
3563 5251 3756 5299 utcum

463 5321 581 5376 ait:
612 5321 754 5374 omni
791 5329 1021 5389 tempore
1045 5328 1102 5377 et
1123 5334 1362 5391 semper,
1396 5319 1560 5376 docet
1586 5335 1708 5388 nos,
1746 5336 1845 5377 nec
1881 5323 1938 5379 in
1966 5324 2061 5379 ad-
2161 5329 2284 5400 quis
2315 5329 2634 5401 cognoverit
2661 5328 2855 5396 Deum,
2883 5330 3068 5385 timeat
3093 5329 3245 5387 illum
3280 5349 3293 5385 :
3325 5331 3453 5403 quia
3488 5343 3757 5404 tamquam

460 5413 637 5470 versis
664 5412 1025 5469 succumbere
1051 5412 1280 5483 debere,
1324 5428 1427 5470 nec
1464 5414 1517 5469 in
1549 5414 1808 5471 secundis
1838 5420 2060 5492 extolli,

532 5579 560 5608 ι
586 5569 809 5627 Scilicet
832 5584 1026 5627 nomen
1057 5572 1404 5649 Abitueleeh,
1431 5573 1828 5649 quodPatrem
1862 5593 2048 5649 regem

455 5650 635 5713 sonat,
661 5654 950 5698 commune
976 5659 1161 5713 regum
1191 5643 1497 5700 Palzestinie
1524 5646 1643 5711 fuit,
1666 5656 1725 5702 ut
1750 5648 1880 5704 illud
1905 5643 2047 5706 Pha-

454 5712 662 5787 raonis,
689 5725 874 5779 regum
894 5722 1012 5787 erat
1034 5712 1276 5787 Egypgti.
1304 5714 1457 5787 ld_ex_
1485 5716 1587 5772 hoc
1608 5718 1725 5786 ipso
1757 5721 1950 5787 psalmi
1981 5721 2044 5777 ti-

453 5782 566 5836 tulo
589 5789 825 5848 consmt,
858 5782 945 5837 ubi
971 5782 1478 5842 Achis'Abiineleeh
1500 5782 1818 5858 appellatur.
1853 5792 1911 5849 S.
1940 5791 2042 5850 Ba-

2164 5420 2234 5478 de
2254 5430 2414 5494 gustu
2446 5421 2523 5477 ita
2544 5420 2674 5478 alibi
2706 5420 2844 5477 dixit
2873 5439 2886 5477 :
2917 5421 3134 5479 Initium
3162 5424 3442 5496 sapientia:
3471 5425 3638 5483 timor
3660 5427 3760 5483 Do-

2157 5581 2394 5672 si'litts'in
2427 5582 2573 5672 ligno
2599 5582 2867 5672 locumoib
2878 5584 3119 5672 βαξιλεῖς
3132 5593 3258 5672 ῇτῶν
3283 5586 3572 5672 ἀλλοφύλων
3597 5592 3759 5648 κοινὸν

2160 5650 2431 5739 μΞνΙεῖχον
2472 5651 2633 5735 ὄνομα
2673 5655 2733 5739 ire
2759 5650 3099 5739 _:.A€tpélsx._
3123 5657 3286 5729 Reges
3335 5650 3757 5739 Alieniggnarttm

2155 5725 2506 5796 (Paltestime,
2533 5731 2646 5780 sive
2676 5725 3105 5800 Pliilistinoruiii)
3134 5725 3394 5784 communi
3413 5725 3759 5788 nomineAbi-

2155 5794 2345 5851 melerlt
2376 5794 2705 5851 vorabantur.
3224 5832 3229 5835 -
