  <div class='ocr_page' id='page_1' title='image "/cluster/home/n/w/nwhite01/storage/ocr_20150623/26/uva.x000826568/468.png"; bbox 0 0 4034 6346; ppageno 0'>
   <div class='ocr_carea' id='block_1_1' title="bbox 214 334 319 393">
    <p class='ocr_par' dir='ltr' id='par_1_1' title="bbox 214 334 319 393">
     <span class='ocr_line' id='line_1_1' title="bbox 214 334 319 393; baseline 0 0"><span class='ocrx_word' id='word_1_1' title='bbox 214 334 319 393; x_wconf 72' lang='lat'><strong>921</strong></span> 
     </span>
    </p>
   </div>
   <div class='ocr_carea' id='block_1_2' title="bbox 1121 330 2619 392">
    <p class='ocr_par' dir='ltr' id='par_1_2' title="bbox 1121 330 2619 392">
     <span class='ocr_line' id='line_1_2' title="bbox 1121 330 2619 392; baseline 0.003 -5"><span class='ocrx_word' id='word_1_2' title='bbox 1121 331 1548 390; x_wconf 74' lang='lat' dir='ltr'><strong>BREVIARIUM</strong></span> <span class='ocrx_word' id='word_1_3' title='bbox 1589 330 1655 389; x_wconf 81' lang='lat' dir='ltr'><strong>IN</strong></span> <span class='ocrx_word' id='word_1_4' title='bbox 1697 330 2036 389; x_wconf 66' lang='lat' dir='ltr'><strong>PSAIAIOS.</strong></span> <span class='ocrx_word' id='word_1_5' title='bbox 2082 333 2330 391; x_wconf 75' lang='lat' dir='ltr'><strong>PSALM.</strong></span> <span class='ocrx_word' id='word_1_6' title='bbox 2379 333 2619 392; x_wconf 74' lang='lat' dir='ltr'><strong>XXXIII.</strong></span> 
     </span>
    </p>
   </div>
   <div class='ocr_carea' id='block_1_3' title="bbox 3413 338 3520 394">
    <p class='ocr_par' dir='ltr' id='par_1_3' title="bbox 3413 338 3520 394">
     <span class='ocr_line' id='line_1_3' title="bbox 3413 338 3520 394; baseline 0.019 -2"><span class='ocrx_word' id='word_1_7' title='bbox 3413 338 3520 394; x_wconf 68' lang='lat'><strong>99?.</strong></span> 
     </span>
    </p>
   </div>
   <div class='ocr_carea' id='block_1_4' title="bbox 219 451 3522 529">
    <p class='ocr_par' dir='ltr' id='par_1_4' title="bbox 219 451 3522 529">
     <span class='ocr_line' id='line_1_4' title="bbox 219 451 3522 529; baseline -0.001 -16"><span class='ocrx_word' id='word_1_8' title='bbox 219 457 354 514; x_wconf 92' lang='lat' dir='ltr'><strong>mini</strong></span> <span class='ocrx_word' id='word_1_9' title='bbox 383 455 562 529; x_wconf 84' lang='lat' dir='ltr'><strong>(Psal.</strong></span> <span class='ocrx_word' id='word_1_10' title='bbox 596 452 706 525; x_wconf 77' lang='lat' dir='ltr'><strong>ex).</strong></span> <span class='ocrx_word' id='word_1_11' title='bbox 748 453 884 509; x_wconf 88' lang='lat' dir='ltr'><strong>Cum</strong></span> <span class='ocrx_word' id='word_1_12' title='bbox 935 459 1114 508; x_wconf 91' lang='lat' dir='ltr'><strong>autem</strong></span> <span class='ocrx_word' id='word_1_13' title='bbox 1149 452 1340 508; x_wconf 85' lang='lat' dir='ltr'><strong>timere</strong></span> <span class='ocrx_word' id='word_1_14' title='bbox 1387 452 1653 520; x_wconf 73' lang='lat' dir='ltr'><strong>coeperit,</strong></span> <span class='ocrx_word' id='word_1_15' title='bbox 1698 460 1824 507; x_wconf 89' lang='lat' dir='ltr'><strong>tunc</strong></span> <span class='ocrx_word' id='word_1_16' title='bbox 1850 466 1905 525; x_wconf 76' lang='grc' dir='ltr'><strong>Α</strong></span> <span class='ocrx_word' id='word_1_17' title='bbox 1929 451 2088 520; x_wconf 87' lang='lat' dir='ltr'><strong>dunt,</strong></span> <span class='ocrx_word' id='word_1_18' title='bbox 2119 453 2261 509; x_wconf 91' lang='lat' dir='ltr'><strong>sicut</strong></span> <span class='ocrx_word' id='word_1_19' title='bbox 2292 453 2432 510; x_wconf 89' lang='lat' dir='ltr'><strong>bona</strong></span> <span class='ocrx_word' id='word_1_20' title='bbox 2464 469 2492 507; x_wconf 90' lang='lat' dir='ltr'><strong>a</strong></span> <span class='ocrx_word' id='word_1_21' title='bbox 2522 453 2641 510; x_wconf 87' lang='lat' dir='ltr'><strong>Dei.</strong></span> <span class='ocrx_word' id='word_1_22' title='bbox 2694 452 2962 525; x_wconf 79' lang='lat' dir='ltr'><strong>Relinque</strong></span> <span class='ocrx_word' id='word_1_23' title='bbox 2987 467 3122 525; x_wconf 84' lang='lat' dir='ltr'><strong>ergo</strong></span> <span class='ocrx_word' id='word_1_24' title='bbox 3151 468 3272 526; x_wconf 85' lang='lat' dir='ltr'><strong>quae</strong></span> <span class='ocrx_word' id='word_1_25' title='bbox 3303 453 3522 523; x_wconf 70' lang='lat' dir='ltr'><strong>instigat</strong></span> 
     </span>
    </p>
   </div>
   <div class='ocr_carea' id='block_1_5' title="bbox 219 543 1823 624">
    <p class='ocr_par' dir='ltr' id='par_1_5' title="bbox 219 543 1823 624">
     <span class='ocr_line' id='line_1_5' title="bbox 219 543 1823 624; baseline -0.008 -13"><span class='ocrx_word' id='word_1_26' title='bbox 219 561 493 624; x_wconf 71' lang='lat' dir='ltr'><strong>prmcepta</strong></span> <span class='ocrx_word' id='word_1_27' title='bbox 521 548 780 614; x_wconf 77' lang='lat' dir='ltr'><strong>custodit,</strong></span> <span class='ocrx_word' id='word_1_28' title='bbox 819 555 876 602; x_wconf 92' lang='lat' dir='ltr'><strong>et</strong></span> <span class='ocrx_word' id='word_1_29' title='bbox 916 557 1042 601; x_wconf 90' lang='lat' dir='ltr'><strong>tunc</strong></span> <span class='ocrx_word' id='word_1_30' title='bbox 1065 545 1202 602; x_wconf 85' lang='lat' dir='ltr'><strong>sciet</strong></span> <span class='ocrx_word' id='word_1_31' title='bbox 1227 545 1349 616; x_wconf 89' lang='lat' dir='ltr'><strong>quia</strong></span> <span class='ocrx_word' id='word_1_32' title='bbox 1379 544 1560 600; x_wconf 82' lang='lat' dir='ltr'><strong>suavis</strong></span> <span class='ocrx_word' id='word_1_33' title='bbox 1596 552 1681 600; x_wconf 91' lang='lat' dir='ltr'><strong>est</strong></span> <span class='ocrx_word' id='word_1_34' title='bbox 1719 543 1823 598; x_wconf 88' lang='lat' dir='ltr'><strong>Do-</strong></span> 
     </span>
    </p>
   </div>
   <div class='ocr_carea' id='block_1_6' title="bbox 219 638 1823 716">
    <p class='ocr_par' dir='ltr' id='par_1_6' title="bbox 219 638 1823 716">
     <span class='ocr_line' id='line_1_6' title="bbox 219 638 1823 716; baseline -0.007 -12"><span class='ocrx_word' id='word_1_35' title='bbox 219 649 402 704; x_wconf 83' lang='lat' dir='ltr'><strong>minus</strong></span> <span class='ocrx_word' id='word_1_36' title='bbox 429 663 444 702; x_wconf 89' lang='lat'><strong>:</strong></span> <span class='ocrx_word' id='word_1_37' title='bbox 472 645 600 716; x_wconf 82' lang='lat' dir='ltr'><strong>quia</strong></span> <span class='ocrx_word' id='word_1_38' title='bbox 631 646 746 714; x_wconf 91' lang='lat' dir='ltr'><strong>ipse</strong></span> <span class='ocrx_word' id='word_1_39' title='bbox 785 652 868 698; x_wconf 92' lang='lat' dir='ltr'><strong>est</strong></span> <span class='ocrx_word' id='word_1_40' title='bbox 900 641 1054 712; x_wconf 90' lang='lat' dir='ltr'><strong>panis</strong></span> <span class='ocrx_word' id='word_1_41' title='bbox 1087 641 1240 696; x_wconf 81' lang='lat' dir='ltr'><strong>vivus</strong></span> <span class='ocrx_word' id='word_1_42' title='bbox 1267 639 1356 711; x_wconf 85' lang='lat' dir='ltr'><strong>qui</strong></span> <span class='ocrx_word' id='word_1_43' title='bbox 1385 639 1689 695; x_wconf 81' lang='lat' dir='ltr'><strong>satietatem</strong></span> <span class='ocrx_word' id='word_1_44' title='bbox 1731 638 1823 694; x_wconf 88' lang='lat' dir='ltr'><strong>dat</strong></span> 
     </span>
    </p>
   </div>
   <div class='ocr_carea' id='block_1_7' title="bbox 218 732 1818 806">
    <p class='ocr_par' dir='ltr' id='par_1_7' title="bbox 218 732 1818 806">
     <span class='ocr_line' id='line_1_7' title="bbox 218 732 1818 806; baseline -0.006 -10"><span class='ocrx_word' id='word_1_45' title='bbox 218 741 350 797; x_wconf 89' lang='lat' dir='ltr'><strong>huic</strong></span> <span class='ocrx_word' id='word_1_46' title='bbox 379 737 606 794; x_wconf 89' lang='lat' dir='ltr'><strong>mundo.</strong></span> <span class='ocrx_word' id='word_1_47' title='bbox 640 737 836 792; x_wconf 82' lang='lat' dir='ltr'><strong>Beatus</strong></span> <span class='ocrx_word' id='word_1_48' title='bbox 858 735 936 790; x_wconf 87' lang='lat' dir='ltr'><strong>vir</strong></span> <span class='ocrx_word' id='word_1_49' title='bbox 956 734 1048 806; x_wconf 86' lang='lat' dir='ltr'><strong>qui</strong></span> <span class='ocrx_word' id='word_1_50' title='bbox 1075 743 1258 805; x_wconf 91' lang='lat' dir='ltr'><strong>sperat</strong></span> <span class='ocrx_word' id='word_1_51' title='bbox 1289 733 1340 789; x_wconf 92' lang='lat' dir='ltr'><strong>in</strong></span> <span class='ocrx_word' id='word_1_52' title='bbox 1367 747 1515 798; x_wconf 90' lang='lat' dir='ltr'><strong>eum,</strong></span> <span class='ocrx_word' id='word_1_53' title='bbox 1547 741 1604 788; x_wconf 93' lang='lat' dir='ltr'><strong>et</strong></span> <span class='ocrx_word' id='word_1_54' title='bbox 1633 749 1739 789; x_wconf 88' lang='lat' dir='ltr'><strong>non</strong></span> <span class='ocrx_word' id='word_1_55' title='bbox 1765 732 1818 786; x_wconf 89' lang='lat' dir='ltr'><strong>in</strong></span> 
     </span>
    </p>
   </div>
   <div class='ocr_carea' id='block_1_8' title="bbox 219 829 795 890">
    <p class='ocr_par' dir='ltr' id='par_1_8' title="bbox 219 829 795 890">
     <span class='ocr_line' id='line_1_8' title="bbox 219 829 795 890; baseline -0.009 -2"><span class='ocrx_word' id='word_1_56' title='bbox 219 832 434 890; x_wconf 80' lang='lat' dir='ltr'><strong>incerto</strong></span> <span class='ocrx_word' id='word_1_57' title='bbox 464 829 795 884; x_wconf 68' lang='lat' dir='ltr'><strong>divitiarum.</strong></span> 
     </span>
    </p>
   </div>
   <div class='ocr_carea' id='block_1_9' title="bbox 291 916 1820 987">
    <p class='ocr_par' dir='ltr' id='par_1_9' title="bbox 291 916 1820 987">
     <span class='ocr_line' id='line_1_9' title="bbox 291 916 1820 987; baseline -0.005 -7"><span class='ocrx_word' id='word_1_58' title='bbox 291 924 490 980; x_wconf 80' lang='lat' dir='ltr'><strong>Timete</strong></span> <span class='ocrx_word' id='word_1_59' title='bbox 515 921 816 987; x_wconf 87' lang='lat' dir='ltr'><strong>Dominum,</strong></span> <span class='ocrx_word' id='word_1_60' title='bbox 846 935 1021 974; x_wconf 87' lang='lat' dir='ltr'><strong>omnes</strong></span> <span class='ocrx_word' id='word_1_61' title='bbox 1047 920 1212 973; x_wconf 89' lang='lat' dir='ltr'><strong>sancti</strong></span> <span class='ocrx_word' id='word_1_62' title='bbox 1243 920 1378 985; x_wconf 85' lang='lat' dir='ltr'><strong>eius.</strong></span> <span class='ocrx_word' id='word_1_63' title='bbox 1406 917 1505 986; x_wconf 86' lang='lat' dir='ltr'><strong>Qui</strong></span> <span class='ocrx_word' id='word_1_64' title='bbox 1539 916 1677 973; x_wconf 80' lang='lat' dir='ltr'><strong>firmi</strong></span> <span class='ocrx_word' id='word_1_65' title='bbox 1710 928 1820 973; x_wconf 88' lang='lat' dir='ltr'><strong>sta-</strong></span> 
     </span>
    </p>
   </div>
   <div class='ocr_carea' id='block_1_10' title="bbox 215 1010 1819 1087">
    <p class='ocr_par' dir='ltr' id='par_1_10' title="bbox 215 1010 1819 1087">
     <span class='ocr_line' id='line_1_10' title="bbox 215 1010 1819 1087; baseline -0.006 -13"><span class='ocrx_word' id='word_1_66' title='bbox 215 1019 290 1074; x_wconf 89' lang='lat' dir='ltr'><strong>tis</strong></span> <span class='ocrx_word' id='word_1_67' title='bbox 323 1017 376 1072; x_wconf 91' lang='lat' dir='ltr'><strong>in</strong></span> <span class='ocrx_word' id='word_1_68' title='bbox 411 1015 697 1087; x_wconf 87' lang='lat' dir='ltr'><strong>promissis</strong></span> <span class='ocrx_word' id='word_1_69' title='bbox 722 1013 865 1083; x_wconf 84' lang='lat' dir='ltr'><strong>ejus,</strong></span> <span class='ocrx_word' id='word_1_70' title='bbox 905 1012 1092 1066; x_wconf 86' lang='lat' dir='ltr'><strong>timete</strong></span> <span class='ocrx_word' id='word_1_71' title='bbox 1113 1051 1128 1078; x_wconf 93' lang='lat'><strong>,</strong></span> <span class='ocrx_word' id='word_1_72' title='bbox 1174 1027 1241 1067; x_wconf 91' lang='lat' dir='ltr'><strong>ne</strong></span> <span class='ocrx_word' id='word_1_73' title='bbox 1271 1019 1491 1083; x_wconf 85' lang='lat' dir='ltr'><strong>accepta</strong></span> <span class='ocrx_word' id='word_1_74' title='bbox 1525 1010 1819 1066; x_wconf 87' lang='lat' dir='ltr'><strong>securitate</strong></span> 
     </span>
    </p>
   </div>
   <div class='ocr_carea' id='block_1_11' title="bbox 217 1105 1816 1182">
    <p class='ocr_par' dir='ltr' id='par_1_11' title="bbox 217 1105 1816 1182">
     <span class='ocr_line' id='line_1_11' title="bbox 217 1105 1816 1182; baseline -0.007 -14"><span class='ocrx_word' id='word_1_75' title='bbox 217 1110 594 1182; x_wconf 82' lang='lat' dir='ltr'><strong>decipiamiui.</strong></span> <span class='ocrx_word' id='word_1_76' title='bbox 635 1108 897 1174; x_wconf 81' lang='lat' dir='ltr'><strong>Quoniam</strong></span> <span class='ocrx_word' id='word_1_77' title='bbox 948 1106 1080 1160; x_wconf 80' lang='lat' dir='ltr'><strong>nihil</strong></span> <span class='ocrx_word' id='word_1_78' title='bbox 1138 1106 1276 1160; x_wconf 83' lang='lat' dir='ltr'><strong>deest</strong></span> <span class='ocrx_word' id='word_1_79' title='bbox 1336 1105 1628 1160; x_wconf 77' lang='lat' dir='ltr'><strong>timentibus</strong></span> <span class='ocrx_word' id='word_1_80' title='bbox 1679 1121 1816 1159; x_wconf 87' lang='lat' dir='ltr'><strong>eum.</strong></span> 
     </span>
    </p>
   </div>
   <div class='ocr_carea' id='block_1_12' title="bbox 215 1198 1816 1276">
    <p class='ocr_par' dir='ltr' id='par_1_12' title="bbox 215 1198 1816 1276">
     <span class='ocr_line' id='line_1_12' title="bbox 215 1198 1816 1276; baseline -0.007 -13"><span class='ocrx_word' id='word_1_81' title='bbox 215 1208 466 1276; x_wconf 89' lang='lat' dir='ltr'><strong>Quorum</strong></span> <span class='ocrx_word' id='word_1_82' title='bbox 496 1206 641 1260; x_wconf 82' lang='lat' dir='ltr'><strong>Deus</strong></span> <span class='ocrx_word' id='word_1_83' title='bbox 671 1213 754 1259; x_wconf 90' lang='lat' dir='ltr'><strong>est</strong></span> <span class='ocrx_word' id='word_1_84' title='bbox 783 1200 1033 1257; x_wconf 84' lang='lat' dir='ltr'><strong>Christus</strong></span> <span class='ocrx_word' id='word_1_85' title='bbox 1053 1243 1068 1265; x_wconf 89' lang='lat'><strong>,</strong></span> <span class='ocrx_word' id='word_1_86' title='bbox 1101 1200 1234 1255; x_wconf 85' lang='lat' dir='ltr'><strong>nihil</strong></span> <span class='ocrx_word' id='word_1_87' title='bbox 1277 1199 1435 1256; x_wconf 86' lang='lat' dir='ltr'><strong>deest</strong></span> <span class='ocrx_word' id='word_1_88' title='bbox 1465 1201 1577 1264; x_wconf 91' lang='lat' dir='ltr'><strong>eis,</strong></span> <span class='ocrx_word' id='word_1_89' title='bbox 1613 1198 1664 1253; x_wconf 92' lang='lat' dir='ltr'><strong>id</strong></span> <span class='ocrx_word' id='word_1_90' title='bbox 1713 1206 1816 1264; x_wconf 90' lang='lat' dir='ltr'><strong>est,</strong></span> 
     </span>
    </p>
   </div>
   <div class='ocr_carea' id='block_1_13' title="bbox 218 1290 1816 1364">
    <p class='ocr_par' dir='ltr' id='par_1_13' title="bbox 218 1290 1816 1364">
     <span class='ocr_line' id='line_1_13' title="bbox 218 1290 1816 1364; baseline -0.009 -7"><span class='ocrx_word' id='word_1_91' title='bbox 218 1301 354 1358; x_wconf 81' lang='lat' dir='ltr'><strong>nihil</strong></span> <span class='ocrx_word' id='word_1_92' title='bbox 384 1300 508 1356; x_wconf 90' lang='lat' dir='ltr'><strong>boni</strong></span> <span class='ocrx_word' id='word_1_93' title='bbox 532 1297 686 1354; x_wconf 86' lang='lat' dir='ltr'><strong>deest</strong></span> <span class='ocrx_word' id='word_1_94' title='bbox 705 1295 1058 1363; x_wconf 80' lang='lat' dir='ltr'><strong>eis.Qu:crite</strong></span> <span class='ocrx_word' id='word_1_95' title='bbox 1088 1309 1312 1364; x_wconf 80' lang='lat' dir='ltr'><strong>regnum</strong></span> <span class='ocrx_word' id='word_1_96' title='bbox 1339 1292 1456 1360; x_wconf 89' lang='lat' dir='ltr'><strong>Dei,</strong></span> <span class='ocrx_word' id='word_1_97' title='bbox 1476 1300 1531 1346; x_wconf 92' lang='lat' dir='ltr'><strong>et</strong></span> <span class='ocrx_word' id='word_1_98' title='bbox 1553 1290 1816 1361; x_wconf 88' lang='lat' dir='ltr'><strong>justitiam</strong></span> 
     </span>
    </p>
   </div>
   <div class='ocr_carea' id='block_1_14' title="bbox 217 1383 1816 1467">
    <p class='ocr_par' dir='ltr' id='par_1_14' title="bbox 217 1383 1816 1467">
     <span class='ocr_line' id='line_1_14' title="bbox 217 1383 1816 1467; baseline -0.008 -16"><span class='ocrx_word' id='word_1_99' title='bbox 217 1397 361 1467; x_wconf 90' lang='lat' dir='ltr'><strong>ejus,</strong></span> <span class='ocrx_word' id='word_1_100' title='bbox 388 1404 444 1450; x_wconf 91' lang='lat' dir='ltr'><strong>et</strong></span> <span class='ocrx_word' id='word_1_101' title='bbox 480 1404 678 1448; x_wconf 74' lang='lat' dir='ltr'><strong>cmtera</strong></span> <span class='ocrx_word' id='word_1_102' title='bbox 711 1398 1060 1462; x_wconf 89' lang='lat' dir='ltr'><strong>apponuntur</strong></span> <span class='ocrx_word' id='word_1_103' title='bbox 1089 1388 1265 1443; x_wconf 78' lang='lat' dir='ltr'><strong>vobis.</strong></span> <span class='ocrx_word' id='word_1_104' title='bbox 1301 1386 1518 1443; x_wconf 86' lang='lat' dir='ltr'><strong>Justitia</strong></span> <span class='ocrx_word' id='word_1_105' title='bbox 1546 1385 1690 1442; x_wconf 91' lang='lat' dir='ltr'><strong>enim</strong></span> <span class='ocrx_word' id='word_1_106' title='bbox 1722 1383 1816 1439; x_wconf 88' lang='lat' dir='ltr'><strong>Dei</strong></span> 
     </span>
    </p>
   </div>
   <div class='ocr_carea' id='block_1_15' title="bbox 221 1487 683 1554">
    <p class='ocr_par' dir='ltr' id='par_1_15' title="bbox 221 1487 683 1554">
     <span class='ocr_line' id='line_1_15' title="bbox 221 1487 683 1554; baseline -0.011 -12"><span class='ocrx_word' id='word_1_107' title='bbox 221 1487 404 1542; x_wconf 87' lang='lat' dir='ltr'><strong>omnia</strong></span> <span class='ocrx_word' id='word_1_108' title='bbox 435 1492 683 1554; x_wconf 66' lang='lat' dir='ltr'><strong>praestat.</strong></span> 
     </span>
    </p>
   </div>
   <div class='ocr_carea' id='block_1_16' title="bbox 287 1571 1818 1648">
    <p class='ocr_par' dir='ltr' id='par_1_16' title="bbox 287 1571 1818 1648">
     <span class='ocr_line' id='line_1_16' title="bbox 287 1571 1818 1648; baseline -0.007 -14"><span class='ocrx_word' id='word_1_109' title='bbox 287 1579 489 1634; x_wconf 80' lang='lat' dir='ltr'><strong>Divites</strong></span> <span class='ocrx_word' id='word_1_110' title='bbox 533 1582 778 1648; x_wconf 84' lang='lat' dir='ltr'><strong>eguerunt</strong></span> <span class='ocrx_word' id='word_1_111' title='bbox 830 1584 876 1628; x_wconf 84' lang='lat' dir='ltr'><strong>et</strong></span> <span class='ocrx_word' id='word_1_112' title='bbox 915 1573 1204 1630; x_wconf 85' lang='lat' dir='ltr'><strong>esurierunt</strong></span> <span class='ocrx_word' id='word_1_113' title='bbox 1244 1591 1262 1631; x_wconf 91' lang='lat'><strong><em>:</em></strong></span> <span class='ocrx_word' id='word_1_114' title='bbox 1304 1571 1614 1642; x_wconf 88' lang='lat' dir='ltr'><strong>inquirentes</strong></span> <span class='ocrx_word' id='word_1_115' title='bbox 1645 1580 1818 1624; x_wconf 89' lang='lat' dir='ltr'><strong>autem</strong></span> 
     </span>
    </p>
   </div>
   <div class='ocr_carea' id='block_1_17' title="bbox 219 1662 1815 1727">
    <p class='ocr_par' dir='ltr' id='par_1_17' title="bbox 219 1662 1815 1727">
     <span class='ocr_line' id='line_1_17' title="bbox 219 1662 1815 1727; baseline -0.009 0"><span class='ocrx_word' id='word_1_116' title='bbox 219 1673 503 1727; x_wconf 89' lang='lat' dir='ltr'><strong>Dominum</strong></span> <span class='ocrx_word' id='word_1_117' title='bbox 530 1687 635 1724; x_wconf 91' lang='lat' dir='ltr'><strong>non</strong></span> <span class='ocrx_word' id='word_1_118' title='bbox 658 1670 762 1722; x_wconf 89' lang='lat' dir='ltr'><strong>min</strong></span> <span class='ocrx_word' id='word_1_119' title='bbox 773 1677 962 1723; x_wconf 84' lang='lat' dir='ltr'><strong>nentur</strong></span> <span class='ocrx_word' id='word_1_120' title='bbox 975 1669 1116 1721; x_wconf 89' lang='lat' dir='ltr'><strong>omni</strong></span> <span class='ocrx_word' id='word_1_121' title='bbox 1135 1666 1287 1720; x_wconf 89' lang='lat' dir='ltr'><strong>bona.</strong></span> <span class='ocrx_word' id='word_1_122' title='bbox 1306 1665 1458 1720; x_wconf 86' lang='lat' dir='ltr'><strong>Multi</strong></span> <span class='ocrx_word' id='word_1_123' title='bbox 1483 1673 1614 1718; x_wconf 90' lang='lat' dir='ltr'><strong>sunt</strong></span> <span class='ocrx_word' id='word_1_124' title='bbox 1633 1662 1815 1718; x_wconf 90' lang='lat' dir='ltr'><strong>mundi</strong></span> 
     </span>
    </p>
   </div>
   <div class='ocr_carea' id='block_1_18' title="bbox 217 1755 1817 1836">
    <p class='ocr_par' dir='ltr' id='par_1_18' title="bbox 217 1755 1817 1836">
     <span class='ocr_line' id='line_1_18' title="bbox 217 1755 1817 1836; baseline -0.008 -14"><span class='ocrx_word' id='word_1_125' title='bbox 217 1766 540 1836; x_wconf 74' lang='lat' dir='ltr'><strong>locupletes,</strong></span> <span class='ocrx_word' id='word_1_126' title='bbox 575 1771 630 1818; x_wconf 92' lang='lat' dir='ltr'><strong>et</strong></span> <span class='ocrx_word' id='word_1_127' title='bbox 660 1773 818 1834; x_wconf 80' lang='lat' dir='ltr'><strong>egent</strong></span> <span class='ocrx_word' id='word_1_128' title='bbox 845 1760 1017 1832; x_wconf 79' lang='lat' dir='ltr'><strong>gloria</strong></span> <span class='ocrx_word' id='word_1_129' title='bbox 1051 1758 1165 1822; x_wconf 86' lang='lat' dir='ltr'><strong>Dei,</strong></span> <span class='ocrx_word' id='word_1_130' title='bbox 1189 1761 1256 1816; x_wconf 94' lang='lat' dir='ltr'><strong>de</strong></span> <span class='ocrx_word' id='word_1_131' title='bbox 1285 1759 1480 1830; x_wconf 90' lang='lat' dir='ltr'><strong>quihus</strong></span> <span class='ocrx_word' id='word_1_132' title='bbox 1513 1757 1633 1823; x_wconf 91' lang='lat' dir='ltr'><strong>fuit,</strong></span> <span class='ocrx_word' id='word_1_133' title='bbox 1663 1767 1716 1811; x_wconf 89' lang='lat' dir='ltr'><strong>et</strong></span> <span class='ocrx_word' id='word_1_134' title='bbox 1737 1755 1817 1810; x_wconf 84' lang='lat' dir='ltr'><strong>di-</strong></span> 
     </span>
    </p>
   </div>
   <div class='ocr_carea' id='block_1_19' title="bbox 1927 547 3529 619">
    <p class='ocr_par' dir='ltr' id='par_1_19' title="bbox 1927 547 3529 619">
     <span class='ocr_line' id='line_1_19' title="bbox 1927 547 3529 619; baseline 0 -15"><span class='ocrx_word' id='word_1_135' title='bbox 1927 549 2205 619; x_wconf 88' lang='lat' dir='ltr'><strong>diabolus,</strong></span> <span class='ocrx_word' id='word_1_136' title='bbox 2225 557 2280 604; x_wconf 91' lang='lat' dir='ltr'><strong>et</strong></span> <span class='ocrx_word' id='word_1_137' title='bbox 2306 563 2537 618; x_wconf 89' lang='lat' dir='ltr'><strong>operare</strong></span> <span class='ocrx_word' id='word_1_138' title='bbox 2569 562 2690 618; x_wconf 74' lang='lat' dir='ltr'><strong>qua:</strong></span> <span class='ocrx_word' id='word_1_139' title='bbox 2725 547 2971 619; x_wconf 71' lang='lat' dir='ltr'><strong>prmeipit</strong></span> <span class='ocrx_word' id='word_1_140' title='bbox 3002 547 3277 604; x_wconf 87' lang='lat' dir='ltr'><strong>Christus.</strong></span> <span class='ocrx_word' id='word_1_141' title='bbox 3311 548 3529 618; x_wconf 88' lang='lat' dir='ltr'><strong>Inquire</strong></span> 
     </span>
    </p>
   </div>
   <div class='ocr_carea' id='block_1_20' title="bbox 1928 639 3526 714">
    <p class='ocr_par' dir='ltr' id='par_1_20' title="bbox 1928 639 3526 714">
     <span class='ocr_line' id='line_1_20' title="bbox 1928 639 3526 714; baseline 0.001 -20"><span class='ocrx_word' id='word_1_142' title='bbox 1928 658 2111 714; x_wconf 84' lang='lat' dir='ltr'><strong>pacem</strong></span> <span class='ocrx_word' id='word_1_143' title='bbox 2162 649 2210 695; x_wconf 85' lang='lat' dir='ltr'><strong>et</strong></span> <span class='ocrx_word' id='word_1_144' title='bbox 2248 657 2552 713; x_wconf 75' lang='lat' dir='ltr'><strong>persequere</strong></span> <span class='ocrx_word' id='word_1_145' title='bbox 2579 657 2712 695; x_wconf 83' lang='lat' dir='ltr'><strong>eam.</strong></span> <span class='ocrx_word' id='word_1_146' title='bbox 2750 639 3059 697; x_wconf 88' lang='lat' dir='ltr'><strong>Secundum</strong></span> <span class='ocrx_word' id='word_1_147' title='bbox 3088 640 3526 712; x_wconf 83' lang='lat' dir='ltr'><strong>Apostolumpa-</strong></span> 
     </span>
    </p>
   </div>
   <div class='ocr_carea' id='block_1_21' title="bbox 1924 735 3521 807">
    <p class='ocr_par' dir='ltr' id='par_1_21' title="bbox 1924 735 3521 807">
     <span class='ocr_line' id='line_1_21' title="bbox 1924 735 3521 807; baseline -0.001 -15"><span class='ocrx_word' id='word_1_148' title='bbox 1924 752 2041 793; x_wconf 88' lang='lat' dir='ltr'><strong>cem</strong></span> <span class='ocrx_word' id='word_1_149' title='bbox 2064 737 2351 806; x_wconf 80' lang='lat' dir='ltr'><strong>sequimini</strong></span> <span class='ocrx_word' id='word_1_150' title='bbox 2392 746 2447 792; x_wconf 93' lang='lat' dir='ltr'><strong>et</strong></span> <span class='ocrx_word' id='word_1_151' title='bbox 2472 737 2889 792; x_wconf 86' lang='lat' dir='ltr'><strong>sanctimoniam</strong></span> <span class='ocrx_word' id='word_1_152' title='bbox 2917 751 2931 801; x_wconf 92' lang='lat'><strong>;</strong></span> <span class='ocrx_word' id='word_1_153' title='bbox 2961 737 3081 792; x_wconf 89' lang='lat' dir='ltr'><strong>sine</strong></span> <span class='ocrx_word' id='word_1_154' title='bbox 3109 751 3214 807; x_wconf 88' lang='lat' dir='ltr'><strong>qua</strong></span> <span class='ocrx_word' id='word_1_155' title='bbox 3241 750 3405 791; x_wconf 89' lang='lat' dir='ltr'><strong>nemo</strong></span> <span class='ocrx_word' id='word_1_156' title='bbox 3441 735 3521 790; x_wconf 84' lang='lat' dir='ltr'><strong>vi-</strong></span> 
     </span>
    </p>
   </div>
   <div class='ocr_carea' id='block_1_22' title="bbox 1923 830 3524 904">
    <p class='ocr_par' dir='ltr' id='par_1_22' title="bbox 1923 830 3524 904">
     <span class='ocr_line' id='line_1_22' title="bbox 1923 830 3524 904; baseline 0.001 -18"><span class='ocrx_word' id='word_1_157' title='bbox 1923 831 2018 888; x_wconf 90' lang='lat' dir='ltr'><strong>det</strong></span> <span class='ocrx_word' id='word_1_158' title='bbox 2060 846 2284 902; x_wconf 76' lang='lat' dir='ltr'><strong>regnum</strong></span> <span class='ocrx_word' id='word_1_159' title='bbox 2319 831 2409 886; x_wconf 90' lang='lat' dir='ltr'><strong>Dei</strong></span> <span class='ocrx_word' id='word_1_160' title='bbox 2444 830 2634 900; x_wconf 79' lang='lat' dir='ltr'><strong>(Hebr.</strong></span> <span class='ocrx_word' id='word_1_161' title='bbox 2661 830 2781 904; x_wconf 93' lang='lat' dir='ltr'><strong>xu).</strong></span> <span class='ocrx_word' id='word_1_162' title='bbox 2815 830 2912 886; x_wconf 89' lang='lat' dir='ltr'><strong>Vel</strong></span> <span class='ocrx_word' id='word_1_163' title='bbox 2959 831 3132 887; x_wconf 63' lang='lat' dir='ltr'><strong>Judaei</strong></span> <span class='ocrx_word' id='word_1_164' title='bbox 3189 831 3524 903; x_wconf 75' lang='lat' dir='ltr'><strong>qumsierunt</strong></span> 
     </span>
    </p>
   </div>
   <div class='ocr_carea' id='block_1_23' title="bbox 1924 922 3519 992">
    <p class='ocr_par' dir='ltr' id='par_1_23' title="bbox 1924 922 3519 992">
     <span class='ocr_line' id='line_1_23' title="bbox 1924 922 3519 992; baseline 0.001 -14"><span class='ocrx_word' id='word_1_165' title='bbox 1924 938 2137 992; x_wconf 87' lang='lat' dir='ltr'><strong>pacem,</strong></span> <span class='ocrx_word' id='word_1_166' title='bbox 2180 922 2234 977; x_wconf 91' lang='lat' dir='ltr'><strong>id</strong></span> <span class='ocrx_word' id='word_1_167' title='bbox 2284 931 2391 988; x_wconf 91' lang='lat' dir='ltr'><strong>est,</strong></span> <span class='ocrx_word' id='word_1_168' title='bbox 2440 922 2716 980; x_wconf 89' lang='lat' dir='ltr'><strong>Christum</strong></span> <span class='ocrx_word' id='word_1_169' title='bbox 2769 923 2835 978; x_wconf 91' lang='lat' dir='ltr'><strong>ad</strong></span> <span class='ocrx_word' id='word_1_170' title='bbox 2869 923 3252 991; x_wconf 90' lang='lat' dir='ltr'><strong>occidendum,</strong></span> <span class='ocrx_word' id='word_1_171' title='bbox 3312 938 3420 979; x_wconf 91' lang='lat' dir='ltr'><strong>non</strong></span> <span class='ocrx_word' id='word_1_172' title='bbox 3452 923 3519 980; x_wconf 88' lang='lat' dir='ltr'><strong>ad</strong></span> 
     </span>
    </p>
   </div>
   <div class='ocr_carea' id='block_1_24' title="bbox 1924 1015 3522 1089">
    <p class='ocr_par' dir='ltr' id='par_1_24' title="bbox 1924 1015 3522 1089">
     <span class='ocr_line' id='line_1_24' title="bbox 1924 1015 3522 1089; baseline 0.001 -19"><span class='ocrx_word' id='word_1_173' title='bbox 1924 1015 2266 1083; x_wconf 87' lang='lat' dir='ltr'><strong>imitandum,</strong></span> <span class='ocrx_word' id='word_1_174' title='bbox 2308 1015 2436 1086; x_wconf 87' lang='lat' dir='ltr'><strong>quia</strong></span> <span class='ocrx_word' id='word_1_175' title='bbox 2481 1016 2656 1086; x_wconf 89' lang='lat' dir='ltr'><strong>sequi,</strong></span> <span class='ocrx_word' id='word_1_176' title='bbox 2709 1015 2908 1071; x_wconf 87' lang='lat' dir='ltr'><strong>imitari</strong></span> <span class='ocrx_word' id='word_1_177' title='bbox 2937 1016 3153 1074; x_wconf 90' lang='lat' dir='ltr'><strong>dicitur.</strong></span> <span class='ocrx_word' id='word_1_178' title='bbox 3186 1016 3400 1088; x_wconf 74' lang='lat' dir='ltr'><strong>Inquiro</strong></span> <span class='ocrx_word' id='word_1_179' title='bbox 3430 1035 3522 1089; x_wconf 82' lang='lat' dir='ltr'><strong>pa-</strong></span> 
     </span>
    </p>
   </div>
   <div class='ocr_carea' id='block_1_25' title="bbox 1922 1110 3519 1183">
    <p class='ocr_par' dir='ltr' id='par_1_25' title="bbox 1922 1110 3519 1183">
     <span class='ocr_line' id='line_1_25' title="bbox 1922 1110 3519 1183; baseline 0.003 -19"><span class='ocrx_word' id='word_1_180' title='bbox 1922 1126 2029 1164; x_wconf 83' lang='lat' dir='ltr'><strong>cem</strong></span> <span class='ocrx_word' id='word_1_181' title='bbox 2073 1119 2119 1164; x_wconf 89' lang='lat' dir='ltr'><strong>et</strong></span> <span class='ocrx_word' id='word_1_182' title='bbox 2159 1126 2368 1181; x_wconf 78' lang='lat' dir='ltr'><strong>sequere</strong></span> <span class='ocrx_word' id='word_1_183' title='bbox 2397 1127 2530 1177; x_wconf 87' lang='lat' dir='ltr'><strong>eam,</strong></span> <span class='ocrx_word' id='word_1_184' title='bbox 2565 1110 2616 1166; x_wconf 86' lang='lat' dir='ltr'><strong>id</strong></span> <span class='ocrx_word' id='word_1_185' title='bbox 2646 1120 2754 1179; x_wconf 89' lang='lat' dir='ltr'><strong>est,</strong></span> <span class='ocrx_word' id='word_1_186' title='bbox 2788 1111 3103 1167; x_wconf 81' lang='lat' dir='ltr'><strong>Christum:</strong></span> <span class='ocrx_word' id='word_1_187' title='bbox 3127 1113 3251 1182; x_wconf 84' lang='lat' dir='ltr'><strong>quia</strong></span> <span class='ocrx_word' id='word_1_188' title='bbox 3283 1115 3401 1183; x_wconf 80' lang='lat' dir='ltr'><strong>ipse</strong></span> <span class='ocrx_word' id='word_1_189' title='bbox 3433 1120 3519 1168; x_wconf 86' lang='lat' dir='ltr'><strong>est</strong></span> 
     </span>
    </p>
   </div>
   <div class='ocr_carea' id='block_1_26' title="bbox 1923 1204 3519 1279">
    <p class='ocr_par' dir='ltr' id='par_1_26' title="bbox 1923 1204 3519 1279">
     <span class='ocr_line' id='line_1_26' title="bbox 1923 1204 3519 1279; baseline 0.003 -22"><span class='ocrx_word' id='word_1_190' title='bbox 1923 1219 2024 1275; x_wconf 86' lang='lat' dir='ltr'><strong>pax</strong></span> <span class='ocrx_word' id='word_1_191' title='bbox 2055 1214 2263 1260; x_wconf 89' lang='lat' dir='ltr'><strong>nostra.</strong></span> <span class='ocrx_word' id='word_1_192' title='bbox 2301 1204 2398 1260; x_wconf 85' lang='lat' dir='ltr'><strong>Vel</strong></span> <span class='ocrx_word' id='word_1_193' title='bbox 2425 1221 2659 1273; x_wconf 84' lang='lat' dir='ltr'><strong>sequere,</strong></span> <span class='ocrx_word' id='word_1_194' title='bbox 2692 1205 2921 1261; x_wconf 86' lang='lat' dir='ltr'><strong>imitare.</strong></span> <span class='ocrx_word' id='word_1_195' title='bbox 2953 1206 3108 1262; x_wconf 89' lang='lat' dir='ltr'><strong>Unde</strong></span> <span class='ocrx_word' id='word_1_196' title='bbox 3133 1207 3186 1262; x_wconf 93' lang='lat' dir='ltr'><strong>in</strong></span> <span class='ocrx_word' id='word_1_197' title='bbox 3220 1207 3519 1279; x_wconf 86' lang='lat' dir='ltr'><strong>Evangelia</strong></span> 
     </span>
    </p>
   </div>
   <div class='ocr_carea' id='block_1_27' title="bbox 1921 1296 3517 1370">
    <p class='ocr_par' dir='ltr' id='par_1_27' title="bbox 1921 1296 3517 1370">
     <span class='ocr_line' id='line_1_27' title="bbox 1921 1296 3517 1370; baseline 0.003 -18"><span class='ocrx_word' id='word_1_198' title='bbox 1921 1296 2126 1352; x_wconf 85' lang='lat' dir='ltr'><strong>dictum</strong></span> <span class='ocrx_word' id='word_1_199' title='bbox 2179 1308 2266 1353; x_wconf 76' lang='grc' dir='ltr'><strong>εει</strong></span> <span class='ocrx_word' id='word_1_200' title='bbox 2295 1315 2308 1351; x_wconf 90' lang='lat'><strong>:</strong></span> <span class='ocrx_word' id='word_1_201' title='bbox 2340 1297 2442 1366; x_wconf 92' lang='lat' dir='ltr'><strong>Qui</strong></span> <span class='ocrx_word' id='word_1_202' title='bbox 2476 1297 2592 1352; x_wconf 83' lang='lat' dir='ltr'><strong>vult</strong></span> <span class='ocrx_word' id='word_1_203' title='bbox 2622 1307 2744 1367; x_wconf 84' lang='lat' dir='ltr'><strong>post</strong></span> <span class='ocrx_word' id='word_1_204' title='bbox 2783 1313 2868 1353; x_wconf 89' lang='lat' dir='ltr'><strong>me</strong></span> <span class='ocrx_word' id='word_1_205' title='bbox 2899 1300 3111 1366; x_wconf 92' lang='lat' dir='ltr'><strong>venire,</strong></span> <span class='ocrx_word' id='word_1_206' title='bbox 3166 1301 3400 1370; x_wconf 75' lang='lat' dir='ltr'><strong>abneget</strong></span> <span class='ocrx_word' id='word_1_207' title='bbox 3428 1315 3517 1356; x_wconf 91' lang='lat' dir='ltr'><strong>se-</strong></span> 
     </span>
    </p>
   </div>
   <div class='ocr_carea' id='block_1_28' title="bbox 1921 1390 3518 1463">
    <p class='ocr_par' dir='ltr' id='par_1_28' title="bbox 1921 1390 3518 1463">
     <span class='ocr_line' id='line_1_28' title="bbox 1921 1390 3518 1463; baseline 0.003 -19"><span class='ocrx_word' id='word_1_208' title='bbox 1921 1391 2236 1461; x_wconf 88' lang='lat' dir='ltr'><strong>metipsum,</strong></span> <span class='ocrx_word' id='word_1_209' title='bbox 2284 1401 2340 1446; x_wconf 91' lang='lat' dir='ltr'><strong>et</strong></span> <span class='ocrx_word' id='word_1_210' title='bbox 2393 1390 2546 1446; x_wconf 92' lang='lat' dir='ltr'><strong>tollat</strong></span> <span class='ocrx_word' id='word_1_211' title='bbox 2576 1407 2796 1446; x_wconf 88' lang='lat' dir='ltr'><strong>crucem</strong></span> <span class='ocrx_word' id='word_1_212' title='bbox 2834 1405 2988 1446; x_wconf 88' lang='lat' dir='ltr'><strong>suam</strong></span> <span class='ocrx_word' id='word_1_213' title='bbox 3034 1402 3088 1448; x_wconf 92' lang='lat' dir='ltr'><strong>et</strong></span> <span class='ocrx_word' id='word_1_214' title='bbox 3135 1402 3396 1463; x_wconf 81' lang='lat' dir='ltr'><strong>sequatur</strong></span> <span class='ocrx_word' id='word_1_215' title='bbox 3431 1410 3518 1449; x_wconf 92' lang='lat' dir='ltr'><strong>me</strong></span> 
     </span>
    </p>
   </div>
   <div class='ocr_carea' id='block_1_29' title="bbox 1921 1482 3521 1557">
    <p class='ocr_par' dir='ltr' id='par_1_29' title="bbox 1921 1482 3521 1557">
     <span class='ocr_line' id='line_1_29' title="bbox 1921 1482 3521 1557; baseline 0.002 -20"><span class='ocrx_word' id='word_1_216' title='bbox 1921 1483 2077 1557; x_wconf 84' lang='lat' dir='ltr'><strong>(Luc.</strong></span> <span class='ocrx_word' id='word_1_217' title='bbox 2107 1482 2208 1554; x_wconf 75' lang='lat' dir='ltr'><strong>ts).</strong></span> <span class='ocrx_word' id='word_1_218' title='bbox 2244 1482 2461 1553; x_wconf 86' lang='lat' dir='ltr'><strong>Inquire</strong></span> <span class='ocrx_word' id='word_1_219' title='bbox 2485 1501 2665 1556; x_wconf 86' lang='lat' dir='ltr'><strong>pacem</strong></span> <span class='ocrx_word' id='word_1_220' title='bbox 2703 1493 2750 1538; x_wconf 88' lang='lat' dir='ltr'><strong>et</strong></span> <span class='ocrx_word' id='word_1_221' title='bbox 2774 1501 2982 1555; x_wconf 85' lang='lat' dir='ltr'><strong>sequere</strong></span> <span class='ocrx_word' id='word_1_222' title='bbox 3011 1501 3147 1540; x_wconf 91' lang='lat' dir='ltr'><strong>eam.</strong></span> <span class='ocrx_word' id='word_1_223' title='bbox 3179 1484 3298 1541; x_wconf 85' lang='lat' dir='ltr'><strong>Non</strong></span> <span class='ocrx_word' id='word_1_224' title='bbox 3321 1485 3521 1541; x_wconf 82' lang='lat' dir='ltr'><strong>sufﬁcit</strong></span> 
     </span>
    </p>
   </div>
   <div class='ocr_carea' id='block_1_30' title="bbox 1922 1576 3235 1650">
    <p class='ocr_par' dir='ltr' id='par_1_30' title="bbox 1922 1576 3235 1650">
     <span class='ocr_line' id='line_1_30' title="bbox 1922 1576 3235 1650; baseline 0.002 -19"><span class='ocrx_word' id='word_1_225' title='bbox 1922 1577 2124 1632; x_wconf 90' lang='lat' dir='ltr'><strong>malum</strong></span> <span class='ocrx_word' id='word_1_226' title='bbox 2153 1576 2362 1648; x_wconf 85' lang='lat' dir='ltr'><strong>fugere,</strong></span> <span class='ocrx_word' id='word_1_227' title='bbox 2399 1577 2502 1632; x_wconf 82' lang='lat' dir='ltr'><strong>nisi</strong></span> <span class='ocrx_word' id='word_1_228' title='bbox 2547 1577 2747 1633; x_wconf 87' lang='lat' dir='ltr'><strong>bonum</strong></span> <span class='ocrx_word' id='word_1_229' title='bbox 2777 1594 2992 1650; x_wconf 90' lang='lat' dir='ltr'><strong>quoque</strong></span> <span class='ocrx_word' id='word_1_230' title='bbox 3019 1579 3235 1634; x_wconf 79' lang='lat' dir='ltr'><strong>feceris.</strong></span> 
     </span>
    </p>
   </div>
   <div class='ocr_carea' id='block_1_31' title="bbox 1997 1668 3519 1742">
    <p class='ocr_par' dir='ltr' id='par_1_31' title="bbox 1997 1668 3519 1742">
     <span class='ocr_line' id='line_1_31' title="bbox 1997 1668 3519 1742; baseline 0.002 -19"><span class='ocrx_word' id='word_1_231' title='bbox 1997 1668 2150 1724; x_wconf 85' lang='lat' dir='ltr'><strong>Oculi</strong></span> <span class='ocrx_word' id='word_1_232' title='bbox 2181 1669 2390 1724; x_wconf 86' lang='lat' dir='ltr'><strong>Domini</strong></span> <span class='ocrx_word' id='word_1_233' title='bbox 2413 1685 2568 1742; x_wconf 84' lang='lat' dir='ltr'><strong>super</strong></span> <span class='ocrx_word' id='word_1_234' title='bbox 2582 1671 2776 1742; x_wconf 88' lang='lat' dir='ltr'><strong>justas.</strong></span> <span class='ocrx_word' id='word_1_235' title='bbox 2803 1669 3030 1726; x_wconf 87' lang='lat' dir='ltr'><strong>Pietatis</strong></span> <span class='ocrx_word' id='word_1_236' title='bbox 3056 1671 3203 1726; x_wconf 91' lang='lat' dir='ltr'><strong>enim</strong></span> <span class='ocrx_word' id='word_1_237' title='bbox 3229 1671 3519 1742; x_wconf 91' lang='lat' dir='ltr'><strong>inspectio-</strong></span> 
     </span>
    </p>
   </div>
   <div class='ocr_carea' id='block_1_32' title="bbox 1923 1761 3521 1834">
    <p class='ocr_par' dir='ltr' id='par_1_32' title="bbox 1923 1761 3521 1834">
     <span class='ocr_line' id='line_1_32' title="bbox 1923 1761 3521 1834; baseline 0.001 -18"><span class='ocrx_word' id='word_1_238' title='bbox 1923 1776 1991 1816; x_wconf 88' lang='lat' dir='ltr'><strong>ne</strong></span> <span class='ocrx_word' id='word_1_239' title='bbox 2021 1777 2117 1816; x_wconf 90' lang='lat' dir='ltr'><strong>eos</strong></span> <span class='ocrx_word' id='word_1_240' title='bbox 2135 1761 2337 1832; x_wconf 82' lang='lat' dir='ltr'><strong>jugiter</strong></span> <span class='ocrx_word' id='word_1_241' title='bbox 2375 1763 2792 1832; x_wconf 85' lang='lat' dir='ltr'><strong>contemplatur.</strong></span> <span class='ocrx_word' id='word_1_242' title='bbox 2836 1761 2902 1817; x_wconf 85' lang='lat' dir='ltr'><strong>Et</strong></span> <span class='ocrx_word' id='word_1_243' title='bbox 2939 1779 3088 1818; x_wconf 83' lang='lat' dir='ltr'><strong>aures</strong></span> <span class='ocrx_word' id='word_1_244' title='bbox 3126 1764 3240 1834; x_wconf 86' lang='lat' dir='ltr'><strong>ejus</strong></span> <span class='ocrx_word' id='word_1_245' title='bbox 3267 1764 3320 1817; x_wconf 89' lang='lat' dir='ltr'><strong>in</strong></span> <span class='ocrx_word' id='word_1_246' title='bbox 3343 1779 3521 1834; x_wconf 76' lang='lat' dir='ltr'><strong>preces</strong></span> 
     </span>
    </p>
   </div>
   <div class='ocr_carea' id='block_1_33' title="bbox 215 1849 3517 1927">
    <p class='ocr_par' dir='ltr' id='par_1_33' title="bbox 215 1849 3517 1927">
     <span class='ocr_line' id='line_1_33' title="bbox 215 1849 3517 1927; baseline -0.002 -11"><span class='ocrx_word' id='word_1_247' title='bbox 215 1875 313 1916; x_wconf 90' lang='lat' dir='ltr'><strong>ves</strong></span> <span class='ocrx_word' id='word_1_248' title='bbox 364 1859 475 1924; x_wconf 91' lang='lat' dir='ltr'><strong>ille,</strong></span> <span class='ocrx_word' id='word_1_249' title='bbox 520 1866 645 1913; x_wconf 88' lang='lat' dir='ltr'><strong>ante</strong></span> <span class='ocrx_word' id='word_1_250' title='bbox 685 1856 842 1926; x_wconf 89' lang='lat' dir='ltr'><strong>eujus</strong></span> <span class='ocrx_word' id='word_1_251' title='bbox 869 1855 1092 1926; x_wconf 86' lang='lat' dir='ltr'><strong>januam</strong></span> <span class='ocrx_word' id='word_1_252' title='bbox 1132 1853 1371 1910; x_wconf 85' lang='lat' dir='ltr'><strong>Lazarus</strong></span> <span class='ocrx_word' id='word_1_253' title='bbox 1407 1849 1762 1907; x_wconf 87' lang='lat' dir='ltr'><strong>decutnbcbat</strong></span> <span class='ocrx_word' id='word_1_254' title='bbox 1797 1867 1810 1903; x_wconf 89' lang='lat'><strong>:</strong></span> <span class='ocrx_word' id='word_1_255' title='bbox 1846 1860 1893 1920; x_wconf 82' lang='grc' dir='ltr'>Β</span> <span class='ocrx_word' id='word_1_256' title='bbox 1919 1873 2112 1910; x_wconf 85' lang='lat' dir='ltr'><strong>eorum.</strong></span> <span class='ocrx_word' id='word_1_257' title='bbox 2139 1855 2272 1923; x_wconf 87' lang='lat' dir='ltr'><strong>Quia</strong></span> <span class='ocrx_word' id='word_1_258' title='bbox 2297 1871 2414 1926; x_wconf 71' lang='lat' dir='ltr'><strong>qure</strong></span> <span class='ocrx_word' id='word_1_259' title='bbox 2442 1855 2590 1926; x_wconf 87' lang='lat' dir='ltr'><strong>justa</strong></span> <span class='ocrx_word' id='word_1_260' title='bbox 2615 1866 2742 1911; x_wconf 87' lang='lat' dir='ltr'><strong>sunt</strong></span> <span class='ocrx_word' id='word_1_261' title='bbox 2770 1856 3068 1927; x_wconf 87' lang='lat' dir='ltr'><strong>postulant.</strong></span> <span class='ocrx_word' id='word_1_262' title='bbox 3107 1856 3260 1910; x_wconf 84' lang='lat' dir='ltr'><strong>Oculi</strong></span> <span class='ocrx_word' id='word_1_263' title='bbox 3286 1856 3517 1923; x_wconf 85' lang='lat' dir='ltr'><strong>Domini,</strong></span> 
     </span>
    </p>
   </div>
   <div class='ocr_carea' id='block_1_34' title="bbox 215 1942 1808 2024">
    <p class='ocr_par' dir='ltr' id='par_1_34' title="bbox 215 1942 1808 2024">
     <span class='ocr_line' id='line_1_34' title="bbox 215 1942 1808 2024; baseline -0.008 -16"><span class='ocrx_word' id='word_1_264' title='bbox 215 1953 306 2024; x_wconf 86' lang='lat' dir='ltr'><strong>qui</strong></span> <span class='ocrx_word' id='word_1_265' title='bbox 338 1952 529 2006; x_wconf 88' lang='lat' dir='ltr'><strong>sitiens</strong></span> <span class='ocrx_word' id='word_1_266' title='bbox 552 1951 605 2006; x_wconf 92' lang='lat' dir='ltr'><strong>in</strong></span> <span class='ocrx_word' id='word_1_267' title='bbox 638 1949 945 2014; x_wconf 85' lang='lat' dir='ltr'><strong>tormentis,</strong></span> <span class='ocrx_word' id='word_1_268' title='bbox 976 1947 1100 2018; x_wconf 90' lang='lat' dir='ltr'><strong>quia</strong></span> <span class='ocrx_word' id='word_1_269' title='bbox 1131 1961 1236 2002; x_wconf 90' lang='lat' dir='ltr'><strong>non</strong></span> <span class='ocrx_word' id='word_1_270' title='bbox 1262 1945 1464 2001; x_wconf 82' lang='lat' dir='ltr'><strong>iecerat</strong></span> <span class='ocrx_word' id='word_1_271' title='bbox 1494 1942 1808 2000; x_wconf 77' lang='lat' dir='ltr'><strong>misericor-</strong></span> 
     </span>
    </p>
   </div>
   <div class='ocr_carea' id='block_1_35' title="bbox 217 2037 1811 2113">
    <p class='ocr_par' dir='ltr' id='par_1_35' title="bbox 217 2037 1811 2113">
     <span class='ocr_line' id='line_1_35' title="bbox 217 2037 1811 2113; baseline -0.007 -14"><span class='ocrx_word' id='word_1_272' title='bbox 217 2046 388 2113; x_wconf 87' lang='lat' dir='ltr'><strong>diam,</strong></span> <span class='ocrx_word' id='word_1_273' title='bbox 417 2059 523 2100; x_wconf 91' lang='lat' dir='ltr'><strong>nou</strong></span> <span class='ocrx_word' id='word_1_274' title='bbox 545 2043 744 2098; x_wconf 89' lang='lat' dir='ltr'><strong>meruit</strong></span> <span class='ocrx_word' id='word_1_275' title='bbox 770 2041 1021 2110; x_wconf 84' lang='lat' dir='ltr'><strong>accipere</strong></span> <span class='ocrx_word' id='word_1_276' title='bbox 1063 2049 1294 2110; x_wconf 78' lang='lat' dir='ltr'><strong>guttam.</strong></span> <span class='ocrx_word' id='word_1_277' title='bbox 1329 2037 1612 2109; x_wconf 89' lang='lat' dir='ltr'><strong>lnquirens</strong></span> <span class='ocrx_word' id='word_1_278' title='bbox 1633 2044 1811 2090; x_wconf 86' lang='lat' dir='ltr'><strong>autem</strong></span> 
     </span>
    </p>
   </div>
   <div class='ocr_carea' id='block_1_36' title="bbox 218 2127 1816 2205">
    <p class='ocr_par' dir='ltr' id='par_1_36' title="bbox 218 2127 1816 2205">
     <span class='ocr_line' id='line_1_36' title="bbox 218 2127 1816 2205; baseline -0.007 -12"><span class='ocrx_word' id='word_1_279' title='bbox 218 2136 462 2193; x_wconf 82' lang='lat' dir='ltr'><strong>Lazarus</strong></span> <span class='ocrx_word' id='word_1_280' title='bbox 493 2150 598 2190; x_wconf 90' lang='lat' dir='ltr'><strong>non</strong></span> <span class='ocrx_word' id='word_1_281' title='bbox 645 2147 913 2205; x_wconf 83' lang='lat' dir='ltr'><strong>purpuras</strong></span> <span class='ocrx_word' id='word_1_282' title='bbox 935 2178 949 2201; x_wconf 91' lang='lat'><strong>,</strong></span> <span class='ocrx_word' id='word_1_283' title='bbox 981 2131 1076 2188; x_wconf 89' lang='lat' dir='ltr'><strong>sed</strong></span> <span class='ocrx_word' id='word_1_284' title='bbox 1108 2131 1352 2186; x_wconf 71' lang='lat' dir='ltr'><strong>coelestia</strong></span> <span class='ocrx_word' id='word_1_285' title='bbox 1392 2143 1580 2201; x_wconf 82' lang='lat' dir='ltr'><strong>regna,</strong></span> <span class='ocrx_word' id='word_1_286' title='bbox 1614 2127 1816 2184; x_wconf 84' lang='lat' dir='ltr'><strong>meruit</strong></span> 
     </span>
    </p>
   </div>
   <div class='ocr_carea' id='block_1_37' title="bbox 218 2221 1812 2296">
    <p class='ocr_par' dir='ltr' id='par_1_37' title="bbox 218 2221 1812 2296">
     <span class='ocr_line' id='line_1_37' title="bbox 218 2221 1812 2296; baseline -0.008 -7"><span class='ocrx_word' id='word_1_287' title='bbox 218 2233 274 2289; x_wconf 91' lang='lat' dir='ltr'><strong>in</strong></span> <span class='ocrx_word' id='word_1_288' title='bbox 301 2235 426 2288; x_wconf 90' lang='lat' dir='ltr'><strong>sinu</strong></span> <span class='ocrx_word' id='word_1_289' title='bbox 456 2230 690 2287; x_wconf 76' lang='lat' dir='ltr'><strong>Abrahze</strong></span> <span class='ocrx_word' id='word_1_290' title='bbox 718 2229 878 2284; x_wconf 90' lang='lat' dir='ltr'><strong>bonis</strong></span> <span class='ocrx_word' id='word_1_291' title='bbox 894 2227 1147 2284; x_wconf 86' lang='lat' dir='ltr'><strong>omnibus</strong></span> <span class='ocrx_word' id='word_1_292' title='bbox 1174 2225 1460 2296; x_wconf 89' lang='lat' dir='ltr'><strong>adimpleri</strong></span> <span class='ocrx_word' id='word_1_293' title='bbox 1491 2223 1643 2293; x_wconf 88' lang='lat' dir='ltr'><strong>(Luc.</strong></span> <span class='ocrx_word' id='word_1_294' title='bbox 1674 2221 1812 2293; x_wconf 80' lang='lat' dir='ltr'><strong>xvi).</strong></span> 
     </span>
    </p>
   </div>
   <div class='ocr_carea' id='block_1_38' title="bbox 298 2314 1814 2394">
    <p class='ocr_par' dir='ltr' id='par_1_38' title="bbox 298 2314 1814 2394">
     <span class='ocr_line' id='line_1_38' title="bbox 298 2314 1814 2394; baseline -0.009 -13"><span class='ocrx_word' id='word_1_295' title='bbox 298 2326 477 2381; x_wconf 84' lang='lat' dir='ltr'><strong>Venite</strong></span> <span class='ocrx_word' id='word_1_296' title='bbox 499 2371 513 2394; x_wconf 87' lang='lat'><strong>,</strong></span> <span class='ocrx_word' id='word_1_297' title='bbox 567 2323 688 2393; x_wconf 80' lang='lat' dir='ltr'><strong>ﬁlii,</strong></span> <span class='ocrx_word' id='word_1_298' title='bbox 723 2322 900 2376; x_wconf 84' lang='lat' dir='ltr'><strong>audite</strong></span> <span class='ocrx_word' id='word_1_299' title='bbox 926 2337 1004 2376; x_wconf 89' lang='lat' dir='ltr'><strong>me</strong></span> <span class='ocrx_word' id='word_1_300' title='bbox 1037 2336 1057 2375; x_wconf 90' lang='lat'><strong><em>:</em></strong></span> <span class='ocrx_word' id='word_1_301' title='bbox 1096 2320 1330 2374; x_wconf 86' lang='lat' dir='ltr'><strong>timorem</strong></span> <span class='ocrx_word' id='word_1_302' title='bbox 1376 2317 1586 2371; x_wconf 87' lang='lat' dir='ltr'><strong>Domini</strong></span> <span class='ocrx_word' id='word_1_303' title='bbox 1624 2314 1814 2369; x_wconf 86' lang='lat' dir='ltr'><strong>docebo</strong></span> 
     </span>
    </p>
   </div>
   <div class='ocr_carea' id='block_1_39' title="bbox 216 2409 1813 2488">
    <p class='ocr_par' dir='ltr' id='par_1_39' title="bbox 216 2409 1813 2488">
     <span class='ocr_line' id='line_1_39' title="bbox 216 2409 1813 2488; baseline -0.008 -13"><span class='ocrx_word' id='word_1_304' title='bbox 216 2435 327 2475; x_wconf 75' lang='lat' dir='ltr'><strong>vos.</strong></span> <span class='ocrx_word' id='word_1_305' title='bbox 360 2417 475 2474; x_wconf 77' lang='lat' dir='ltr'><strong>Mos</strong></span> <span class='ocrx_word' id='word_1_306' title='bbox 503 2426 588 2473; x_wconf 90' lang='lat' dir='ltr'><strong>est</strong></span> <span class='ocrx_word' id='word_1_307' title='bbox 613 2415 987 2488; x_wconf 89' lang='lat' dir='ltr'><strong>pr0phetieus,</strong></span> <span class='ocrx_word' id='word_1_308' title='bbox 1023 2423 1081 2468; x_wconf 86' lang='lat' dir='ltr'><strong>ut</strong></span> <span class='ocrx_word' id='word_1_309' title='bbox 1107 2412 1406 2482; x_wconf 82' lang='lat' dir='ltr'><strong>discipulos</strong></span> <span class='ocrx_word' id='word_1_310' title='bbox 1436 2409 1578 2464; x_wconf 89' lang='lat' dir='ltr'><strong>lilios</strong></span> <span class='ocrx_word' id='word_1_311' title='bbox 1599 2423 1813 2464; x_wconf 87' lang='lat' dir='ltr'><strong>nuncu-</strong></span> 
     </span>
    </p>
   </div>
   <div class='ocr_carea' id='block_1_40' title="bbox 228 2501 1810 2588">
    <p class='ocr_par' dir='ltr' id='par_1_40' title="bbox 228 2501 1810 2588">
     <span class='ocr_line' id='line_1_40' title="bbox 228 2501 1810 2588; baseline -0.008 -17"><span class='ocrx_word' id='word_1_312' title='bbox 228 2523 340 2588; x_wconf 89' lang='lat' dir='ltr'><strong>pet,</strong></span> <span class='ocrx_word' id='word_1_313' title='bbox 365 2515 505 2570; x_wconf 87' lang='lat' dir='ltr'><strong>sicut</strong></span> <span class='ocrx_word' id='word_1_314' title='bbox 529 2512 728 2568; x_wconf 86' lang='lat' dir='ltr'><strong>Paulus</strong></span> <span class='ocrx_word' id='word_1_315' title='bbox 753 2528 767 2565; x_wconf 90' lang='lat'><strong>:</strong></span> <span class='ocrx_word' id='word_1_316' title='bbox 797 2509 1000 2574; x_wconf 83' lang='lat' dir='ltr'><strong>Filioli,</strong></span> <span class='ocrx_word' id='word_1_317' title='bbox 1029 2522 1168 2579; x_wconf 90' lang='lat' dir='ltr'><strong>quos</strong></span> <span class='ocrx_word' id='word_1_318' title='bbox 1195 2507 1390 2560; x_wconf 89' lang='lat' dir='ltr'><strong>iterum</strong></span> <span class='ocrx_word' id='word_1_319' title='bbox 1416 2501 1680 2574; x_wconf 89' lang='lat' dir='ltr'><strong>parturio,</strong></span> <span class='ocrx_word' id='word_1_320' title='bbox 1711 2502 1810 2558; x_wconf 84' lang='lat' dir='ltr'><strong>do-</strong></span> 
     </span>
    </p>
   </div>
   <div class='ocr_carea' id='block_1_41' title="bbox 221 2596 1812 2672">
    <p class='ocr_par' dir='ltr' id='par_1_41' title="bbox 221 2596 1812 2672">
     <span class='ocr_line' id='line_1_41' title="bbox 221 2596 1812 2672; baseline -0.012 -5"><span class='ocrx_word' id='word_1_321' title='bbox 221 2625 322 2668; x_wconf 89' lang='lat' dir='ltr'><strong>nec</strong></span> <span class='ocrx_word' id='word_1_322' title='bbox 346 2608 611 2664; x_wconf 82' lang='lat' dir='ltr'><strong>formetur</strong></span> <span class='ocrx_word' id='word_1_323' title='bbox 626 2604 876 2661; x_wconf 90' lang='lat' dir='ltr'><strong>Christus</strong></span> <span class='ocrx_word' id='word_1_324' title='bbox 896 2603 948 2658; x_wconf 93' lang='lat' dir='ltr'><strong>in</strong></span> <span class='ocrx_word' id='word_1_325' title='bbox 973 2602 1126 2657; x_wconf 80' lang='lat' dir='ltr'><strong>vobis</strong></span> <span class='ocrx_word' id='word_1_326' title='bbox 1151 2599 1352 2672; x_wconf 85' lang='lat' dir='ltr'><strong>(Calat.</strong></span> <span class='ocrx_word' id='word_1_327' title='bbox 1381 2598 1478 2669; x_wconf 85' lang='lat' dir='ltr'><strong>tv).</strong></span> <span class='ocrx_word' id='word_1_328' title='bbox 1504 2597 1617 2652; x_wconf 78' lang='lat' dir='ltr'><strong>llos</strong></span> <span class='ocrx_word' id='word_1_329' title='bbox 1635 2596 1812 2660; x_wconf 88' lang='lat' dir='ltr'><strong>docet,</strong></span> 
     </span>
    </p>
   </div>
   <div class='ocr_carea' id='block_1_42' title="bbox 222 2688 1814 2775">
    <p class='ocr_par' dir='ltr' id='par_1_42' title="bbox 222 2688 1814 2775">
     <span class='ocr_line' id='line_1_42' title="bbox 222 2688 1814 2775; baseline -0.01 -16"><span class='ocrx_word' id='word_1_330' title='bbox 222 2715 279 2759; x_wconf 89' lang='grc' dir='ltr'><strong>ιιι</strong></span> <span class='ocrx_word' id='word_1_331' title='bbox 308 2703 484 2775; x_wconf 89' lang='lat' dir='ltr'><strong>primo</strong></span> <span class='ocrx_word' id='word_1_332' title='bbox 511 2700 752 2756; x_wconf 87' lang='lat' dir='ltr'><strong>omnium</strong></span> <span class='ocrx_word' id='word_1_333' title='bbox 781 2695 1046 2766; x_wconf 88' lang='lat' dir='ltr'><strong>sapientia</strong></span> <span class='ocrx_word' id='word_1_334' title='bbox 1083 2712 1096 2749; x_wconf 88' lang='lat'><strong>:</strong></span> <span class='ocrx_word' id='word_1_335' title='bbox 1131 2693 1183 2748; x_wconf 88' lang='lat' dir='ltr'><strong>id</strong></span> <span class='ocrx_word' id='word_1_336' title='bbox 1213 2700 1317 2758; x_wconf 91' lang='lat' dir='ltr'><strong>est,</strong></span> <span class='ocrx_word' id='word_1_337' title='bbox 1367 2691 1562 2746; x_wconf 89' lang='lat' dir='ltr'><strong>timore</strong></span> <span class='ocrx_word' id='word_1_338' title='bbox 1599 2688 1814 2743; x_wconf 88' lang='lat' dir='ltr'><strong>Domini</strong></span> 
     </span>
    </p>
   </div>
   <div class='ocr_carea' id='block_1_43' title="bbox 220 2781 1816 2862">
    <p class='ocr_par' dir='ltr' id='par_1_43' title="bbox 220 2781 1816 2862">
     <span class='ocr_line' id='line_1_43' title="bbox 220 2781 1816 2862; baseline -0.012 -7"><span class='ocrx_word' id='word_1_339' title='bbox 220 2798 555 2855; x_wconf 88' lang='lat' dir='ltr'><strong>imhuantur.</strong></span> <span class='ocrx_word' id='word_1_340' title='bbox 601 2795 796 2859; x_wconf 85' lang='lat' dir='ltr'><strong>Venite,</strong></span> <span class='ocrx_word' id='word_1_341' title='bbox 829 2793 952 2862; x_wconf 79' lang='lat' dir='ltr'><strong>ﬁlii,</strong></span> <span class='ocrx_word' id='word_1_342' title='bbox 982 2790 1160 2843; x_wconf 84' lang='lat' dir='ltr'><strong>audite</strong></span> <span class='ocrx_word' id='word_1_343' title='bbox 1211 2803 1310 2841; x_wconf 89' lang='lat' dir='ltr'><strong>me.</strong></span> <span class='ocrx_word' id='word_1_344' title='bbox 1356 2785 1524 2842; x_wconf 80' lang='lat' dir='ltr'><strong>Vocat</strong></span> <span class='ocrx_word' id='word_1_345' title='bbox 1567 2781 1816 2838; x_wconf 84' lang='lat' dir='ltr'><strong>Christus</strong></span> 
     </span>
    </p>
   </div>
   <div class='ocr_carea' id='block_1_44' title="bbox 220 2874 1819 2950">
    <p class='ocr_par' dir='ltr' id='par_1_44' title="bbox 220 2874 1819 2950">
     <span class='ocr_line' id='line_1_44' title="bbox 220 2874 1819 2950; baseline -0.01 -5"><span class='ocrx_word' id='word_1_346' title='bbox 220 2889 524 2945; x_wconf 85' lang='lat' dir='ltr'><strong>Ecclesiam</strong></span> <span class='ocrx_word' id='word_1_347' title='bbox 555 2887 622 2941; x_wconf 89' lang='lat' dir='ltr'><strong>ad</strong></span> <span class='ocrx_word' id='word_1_348' title='bbox 668 2901 728 2941; x_wconf 92' lang='lat' dir='ltr'><strong>se</strong></span> <span class='ocrx_word' id='word_1_349' title='bbox 752 2884 964 2949; x_wconf 84' lang='lat' dir='ltr'><strong>venire,</strong></span> <span class='ocrx_word' id='word_1_350' title='bbox 995 2881 1045 2937; x_wconf 91' lang='lat' dir='ltr'><strong>id</strong></span> <span class='ocrx_word' id='word_1_351' title='bbox 1080 2890 1189 2944; x_wconf 89' lang='lat' dir='ltr'><strong>est,</strong></span> <span class='ocrx_word' id='word_1_352' title='bbox 1223 2895 1317 2950; x_wconf 92' lang='lat' dir='ltr'><strong>per</strong></span> <span class='ocrx_word' id='word_1_353' title='bbox 1342 2879 1524 2941; x_wconf 85' lang='lat' dir='ltr'><strong>fidem,</strong></span> <span class='ocrx_word' id='word_1_354' title='bbox 1555 2876 1726 2932; x_wconf 87' lang='lat' dir='ltr'><strong>sancti</strong></span> <span class='ocrx_word' id='word_1_355' title='bbox 1758 2874 1819 2929; x_wconf 86' lang='lat' dir='ltr'><strong>li-</strong></span> 
     </span>
    </p>
   </div>
   <div class='ocr_carea' id='block_1_45' title="bbox 220 2969 1820 3046">
    <p class='ocr_par' dir='ltr' id='par_1_45' title="bbox 220 2969 1820 3046">
     <span class='ocr_line' id='line_1_45' title="bbox 220 2969 1820 3046; baseline -0.007 -12"><span class='ocrx_word' id='word_1_356' title='bbox 220 2979 280 3035; x_wconf 92' lang='lat' dir='ltr'><strong>lii</strong></span> <span class='ocrx_word' id='word_1_357' title='bbox 324 2979 418 3033; x_wconf 88' lang='lat' dir='ltr'><strong>Dei</strong></span> <span class='ocrx_word' id='word_1_358' title='bbox 449 2977 708 3033; x_wconf 92' lang='lat' dir='ltr'><strong>dicuntur</strong></span> <span class='ocrx_word' id='word_1_359' title='bbox 739 2995 749 3030; x_wconf 94' lang='lat'>:</span> <span class='ocrx_word' id='word_1_360' title='bbox 775 2975 932 3046; x_wconf 80' lang='lat' dir='ltr'><strong>juxta</strong></span> <span class='ocrx_word' id='word_1_361' title='bbox 959 2972 1102 3044; x_wconf 92' lang='lat' dir='ltr'><strong>quod</strong></span> <span class='ocrx_word' id='word_1_362' title='bbox 1133 2972 1336 3027; x_wconf 85' lang='lat' dir='ltr'><strong>dictum</strong></span> <span class='ocrx_word' id='word_1_363' title='bbox 1375 2980 1457 3025; x_wconf 91' lang='lat' dir='ltr'><strong>est</strong></span> <span class='ocrx_word' id='word_1_364' title='bbox 1485 2969 1540 3024; x_wconf 91' lang='lat' dir='ltr'><strong>in</strong></span> <span class='ocrx_word' id='word_1_365' title='bbox 1574 2969 1820 3040; x_wconf 84' lang='lat' dir='ltr'><strong>Evange-</strong></span> 
     </span>
    </p>
   </div>
   <div class='ocr_carea' id='block_1_46' title="bbox 222 3061 1818 3140">
    <p class='ocr_par' dir='ltr' id='par_1_46' title="bbox 222 3061 1818 3140">
     <span class='ocr_line' id='line_1_46' title="bbox 222 3061 1818 3140; baseline -0.007 -13"><span class='ocrx_word' id='word_1_366' title='bbox 222 3071 300 3127; x_wconf 93' lang='lat' dir='ltr'><strong>lio</strong></span> <span class='ocrx_word' id='word_1_367' title='bbox 324 3089 338 3125; x_wconf 94' lang='lat'>:</span> <span class='ocrx_word' id='word_1_368' title='bbox 363 3069 644 3140; x_wconf 87' lang='lat' dir='ltr'><strong>Quotquot</strong></span> <span class='ocrx_word' id='word_1_369' title='bbox 673 3077 853 3123; x_wconf 88' lang='lat' dir='ltr'><strong>autem</strong></span> <span class='ocrx_word' id='word_1_370' title='bbox 894 3074 1220 3136; x_wconf 90' lang='lat' dir='ltr'><strong>receperunt</strong></span> <span class='ocrx_word' id='word_1_371' title='bbox 1253 3079 1400 3131; x_wconf 82' lang='lat' dir='ltr'><strong>eum,</strong></span> <span class='ocrx_word' id='word_1_372' title='bbox 1435 3062 1582 3118; x_wconf 89' lang='lat' dir='ltr'><strong>dedit</strong></span> <span class='ocrx_word' id='word_1_373' title='bbox 1615 3061 1692 3117; x_wconf 71' lang='lat' dir='ltr'><strong>eis</strong></span> <span class='ocrx_word' id='word_1_374' title='bbox 1724 3077 1818 3131; x_wconf 88' lang='lat' dir='ltr'><strong>po-</strong></span> 
     </span>
    </p>
   </div>
   <div class='ocr_carea' id='block_1_47' title="bbox 221 3154 1817 3231">
    <p class='ocr_par' dir='ltr' id='par_1_47' title="bbox 221 3154 1817 3231">
     <span class='ocr_line' id='line_1_47' title="bbox 221 3154 1817 3231; baseline -0.008 -11"><span class='ocrx_word' id='word_1_375' title='bbox 221 3172 477 3220; x_wconf 88' lang='lat' dir='ltr'><strong>testatem</strong></span> <span class='ocrx_word' id='word_1_376' title='bbox 509 3163 650 3220; x_wconf 82' lang='lat' dir='ltr'><strong>filios</strong></span> <span class='ocrx_word' id='word_1_377' title='bbox 677 3162 770 3217; x_wconf 90' lang='lat' dir='ltr'><strong>Dei</strong></span> <span class='ocrx_word' id='word_1_378' title='bbox 804 3161 920 3216; x_wconf 84' lang='lat' dir='ltr'><strong>ﬁeri</strong></span> <span class='ocrx_word' id='word_1_379' title='bbox 952 3159 1134 3231; x_wconf 86' lang='lat' dir='ltr'><strong>(Jaan.</strong></span> <span class='ocrx_word' id='word_1_380' title='bbox 1165 3158 1224 3230; x_wconf 90' lang='grc' dir='ltr'><strong>ι).</strong></span> <span class='ocrx_word' id='word_1_381' title='bbox 1249 3157 1318 3214; x_wconf 85' lang='grc' dir='ltr'><strong>Ει</strong></span> <span class='ocrx_word' id='word_1_382' title='bbox 1339 3157 1577 3212; x_wconf 85' lang='lat' dir='ltr'><strong>Joannes</strong></span> <span class='ocrx_word' id='word_1_383' title='bbox 1605 3154 1737 3211; x_wconf 89' lang='lat' dir='ltr'><strong>dicit</strong></span> <span class='ocrx_word' id='word_1_384' title='bbox 1765 3155 1817 3209; x_wconf 94' lang='lat' dir='ltr'><strong>in</strong></span> 
     </span>
    </p>
   </div>
   <div class='ocr_carea' id='block_1_48' title="bbox 1922 1947 3522 2020">
    <p class='ocr_par' dir='ltr' id='par_1_48' title="bbox 1922 1947 3522 2020">
     <span class='ocr_line' id='line_1_48' title="bbox 1922 1947 3522 2020; baseline 0.001 -18"><span class='ocrx_word' id='word_1_385' title='bbox 1922 1947 1973 2002; x_wconf 93' lang='lat' dir='ltr'><strong>id</strong></span> <span class='ocrx_word' id='word_1_386' title='bbox 2007 1957 2116 2015; x_wconf 77' lang='lat' dir='ltr'><strong>est,</strong></span> <span class='ocrx_word' id='word_1_387' title='bbox 2151 1957 2406 2019; x_wconf 84' lang='lat' dir='ltr'><strong>aspectus</strong></span> <span class='ocrx_word' id='word_1_388' title='bbox 2462 1947 2784 2015; x_wconf 77' lang='lat' dir='ltr'><strong>divinitatis,</strong></span> <span class='ocrx_word' id='word_1_389' title='bbox 2831 1965 2986 2020; x_wconf 83' lang='lat' dir='ltr'><strong>super</strong></span> <span class='ocrx_word' id='word_1_390' title='bbox 3016 1953 3213 2020; x_wconf 84' lang='lat' dir='ltr'><strong>justas.</strong></span> <span class='ocrx_word' id='word_1_391' title='bbox 3261 1949 3328 2004; x_wconf 85' lang='lat' dir='ltr'><strong>Et</strong></span> <span class='ocrx_word' id='word_1_392' title='bbox 3368 1965 3522 2004; x_wconf 88' lang='lat' dir='ltr'><strong>aures</strong></span> 
     </span>
    </p>
   </div>
   <div class='ocr_carea' id='block_1_49' title="bbox 1920 2041 3522 2113">
    <p class='ocr_par' dir='ltr' id='par_1_49' title="bbox 1920 2041 3522 2113">
     <span class='ocr_line' id='line_1_49' title="bbox 1920 2041 3522 2113; baseline 0.001 -18"><span class='ocrx_word' id='word_1_393' title='bbox 1920 2042 2030 2112; x_wconf 85' lang='lat' dir='ltr'><strong>ejus</strong></span> <span class='ocrx_word' id='word_1_394' title='bbox 2052 2041 2121 2094; x_wconf 87' lang='lat' dir='ltr'><strong>ad</strong></span> <span class='ocrx_word' id='word_1_395' title='bbox 2151 2057 2325 2110; x_wconf 79' lang='lat' dir='ltr'><strong>preces</strong></span> <span class='ocrx_word' id='word_1_396' title='bbox 2355 2057 2556 2096; x_wconf 87' lang='lat' dir='ltr'><strong>eorum.</strong></span> <span class='ocrx_word' id='word_1_397' title='bbox 2589 2041 2856 2113; x_wconf 85' lang='lat' dir='ltr'><strong>Quidquid</strong></span> <span class='ocrx_word' id='word_1_398' title='bbox 2891 2050 3087 2111; x_wconf 85' lang='lat' dir='ltr'><strong>rogant</strong></span> <span class='ocrx_word' id='word_1_399' title='bbox 3128 2041 3302 2098; x_wconf 89' lang='lat' dir='ltr'><strong>sancti</strong></span> <span class='ocrx_word' id='word_1_400' title='bbox 3326 2041 3392 2097; x_wconf 92' lang='lat' dir='ltr'><strong>de</strong></span> <span class='ocrx_word' id='word_1_401' title='bbox 3423 2041 3522 2097; x_wconf 89' lang='lat' dir='ltr'><strong>ho-</strong></span> 
     </span>
    </p>
   </div>
   <div class='ocr_carea' id='block_1_50' title="bbox 1922 2133 3512 2205">
    <p class='ocr_par' dir='ltr' id='par_1_50' title="bbox 1922 2133 3512 2205">
     <span class='ocr_line' id='line_1_50' title="bbox 1922 2133 3512 2205; baseline -0.001 -15"><span class='ocrx_word' id='word_1_402' title='bbox 1922 2151 2014 2205; x_wconf 84' lang='lat' dir='ltr'><strong>no,</strong></span> <span class='ocrx_word' id='word_1_403' title='bbox 2048 2134 2269 2190; x_wconf 76' lang='lat' dir='ltr'><strong>exaudit</strong></span> <span class='ocrx_word' id='word_1_404' title='bbox 2301 2134 2422 2190; x_wconf 91' lang='lat' dir='ltr'><strong>illos</strong></span> <span class='ocrx_word' id='word_1_405' title='bbox 2447 2153 2459 2189; x_wconf 95' lang='lat'>:</span> <span class='ocrx_word' id='word_1_406' title='bbox 2489 2135 2614 2205; x_wconf 87' lang='lat' dir='ltr'><strong>quia</strong></span> <span class='ocrx_word' id='word_1_407' title='bbox 2644 2135 2788 2190; x_wconf 71' lang='lat' dir='ltr'><strong>Deus</strong></span> <span class='ocrx_word' id='word_1_408' title='bbox 2811 2143 2865 2190; x_wconf 92' lang='lat' dir='ltr'><strong>et</strong></span> <span class='ocrx_word' id='word_1_409' title='bbox 2895 2134 3068 2200; x_wconf 88' lang='lat' dir='ltr'><strong>audit,</strong></span> <span class='ocrx_word' id='word_1_410' title='bbox 3116 2146 3173 2190; x_wconf 86' lang='lat' dir='ltr'><strong>et</strong></span> <span class='ocrx_word' id='word_1_411' title='bbox 3207 2133 3352 2192; x_wconf 79' lang='lat' dir='ltr'><strong>videt</strong></span> <span class='ocrx_word' id='word_1_412' title='bbox 3373 2148 3474 2191; x_wconf 91' lang='lat' dir='ltr'><strong>nos</strong></span> <span class='ocrx_word' id='word_1_413' title='bbox 3501 2152 3512 2189; x_wconf 90' lang='lat'>:</span> 
     </span>
    </p>
   </div>
   <div class='ocr_carea' id='block_1_51' title="bbox 1921 2229 3186 2300">
    <p class='ocr_par' dir='ltr' id='par_1_51' title="bbox 1921 2229 3186 2300">
     <span class='ocr_line' id='line_1_51' title="bbox 1921 2229 3186 2300; baseline 0.001 -17"><span class='ocrx_word' id='word_1_414' title='bbox 1921 2239 2210 2300; x_wconf 82' lang='lat' dir='ltr'><strong>propterea</strong></span> <span class='ocrx_word' id='word_1_415' title='bbox 2233 2243 2332 2284; x_wconf 90' lang='lat' dir='ltr'><strong>nos</strong></span> <span class='ocrx_word' id='word_1_416' title='bbox 2364 2229 2624 2284; x_wconf 86' lang='lat' dir='ltr'><strong>faciamus</strong></span> <span class='ocrx_word' id='word_1_417' title='bbox 2647 2229 2990 2298; x_wconf 47' lang='lat' dir='ltr'><strong>:voluntatetn</strong></span> <span class='ocrx_word' id='word_1_418' title='bbox 3019 2229 3186 2284; x_wconf 90' lang='lat' dir='ltr'><strong>illius.</strong></span> 
     </span>
    </p>
   </div>
   <div class='ocr_carea' id='block_1_52' title="bbox 2003 2319 3518 2392">
    <p class='ocr_par' dir='ltr' id='par_1_52' title="bbox 2003 2319 3518 2392">
     <span class='ocr_line' id='line_1_52' title="bbox 2003 2319 3518 2392; baseline 0.002 -18"><span class='ocrx_word' id='word_1_419' title='bbox 2003 2320 2186 2375; x_wconf 82' lang='lat' dir='ltr'><strong>Vultus</strong></span> <span class='ocrx_word' id='word_1_420' title='bbox 2242 2330 2414 2374; x_wconf 88' lang='lat' dir='ltr'><strong>autem</strong></span> <span class='ocrx_word' id='word_1_421' title='bbox 2457 2319 2668 2375; x_wconf 88' lang='lat' dir='ltr'><strong>Domini</strong></span> <span class='ocrx_word' id='word_1_422' title='bbox 2708 2337 2862 2390; x_wconf 84' lang='lat' dir='ltr'><strong>super</strong></span> <span class='ocrx_word' id='word_1_423' title='bbox 2905 2321 3159 2392; x_wconf 75' lang='lat' dir='ltr'><strong>facientes</strong></span> <span class='ocrx_word' id='word_1_424' title='bbox 3199 2321 3359 2376; x_wconf 88' lang='lat' dir='ltr'><strong>mala.</strong></span> <span class='ocrx_word' id='word_1_425' title='bbox 3411 2319 3518 2377; x_wconf 84' lang='lat' dir='ltr'><strong>Isle</strong></span> 
     </span>
    </p>
   </div>
   <div class='ocr_carea' id='block_1_53' title="bbox 1920 2415 3517 2488">
    <p class='ocr_par' dir='ltr' id='par_1_53' title="bbox 1920 2415 3517 2488">
     <span class='ocr_line' id='line_1_53' title="bbox 1920 2415 3517 2488; baseline 0.001 -18"><span class='ocrx_word' id='word_1_426' title='bbox 1920 2415 2162 2488; x_wconf 87' lang='lat' dir='ltr'><strong>psalmus</strong></span> <span class='ocrx_word' id='word_1_427' title='bbox 2199 2415 2252 2470; x_wconf 91' lang='lat' dir='ltr'><strong>in</strong></span> <span class='ocrx_word' id='word_1_428' title='bbox 2286 2430 2517 2486; x_wconf 89' lang='lat' dir='ltr'><strong>persona</strong></span> <span class='ocrx_word' id='word_1_429' title='bbox 2556 2415 2825 2470; x_wconf 86' lang='lat' dir='ltr'><strong>honorum</strong></span> <span class='ocrx_word' id='word_1_430' title='bbox 2872 2428 2931 2472; x_wconf 92' lang='lat' dir='ltr'><strong>et</strong></span> <span class='ocrx_word' id='word_1_431' title='bbox 2963 2416 3016 2471; x_wconf 91' lang='lat' dir='ltr'><strong>in</strong></span> <span class='ocrx_word' id='word_1_432' title='bbox 3071 2431 3308 2486; x_wconf 87' lang='lat' dir='ltr'><strong>persona</strong></span> <span class='ocrx_word' id='word_1_433' title='bbox 3343 2417 3517 2472; x_wconf 90' lang='lat' dir='ltr'><strong>malo-</strong></span> 
     </span>
    </p>
   </div>
   <div class='ocr_carea' id='block_1_54' title="bbox 1922 2507 3520 2579">
    <p class='ocr_par' dir='ltr' id='par_1_54' title="bbox 1922 2507 3520 2579">
     <span class='ocr_line' id='line_1_54' title="bbox 1922 2507 3520 2579; baseline -0.001 -15"><span class='ocrx_word' id='word_1_434' title='bbox 1922 2524 2040 2564; x_wconf 90' lang='lat' dir='ltr'><strong>rum</strong></span> <span class='ocrx_word' id='word_1_435' title='bbox 2073 2508 2268 2564; x_wconf 90' lang='lat' dir='ltr'><strong>currit.</strong></span> <span class='ocrx_word' id='word_1_436' title='bbox 2322 2508 2552 2578; x_wconf 83' lang='lat' dir='ltr'><strong>Propter</strong></span> <span class='ocrx_word' id='word_1_437' title='bbox 2579 2507 2706 2579; x_wconf 91' lang='lat' dir='ltr'><strong>quid</strong></span> <span class='ocrx_word' id='word_1_438' title='bbox 2736 2507 2919 2563; x_wconf 86' lang='lat' dir='ltr'><strong>vultus</strong></span> <span class='ocrx_word' id='word_1_439' title='bbox 2950 2507 3043 2564; x_wconf 89' lang='lat' dir='ltr'><strong>Dei</strong></span> <span class='ocrx_word' id='word_1_440' title='bbox 3087 2522 3251 2579; x_wconf 89' lang='lat' dir='ltr'><strong>super</strong></span> <span class='ocrx_word' id='word_1_441' title='bbox 3287 2522 3384 2563; x_wconf 89' lang='lat' dir='ltr'><strong>eos</strong></span> <span class='ocrx_word' id='word_1_442' title='bbox 3427 2508 3520 2578; x_wconf 90' lang='lat' dir='ltr'><strong>qui</strong></span> 
     </span>
    </p>
   </div>
   <div class='ocr_carea' id='block_1_55' title="bbox 1923 2600 3521 2670">
    <p class='ocr_par' dir='ltr' id='par_1_55' title="bbox 1923 2600 3521 2670">
     <span class='ocr_line' id='line_1_55' title="bbox 1923 2600 3521 2670; baseline 0.001 -14"><span class='ocrx_word' id='word_1_443' title='bbox 1923 2601 2061 2656; x_wconf 88' lang='lat' dir='ltr'><strong>mala</strong></span> <span class='ocrx_word' id='word_1_444' title='bbox 2085 2601 2321 2656; x_wconf 85' lang='lat' dir='ltr'><strong>faciunt?</strong></span> <span class='ocrx_word' id='word_1_445' title='bbox 2353 2600 2420 2656; x_wconf 90' lang='lat' dir='ltr'><strong>Ut</strong></span> <span class='ocrx_word' id='word_1_446' title='bbox 2444 2601 2710 2670; x_wconf 79' lang='lat' dir='ltr'><strong>disperdat</strong></span> <span class='ocrx_word' id='word_1_447' title='bbox 2743 2601 2808 2656; x_wconf 88' lang='lat' dir='ltr'><strong>de</strong></span> <span class='ocrx_word' id='word_1_448' title='bbox 2831 2611 2967 2656; x_wconf 90' lang='lat' dir='ltr'><strong>terra</strong></span> <span class='ocrx_word' id='word_1_449' title='bbox 2991 2603 3295 2657; x_wconf 87' lang='lat' dir='ltr'><strong>memoriam</strong></span> <span class='ocrx_word' id='word_1_450' title='bbox 3322 2619 3521 2658; x_wconf 88' lang='lat' dir='ltr'><strong>eorum.</strong></span> 
     </span>
    </p>
   </div>
   <div class='ocr_carea' id='block_1_56' title="bbox 1923 2696 3523 2768">
    <p class='ocr_par' dir='ltr' id='par_1_56' title="bbox 1923 2696 3523 2768">
     <span class='ocr_line' id='line_1_56' title="bbox 1923 2696 3523 2768; baseline 0.001 -16"><span class='ocrx_word' id='word_1_451' title='bbox 1923 2696 2039 2752; x_wconf 92' lang='lat' dir='ltr'><strong>Iloc</strong></span> <span class='ocrx_word' id='word_1_452' title='bbox 2065 2705 2169 2764; x_wconf 89' lang='lat' dir='ltr'><strong>est,</strong></span> <span class='ocrx_word' id='word_1_453' title='bbox 2225 2696 2294 2752; x_wconf 90' lang='lat' dir='ltr'><strong>de</strong></span> <span class='ocrx_word' id='word_1_454' title='bbox 2325 2705 2469 2752; x_wconf 87' lang='lat' dir='ltr'><strong>terra</strong></span> <span class='ocrx_word' id='word_1_455' title='bbox 2501 2697 2821 2761; x_wconf 77' lang='lat' dir='ltr'><strong>viventium,</strong></span> <span class='ocrx_word' id='word_1_456' title='bbox 2871 2707 2928 2751; x_wconf 92' lang='lat' dir='ltr'><strong>ut</strong></span> <span class='ocrx_word' id='word_1_457' title='bbox 2969 2697 3045 2752; x_wconf 88' lang='lat' dir='ltr'><strong>ait</strong></span> <span class='ocrx_word' id='word_1_458' title='bbox 3075 2698 3346 2768; x_wconf 86' lang='lat' dir='ltr'><strong>prapheta</strong></span> <span class='ocrx_word' id='word_1_459' title='bbox 3380 2715 3392 2752; x_wconf 91' lang='lat'><strong>:</strong></span> <span class='ocrx_word' id='word_1_460' title='bbox 3420 2698 3523 2753; x_wconf 88' lang='lat' dir='ltr'><strong>De-</strong></span> 
     </span>
    </p>
   </div>
   <div class='ocr_carea' id='block_1_57' title="bbox 1923 2789 3523 2862">
    <p class='ocr_par' dir='ltr' id='par_1_57' title="bbox 1923 2789 3523 2862">
     <span class='ocr_line' id='line_1_57' title="bbox 1923 2789 3523 2862; baseline -0.001 -14"><span class='ocrx_word' id='word_1_461' title='bbox 1923 2793 2136 2848; x_wconf 86' lang='lat' dir='ltr'><strong>lcantur</strong></span> <span class='ocrx_word' id='word_1_462' title='bbox 2165 2791 2234 2847; x_wconf 91' lang='lat' dir='ltr'><strong>de</strong></span> <span class='ocrx_word' id='word_1_463' title='bbox 2259 2791 2403 2846; x_wconf 86' lang='lat' dir='ltr'><strong>libro</strong></span> <span class='ocrx_word' id='word_1_464' title='bbox 2431 2791 2729 2846; x_wconf 85' lang='lat' dir='ltr'><strong>viventium</strong></span> <span class='ocrx_word' id='word_1_465' title='bbox 2749 2789 2866 2862; x_wconf 85' lang='lat' dir='ltr'><strong>(Ps.</strong></span> <span class='ocrx_word' id='word_1_466' title='bbox 2905 2791 3155 2861; x_wconf 79' lang='lat' dir='ltr'><strong>Lxxxw).</strong></span> <span class='ocrx_word' id='word_1_467' title='bbox 3180 2789 3398 2846; x_wconf 82' lang='lat' dir='ltr'><strong>Vultum</strong></span> <span class='ocrx_word' id='word_1_468' title='bbox 3433 2790 3523 2846; x_wconf 91' lang='lat' dir='ltr'><strong>hic</strong></span> 
     </span>
    </p>
   </div>
   <div class='ocr_carea' id='block_1_58' title="bbox 1923 2883 3521 2955">
    <p class='ocr_par' dir='ltr' id='par_1_58' title="bbox 1923 2883 3521 2955">
     <span class='ocr_line' id='line_1_58' title="bbox 1923 2883 3521 2955; baseline 0 -15"><span class='ocrx_word' id='word_1_469' title='bbox 1923 2886 2164 2941; x_wconf 84' lang='lat' dir='ltr'><strong>furorem</strong></span> <span class='ocrx_word' id='word_1_470' title='bbox 2194 2884 2569 2955; x_wconf 82' lang='lat' dir='ltr'><strong>intelligimus,</strong></span> <span class='ocrx_word' id='word_1_471' title='bbox 2604 2885 2695 2955; x_wconf 91' lang='lat' dir='ltr'><strong>qui</strong></span> <span class='ocrx_word' id='word_1_472' title='bbox 2721 2883 2980 2940; x_wconf 84' lang='lat' dir='ltr'><strong>minando</strong></span> <span class='ocrx_word' id='word_1_473' title='bbox 3005 2886 3164 2952; x_wconf 90' lang='lat' dir='ltr'><strong>iram,</strong></span> <span class='ocrx_word' id='word_1_474' title='bbox 3200 2885 3521 2940; x_wconf 87' lang='lat' dir='ltr'><strong>memoriam</strong></span> 
     </span>
    </p>
   </div>
   <div class='ocr_carea' id='block_1_59' title="bbox 1925 2977 3529 3052">
    <p class='ocr_par' dir='ltr' id='par_1_59' title="bbox 1925 2977 3529 3052">
     <span class='ocr_line' id='line_1_59' title="bbox 1925 2977 3529 3052; baseline -0.002 -16"><span class='ocrx_word' id='word_1_475' title='bbox 1925 2981 2134 3052; x_wconf 87' lang='lat' dir='ltr'><strong>peccati</strong></span> <span class='ocrx_word' id='word_1_476' title='bbox 2167 2995 2195 3034; x_wconf 89' lang='lat' dir='ltr'><strong>a</strong></span> <span class='ocrx_word' id='word_1_477' title='bbox 2228 2990 2373 3035; x_wconf 87' lang='lat' dir='ltr'><strong>terra</strong></span> <span class='ocrx_word' id='word_1_478' title='bbox 2401 2978 2691 3049; x_wconf 87' lang='lat' dir='ltr'><strong>disperdit,</strong></span> <span class='ocrx_word' id='word_1_479' title='bbox 2715 2987 2770 3032; x_wconf 93' lang='lat' dir='ltr'><strong>ut</strong></span> <span class='ocrx_word' id='word_1_480' title='bbox 2799 2977 3012 3033; x_wconf 86' lang='lat' dir='ltr'><strong>radices</strong></span> <span class='ocrx_word' id='word_1_481' title='bbox 3038 2978 3388 3048; x_wconf 77' lang='lat' dir='ltr'><strong>benignitatis</strong></span> <span class='ocrx_word' id='word_1_482' title='bbox 3414 2991 3529 3032; x_wconf 73' lang='lat' dir='ltr'><strong>sua:</strong></span> 
     </span>
    </p>
   </div>
   <div class='ocr_carea' id='block_1_60' title="bbox 1925 3072 3526 3148">
    <p class='ocr_par' dir='ltr' id='par_1_60' title="bbox 1925 3072 3526 3148">
     <span class='ocr_line' id='line_1_60' title="bbox 1925 3072 3526 3148; baseline -0.003 -18"><span class='ocrx_word' id='word_1_483' title='bbox 1925 3074 2094 3148; x_wconf 90' lang='lat' dir='ltr'><strong>(unde</strong></span> <span class='ocrx_word' id='word_1_484' title='bbox 2112 3090 2232 3130; x_wconf 89' lang='lat' dir='ltr'><strong>eam</strong></span> <span class='ocrx_word' id='word_1_485' title='bbox 2264 3073 2561 3143; x_wconf 82' lang='lat' dir='ltr'><strong>exciderat)</strong></span> <span class='ocrx_word' id='word_1_486' title='bbox 2589 3073 2818 3144; x_wconf 88' lang='lat' dir='ltr'><strong>plantet.</strong></span> <span class='ocrx_word' id='word_1_487' title='bbox 2852 3072 2983 3141; x_wconf 67' lang='lat' dir='ltr'><strong>Quae</strong></span> <span class='ocrx_word' id='word_1_488' title='bbox 3023 3072 3089 3128; x_wconf 89' lang='lat' dir='ltr'><strong>de</strong></span> <span class='ocrx_word' id='word_1_489' title='bbox 3119 3073 3364 3136; x_wconf 86' lang='lat' dir='ltr'><strong>auribus,</strong></span> <span class='ocrx_word' id='word_1_490' title='bbox 3391 3087 3526 3126; x_wconf 92' lang='lat' dir='ltr'><strong>ocu-</strong></span> 
     </span>
    </p>
   </div>
   <div class='ocr_carea' id='block_1_61' title="bbox 1927 3165 3520 3237">
    <p class='ocr_par' dir='ltr' id='par_1_61' title="bbox 1927 3165 3520 3237">
     <span class='ocr_line' id='line_1_61' title="bbox 1927 3165 3520 3237; baseline -0.004 -13"><span class='ocrx_word' id='word_1_491' title='bbox 1927 3169 2014 3236; x_wconf 92' lang='lat' dir='ltr'><strong>lis,</strong></span> <span class='ocrx_word' id='word_1_492' title='bbox 2058 3183 2120 3223; x_wconf 92' lang='lat' dir='ltr'><strong>ac</strong></span> <span class='ocrx_word' id='word_1_493' title='bbox 2151 3169 2220 3225; x_wconf 91' lang='lat' dir='ltr'><strong>de</strong></span> <span class='ocrx_word' id='word_1_494' title='bbox 2261 3167 2418 3222; x_wconf 92' lang='lat' dir='ltr'><strong>vultu</strong></span> <span class='ocrx_word' id='word_1_495' title='bbox 2475 3167 2750 3235; x_wconf 88' lang='lat' dir='ltr'><strong>dicuntur,</strong></span> <span class='ocrx_word' id='word_1_496' title='bbox 2811 3181 2921 3221; x_wconf 90' lang='lat' dir='ltr'><strong>non</strong></span> <span class='ocrx_word' id='word_1_497' title='bbox 2967 3165 3032 3219; x_wconf 91' lang='lat' dir='ltr'><strong>ad</strong></span> <span class='ocrx_word' id='word_1_498' title='bbox 3081 3165 3520 3237; x_wconf 88' lang='lat' dir='ltr'><strong>corporationem</strong></span> 
     </span>
    </p>
   </div>
   <div class='ocr_carea' id='block_1_62' title="bbox 221 3248 1818 3332">
    <p class='ocr_par' dir='ltr' id='par_1_62' title="bbox 221 3248 1816 3329">
     <span class='ocr_line' id='line_1_62' title="bbox 221 3248 1816 3329; baseline -0.009 -14"><span class='ocrx_word' id='word_1_499' title='bbox 221 3258 465 3329; x_wconf 82' lang='lat' dir='ltr'><strong>Epistula</strong></span> <span class='ocrx_word' id='word_1_500' title='bbox 513 3272 608 3312; x_wconf 87' lang='lat' dir='ltr'><strong>sua</strong></span> <span class='ocrx_word' id='word_1_501' title='bbox 643 3276 655 3311; x_wconf 89' lang='lat'><strong>:</strong></span> <span class='ocrx_word' id='word_1_502' title='bbox 695 3255 847 3312; x_wconf 77' lang='lat' dir='ltr'><strong>Nunc</strong></span> <span class='ocrx_word' id='word_1_503' title='bbox 899 3253 1019 3310; x_wconf 86' lang='lat' dir='ltr'><strong>Filii</strong></span> <span class='ocrx_word' id='word_1_504' title='bbox 1073 3253 1167 3310; x_wconf 92' lang='lat' dir='ltr'><strong>Dei</strong></span> <span class='ocrx_word' id='word_1_505' title='bbox 1209 3265 1396 3307; x_wconf 91' lang='lat' dir='ltr'><strong>sumus</strong></span> <span class='ocrx_word' id='word_1_506' title='bbox 1427 3249 1477 3323; x_wconf 84' lang='grc' dir='ltr'><strong>(Ι</strong></span> <span class='ocrx_word' id='word_1_507' title='bbox 1515 3248 1675 3304; x_wconf 80' lang='lat' dir='ltr'><strong>Joan.</strong></span> <span class='ocrx_word' id='word_1_508' title='bbox 1711 3248 1816 3318; x_wconf 90' lang='grc' dir='ltr'><strong>ιιι).</strong></span> 
     </span>
    </p>
   </div>
   <div class='ocr_carea' id='block_1_63' title="bbox 1933 3248 3515 3332">
    <p class='ocr_par' dir='ltr' id='par_1_63' title="bbox 1933 3257 3515 3332">
     <span class='ocr_line' id='line_1_63' title="bbox 1933 3257 3515 3332; baseline -0.003 -15"><span class='ocrx_word' id='word_1_509' title='bbox 1933 3262 2195 3329; x_wconf 90' lang='lat' dir='ltr'><strong>Deitatis,</strong></span> <span class='ocrx_word' id='word_1_510' title='bbox 2255 3261 2350 3318; x_wconf 89' lang='lat' dir='ltr'><strong>sed</strong></span> <span class='ocrx_word' id='word_1_511' title='bbox 2399 3261 2467 3317; x_wconf 88' lang='lat' dir='ltr'><strong>ad</strong></span> <span class='ocrx_word' id='word_1_512' title='bbox 2524 3259 2822 3332; x_wconf 87' lang='lat' dir='ltr'><strong>majestatis</strong></span> <span class='ocrx_word' id='word_1_513' title='bbox 2865 3259 3167 3331; x_wconf 88' lang='lat' dir='ltr'><strong>potentiam</strong></span> <span class='ocrx_word' id='word_1_514' title='bbox 3228 3257 3515 3315; x_wconf 88' lang='lat' dir='ltr'><strong>referenda</strong></span> 
     </span>
    </p>
   </div>
   <div class='ocr_carea' id='block_1_64' title="bbox 222 3345 1823 3408">
    <p class='ocr_par' dir='ltr' id='par_1_64' title="bbox 222 3345 1823 3408">
     <span class='ocr_line' id='line_1_64' title="bbox 222 3345 1823 3408; baseline -0.006 -1"><span class='ocrx_word' id='word_1_515' title='bbox 222 3351 486 3408; x_wconf 83' lang='lat' dir='ltr'><strong>Timorem</strong></span> <span class='ocrx_word' id='word_1_516' title='bbox 533 3350 745 3405; x_wconf 84' lang='lat' dir='ltr'><strong>Domini</strong></span> <span class='ocrx_word' id='word_1_517' title='bbox 780 3348 972 3404; x_wconf 83' lang='lat' dir='ltr'><strong>docebo</strong></span> <span class='ocrx_word' id='word_1_518' title='bbox 1004 3364 1112 3403; x_wconf 81' lang='lat' dir='ltr'><strong>vos.</strong></span> <span class='ocrx_word' id='word_1_519' title='bbox 1164 3347 1234 3405; x_wconf 90' lang='lat' dir='ltr'><strong>Ut</strong></span> <span class='ocrx_word' id='word_1_520' title='bbox 1274 3346 1403 3402; x_wconf 90' lang='lat' dir='ltr'><strong>illud</strong></span> <span class='ocrx_word' id='word_1_521' title='bbox 1437 3367 1449 3402; x_wconf 88' lang='lat'><strong>:</strong></span> <span class='ocrx_word' id='word_1_522' title='bbox 1484 3345 1700 3400; x_wconf 87' lang='lat' dir='ltr'><strong>Initium</strong></span> <span class='ocrx_word' id='word_1_523' title='bbox 1734 3358 1823 3398; x_wconf 88' lang='lat' dir='ltr'><strong>sa-</strong></span> 
     </span>
    </p>
   </div>
   <div class='ocr_carea' id='block_1_65' title="bbox 219 3437 1822 3518">
    <p class='ocr_par' dir='ltr' id='par_1_65' title="bbox 219 3437 1822 3518">
     <span class='ocr_line' id='line_1_65' title="bbox 219 3437 1822 3518; baseline -0.006 -18"><span class='ocrx_word' id='word_1_524' title='bbox 219 3447 450 3518; x_wconf 77' lang='lat' dir='ltr'><strong>pientizn</strong></span> <span class='ocrx_word' id='word_1_525' title='bbox 485 3445 646 3500; x_wconf 89' lang='lat' dir='ltr'><strong>timor</strong></span> <span class='ocrx_word' id='word_1_526' title='bbox 675 3441 888 3498; x_wconf 90' lang='lat' dir='ltr'><strong>Domini</strong></span> <span class='ocrx_word' id='word_1_527' title='bbox 922 3440 1114 3513; x_wconf 83' lang='lat' dir='ltr'><strong>(Eecli.</strong></span> <span class='ocrx_word' id='word_1_528' title='bbox 1159 3438 1220 3507; x_wconf 90' lang='grc' dir='ltr'><strong>ι).</strong></span> <span class='ocrx_word' id='word_1_529' title='bbox 1268 3438 1334 3493; x_wconf 87' lang='lat' dir='ltr'><strong>Et</strong></span> <span class='ocrx_word' id='word_1_530' title='bbox 1375 3437 1504 3493; x_wconf 89' lang='lat' dir='ltr'><strong>alibi</strong></span> <span class='ocrx_word' id='word_1_531' title='bbox 1536 3437 1670 3492; x_wconf 89' lang='lat' dir='ltr'><strong>dicit</strong></span> <span class='ocrx_word' id='word_1_532' title='bbox 1701 3455 1712 3490; x_wconf 88' lang='lat'>:</span> <span class='ocrx_word' id='word_1_533' title='bbox 1749 3437 1822 3490; x_wconf 87' lang='lat' dir='ltr'><strong>De</strong></span> 
     </span>
    </p>
   </div>
   <div class='ocr_carea' id='block_1_66' title="bbox 220 3527 1823 3603">
    <p class='ocr_par' dir='ltr' id='par_1_66' title="bbox 220 3527 1823 3603">
     <span class='ocr_line' id='line_1_66' title="bbox 220 3527 1823 3603; baseline -0.005 -11"><span class='ocrx_word' id='word_1_534' title='bbox 220 3538 423 3594; x_wconf 88' lang='lat' dir='ltr'><strong>timore</strong></span> <span class='ocrx_word' id='word_1_535' title='bbox 470 3536 712 3591; x_wconf 89' lang='lat' dir='ltr'><strong>nascitur</strong></span> <span class='ocrx_word' id='word_1_536' title='bbox 759 3533 1108 3603; x_wconf 89' lang='lat' dir='ltr'><strong>eompunctio</strong></span> <span class='ocrx_word' id='word_1_537' title='bbox 1155 3531 1367 3587; x_wconf 89' lang='lat' dir='ltr'><strong>salutis.</strong></span> <span class='ocrx_word' id='word_1_538' title='bbox 1416 3529 1496 3584; x_wconf 82' lang='lat' dir='ltr'><strong>Ad</strong></span> <span class='ocrx_word' id='word_1_539' title='bbox 1528 3529 1629 3584; x_wconf 92' lang='lat' dir='ltr'><strong>hoc</strong></span> <span class='ocrx_word' id='word_1_540' title='bbox 1659 3527 1823 3584; x_wconf 91' lang='lat' dir='ltr'><strong>dehet</strong></span> 
     </span>
    </p>
   </div>
   <div class='ocr_carea' id='block_1_67' title="bbox 221 3620 1824 3701">
    <p class='ocr_par' dir='ltr' id='par_1_67' title="bbox 221 3620 1824 3701">
     <span class='ocr_line' id='line_1_67' title="bbox 221 3620 1824 3701; baseline -0.006 -17"><span class='ocrx_word' id='word_1_541' title='bbox 221 3629 600 3701; x_wconf 88' lang='lat' dir='ltr'><strong>unusquisque</strong></span> <span class='ocrx_word' id='word_1_542' title='bbox 648 3627 870 3692; x_wconf 84' lang='lat' dir='ltr'><strong>venire,</strong></span> <span class='ocrx_word' id='word_1_543' title='bbox 923 3635 982 3680; x_wconf 93' lang='lat' dir='ltr'><strong>ut</strong></span> <span class='ocrx_word' id='word_1_544' title='bbox 1041 3625 1294 3680; x_wconf 89' lang='lat' dir='ltr'><strong>timorem</strong></span> <span class='ocrx_word' id='word_1_545' title='bbox 1360 3621 1574 3680; x_wconf 89' lang='lat' dir='ltr'><strong>Domini</strong></span> <span class='ocrx_word' id='word_1_546' title='bbox 1626 3620 1824 3677; x_wconf 88' lang='lat' dir='ltr'><strong>debeat</strong></span> 
     </span>
    </p>
   </div>
   <div class='ocr_carea' id='block_1_68' title="bbox 220 3723 450 3780">
    <p class='ocr_par' dir='ltr' id='par_1_68' title="bbox 220 3723 450 3780">
     <span class='ocr_line' id='line_1_68' title="bbox 220 3723 450 3780; baseline -0.017 -1"><span class='ocrx_word' id='word_1_547' title='bbox 220 3723 450 3780; x_wconf 84' lang='lat' dir='ltr'><strong>habere.</strong></span> 
     </span>
    </p>
   </div>
   <div class='ocr_carea' id='block_1_69' title="bbox 295 3808 1822 3884">
    <p class='ocr_par' dir='ltr' id='par_1_69' title="bbox 295 3808 1822 3884">
     <span class='ocr_line' id='line_1_69' title="bbox 295 3808 1822 3884; baseline -0.005 -15"><span class='ocrx_word' id='word_1_548' title='bbox 295 3816 431 3884; x_wconf 83' lang='lat' dir='ltr'><strong>Quis</strong></span> <span class='ocrx_word' id='word_1_549' title='bbox 454 3825 526 3869; x_wconf 71' lang='lat' dir='ltr'><strong>cst</strong></span> <span class='ocrx_word' id='word_1_550' title='bbox 551 3816 705 3868; x_wconf 82' lang='lat' dir='ltr'><strong>homo</strong></span> <span class='ocrx_word' id='word_1_551' title='bbox 726 3814 812 3882; x_wconf 84' lang='lat' dir='ltr'><strong>qui</strong></span> <span class='ocrx_word' id='word_1_552' title='bbox 833 3810 944 3866; x_wconf 79' lang='lat' dir='ltr'><strong>vult</strong></span> <span class='ocrx_word' id='word_1_553' title='bbox 976 3813 1150 3866; x_wconf 85' lang='lat' dir='ltr'><strong>vitam.</strong></span> <span class='ocrx_word' id='word_1_554' title='bbox 1187 3810 1472 3869; x_wconf 54' lang='lat' dir='ltr'><strong>(Eternam</strong></span> <span class='ocrx_word' id='word_1_555' title='bbox 1506 3809 1714 3882; x_wconf 87' lang='lat' dir='ltr'><strong>utique.</strong></span> <span class='ocrx_word' id='word_1_556' title='bbox 1753 3808 1822 3862; x_wconf 86' lang='lat' dir='ltr'><strong>Et</strong></span> 
     </span>
    </p>
   </div>
   <div class='ocr_carea' id='block_1_70' title="bbox 219 3903 1824 3981">
    <p class='ocr_par' dir='ltr' id='par_1_70' title="bbox 219 3903 1824 3981">
     <span class='ocr_line' id='line_1_70' title="bbox 219 3903 1824 3981; baseline -0.006 -16"><span class='ocrx_word' id='word_1_557' title='bbox 219 3913 368 3981; x_wconf 81' lang='lat' dir='ltr'><strong>cupit</strong></span> <span class='ocrx_word' id='word_1_558' title='bbox 391 3911 503 3963; x_wconf 87' lang='lat' dir='ltr'><strong>dies</strong></span> <span class='ocrx_word' id='word_1_559' title='bbox 531 3907 703 3962; x_wconf 81' lang='lat' dir='ltr'><strong>videre</strong></span> <span class='ocrx_word' id='word_1_560' title='bbox 733 3909 914 3961; x_wconf 89' lang='lat' dir='ltr'><strong>bonos.</strong></span> <span class='ocrx_word' id='word_1_561' title='bbox 940 3907 995 3961; x_wconf 92' lang='lat' dir='ltr'><strong>lu</strong></span> <span class='ocrx_word' id='word_1_562' title='bbox 1028 3905 1225 3975; x_wconf 89' lang='lat' dir='ltr'><strong>quibus</strong></span> <span class='ocrx_word' id='word_1_563' title='bbox 1255 3919 1378 3960; x_wconf 89' lang='lat' dir='ltr'><strong>cum</strong></span> <span class='ocrx_word' id='word_1_564' title='bbox 1404 3904 1613 3959; x_wconf 89' lang='lat' dir='ltr'><strong>sanctis</strong></span> <span class='ocrx_word' id='word_1_565' title='bbox 1636 3903 1824 3973; x_wconf 90' lang='lat' dir='ltr'><strong>jucun-</strong></span> 
     </span>
    </p>
   </div>
   <div class='ocr_carea' id='block_1_71' title="bbox 219 3997 1820 4069">
    <p class='ocr_par' dir='ltr' id='par_1_71' title="bbox 219 3997 1820 4069">
     <span class='ocr_line' id='line_1_71' title="bbox 219 3997 1820 4069; baseline -0.004 -11"><span class='ocrx_word' id='word_1_566' title='bbox 219 4002 384 4058; x_wconf 87' lang='lat' dir='ltr'><strong>detnr</strong></span> <span class='ocrx_word' id='word_1_567' title='bbox 414 4003 469 4056; x_wconf 90' lang='lat' dir='ltr'><strong>in</strong></span> <span class='ocrx_word' id='word_1_568' title='bbox 494 4015 666 4069; x_wconf 81' lang='lat' dir='ltr'><strong>regno</strong></span> <span class='ocrx_word' id='word_1_569' title='bbox 692 3999 804 4054; x_wconf 90' lang='lat' dir='ltr'><strong>Dei.</strong></span> <span class='ocrx_word' id='word_1_570' title='bbox 833 3998 930 4053; x_wconf 88' lang='lat' dir='ltr'><strong>Vel</strong></span> <span class='ocrx_word' id='word_1_571' title='bbox 961 4013 1062 4054; x_wconf 81' lang='lat' dir='ltr'><strong>vox</strong></span> <span class='ocrx_word' id='word_1_572' title='bbox 1101 3997 1380 4067; x_wconf 78' lang='lat' dir='ltr'><strong>propheta:</strong></span> <span class='ocrx_word' id='word_1_573' title='bbox 1411 3997 1820 4067; x_wconf 79' lang='lat' dir='ltr'><strong>interrogando,</strong></span> 
     </span>
    </p>
   </div>
   <div class='ocr_carea' id='block_1_72' title="bbox 219 4085 1822 4161">
    <p class='ocr_par' dir='ltr' id='par_1_72' title="bbox 219 4085 1822 4161">
     <span class='ocr_line' id='line_1_72' title="bbox 219 4085 1822 4161; baseline -0.006 -11"><span class='ocrx_word' id='word_1_574' title='bbox 219 4103 275 4150; x_wconf 88' lang='lat' dir='ltr'><strong>et</strong></span> <span class='ocrx_word' id='word_1_575' title='bbox 306 4093 448 4150; x_wconf 90' lang='lat' dir='ltr'><strong>alius</strong></span> <span class='ocrx_word' id='word_1_576' title='bbox 475 4091 630 4155; x_wconf 87' lang='lat' dir='ltr'><strong>dicit,</strong></span> <span class='ocrx_word' id='word_1_577' title='bbox 657 4089 773 4161; x_wconf 83' lang='lat' dir='ltr'><strong>Ego</strong></span> <span class='ocrx_word' id='word_1_578' title='bbox 800 4089 942 4155; x_wconf 84' lang='lat' dir='ltr'><strong>volo,</strong></span> <span class='ocrx_word' id='word_1_579' title='bbox 968 4098 1024 4144; x_wconf 91' lang='lat' dir='ltr'><strong>et</strong></span> <span class='ocrx_word' id='word_1_580' title='bbox 1054 4088 1144 4143; x_wconf 91' lang='lat' dir='ltr'><strong>ille</strong></span> <span class='ocrx_word' id='word_1_581' title='bbox 1170 4087 1303 4142; x_wconf 87' lang='lat' dir='ltr'><strong>dicit</strong></span> <span class='ocrx_word' id='word_1_582' title='bbox 1333 4106 1344 4142; x_wconf 88' lang='lat'>:</span> <span class='ocrx_word' id='word_1_583' title='bbox 1375 4085 1430 4142; x_wconf 91' lang='lat' dir='ltr'><strong>Si</strong></span> <span class='ocrx_word' id='word_1_584' title='bbox 1453 4088 1558 4154; x_wconf 86' lang='lat' dir='ltr'><strong>vis,</strong></span> <span class='ocrx_word' id='word_1_585' title='bbox 1589 4087 1671 4142; x_wconf 90' lang='lat' dir='ltr'><strong>fac</strong></span> <span class='ocrx_word' id='word_1_586' title='bbox 1693 4101 1822 4158; x_wconf 88' lang='lat' dir='ltr'><strong>ergo</strong></span> 
     </span>
    </p>
   </div>
   <div class='ocr_carea' id='block_1_73' title="bbox 218 4178 1824 4257">
    <p class='ocr_par' dir='ltr' id='par_1_73' title="bbox 218 4178 1824 4257">
     <span class='ocr_line' id='line_1_73' title="bbox 218 4178 1824 4257; baseline -0.004 -17"><span class='ocrx_word' id='word_1_587' title='bbox 218 4186 364 4257; x_wconf 86' lang='lat' dir='ltr'><strong>quod</strong></span> <span class='ocrx_word' id='word_1_588' title='bbox 395 4183 662 4255; x_wconf 87' lang='lat' dir='ltr'><strong>sequitur,</strong></span> <span class='ocrx_word' id='word_1_589' title='bbox 694 4193 747 4238; x_wconf 87' lang='lat' dir='ltr'><strong>et</strong></span> <span class='ocrx_word' id='word_1_590' title='bbox 787 4181 996 4237; x_wconf 88' lang='lat' dir='ltr'><strong>videbis</strong></span> <span class='ocrx_word' id='word_1_591' title='bbox 1018 4180 1205 4244; x_wconf 84' lang='lat' dir='ltr'><strong>vitam,</strong></span> <span class='ocrx_word' id='word_1_592' title='bbox 1237 4180 1338 4235; x_wconf 91' lang='lat' dir='ltr'><strong>hoc</strong></span> <span class='ocrx_word' id='word_1_593' title='bbox 1359 4188 1466 4245; x_wconf 90' lang='lat' dir='ltr'><strong>est,</strong></span> <span class='ocrx_word' id='word_1_594' title='bbox 1499 4178 1723 4235; x_wconf 84' lang='lat' dir='ltr'><strong>habebis</strong></span> <span class='ocrx_word' id='word_1_595' title='bbox 1743 4180 1824 4234; x_wconf 90' lang='lat' dir='ltr'><strong>vi-</strong></span> 
     </span>
    </p>
   </div>
   <div class='ocr_carea' id='block_1_74' title="bbox 228 4272 1816 4342">
    <p class='ocr_par' dir='ltr' id='par_1_74' title="bbox 228 4272 1816 4342">
     <span class='ocr_line' id='line_1_74' title="bbox 228 4272 1816 4342; baseline -0.006 -7"><span class='ocrx_word' id='word_1_596' title='bbox 228 4290 340 4335; x_wconf 91' lang='lat' dir='ltr'><strong>tam</strong></span> <span class='ocrx_word' id='word_1_597' title='bbox 364 4287 648 4342; x_wconf 77' lang='lat' dir='ltr'><strong>:eternam,</strong></span> <span class='ocrx_word' id='word_1_598' title='bbox 691 4284 745 4330; x_wconf 90' lang='lat' dir='ltr'><strong>et</strong></span> <span class='ocrx_word' id='word_1_599' title='bbox 772 4274 892 4330; x_wconf 91' lang='lat' dir='ltr'><strong>dies</strong></span> <span class='ocrx_word' id='word_1_600' title='bbox 919 4275 1114 4342; x_wconf 91' lang='lat' dir='ltr'><strong>honos,</strong></span> <span class='ocrx_word' id='word_1_601' title='bbox 1149 4274 1250 4329; x_wconf 92' lang='lat' dir='ltr'><strong>hoc</strong></span> <span class='ocrx_word' id='word_1_602' title='bbox 1279 4284 1382 4339; x_wconf 92' lang='lat' dir='ltr'><strong>est,</strong></span> <span class='ocrx_word' id='word_1_603' title='bbox 1415 4272 1534 4327; x_wconf 89' lang='lat' dir='ltr'><strong>dies</strong></span> <span class='ocrx_word' id='word_1_604' title='bbox 1559 4279 1816 4327; x_wconf 82' lang='lat' dir='ltr'><strong>aeternos.</strong></span> 
     </span>
    </p>
   </div>
   <div class='ocr_carea' id='block_1_75' title="bbox 301 4366 1822 4442">
    <p class='ocr_par' dir='ltr' id='par_1_75' title="bbox 301 4366 1822 4442">
     <span class='ocr_line' id='line_1_75' title="bbox 301 4366 1822 4442; baseline -0.005 -15"><span class='ocrx_word' id='word_1_605' title='bbox 301 4371 532 4427; x_wconf 82' lang='lat' dir='ltr'><strong>Prohibe</strong></span> <span class='ocrx_word' id='word_1_606' title='bbox 562 4372 798 4442; x_wconf 81' lang='lat' dir='ltr'><strong>linguam</strong></span> <span class='ocrx_word' id='word_1_607' title='bbox 834 4376 978 4422; x_wconf 86' lang='lat' dir='ltr'><strong>tuam</strong></span> <span class='ocrx_word' id='word_1_608' title='bbox 1007 4385 1039 4422; x_wconf 91' lang='lat' dir='ltr'><strong>a</strong></span> <span class='ocrx_word' id='word_1_609' title='bbox 1080 4369 1238 4435; x_wconf 89' lang='lat' dir='ltr'><strong>malo,</strong></span> <span class='ocrx_word' id='word_1_610' title='bbox 1268 4377 1318 4422; x_wconf 87' lang='lat' dir='ltr'><strong>et</strong></span> <span class='ocrx_word' id='word_1_611' title='bbox 1348 4367 1487 4421; x_wconf 83' lang='lat' dir='ltr'><strong>labia</strong></span> <span class='ocrx_word' id='word_1_612' title='bbox 1519 4376 1609 4420; x_wconf 89' lang='lat' dir='ltr'><strong>tua</strong></span> <span class='ocrx_word' id='word_1_613' title='bbox 1649 4383 1713 4420; x_wconf 86' lang='lat' dir='ltr'><strong>ne</strong></span> <span class='ocrx_word' id='word_1_614' title='bbox 1743 4366 1822 4419; x_wconf 91' lang='lat' dir='ltr'><strong>lo-</strong></span> 
     </span>
    </p>
   </div>
   <div class='ocr_carea' id='block_1_76' title="bbox 216 4460 1817 4540">
    <p class='ocr_par' dir='ltr' id='par_1_76' title="bbox 216 4460 1817 4540">
     <span class='ocr_line' id='line_1_76' title="bbox 216 4460 1817 4540; baseline -0.005 -18"><span class='ocrx_word' id='word_1_615' title='bbox 216 4475 454 4540; x_wconf 83' lang='lat' dir='ltr'><strong>quantur</strong></span> <span class='ocrx_word' id='word_1_616' title='bbox 483 4465 686 4520; x_wconf 84' lang='lat' dir='ltr'><strong>dolum.</strong></span> <span class='ocrx_word' id='word_1_617' title='bbox 717 4462 943 4518; x_wconf 80' lang='lat' dir='ltr'><strong>Prohibe</strong></span> <span class='ocrx_word' id='word_1_618' title='bbox 969 4464 1199 4534; x_wconf 85' lang='lat' dir='ltr'><strong>linguam</strong></span> <span class='ocrx_word' id='word_1_619' title='bbox 1232 4471 1392 4530; x_wconf 83' lang='lat' dir='ltr'><strong>tuam,</strong></span> <span class='ocrx_word' id='word_1_620' title='bbox 1441 4461 1492 4514; x_wconf 92' lang='lat' dir='ltr'><strong>id</strong></span> <span class='ocrx_word' id='word_1_621' title='bbox 1524 4468 1630 4528; x_wconf 89' lang='lat' dir='ltr'><strong>est,</strong></span> <span class='ocrx_word' id='word_1_622' title='bbox 1663 4475 1692 4514; x_wconf 91' lang='lat' dir='ltr'><strong>a</strong></span> <span class='ocrx_word' id='word_1_623' title='bbox 1723 4460 1817 4515; x_wconf 89' lang='lat' dir='ltr'><strong>de-</strong></span> 
     </span>
    </p>
   </div>
   <div class='ocr_carea' id='block_1_77' title="bbox 218 4554 1820 4628">
    <p class='ocr_par' dir='ltr' id='par_1_77' title="bbox 218 4554 1820 4628">
     <span class='ocr_line' id='line_1_77' title="bbox 218 4554 1820 4628; baseline -0.008 -9"><span class='ocrx_word' id='word_1_624' title='bbox 218 4564 520 4628; x_wconf 89' lang='lat' dir='ltr'><strong>tractione,</strong></span> <span class='ocrx_word' id='word_1_625' title='bbox 563 4560 650 4617; x_wconf 90' lang='lat' dir='ltr'><strong>vel</strong></span> <span class='ocrx_word' id='word_1_626' title='bbox 695 4559 768 4614; x_wconf 87' lang='lat' dir='ltr'><strong>ab</strong></span> <span class='ocrx_word' id='word_1_627' title='bbox 819 4557 1222 4613; x_wconf 87' lang='lat' dir='ltr'><strong>amaritudine:</strong></span> <span class='ocrx_word' id='word_1_628' title='bbox 1264 4557 1388 4626; x_wconf 91' lang='lat' dir='ltr'><strong>quia</strong></span> <span class='ocrx_word' id='word_1_629' title='bbox 1427 4554 1641 4609; x_wconf 89' lang='lat' dir='ltr'><strong>dictum</strong></span> <span class='ocrx_word' id='word_1_630' title='bbox 1687 4561 1820 4607; x_wconf 89' lang='lat' dir='ltr'><strong>est:</strong></span> 
     </span>
    </p>
   </div>
   <div class='ocr_carea' id='block_1_78' title="bbox 1924 3365 2073 3410">
    <p class='ocr_par' dir='ltr' id='par_1_78' title="bbox 1924 3365 2073 3410">
     <span class='ocr_line' id='line_1_78' title="bbox 1924 3365 2073 3410; baseline -0.007 0"><span class='ocrx_word' id='word_1_631' title='bbox 1924 3365 2073 3410; x_wconf 79' lang='lat' dir='ltr'><strong>Sllni.</strong></span> 
     </span>
    </p>
   </div>
   <div class='ocr_carea' id='block_1_79' title="bbox 1996 3444 3522 3516">
    <p class='ocr_par' dir='ltr' id='par_1_79' title="bbox 1996 3444 3522 3516">
     <span class='ocr_line' id='line_1_79' title="bbox 1996 3444 3522 3516; baseline -0.002 -15"><span class='ocrx_word' id='word_1_632' title='bbox 1996 3447 2358 3502; x_wconf 80' lang='lat' dir='ltr'><strong>Clamaverunt</strong></span> <span class='ocrx_word' id='word_1_633' title='bbox 2389 3449 2536 3516; x_wconf 82' lang='lat' dir='ltr'><strong>iusti,</strong></span> <span class='ocrx_word' id='word_1_634' title='bbox 2568 3455 2615 3501; x_wconf 89' lang='lat' dir='ltr'><strong>et</strong></span> <span class='ocrx_word' id='word_1_635' title='bbox 2668 3445 2926 3501; x_wconf 85' lang='lat' dir='ltr'><strong>Dominus</strong></span> <span class='ocrx_word' id='word_1_636' title='bbox 2956 3444 3220 3500; x_wconf 69' lang='lat' dir='ltr'><strong>exaudivit</strong></span> <span class='ocrx_word' id='word_1_637' title='bbox 3265 3460 3374 3511; x_wconf 91' lang='lat' dir='ltr'><strong>eos,</strong></span> <span class='ocrx_word' id='word_1_638' title='bbox 3407 3451 3522 3499; x_wconf 87' lang='lat' dir='ltr'><strong>etc.</strong></span> 
     </span>
    </p>
   </div>
   <div class='ocr_carea' id='block_1_80' title="bbox 1924 3536 3518 3611">
    <p class='ocr_par' dir='ltr' id='par_1_80' title="bbox 1924 3536 3518 3611">
     <span class='ocr_line' id='line_1_80' title="bbox 1924 3536 3518 3611; baseline -0.001 -17"><span class='ocrx_word' id='word_1_639' title='bbox 1924 3540 2063 3609; x_wconf 92' lang='lat' dir='ltr'><strong>Quia</strong></span> <span class='ocrx_word' id='word_1_640' title='bbox 2102 3541 2171 3596; x_wconf 91' lang='lat' dir='ltr'><strong>de</strong></span> <span class='ocrx_word' id='word_1_641' title='bbox 2213 3542 2447 3611; x_wconf 88' lang='lat' dir='ltr'><strong>puritate</strong></span> <span class='ocrx_word' id='word_1_642' title='bbox 2497 3539 2680 3597; x_wconf 89' lang='lat' dir='ltr'><strong>cordis</strong></span> <span class='ocrx_word' id='word_1_643' title='bbox 2730 3540 2937 3611; x_wconf 84' lang='lat' dir='ltr'><strong>integra</strong></span> <span class='ocrx_word' id='word_1_644' title='bbox 2985 3539 3379 3596; x_wconf 88' lang='lat' dir='ltr'><strong>clamaverunt.</strong></span> <span class='ocrx_word' id='word_1_645' title='bbox 3420 3536 3518 3592; x_wconf 88' lang='lat' dir='ltr'><strong>Vel</strong></span> 
     </span>
    </p>
   </div>
   <div class='ocr_carea' id='block_1_81' title="bbox 1926 3633 3522 3707">
    <p class='ocr_par' dir='ltr' id='par_1_81' title="bbox 1926 3633 3522 3707">
     <span class='ocr_line' id='line_1_81' title="bbox 1926 3633 3522 3707; baseline -0.004 -14"><span class='ocrx_word' id='word_1_646' title='bbox 1926 3646 2037 3693; x_wconf 90' lang='lat' dir='ltr'><strong>tres</strong></span> <span class='ocrx_word' id='word_1_647' title='bbox 2085 3638 2239 3707; x_wconf 86' lang='lat' dir='ltr'><strong>pueri</strong></span> <span class='ocrx_word' id='word_1_648' title='bbox 2273 3637 2415 3692; x_wconf 91' lang='lat' dir='ltr'><strong>inter</strong></span> <span class='ocrx_word' id='word_1_649' title='bbox 2468 3636 2712 3691; x_wconf 74' lang='lat' dir='ltr'><strong>ﬂzimmas</strong></span> <span class='ocrx_word' id='word_1_650' title='bbox 2735 3636 3133 3699; x_wconf 89' lang='lat' dir='ltr'><strong>elamaverunt,</strong></span> <span class='ocrx_word' id='word_1_651' title='bbox 3180 3642 3237 3690; x_wconf 91' lang='lat' dir='ltr'><strong>et</strong></span> <span class='ocrx_word' id='word_1_652' title='bbox 3261 3633 3522 3688; x_wconf 91' lang='lat' dir='ltr'><strong>Dominus</strong></span> 
     </span>
    </p>
   </div>
   <div class='ocr_carea' id='block_1_82' title="bbox 1925 3724 3524 3802">
    <p class='ocr_par' dir='ltr' id='par_1_82' title="bbox 1925 3724 3524 3802">
     <span class='ocr_line' id='line_1_82' title="bbox 1925 3724 3524 3802; baseline -0.004 -16"><span class='ocrx_word' id='word_1_653' title='bbox 1925 3730 2203 3786; x_wconf 88' lang='lat' dir='ltr'><strong>exaudivit</strong></span> <span class='ocrx_word' id='word_1_654' title='bbox 2257 3745 2353 3786; x_wconf 90' lang='lat' dir='ltr'><strong>eos</strong></span> <span class='ocrx_word' id='word_1_655' title='bbox 2407 3728 2573 3802; x_wconf 86' lang='lat' dir='ltr'><strong>(Dan.</strong></span> <span class='ocrx_word' id='word_1_656' title='bbox 2604 3727 2707 3800; x_wconf 90' lang='grc' dir='ltr'><strong>ιιι).</strong></span> <span class='ocrx_word' id='word_1_657' title='bbox 2762 3727 2886 3783; x_wconf 86' lang='lat' dir='ltr'><strong>Filii</strong></span> <span class='ocrx_word' id='word_1_658' title='bbox 2919 3727 3387 3790; x_wconf 76' lang='lat' dir='ltr'><strong>Machabreorum,</strong></span> <span class='ocrx_word' id='word_1_659' title='bbox 3437 3724 3524 3779; x_wconf 82' lang='lat' dir='ltr'><strong>vel</strong></span> 
     </span>
    </p>
   </div>
   <div class='ocr_carea' id='block_1_83' title="bbox 1925 3819 3513 3894">
    <p class='ocr_par' dir='ltr' id='par_1_83' title="bbox 1925 3819 3513 3894">
     <span class='ocr_line' id='line_1_83' title="bbox 1925 3819 3513 3894; baseline -0.004 -16"><span class='ocrx_word' id='word_1_660' title='bbox 1925 3823 2087 3878; x_wconf 88' lang='lat' dir='ltr'><strong>modo</strong></span> <span class='ocrx_word' id='word_1_661' title='bbox 2119 3825 2487 3894; x_wconf 87' lang='lat' dir='ltr'><strong>unusquisque</strong></span> <span class='ocrx_word' id='word_1_662' title='bbox 2511 3831 2760 3886; x_wconf 85' lang='lat' dir='ltr'><strong>sanctus;</strong></span> <span class='ocrx_word' id='word_1_663' title='bbox 2785 3831 2841 3876; x_wconf 93' lang='lat' dir='ltr'><strong>et</strong></span> <span class='ocrx_word' id='word_1_664' title='bbox 2873 3821 3018 3887; x_wconf 90' lang='lat' dir='ltr'><strong>illos,</strong></span> <span class='ocrx_word' id='word_1_665' title='bbox 3049 3831 3104 3875; x_wconf 65' lang='lat' dir='ltr'><strong>es</strong></span> <span class='ocrx_word' id='word_1_666' title='bbox 3134 3819 3296 3874; x_wconf 90' lang='lat' dir='ltr'><strong>modo</strong></span> <span class='ocrx_word' id='word_1_667' title='bbox 3319 3834 3513 3873; x_wconf 84' lang='lat' dir='ltr'><strong>unum-</strong></span> 
     </span>
    </p>
   </div>
   <div class='ocr_carea' id='block_1_84' title="bbox 1923 3915 3299 3989">
    <p class='ocr_par' dir='ltr' id='par_1_84' title="bbox 1923 3915 3299 3989">
     <span class='ocr_line' id='line_1_84' title="bbox 1923 3915 3299 3989; baseline 0.001 -18"><span class='ocrx_word' id='word_1_668' title='bbox 1923 3933 2194 3989; x_wconf 89' lang='lat' dir='ltr'><strong>quemque</strong></span> <span class='ocrx_word' id='word_1_669' title='bbox 2231 3933 2300 3973; x_wconf 87' lang='lat' dir='ltr'><strong>ex</strong></span> <span class='ocrx_word' id='word_1_670' title='bbox 2329 3917 2586 3973; x_wconf 90' lang='lat' dir='ltr'><strong>omnibus</strong></span> <span class='ocrx_word' id='word_1_671' title='bbox 2610 3915 3058 3972; x_wconf 89' lang='lat' dir='ltr'><strong>tribulationibus</strong></span> <span class='ocrx_word' id='word_1_672' title='bbox 3079 3915 3299 3972; x_wconf 87' lang='lat' dir='ltr'><strong>liberat.</strong></span> 
     </span>
    </p>
   </div>
   <div class='ocr_carea' id='block_1_85' title="bbox 1996 4003 3522 4080">
    <p class='ocr_par' dir='ltr' id='par_1_85' title="bbox 1996 4003 3522 4080">
     <span class='ocr_line' id='line_1_85' title="bbox 1996 4003 3522 4080; baseline -0.002 -17"><span class='ocrx_word' id='word_1_673' title='bbox 1996 4008 2160 4065; x_wconf 67' lang='lat' dir='ltr'><strong>Juxta</strong></span> <span class='ocrx_word' id='word_1_674' title='bbox 2183 4020 2250 4066; x_wconf 86' lang='lat' dir='ltr'><strong>est</strong></span> <span class='ocrx_word' id='word_1_675' title='bbox 2279 4008 2530 4063; x_wconf 87' lang='lat' dir='ltr'><strong>Dominus</strong></span> <span class='ocrx_word' id='word_1_676' title='bbox 2545 4009 2626 4062; x_wconf 80' lang='lat' dir='ltr'><strong>his</strong></span> <span class='ocrx_word' id='word_1_677' title='bbox 2639 4009 2728 4080; x_wconf 83' lang='lat' dir='ltr'><strong>qui</strong></span> <span class='ocrx_word' id='word_1_678' title='bbox 2743 4008 2988 4063; x_wconf 88' lang='lat' dir='ltr'><strong>tribulata</strong></span> <span class='ocrx_word' id='word_1_679' title='bbox 3006 4017 3127 4062; x_wconf 82' lang='lat' dir='ltr'><strong>sunt</strong></span> <span class='ocrx_word' id='word_1_680' title='bbox 3157 4007 3329 4061; x_wconf 80' lang='lat' dir='ltr'><strong>corde.</strong></span> <span class='ocrx_word' id='word_1_681' title='bbox 3354 4003 3522 4061; x_wconf 83' lang='lat' dir='ltr'><strong>Num-</strong></span> 
     </span>
    </p>
   </div>
   <div class='ocr_carea' id='block_1_86' title="bbox 1926 4099 3520 4172">
    <p class='ocr_par' dir='ltr' id='par_1_86' title="bbox 1926 4099 3520 4172">
     <span class='ocr_line' id='line_1_86' title="bbox 1926 4099 3520 4172; baseline -0.004 -16"><span class='ocrx_word' id='word_1_682' title='bbox 1926 4117 2086 4170; x_wconf 91' lang='lat' dir='ltr'><strong>quam</strong></span> <span class='ocrx_word' id='word_1_683' title='bbox 2117 4102 2406 4171; x_wconf 82' lang='lat' dir='ltr'><strong>elongalur</strong></span> <span class='ocrx_word' id='word_1_684' title='bbox 2435 4100 2502 4155; x_wconf 89' lang='lat' dir='ltr'><strong>ah</strong></span> <span class='ocrx_word' id='word_1_685' title='bbox 2528 4101 2606 4156; x_wconf 89' lang='lat' dir='ltr'><strong>eis</strong></span> <span class='ocrx_word' id='word_1_686' title='bbox 2651 4101 2742 4171; x_wconf 92' lang='lat' dir='ltr'><strong>qui</strong></span> <span class='ocrx_word' id='word_1_687' title='bbox 2771 4113 2995 4172; x_wconf 85' lang='lat' dir='ltr'><strong>propter</strong></span> <span class='ocrx_word' id='word_1_688' title='bbox 3046 4099 3198 4155; x_wconf 87' lang='lat' dir='ltr'><strong>illum</strong></span> <span class='ocrx_word' id='word_1_689' title='bbox 3227 4099 3520 4154; x_wconf 89' lang='lat' dir='ltr'><strong>sustinent.</strong></span> 
     </span>
    </p>
   </div>
   <div class='ocr_carea' id='block_1_87' title="bbox 1927 4190 3525 4264">
    <p class='ocr_par' dir='ltr' id='par_1_87' title="bbox 1927 4190 3525 4264">
     <span class='ocr_line' id='line_1_87' title="bbox 1927 4190 3525 4264; baseline -0.005 -14"><span class='ocrx_word' id='word_1_690' title='bbox 1927 4194 2060 4250; x_wconf 89' lang='lat' dir='ltr'><strong>Cum</strong></span> <span class='ocrx_word' id='word_1_691' title='bbox 2096 4193 2230 4264; x_wconf 87' lang='lat' dir='ltr'><strong>ipsis</strong></span> <span class='ocrx_word' id='word_1_692' title='bbox 2251 4202 2334 4248; x_wconf 87' lang='lat' dir='ltr'><strong>est</strong></span> <span class='ocrx_word' id='word_1_693' title='bbox 2363 4193 2416 4248; x_wconf 92' lang='lat' dir='ltr'><strong>in</strong></span> <span class='ocrx_word' id='word_1_694' title='bbox 2447 4192 2803 4248; x_wconf 87' lang='lat' dir='ltr'><strong>tribulatione</strong></span> <span class='ocrx_word' id='word_1_695' title='bbox 2838 4210 2850 4246; x_wconf 90' lang='lat'><strong>:</strong></span> <span class='ocrx_word' id='word_1_696' title='bbox 2877 4207 2982 4247; x_wconf 91' lang='lat' dir='ltr'><strong>non</strong></span> <span class='ocrx_word' id='word_1_697' title='bbox 3007 4192 3150 4259; x_wconf 75' lang='lat' dir='ltr'><strong>loco,</strong></span> <span class='ocrx_word' id='word_1_698' title='bbox 3176 4190 3270 4246; x_wconf 92' lang='lat' dir='ltr'><strong>sed</strong></span> <span class='ocrx_word' id='word_1_699' title='bbox 3298 4190 3525 4254; x_wconf 88' lang='lat' dir='ltr'><strong>auxilio,</strong></span> 
     </span>
    </p>
   </div>
   <div class='ocr_carea' id='block_1_88' title="bbox 1926 4284 3528 4357">
    <p class='ocr_par' dir='ltr' id='par_1_88' title="bbox 1926 4284 3528 4357">
     <span class='ocr_line' id='line_1_88' title="bbox 1926 4284 3528 4357; baseline -0.002 -17"><span class='ocrx_word' id='word_1_700' title='bbox 1926 4287 2050 4357; x_wconf 88' lang='lat' dir='ltr'><strong>quia</strong></span> <span class='ocrx_word' id='word_1_701' title='bbox 2085 4287 2231 4342; x_wconf 78' lang='lat' dir='ltr'><strong>Deus</strong></span> <span class='ocrx_word' id='word_1_702' title='bbox 2260 4302 2366 4342; x_wconf 91' lang='lat' dir='ltr'><strong>non</strong></span> <span class='ocrx_word' id='word_1_703' title='bbox 2408 4295 2494 4342; x_wconf 91' lang='lat' dir='ltr'><strong>est</strong></span> <span class='ocrx_word' id='word_1_704' title='bbox 2534 4286 2741 4342; x_wconf 79' lang='lat' dir='ltr'><strong>localis.</strong></span> <span class='ocrx_word' id='word_1_705' title='bbox 2796 4285 2858 4339; x_wconf 82' lang='lat' dir='ltr'><strong>Et</strong></span> <span class='ocrx_word' id='word_1_706' title='bbox 2885 4286 3104 4340; x_wconf 83' lang='lat' dir='ltr'><strong>humiles</strong></span> <span class='ocrx_word' id='word_1_707' title='bbox 3130 4284 3319 4355; x_wconf 88' lang='lat' dir='ltr'><strong>spiritu</strong></span> <span class='ocrx_word' id='word_1_708' title='bbox 3349 4284 3528 4337; x_wconf 75' lang='lat' dir='ltr'><strong>salua-</strong></span> 
     </span>
    </p>
   </div>
   <div class='ocr_carea' id='block_1_89' title="bbox 1929 4377 3522 4451">
    <p class='ocr_par' dir='ltr' id='par_1_89' title="bbox 1929 4377 3522 4451">
     <span class='ocr_line' id='line_1_89' title="bbox 1929 4377 3522 4451; baseline -0.003 -16"><span class='ocrx_word' id='word_1_709' title='bbox 1929 4383 2020 4435; x_wconf 85' lang='lat' dir='ltr'><strong>bit.</strong></span> <span class='ocrx_word' id='word_1_710' title='bbox 2054 4379 2124 4436; x_wconf 90' lang='lat' dir='ltr'><strong>Ut</strong></span> <span class='ocrx_word' id='word_1_711' title='bbox 2149 4380 2229 4435; x_wconf 89' lang='lat' dir='ltr'><strong>eis</strong></span> <span class='ocrx_word' id='word_1_712' title='bbox 2259 4395 2426 4451; x_wconf 78' lang='lat' dir='ltr'><strong>regna</strong></span> <span class='ocrx_word' id='word_1_713' title='bbox 2444 4379 2688 4436; x_wconf 81' lang='lat' dir='ltr'><strong>coelestia</strong></span> <span class='ocrx_word' id='word_1_714' title='bbox 2720 4379 2999 4450; x_wconf 83' lang='lat' dir='ltr'><strong>largiatur.</strong></span> <span class='ocrx_word' id='word_1_715' title='bbox 3032 4377 3279 4433; x_wconf 90' lang='lat' dir='ltr'><strong>llumiles</strong></span> <span class='ocrx_word' id='word_1_716' title='bbox 3305 4377 3522 4448; x_wconf 88' lang='lat' dir='ltr'><strong>spiritu,</strong></span> 
     </span>
    </p>
   </div>
   <div class='ocr_carea' id='block_1_90' title="bbox 1929 4473 3521 4548">
    <p class='ocr_par' dir='ltr' id='par_1_90' title="bbox 1929 4473 3521 4548">
     <span class='ocr_line' id='line_1_90' title="bbox 1929 4473 3521 4548; baseline 0 -18"><span class='ocrx_word' id='word_1_717' title='bbox 1929 4476 1982 4531; x_wconf 89' lang='lat' dir='ltr'><strong>id</strong></span> <span class='ocrx_word' id='word_1_718' title='bbox 2014 4485 2118 4542; x_wconf 88' lang='lat' dir='ltr'><strong>est,</strong></span> <span class='ocrx_word' id='word_1_719' title='bbox 2149 4479 2327 4546; x_wconf 92' lang='lat' dir='ltr'><strong>mites,</strong></span> <span class='ocrx_word' id='word_1_720' title='bbox 2358 4486 2419 4532; x_wconf 93' lang='lat' dir='ltr'><strong>ut</strong></span> <span class='ocrx_word' id='word_1_721' title='bbox 2447 4477 2577 4531; x_wconf 90' lang='lat' dir='ltr'><strong>illud</strong></span> <span class='ocrx_word' id='word_1_722' title='bbox 2613 4494 2626 4531; x_wconf 90' lang='lat'>:</span> <span class='ocrx_word' id='word_1_723' title='bbox 2663 4477 2865 4532; x_wconf 86' lang='lat' dir='ltr'><strong>Discite</strong></span> <span class='ocrx_word' id='word_1_724' title='bbox 2893 4491 2923 4531; x_wconf 90' lang='lat' dir='ltr'><strong>a</strong></span> <span class='ocrx_word' id='word_1_725' title='bbox 2954 4491 3040 4530; x_wconf 91' lang='lat' dir='ltr'><strong>me</strong></span> <span class='ocrx_word' id='word_1_726' title='bbox 3064 4477 3185 4548; x_wconf 91' lang='lat' dir='ltr'><strong>quia</strong></span> <span class='ocrx_word' id='word_1_727' title='bbox 3219 4473 3368 4530; x_wconf 90' lang='lat' dir='ltr'><strong>mitis</strong></span> <span class='ocrx_word' id='word_1_728' title='bbox 3401 4489 3521 4530; x_wconf 87' lang='lat' dir='ltr'><strong>sum</strong></span> 
     </span>
    </p>
   </div>
   <div class='ocr_carea' id='block_1_91' title="bbox 1928 4566 3517 4639">
    <p class='ocr_par' dir='ltr' id='par_1_91' title="bbox 1928 4566 3517 4639">
     <span class='ocr_line' id='line_1_91' title="bbox 1928 4566 3517 4639; baseline 0.001 -17"><span class='ocrx_word' id='word_1_729' title='bbox 1928 4575 1984 4622; x_wconf 86' lang='lat' dir='ltr'><strong>et.</strong></span> <span class='ocrx_word' id='word_1_730' title='bbox 2009 4566 2229 4622; x_wconf 87' lang='lat' dir='ltr'><strong>humilis</strong></span> <span class='ocrx_word' id='word_1_731' title='bbox 2258 4568 2422 4623; x_wconf 81' lang='lat' dir='ltr'><strong>corde</strong></span> <span class='ocrx_word' id='word_1_732' title='bbox 2466 4567 2684 4639; x_wconf 81' lang='lat' dir='ltr'><strong>(Matth.</strong></span> <span class='ocrx_word' id='word_1_733' title='bbox 2719 4570 2817 4637; x_wconf 73' lang='lat' dir='ltr'><strong>st).</strong></span> <span class='ocrx_word' id='word_1_734' title='bbox 2848 4567 2946 4622; x_wconf 84' lang='lat' dir='ltr'><strong>Vel</strong></span> <span class='ocrx_word' id='word_1_735' title='bbox 2971 4568 3103 4622; x_wconf 88' lang='lat' dir='ltr'><strong>illud</strong></span> <span class='ocrx_word' id='word_1_736' title='bbox 3138 4585 3150 4620; x_wconf 91' lang='lat'><strong>:</strong></span> <span class='ocrx_word' id='word_1_737' title='bbox 3185 4567 3337 4622; x_wconf 88' lang='lat' dir='ltr'><strong>Beati</strong></span> <span class='ocrx_word' id='word_1_738' title='bbox 3371 4567 3517 4623; x_wconf 89' lang='lat' dir='ltr'><strong>enim</strong></span> 
     </span>
    </p>
   </div>
   <div class='ocr_carea' id='block_1_92' title="bbox 221 4645 1818 4732">
    <p class='ocr_par' dir='ltr' id='par_1_92' title="bbox 221 4645 1818 4721">
     <span class='ocr_line' id='line_1_92' title="bbox 221 4645 1818 4721; baseline -0.008 -11"><span class='ocrx_word' id='word_1_739' title='bbox 221 4655 372 4710; x_wconf 82' lang='lat' dir='ltr'><strong>Mors</strong></span> <span class='ocrx_word' id='word_1_740' title='bbox 398 4662 454 4710; x_wconf 94' lang='lat' dir='ltr'><strong>et</strong></span> <span class='ocrx_word' id='word_1_741' title='bbox 482 4655 594 4710; x_wconf 90' lang='lat' dir='ltr'><strong>vita</strong></span> <span class='ocrx_word' id='word_1_742' title='bbox 637 4653 693 4709; x_wconf 92' lang='lat' dir='ltr'><strong>in</strong></span> <span class='ocrx_word' id='word_1_743' title='bbox 734 4652 985 4708; x_wconf 89' lang='lat' dir='ltr'><strong>manibus</strong></span> <span class='ocrx_word' id='word_1_744' title='bbox 1028 4651 1225 4721; x_wconf 78' lang='lat' dir='ltr'><strong>linguae</strong></span> <span class='ocrx_word' id='word_1_745' title='bbox 1263 4647 1449 4718; x_wconf 74' lang='lat' dir='ltr'><strong>(Prov.</strong></span> <span class='ocrx_word' id='word_1_746' title='bbox 1483 4645 1656 4718; x_wconf 81' lang='lat' dir='ltr'><strong>xvni).</strong></span> <span class='ocrx_word' id='word_1_747' title='bbox 1687 4645 1818 4712; x_wconf 88' lang='lat' dir='ltr'><strong>Quia</strong></span> 
     </span>
    </p>
   </div>
   <div class='ocr_carea' id='block_1_93' title="bbox 1933 4645 3528 4732">
    <p class='ocr_par' dir='ltr' id='par_1_93' title="bbox 1933 4661 3528 4732">
     <span class='ocr_line' id='line_1_93' title="bbox 1933 4661 3528 4732; baseline 0.001 -16"><span class='ocrx_word' id='word_1_748' title='bbox 1933 4676 2204 4732; x_wconf 89' lang='lat' dir='ltr'><strong>pauperes</strong></span> <span class='ocrx_word' id='word_1_749' title='bbox 2232 4661 2448 4732; x_wconf 89' lang='lat' dir='ltr'><strong>spiritu,</strong></span> <span class='ocrx_word' id='word_1_750' title='bbox 2479 4661 2733 4732; x_wconf 89' lang='lat' dir='ltr'><strong>quoniam</strong></span> <span class='ocrx_word' id='word_1_751' title='bbox 2771 4661 3009 4732; x_wconf 89' lang='lat' dir='ltr'><strong>ipsorum</strong></span> <span class='ocrx_word' id='word_1_752' title='bbox 3042 4669 3128 4716; x_wconf 87' lang='lat' dir='ltr'><strong>est</strong></span> <span class='ocrx_word' id='word_1_753' title='bbox 3158 4676 3384 4732; x_wconf 82' lang='lat' dir='ltr'><strong>regnum</strong></span> <span class='ocrx_word' id='word_1_754' title='bbox 3414 4676 3528 4717; x_wconf 83' lang='lat' dir='ltr'><strong>eae-</strong></span> 
     </span>
    </p>
   </div>
   <div class='ocr_carea' id='block_1_94' title="bbox 221 4741 1818 4821">
    <p class='ocr_par' dir='ltr' id='par_1_94' title="bbox 221 4741 1818 4821">
     <span class='ocr_line' id='line_1_94' title="bbox 221 4741 1818 4821; baseline -0.008 -18"><span class='ocrx_word' id='word_1_755' title='bbox 221 4750 318 4821; x_wconf 87' lang='lat' dir='ltr'><strong>qui</strong></span> <span class='ocrx_word' id='word_1_756' title='bbox 344 4748 588 4804; x_wconf 90' lang='lat' dir='ltr'><strong>custodit</strong></span> <span class='ocrx_word' id='word_1_757' title='bbox 617 4748 854 4818; x_wconf 90' lang='lat' dir='ltr'><strong>linguam</strong></span> <span class='ocrx_word' id='word_1_758' title='bbox 882 4761 1062 4810; x_wconf 90' lang='lat' dir='ltr'><strong>suam,</strong></span> <span class='ocrx_word' id='word_1_759' title='bbox 1094 4742 1330 4799; x_wconf 88' lang='lat' dir='ltr'><strong>custodit</strong></span> <span class='ocrx_word' id='word_1_760' title='bbox 1363 4741 1595 4796; x_wconf 88' lang='lat' dir='ltr'><strong>animam</strong></span> <span class='ocrx_word' id='word_1_761' title='bbox 1644 4753 1818 4794; x_wconf 92' lang='lat' dir='ltr'><strong>suam.</strong></span> 
     </span>
    </p>
   </div>
   <div class='ocr_carea' id='block_1_95' title="bbox 222 4834 1822 4906">
    <p class='ocr_par' dir='ltr' id='par_1_95' title="bbox 222 4834 1822 4906">
     <span class='ocr_line' id='line_1_95' title="bbox 222 4834 1822 4906; baseline -0.009 -8"><span class='ocrx_word' id='word_1_762' title='bbox 222 4841 295 4898; x_wconf 84' lang='lat' dir='ltr'><strong>Et</strong></span> <span class='ocrx_word' id='word_1_763' title='bbox 342 4840 472 4894; x_wconf 90' lang='lat' dir='ltr'><strong>alibi</strong></span> <span class='ocrx_word' id='word_1_764' title='bbox 521 4838 925 4894; x_wconf 89' lang='lat' dir='ltr'><strong>dicit:Custos</strong></span> <span class='ocrx_word' id='word_1_765' title='bbox 971 4835 1220 4906; x_wconf 74' lang='lat' dir='ltr'><strong>justiti-ae,</strong></span> <span class='ocrx_word' id='word_1_766' title='bbox 1269 4834 1548 4890; x_wconf 90' lang='lat' dir='ltr'><strong>silentium</strong></span> <span class='ocrx_word' id='word_1_767' title='bbox 1609 4843 1662 4888; x_wconf 91' lang='lat' dir='ltr'><strong>et</strong></span> <span class='ocrx_word' id='word_1_768' title='bbox 1719 4845 1822 4901; x_wconf 82' lang='lat' dir='ltr'><strong>pax</strong></span> 
     </span>
    </p>
   </div>
   <div class='ocr_carea' id='block_1_96' title="bbox 221 4927 1822 5006">
    <p class='ocr_par' dir='ltr' id='par_1_96' title="bbox 221 4927 1822 5006">
     <span class='ocr_line' id='line_1_96' title="bbox 221 4927 1822 5006; baseline -0.006 -19"><span class='ocrx_word' id='word_1_769' title='bbox 221 4932 386 5006; x_wconf 90' lang='lat' dir='ltr'><strong>(lsai.</strong></span> <span class='ocrx_word' id='word_1_770' title='bbox 424 4932 608 5003; x_wconf 64' lang='grc' dir='ltr'><strong>χχιιι).</strong></span> <span class='ocrx_word' id='word_1_771' title='bbox 643 4932 700 4986; x_wconf 89' lang='lat' dir='ltr'><strong>Si</strong></span> <span class='ocrx_word' id='word_1_772' title='bbox 730 4929 854 5000; x_wconf 90' lang='lat' dir='ltr'><strong>quis</strong></span> <span class='ocrx_word' id='word_1_773' title='bbox 883 4937 1036 5000; x_wconf 90' lang='lat' dir='ltr'><strong>putat</strong></span> <span class='ocrx_word' id='word_1_774' title='bbox 1063 4943 1124 4985; x_wconf 84' lang='lat' dir='ltr'><strong>se</strong></span> <span class='ocrx_word' id='word_1_775' title='bbox 1154 4941 1278 4984; x_wconf 88' lang='lat' dir='ltr'><strong>esse</strong></span> <span class='ocrx_word' id='word_1_776' title='bbox 1326 4927 1666 4998; x_wconf 87' lang='lat' dir='ltr'><strong>religiosum,</strong></span> <span class='ocrx_word' id='word_1_777' title='bbox 1715 4940 1822 4980; x_wconf 90' lang='lat' dir='ltr'><strong>non</strong></span> 
     </span>
    </p>
   </div>
   <div class='ocr_carea' id='block_1_97' title="bbox 221 5017 1824 5095">
    <p class='ocr_par' dir='ltr' id='par_1_97' title="bbox 221 5017 1824 5095">
     <span class='ocr_line' id='line_1_97' title="bbox 221 5017 1824 5095; baseline -0.009 -11"><span class='ocrx_word' id='word_1_778' title='bbox 221 5029 516 5084; x_wconf 83' lang='lat' dir='ltr'><strong>relreuans</strong></span> <span class='ocrx_word' id='word_1_779' title='bbox 567 5025 806 5095; x_wconf 87' lang='lat' dir='ltr'><strong>linguam</strong></span> <span class='ocrx_word' id='word_1_780' title='bbox 856 5037 1036 5090; x_wconf 87' lang='lat' dir='ltr'><strong>suam,</strong></span> <span class='ocrx_word' id='word_1_781' title='bbox 1094 5020 1258 5090; x_wconf 88' lang='lat' dir='ltr'><strong>hujus</strong></span> <span class='ocrx_word' id='word_1_782' title='bbox 1307 5021 1417 5076; x_wconf 92' lang='lat' dir='ltr'><strong>erit</strong></span> <span class='ocrx_word' id='word_1_783' title='bbox 1463 5034 1604 5074; x_wconf 86' lang='lat' dir='ltr'><strong>vana</strong></span> <span class='ocrx_word' id='word_1_784' title='bbox 1631 5017 1824 5087; x_wconf 87' lang='lat' dir='ltr'><strong>religio</strong></span> 
     </span>
    </p>
   </div>
   <div class='ocr_carea' id='block_1_98' title="bbox 221 5115 1822 5196">
    <p class='ocr_par' dir='ltr' id='par_1_98' title="bbox 221 5115 1822 5196">
     <span class='ocr_line' id='line_1_98' title="bbox 221 5115 1822 5196; baseline -0.006 -17"><span class='ocrx_word' id='word_1_785' title='bbox 221 5123 435 5196; x_wconf 73' lang='lat' dir='ltr'><strong>(Iacob.</strong></span> <span class='ocrx_word' id='word_1_786' title='bbox 459 5123 523 5194; x_wconf 87' lang='grc' dir='ltr'><strong>ι).</strong></span> <span class='ocrx_word' id='word_1_787' title='bbox 559 5122 624 5178; x_wconf 82' lang='lat' dir='ltr'><strong>Et</strong></span> <span class='ocrx_word' id='word_1_788' title='bbox 646 5122 785 5176; x_wconf 87' lang='lat' dir='ltr'><strong>labia</strong></span> <span class='ocrx_word' id='word_1_789' title='bbox 811 5130 919 5186; x_wconf 82' lang='lat' dir='ltr'><strong>tua,</strong></span> <span class='ocrx_word' id='word_1_790' title='bbox 943 5137 1007 5174; x_wconf 82' lang='lat' dir='ltr'><strong>ne</strong></span> <span class='ocrx_word' id='word_1_791' title='bbox 1029 5119 1314 5191; x_wconf 85' lang='lat' dir='ltr'><strong>loquantur</strong></span> <span class='ocrx_word' id='word_1_792' title='bbox 1330 5118 1510 5172; x_wconf 87' lang='lat' dir='ltr'><strong>dolum</strong></span> <span class='ocrx_word' id='word_1_793' title='bbox 1533 5132 1553 5172; x_wconf 90' lang='lat'><strong><em>:</em></strong></span> <span class='ocrx_word' id='word_1_794' title='bbox 1577 5129 1650 5172; x_wconf 91' lang='lat' dir='ltr'><strong>ne</strong></span> <span class='ocrx_word' id='word_1_795' title='bbox 1678 5115 1822 5170; x_wconf 86' lang='lat' dir='ltr'><strong>aliud</strong></span> 
     </span>
    </p>
   </div>
   <div class='ocr_carea' id='block_1_99' title="bbox 221 5213 1314 5283">
    <p class='ocr_par' dir='ltr' id='par_1_99' title="bbox 221 5213 1314 5283">
     <span class='ocr_line' id='line_1_99' title="bbox 221 5213 1314 5283; baseline -0.009 -8"><span class='ocrx_word' id='word_1_796' title='bbox 221 5236 327 5277; x_wconf 91' lang='lat' dir='ltr'><strong>ore</strong></span> <span class='ocrx_word' id='word_1_797' title='bbox 357 5217 658 5283; x_wconf 88' lang='lat' dir='ltr'><strong>assimiles,</strong></span> <span class='ocrx_word' id='word_1_798' title='bbox 689 5215 835 5270; x_wconf 91' lang='lat' dir='ltr'><strong>aliud</strong></span> <span class='ocrx_word' id='word_1_799' title='bbox 865 5214 1031 5271; x_wconf 89' lang='lat' dir='ltr'><strong>corde</strong></span> <span class='ocrx_word' id='word_1_800' title='bbox 1054 5213 1314 5269; x_wconf 88' lang='lat' dir='ltr'><strong>retineas.</strong></span> 
     </span>
    </p>
   </div>
   <div class='ocr_carea' id='block_1_100' title="bbox 301 5303 1826 5380">
    <p class='ocr_par' dir='ltr' id='par_1_100' title="bbox 301 5303 1826 5380">
     <span class='ocr_line' id='line_1_100' title="bbox 301 5303 1826 5380; baseline -0.008 -11"><span class='ocrx_word' id='word_1_801' title='bbox 301 5315 510 5370; x_wconf 87' lang='lat' dir='ltr'><strong>Diverte</strong></span> <span class='ocrx_word' id='word_1_802' title='bbox 534 5329 566 5366; x_wconf 95' lang='lat' dir='ltr'><strong>a</strong></span> <span class='ocrx_word' id='word_1_803' title='bbox 606 5312 766 5375; x_wconf 88' lang='lat' dir='ltr'><strong>malo,</strong></span> <span class='ocrx_word' id='word_1_804' title='bbox 789 5319 836 5364; x_wconf 89' lang='lat' dir='ltr'><strong>et</strong></span> <span class='ocrx_word' id='word_1_805' title='bbox 857 5313 942 5380; x_wconf 78' lang='lat' dir='ltr'><strong>[ac</strong></span> <span class='ocrx_word' id='word_1_806' title='bbox 970 5309 1181 5363; x_wconf 81' lang='lat' dir='ltr'><strong>bonum.</strong></span> <span class='ocrx_word' id='word_1_807' title='bbox 1215 5307 1328 5362; x_wconf 89' lang='lat' dir='ltr'><strong>lloe</strong></span> <span class='ocrx_word' id='word_1_808' title='bbox 1355 5313 1460 5370; x_wconf 87' lang='lat' dir='ltr'><strong>est,</strong></span> <span class='ocrx_word' id='word_1_809' title='bbox 1491 5303 1711 5359; x_wconf 88' lang='lat' dir='ltr'><strong>destrue</strong></span> <span class='ocrx_word' id='word_1_810' title='bbox 1744 5303 1826 5358; x_wconf 84' lang='lat' dir='ltr'><strong>vi-</strong></span> 
     </span>
    </p>
   </div>
   <div class='ocr_carea' id='block_1_101' title="bbox 227 5395 1826 5471">
    <p class='ocr_par' dir='ltr' id='par_1_101' title="bbox 227 5395 1826 5471">
     <span class='ocr_line' id='line_1_101' title="bbox 227 5395 1826 5471; baseline -0.01 -5"><span class='ocrx_word' id='word_1_811' title='bbox 227 5410 307 5466; x_wconf 87' lang='lat' dir='ltr'><strong>tia</strong></span> <span class='ocrx_word' id='word_1_812' title='bbox 332 5417 386 5464; x_wconf 91' lang='lat' dir='ltr'><strong>et</strong></span> <span class='ocrx_word' id='word_1_813' title='bbox 419 5405 630 5462; x_wconf 80' lang='lat' dir='ltr'><strong>:edilica</strong></span> <span class='ocrx_word' id='word_1_814' title='bbox 662 5403 908 5458; x_wconf 89' lang='lat' dir='ltr'><strong>virtutes.</strong></span> <span class='ocrx_word' id='word_1_815' title='bbox 939 5400 1084 5457; x_wconf 81' lang='lat' dir='ltr'><strong>Nihil</strong></span> <span class='ocrx_word' id='word_1_816' title='bbox 1117 5398 1361 5471; x_wconf 80' lang='lat' dir='ltr'><strong>prodest.</strong></span> <span class='ocrx_word' id='word_1_817' title='bbox 1396 5397 1439 5452; x_wconf 90' lang='lat' dir='ltr'><strong>si</strong></span> <span class='ocrx_word' id='word_1_818' title='bbox 1487 5395 1746 5461; x_wconf 89' lang='lat' dir='ltr'><strong>destruis,</strong></span> <span class='ocrx_word' id='word_1_819' title='bbox 1771 5403 1826 5450; x_wconf 91' lang='lat' dir='ltr'><strong>et</strong></span> 
     </span>
    </p>
   </div>
   <div class='ocr_carea' id='block_1_102' title="bbox 222 5489 1826 5562">
    <p class='ocr_par' dir='ltr' id='par_1_102' title="bbox 222 5489 1826 5562">
     <span class='ocr_line' id='line_1_102' title="bbox 222 5489 1826 5562; baseline -0.01 -1"><span class='ocrx_word' id='word_1_820' title='bbox 222 5520 331 5562; x_wconf 89' lang='lat' dir='ltr'><strong>non</strong></span> <span class='ocrx_word' id='word_1_821' title='bbox 361 5499 623 5558; x_wconf 68' lang='lat' dir='ltr'><strong>aedificas.</strong></span> <span class='ocrx_word' id='word_1_822' title='bbox 655 5496 769 5552; x_wconf 79' lang='lat' dir='ltr'><strong>Hoc</strong></span> <span class='ocrx_word' id='word_1_823' title='bbox 797 5503 905 5561; x_wconf 87' lang='lat' dir='ltr'><strong>est,</strong></span> <span class='ocrx_word' id='word_1_824' title='bbox 953 5496 999 5551; x_wconf 91' lang='lat' dir='ltr'><strong>si</strong></span> <span class='ocrx_word' id='word_1_825' title='bbox 1028 5495 1267 5560; x_wconf 79' lang='lat' dir='ltr'><strong>destruis</strong></span> <span class='ocrx_word' id='word_1_826' title='bbox 1289 5493 1445 5557; x_wconf 88' lang='lat' dir='ltr'><strong>vitia,</strong></span> <span class='ocrx_word' id='word_1_827' title='bbox 1486 5500 1538 5546; x_wconf 86' lang='lat' dir='ltr'><strong>et</strong></span> <span class='ocrx_word' id='word_1_828' title='bbox 1564 5506 1672 5546; x_wconf 88' lang='lat' dir='ltr'><strong>non</strong></span> <span class='ocrx_word' id='word_1_829' title='bbox 1694 5489 1826 5546; x_wconf 87' lang='lat' dir='ltr'><strong>aedi-</strong></span> 
     </span>
    </p>
   </div>
   <div class='ocr_carea' id='block_1_103' title="bbox 223 5584 1823 5656">
    <p class='ocr_par' dir='ltr' id='par_1_103' title="bbox 223 5584 1823 5656">
     <span class='ocr_line' id='line_1_103' title="bbox 223 5584 1823 5656; baseline -0.012 0"><span class='ocrx_word' id='word_1_830' title='bbox 223 5600 358 5656; x_wconf 85' lang='lat' dir='ltr'><strong>ficas</strong></span> <span class='ocrx_word' id='word_1_831' title='bbox 407 5597 667 5652; x_wconf 89' lang='lat' dir='ltr'><strong>virtutes.</strong></span> <span class='ocrx_word' id='word_1_832' title='bbox 699 5593 776 5647; x_wconf 83' lang='lat' dir='ltr'><strong>Ae</strong></span> <span class='ocrx_word' id='word_1_833' title='bbox 802 5591 846 5646; x_wconf 89' lang='lat' dir='ltr'><strong>si</strong></span> <span class='ocrx_word' id='word_1_834' title='bbox 872 5589 1055 5645; x_wconf 90' lang='lat' dir='ltr'><strong>dicat:</strong></span> <span class='ocrx_word' id='word_1_835' title='bbox 1095 5587 1230 5656; x_wconf 87' lang='lat' dir='ltr'><strong>Quis</strong></span> <span class='ocrx_word' id='word_1_836' title='bbox 1253 5595 1339 5643; x_wconf 91' lang='lat' dir='ltr'><strong>est</strong></span> <span class='ocrx_word' id='word_1_837' title='bbox 1371 5587 1556 5649; x_wconf 87' lang='lat' dir='ltr'><strong>homo,</strong></span> <span class='ocrx_word' id='word_1_838' title='bbox 1589 5585 1679 5654; x_wconf 90' lang='lat' dir='ltr'><strong>qui</strong></span> <span class='ocrx_word' id='word_1_839' title='bbox 1705 5584 1823 5639; x_wconf 89' lang='lat' dir='ltr'><strong>sine</strong></span> 
     </span>
    </p>
   </div>
   <div class='ocr_carea' id='block_1_104' title="bbox 222 5677 1819 5750">
    <p class='ocr_par' dir='ltr' id='par_1_104' title="bbox 222 5677 1819 5750">
     <span class='ocr_line' id='line_1_104' title="bbox 222 5677 1819 5750; baseline -0.012 0"><span class='ocrx_word' id='word_1_840' title='bbox 222 5693 308 5750; x_wconf 87' lang='lat' dir='ltr'><strong>his</strong></span> <span class='ocrx_word' id='word_1_841' title='bbox 340 5690 474 5748; x_wconf 85' lang='lat' dir='ltr'><strong>velit</strong></span> <span class='ocrx_word' id='word_1_842' title='bbox 504 5684 721 5743; x_wconf 82' lang='lat' dir='ltr'><strong>vitam?</strong></span> <span class='ocrx_word' id='word_1_843' title='bbox 747 5683 958 5740; x_wconf 78' lang='lat' dir='ltr'><strong>Nullus.</strong></span> <span class='ocrx_word' id='word_1_844' title='bbox 995 5680 1132 5749; x_wconf 88' lang='lat' dir='ltr'><strong>Quia</strong></span> <span class='ocrx_word' id='word_1_845' title='bbox 1167 5681 1220 5735; x_wconf 92' lang='lat' dir='ltr'><strong>in</strong></span> <span class='ocrx_word' id='word_1_846' title='bbox 1265 5695 1332 5735; x_wconf 93' lang='lat' dir='ltr'><strong>eo</strong></span> <span class='ocrx_word' id='word_1_847' title='bbox 1358 5679 1566 5735; x_wconf 88' lang='lat' dir='ltr'><strong>nullum</strong></span> <span class='ocrx_word' id='word_1_848' title='bbox 1611 5677 1819 5732; x_wconf 91' lang='lat' dir='ltr'><strong>bonum</strong></span> 
     </span>
    </p>
   </div>
   <div class='ocr_carea' id='block_1_105' title="bbox 218 5772 1826 5860">
    <p class='ocr_par' dir='ltr' id='par_1_105' title="bbox 218 5772 1826 5860">
     <span class='ocr_line' id='line_1_105' title="bbox 218 5772 1826 5860; baseline -0.014 -14"><span class='ocrx_word' id='word_1_849' title='bbox 218 5789 347 5859; x_wconf 82' lang='lat' dir='ltr'><strong>fuit,</strong></span> <span class='ocrx_word' id='word_1_850' title='bbox 397 5789 492 5860; x_wconf 88' lang='lat' dir='ltr'><strong>qtti</strong></span> <span class='ocrx_word' id='word_1_851' title='bbox 548 5787 755 5844; x_wconf 90' lang='lat' dir='ltr'><strong>nullum</strong></span> <span class='ocrx_word' id='word_1_852' title='bbox 786 5780 987 5836; x_wconf 89' lang='lat' dir='ltr'><strong>malum</strong></span> <span class='ocrx_word' id='word_1_853' title='bbox 1029 5775 1286 5832; x_wconf 90' lang='lat' dir='ltr'><strong>destruit.</strong></span> <span class='ocrx_word' id='word_1_854' title='bbox 1328 5772 1534 5830; x_wconf 82' lang='lat' dir='ltr'><strong>Diverte</strong></span> <span class='ocrx_word' id='word_1_855' title='bbox 1560 5789 1593 5827; x_wconf 94' lang='lat' dir='ltr'><strong>a</strong></span> <span class='ocrx_word' id='word_1_856' title='bbox 1619 5772 1758 5826; x_wconf 88' lang='lat' dir='ltr'><strong>ntalo</strong></span> <span class='ocrx_word' id='word_1_857' title='bbox 1780 5780 1826 5824; x_wconf 87' lang='lat' dir='ltr'><strong>et</strong></span> 
     </span>
    </p>
   </div>
   <div class='ocr_carea' id='block_1_106' title="bbox 219 5869 1817 5961">
    <p class='ocr_par' dir='ltr' id='par_1_106' title="bbox 219 5869 1817 5961">
     <span class='ocr_line' id='line_1_106' title="bbox 219 5869 1817 5961; baseline -0.013 -18"><span class='ocrx_word' id='word_1_858' title='bbox 219 5889 306 5961; x_wconf 78' lang='lat' dir='ltr'><strong>fac</strong></span> <span class='ocrx_word' id='word_1_859' title='bbox 347 5888 570 5943; x_wconf 78' lang='lat' dir='ltr'><strong>bonum.</strong></span> <span class='ocrx_word' id='word_1_860' title='bbox 627 5879 762 5938; x_wconf 75' lang='lat' dir='ltr'><strong>Mala</strong></span> <span class='ocrx_word' id='word_1_861' title='bbox 793 5873 974 5932; x_wconf 88' lang='lat' dir='ltr'><strong>omnia</strong></span> <span class='ocrx_word' id='word_1_862' title='bbox 1005 5886 1031 5927; x_wconf 88' lang='lat' dir='ltr'><strong>a</strong></span> <span class='ocrx_word' id='word_1_863' title='bbox 1073 5869 1276 5928; x_wconf 88' lang='lat' dir='ltr'><strong>diaboli</strong></span> <span class='ocrx_word' id='word_1_864' title='bbox 1328 5869 1585 5926; x_wconf 91' lang='lat' dir='ltr'><strong>instinctu</strong></span> <span class='ocrx_word' id='word_1_865' title='bbox 1617 5880 1817 5940; x_wconf 87' lang='lat' dir='ltr'><strong>proce-</strong></span> 
     </span>
    </p>
   </div>
   <div class='ocr_carea' id='block_1_107' title="bbox 2020 4769 2128 4808">
    <p class='ocr_par' dir='ltr' id='par_1_107' title="bbox 2020 4769 2128 4808">
     <span class='ocr_line' id='line_1_107' title="bbox 2020 4769 2128 4808; baseline 0 -1"><span class='ocrx_word' id='word_1_866' title='bbox 2020 4769 2128 4808; x_wconf 93' lang='lat' dir='ltr'><strong>um.</strong></span> 
     </span>
    </p>
   </div>
   <div class='ocr_carea' id='block_1_108' title="bbox 1931 4754 3529 4916">
    <p class='ocr_par' dir='ltr' id='par_1_108' title="bbox 1931 4754 3529 4916">
     <span class='ocr_line' id='line_1_108' title="bbox 2020 4769 2128 4808; baseline 0 -1"><span class='ocrx_word' id='word_1_867' title='bbox 2020 4769 2128 4808; x_wconf 93' lang='lat' dir='ltr'><strong>um.</strong></span> 
     </span>
     <span class='ocr_line' id='line_1_109' title="bbox 1931 4754 3529 4916; baseline -0.003 -17"><span class='ocrx_word' id='word_1_868' title='bbox 1931 4754 2194 4899; x_wconf 61' lang='lat' dir='ltr'><strong>lorMultae</strong></span> <span class='ocrx_word' id='word_1_869' title='bbox 2221 4843 2582 4899; x_wconf 84' lang='lat' dir='ltr'><strong>tribulatianes</strong></span> <span class='ocrx_word' id='word_1_870' title='bbox 2595 4845 2883 4916; x_wconf 88' lang='lat' dir='ltr'><strong>justarum.</strong></span> <span class='ocrx_word' id='word_1_871' title='bbox 2921 4843 3067 4914; x_wconf 80' lang='lat' dir='ltr'><strong>Ergo</strong></span> <span class='ocrx_word' id='word_1_872' title='bbox 3096 4843 3186 4913; x_wconf 89' lang='lat' dir='ltr'><strong>qui</strong></span> <span class='ocrx_word' id='word_1_873' title='bbox 3213 4842 3529 4896; x_wconf 89' lang='lat' dir='ltr'><strong>tribulatio-</strong></span> 
     </span>
    </p>
   </div>
   <div class='ocr_carea' id='block_1_109' title="bbox 1935 4935 3524 5008">
    <p class='ocr_par' dir='ltr' id='par_1_109' title="bbox 1935 4935 3524 5008">
     <span class='ocr_line' id='line_1_110' title="bbox 1935 4935 3524 5008; baseline -0.002 -13"><span class='ocrx_word' id='word_1_874' title='bbox 1935 4955 2057 4996; x_wconf 91' lang='lat' dir='ltr'><strong>nem</strong></span> <span class='ocrx_word' id='word_1_875' title='bbox 2087 4953 2194 4994; x_wconf 90' lang='lat' dir='ltr'><strong>non</strong></span> <span class='ocrx_word' id='word_1_876' title='bbox 2228 4939 2456 5008; x_wconf 89' lang='lat' dir='ltr'><strong>patitur,</strong></span> <span class='ocrx_word' id='word_1_877' title='bbox 2500 4937 2677 5007; x_wconf 82' lang='lat' dir='ltr'><strong>justus</strong></span> <span class='ocrx_word' id='word_1_878' title='bbox 2719 4953 2825 4990; x_wconf 91' lang='lat' dir='ltr'><strong>non</strong></span> <span class='ocrx_word' id='word_1_879' title='bbox 2855 4945 2957 4991; x_wconf 91' lang='lat' dir='ltr'><strong>est.</strong></span> <span class='ocrx_word' id='word_1_880' title='bbox 3010 4935 3152 4990; x_wconf 80' lang='lat' dir='ltr'><strong>Mors</strong></span> <span class='ocrx_word' id='word_1_881' title='bbox 3180 4944 3524 5006; x_wconf 90' lang='lat' dir='ltr'><strong>peccatorum</strong></span> 
     </span>
    </p>
   </div>
   <div class='ocr_carea' id='block_1_110' title="bbox 1934 5026 3530 5102">
    <p class='ocr_par' dir='ltr' id='par_1_110' title="bbox 1934 5026 3530 5102">
     <span class='ocr_line' id='line_1_111' title="bbox 1934 5026 3530 5102; baseline -0.001 -16"><span class='ocrx_word' id='word_1_882' title='bbox 1934 5030 2173 5102; x_wconf 88' lang='lat' dir='ltr'><strong>pessima</strong></span> <span class='ocrx_word' id='word_1_883' title='bbox 2203 5041 2310 5086; x_wconf 76' lang='grc' dir='ltr'><strong>εει.</strong></span> <span class='ocrx_word' id='word_1_884' title='bbox 2339 5030 2616 5085; x_wconf 72' lang='lat' dir='ltr'><strong>iustorum</strong></span> <span class='ocrx_word' id='word_1_885' title='bbox 2651 5028 2938 5084; x_wconf 91' lang='lat' dir='ltr'><strong>tribulatio</strong></span> <span class='ocrx_word' id='word_1_886' title='bbox 2963 5037 3140 5083; x_wconf 89' lang='lat' dir='ltr'><strong>morte</strong></span> <span class='ocrx_word' id='word_1_887' title='bbox 3167 5026 3378 5098; x_wconf 84' lang='lat' dir='ltr'><strong>linitur,</strong></span> <span class='ocrx_word' id='word_1_888' title='bbox 3405 5043 3530 5098; x_wconf 90' lang='lat' dir='ltr'><strong>pec-</strong></span> 
     </span>
    </p>
   </div>
   <div class='ocr_carea' id='block_1_111' title="bbox 1931 5123 3524 5194">
    <p class='ocr_par' dir='ltr' id='par_1_111' title="bbox 1931 5123 3524 5194">
     <span class='ocr_line' id='line_1_112' title="bbox 1931 5123 3524 5194; baseline 0 -14"><span class='ocrx_word' id='word_1_889' title='bbox 1931 5133 2176 5180; x_wconf 90' lang='lat' dir='ltr'><strong>catorum</strong></span> <span class='ocrx_word' id='word_1_890' title='bbox 2205 5138 2342 5180; x_wconf 70' lang='lat' dir='ltr'><strong>vero</strong></span> <span class='ocrx_word' id='word_1_891' title='bbox 2369 5123 2633 5194; x_wconf 89' lang='lat' dir='ltr'><strong>supplicia</strong></span> <span class='ocrx_word' id='word_1_892' title='bbox 2667 5132 2792 5194; x_wconf 92' lang='lat' dir='ltr'><strong>post</strong></span> <span class='ocrx_word' id='word_1_893' title='bbox 2822 5132 3052 5179; x_wconf 87' lang='lat' dir='ltr'><strong>mortem</strong></span> <span class='ocrx_word' id='word_1_894' title='bbox 3080 5123 3372 5191; x_wconf 92' lang='lat' dir='ltr'><strong>incipiunt.</strong></span> <span class='ocrx_word' id='word_1_895' title='bbox 3405 5123 3524 5186; x_wconf 87' lang='lat' dir='ltr'><strong>Vel.</strong></span> 
     </span>
    </p>
   </div>
   <div class='ocr_carea' id='block_1_112' title="bbox 1931 5215 3525 5288">
    <p class='ocr_par' dir='ltr' id='par_1_112' title="bbox 1931 5215 3525 5288">
     <span class='ocr_line' id='line_1_113' title="bbox 1931 5215 3525 5288; baseline -0.001 -15"><span class='ocrx_word' id='word_1_896' title='bbox 1931 5219 2108 5273; x_wconf 82' lang='lat' dir='ltr'><strong>multa:</strong></span> <span class='ocrx_word' id='word_1_897' title='bbox 2155 5218 2513 5273; x_wconf 83' lang='lat' dir='ltr'><strong>tribulationes</strong></span> <span class='ocrx_word' id='word_1_898' title='bbox 2547 5219 2836 5288; x_wconf 85' lang='lat' dir='ltr'><strong>justarum,</strong></span> <span class='ocrx_word' id='word_1_899' title='bbox 2870 5225 2921 5274; x_wconf 88' lang='lat' dir='ltr'><strong>et</strong></span> <span class='ocrx_word' id='word_1_900' title='bbox 2948 5217 3016 5274; x_wconf 88' lang='lat' dir='ltr'><strong>de</strong></span> <span class='ocrx_word' id='word_1_901' title='bbox 3043 5216 3298 5272; x_wconf 87' lang='lat' dir='ltr'><strong>omnibus</strong></span> <span class='ocrx_word' id='word_1_902' title='bbox 3327 5215 3412 5271; x_wconf 90' lang='lat' dir='ltr'><strong>his</strong></span> <span class='ocrx_word' id='word_1_903' title='bbox 3463 5217 3525 5272; x_wconf 87' lang='lat' dir='ltr'><strong>li-</strong></span> 
     </span>
    </p>
   </div>
   <div class='ocr_carea' id='block_1_113' title="bbox 1929 5308 3526 5380">
    <p class='ocr_par' dir='ltr' id='par_1_113' title="bbox 1929 5308 3526 5380">
     <span class='ocr_line' id='line_1_114' title="bbox 1929 5308 3526 5380; baseline -0.001 -14"><span class='ocrx_word' id='word_1_904' title='bbox 1929 5310 2142 5366; x_wconf 84' lang='lat' dir='ltr'><strong>beravit</strong></span> <span class='ocrx_word' id='word_1_905' title='bbox 2167 5326 2264 5366; x_wconf 89' lang='lat' dir='ltr'><strong>eos</strong></span> <span class='ocrx_word' id='word_1_906' title='bbox 2294 5310 2576 5365; x_wconf 92' lang='lat' dir='ltr'><strong>Dominus.</strong></span> <span class='ocrx_word' id='word_1_907' title='bbox 2631 5310 2935 5366; x_wconf 88' lang='lat' dir='ltr'><strong>Tentantur</strong></span> <span class='ocrx_word' id='word_1_908' title='bbox 2986 5309 3156 5376; x_wconf 82' lang='lat' dir='ltr'><strong>enim,</strong></span> <span class='ocrx_word' id='word_1_909' title='bbox 3209 5320 3270 5364; x_wconf 92' lang='lat' dir='ltr'><strong>ut</strong></span> <span class='ocrx_word' id='word_1_910' title='bbox 3315 5308 3526 5380; x_wconf 82' lang='lat' dir='ltr'><strong>probati</strong></span> 
     </span>
    </p>
   </div>
   <div class='ocr_carea' id='block_1_114' title="bbox 1932 5401 3526 5472">
    <p class='ocr_par' dir='ltr' id='par_1_114' title="bbox 1932 5401 3526 5472">
     <span class='ocr_line' id='line_1_115' title="bbox 1932 5401 3526 5472; baseline -0.003 -12"><span class='ocrx_word' id='word_1_911' title='bbox 1932 5402 2202 5460; x_wconf 88' lang='lat' dir='ltr'><strong>manifesti</strong></span> <span class='ocrx_word' id='word_1_912' title='bbox 2254 5404 2404 5458; x_wconf 86' lang='lat' dir='ltr'><strong>fiant.</strong></span> <span class='ocrx_word' id='word_1_913' title='bbox 2430 5403 2537 5459; x_wconf 88' lang='lat' dir='ltr'><strong>Sed</strong></span> <span class='ocrx_word' id='word_1_914' title='bbox 2568 5403 2621 5457; x_wconf 94' lang='lat' dir='ltr'><strong>in</strong></span> <span class='ocrx_word' id='word_1_915' title='bbox 2648 5410 2893 5472; x_wconf 86' lang='lat' dir='ltr'><strong>tempore</strong></span> <span class='ocrx_word' id='word_1_916' title='bbox 2922 5402 3027 5458; x_wconf 90' lang='lat' dir='ltr'><strong>erit</strong></span> <span class='ocrx_word' id='word_1_917' title='bbox 3065 5411 3348 5472; x_wconf 79' lang='lat' dir='ltr'><strong>reSpectus</strong></span> <span class='ocrx_word' id='word_1_918' title='bbox 3377 5401 3526 5472; x_wconf 92' lang='lat' dir='ltr'><strong>ipso-</strong></span> 
     </span>
    </p>
   </div>
   <div class='ocr_carea' id='block_1_115' title="bbox 1931 5494 3528 5567">
    <p class='ocr_par' dir='ltr' id='par_1_115' title="bbox 1931 5494 3528 5567">
     <span class='ocr_line' id='line_1_116' title="bbox 1931 5494 3528 5567; baseline -0.002 -15"><span class='ocrx_word' id='word_1_919' title='bbox 1931 5513 2074 5564; x_wconf 87' lang='lat' dir='ltr'><strong>rum,</strong></span> <span class='ocrx_word' id='word_1_920' title='bbox 2101 5512 2223 5552; x_wconf 91' lang='lat' dir='ltr'><strong>cum</strong></span> <span class='ocrx_word' id='word_1_921' title='bbox 2247 5495 2606 5567; x_wconf 77' lang='lat' dir='ltr'><strong>iudicaverint</strong></span> <span class='ocrx_word' id='word_1_922' title='bbox 2638 5497 2909 5564; x_wconf 89' lang='lat' dir='ltr'><strong>nationes,</strong></span> <span class='ocrx_word' id='word_1_923' title='bbox 2951 5505 3004 5553; x_wconf 90' lang='lat' dir='ltr'><strong>et</strong></span> <span class='ocrx_word' id='word_1_924' title='bbox 3035 5495 3298 5552; x_wconf 90' lang='lat' dir='ltr'><strong>dominati</strong></span> <span class='ocrx_word' id='word_1_925' title='bbox 3329 5494 3528 5551; x_wconf 82' lang='lat' dir='ltr'><strong>fuerint</strong></span> 
     </span>
    </p>
   </div>
   <div class='ocr_carea' id='block_1_116' title="bbox 1929 5590 2164 5662">
    <p class='ocr_par' dir='ltr' id='par_1_116' title="bbox 1929 5590 2164 5662">
     <span class='ocr_line' id='line_1_117' title="bbox 1929 5590 2164 5662; baseline 0.004 -19"><span class='ocrx_word' id='word_1_926' title='bbox 1929 5590 2164 5662; x_wconf 88' lang='lat' dir='ltr'><strong>populis.</strong></span> 
     </span>
    </p>
   </div>
   <div class='ocr_carea' id='block_1_117' title="bbox 2002 5683 3523 5753">
    <p class='ocr_par' dir='ltr' id='par_1_117' title="bbox 2002 5683 3523 5753">
     <span class='ocr_line' id='line_1_118' title="bbox 2002 5683 3523 5753; baseline 0.001 -15"><span class='ocrx_word' id='word_1_927' title='bbox 2002 5683 2256 5738; x_wconf 88' lang='lat' dir='ltr'><strong>Dominus</strong></span> <span class='ocrx_word' id='word_1_928' title='bbox 2287 5684 2510 5738; x_wconf 82' lang='lat' dir='ltr'><strong>custodit</strong></span> <span class='ocrx_word' id='word_1_929' title='bbox 2535 5686 2710 5740; x_wconf 90' lang='lat' dir='ltr'><strong>omnia</strong></span> <span class='ocrx_word' id='word_1_930' title='bbox 2741 5701 2858 5740; x_wconf 81' lang='lat' dir='ltr'><strong>ossa</strong></span> <span class='ocrx_word' id='word_1_931' title='bbox 2887 5702 3085 5740; x_wconf 85' lang='lat' dir='ltr'><strong>eorum.</strong></span> <span class='ocrx_word' id='word_1_932' title='bbox 3122 5685 3176 5741; x_wconf 94' lang='lat' dir='ltr'><strong>Id</strong></span> <span class='ocrx_word' id='word_1_933' title='bbox 3201 5693 3305 5753; x_wconf 86' lang='lat' dir='ltr'><strong>est,</strong></span> <span class='ocrx_word' id='word_1_934' title='bbox 3352 5684 3523 5740; x_wconf 89' lang='lat' dir='ltr'><strong>virtu-</strong></span> 
     </span>
    </p>
   </div>
   <div class='ocr_carea' id='block_1_118' title="bbox 1931 5777 3521 5835">
    <p class='ocr_par' dir='ltr' id='par_1_118' title="bbox 1931 5777 3521 5835">
     <span class='ocr_line' id='line_1_119' title="bbox 1931 5777 3521 5835; baseline 0 -1"><span class='ocrx_word' id='word_1_935' title='bbox 1931 5787 2014 5834; x_wconf 90' lang='lat' dir='ltr'><strong>tes</strong></span> <span class='ocrx_word' id='word_1_936' title='bbox 2040 5793 2252 5834; x_wconf 90' lang='lat' dir='ltr'><strong>eorum.</strong></span> <span class='ocrx_word' id='word_1_937' title='bbox 2292 5777 2463 5834; x_wconf 87' lang='lat' dir='ltr'><strong>Unum</strong></span> <span class='ocrx_word' id='word_1_938' title='bbox 2489 5795 2553 5834; x_wconf 79' lang='lat' dir='ltr'><strong>ea:</strong></span> <span class='ocrx_word' id='word_1_939' title='bbox 2577 5779 2658 5834; x_wconf 77' lang='lat' dir='ltr'><strong>liis</strong></span> <span class='ocrx_word' id='word_1_940' title='bbox 2689 5794 2791 5834; x_wconf 89' lang='lat' dir='ltr'><strong>non</strong></span> <span class='ocrx_word' id='word_1_941' title='bbox 2821 5789 3129 5835; x_wconf 86' lang='lat' dir='ltr'><strong>conteretur.</strong></span> <span class='ocrx_word' id='word_1_942' title='bbox 3191 5779 3268 5835; x_wconf 89' lang='lat' dir='ltr'><strong>De</strong></span> <span class='ocrx_word' id='word_1_943' title='bbox 3315 5778 3521 5835; x_wconf 88' lang='lat' dir='ltr'><strong>sanctis</strong></span> 
     </span>
    </p>
   </div>
   <div class='ocr_carea' id='block_1_119' title="bbox 1935 5870 3518 5948">
    <p class='ocr_par' dir='ltr' id='par_1_119' title="bbox 1935 5870 3518 5948">
     <span class='ocr_line' id='line_1_120' title="bbox 1935 5870 3518 5948; baseline -0.001 -20"><span class='ocrx_word' id='word_1_944' title='bbox 1935 5872 2050 5929; x_wconf 89' lang='lat' dir='ltr'><strong>suis</strong></span> <span class='ocrx_word' id='word_1_945' title='bbox 2083 5874 2134 5928; x_wconf 92' lang='lat' dir='ltr'><strong>in</strong></span> <span class='ocrx_word' id='word_1_946' title='bbox 2162 5872 2352 5929; x_wconf 86' lang='lat' dir='ltr'><strong>futuro</strong></span> <span class='ocrx_word' id='word_1_947' title='bbox 2375 5872 2600 5944; x_wconf 82' lang='lat' dir='ltr'><strong>judicio,</strong></span> <span class='ocrx_word' id='word_1_948' title='bbox 2630 5873 2904 5948; x_wconf 88' lang='lat' dir='ltr'><strong>quomodo</strong></span> <span class='ocrx_word' id='word_1_949' title='bbox 2934 5873 3088 5943; x_wconf 89' lang='lat' dir='ltr'><strong>dicit,</strong></span> <span class='ocrx_word' id='word_1_950' title='bbox 3120 5888 3287 5930; x_wconf 89' lang='lat' dir='ltr'><strong>unum</strong></span> <span class='ocrx_word' id='word_1_951' title='bbox 3337 5888 3406 5929; x_wconf 86' lang='lat' dir='ltr'><strong>ex</strong></span> <span class='ocrx_word' id='word_1_952' title='bbox 3433 5870 3518 5927; x_wconf 80' lang='lat' dir='ltr'><strong>his</strong></span> 
     </span>
    </p>
   </div>
  </div>
