  <div class='ocr_page' id='page_1' title='image "/cluster/home/n/w/nwhite01/storage/ocr_20150623/26/uva.x000826568/469.png"; bbox 0 0 3980 6308; ppageno 0'>
   <div class='ocr_carea' id='block_1_1' title="bbox 499 325 604 378">
    <p class='ocr_par' dir='ltr' id='par_1_1' title="bbox 499 325 604 378">
     <span class='ocr_line' id='line_1_1' title="bbox 499 325 604 378; baseline -0.01 0"><span class='ocrx_word' id='word_1_1' title='bbox 499 325 604 378; x_wconf 65' lang='lat'><strong>52&#39;»</strong></span> 
     </span>
    </p>
   </div>
   <div class='ocr_carea' id='block_1_2' title="bbox 1287 320 2094 385">
    <p class='ocr_par' dir='ltr' id='par_1_2' title="bbox 1287 320 2094 380">
     <span class='ocr_line' id='line_1_2' title="bbox 1287 320 2094 380; baseline 0 -4"><span class='ocrx_word' id='word_1_2' title='bbox 1287 320 1636 379; x_wconf 62' lang='lat' dir='ltr'><strong>APPENDIX</strong></span> <span class='ocrx_word' id='word_1_3' title='bbox 1675 322 1767 378; x_wconf 80' lang='lat' dir='ltr'><strong>AD</strong></span> <span class='ocrx_word' id='word_1_4' title='bbox 1805 321 2053 380; x_wconf 81' lang='lat' dir='ltr'><strong>TOMUM</strong></span> <span class='ocrx_word' id='word_1_5' title='bbox 2089 328 2094 376; x_wconf 77' lang='lat' dir='ltr'><strong>l</strong></span> 
     </span>
    </p>
   </div>
   <div class='ocr_carea' id='block_1_3' title="bbox 2205 320 3083 385">
    <p class='ocr_par' dir='ltr' id='par_1_3' title="bbox 2205 322 3083 385">
     <span class='ocr_line' id='line_1_3' title="bbox 2205 322 3083 385; baseline 0.006 -5"><span class='ocrx_word' id='word_1_6' title='bbox 2205 323 2442 383; x_wconf 78' lang='lat' dir='ltr'><strong>&#39;TIMUM</strong></span> <span class='ocrx_word' id='word_1_7' title='bbox 2480 325 2540 382; x_wconf 90' lang='lat' dir='ltr'><strong>S.</strong></span> <span class='ocrx_word' id='word_1_8' title='bbox 2586 322 2987 382; x_wconf 75' lang='lat' dir='ltr'><strong>HIERONYMI.</strong></span> <span class='ocrx_word' id='word_1_9' title='bbox 3079 379 3083 385; x_wconf 92' lang='lat'><strong>.</strong></span> 
     </span>
    </p>
   </div>
   <div class='ocr_carea' id='block_1_4' title="bbox 3680 329 3788 390">
    <p class='ocr_par' dir='ltr' id='par_1_4' title="bbox 3680 329 3788 390">
     <span class='ocr_line' id='line_1_4' title="bbox 3680 329 3788 390; baseline 0.046 -5"><span class='ocrx_word' id='word_1_10' title='bbox 3680 329 3788 390; x_wconf 57' lang='lat'><strong>9%</strong></span> 
     </span>
    </p>
   </div>
   <div class='ocr_carea' id='block_1_5' title="bbox 496 436 3788 510">
    <p class='ocr_par' dir='ltr' id='par_1_5' title="bbox 496 436 3788 510">
     <span class='ocr_line' id='line_1_5' title="bbox 496 436 3788 510; baseline 0.001 -14"><span class='ocrx_word' id='word_1_11' title='bbox 496 457 600 496; x_wconf 91' lang='lat' dir='ltr'><strong>non</strong></span> <span class='ocrx_word' id='word_1_12' title='bbox 632 447 968 503; x_wconf 88' lang='lat' dir='ltr'><strong>conteretur,</strong></span> <span class='ocrx_word' id='word_1_13' title='bbox 1006 438 1131 509; x_wconf 82' lang='lat' dir='ltr'><strong>quia</strong></span> <span class='ocrx_word' id='word_1_14' title='bbox 1156 436 1307 492; x_wconf 87' lang='lat' dir='ltr'><strong>ntulti</strong></span> <span class='ocrx_word' id='word_1_15' title='bbox 1339 439 1544 494; x_wconf 77' lang='lat' dir='ltr'><strong>habent</strong></span> <span class='ocrx_word' id='word_1_16' title='bbox 1571 454 1694 495; x_wconf 87' lang='lat' dir='ltr'><strong>ossa</strong></span> <span class='ocrx_word' id='word_1_17' title='bbox 1730 436 1925 509; x_wconf 70' lang='lat' dir='ltr'><strong>tracta,</strong></span> <span class='ocrx_word' id='word_1_18' title='bbox 1950 438 2090 493; x_wconf 88' lang='lat' dir='ltr'><strong>sicut</strong></span> <span class='ocrx_word' id='word_1_19' title='bbox 2117 439 2167 498; x_wconf 80' lang='grc' dir='ltr'><strong>Δ</strong></span> <span class='ocrx_word' id='word_1_20' title='bbox 2194 437 2505 496; x_wconf 87' lang='lat' dir='ltr'><strong>firmitatem</strong></span> <span class='ocrx_word' id='word_1_21' title='bbox 2556 440 2739 496; x_wconf 89' lang='lat' dir='ltr'><strong>carnis</strong></span> <span class='ocrx_word' id='word_1_22' title='bbox 2773 439 2877 494; x_wconf 84' lang='lat' dir='ltr'><strong>sibi</strong></span> <span class='ocrx_word' id='word_1_23' title='bbox 2930 438 3166 510; x_wconf 77' lang='lat' dir='ltr'><strong>postulat</strong></span> <span class='ocrx_word' id='word_1_24' title='bbox 3214 440 3541 497; x_wconf 76' lang='lat' dir='ltr'><strong>ministrari.</strong></span> <span class='ocrx_word' id='word_1_25' title='bbox 3594 441 3703 498; x_wconf 83' lang='lat' dir='ltr'><strong>Sed</strong></span> <span class='ocrx_word' id='word_1_26' title='bbox 3736 452 3788 499; x_wconf 92' lang='lat' dir='ltr'><strong>ct</strong></span> 
     </span>
    </p>
   </div>
   <div class='ocr_carea' id='block_1_6' title="bbox 497 529 2092 601">
    <p class='ocr_par' dir='ltr' id='par_1_6' title="bbox 497 529 2092 601">
     <span class='ocr_line' id='line_1_6' title="bbox 497 529 2092 601; baseline -0.003 -12"><span class='ocrx_word' id='word_1_27' title='bbox 497 530 727 597; x_wconf 74' lang='lat' dir='ltr'><strong>legimus</strong></span> <span class='ocrx_word' id='word_1_28' title='bbox 754 532 820 586; x_wconf 90' lang='lat' dir='ltr'><strong>de</strong></span> <span class='ocrx_word' id='word_1_29' title='bbox 846 532 1055 585; x_wconf 79' lang='lat' dir='ltr'><strong>sanctis</strong></span> <span class='ocrx_word' id='word_1_30' title='bbox 1084 530 1453 601; x_wconf 75' lang='lat' dir='ltr'><strong>martyribus?</strong></span> <span class='ocrx_word' id='word_1_31' title='bbox 1482 531 1590 587; x_wconf 84' lang='lat' dir='ltr'><strong>Sed</strong></span> <span class='ocrx_word' id='word_1_32' title='bbox 1625 532 1714 588; x_wconf 88' lang='lat' dir='ltr'><strong>hic</strong></span> <span class='ocrx_word' id='word_1_33' title='bbox 1738 546 1884 601; x_wconf 89' lang='lat' dir='ltr'><strong>ossa,</strong></span> <span class='ocrx_word' id='word_1_34' title='bbox 1909 529 2092 585; x_wconf 80' lang='lat' dir='ltr'><strong>tinua-</strong></span> 
     </span>
    </p>
   </div>
   <div class='ocr_carea' id='block_1_7' title="bbox 493 623 2092 697">
    <p class='ocr_par' dir='ltr' id='par_1_7' title="bbox 493 623 2092 697">
     <span class='ocr_line' id='line_1_7' title="bbox 493 623 2092 697; baseline 0 -17"><span class='ocrx_word' id='word_1_35' title='bbox 493 632 758 693; x_wconf 85' lang='lat' dir='ltr'><strong>mentum,</strong></span> <span class='ocrx_word' id='word_1_36' title='bbox 792 623 879 679; x_wconf 92' lang='lat' dir='ltr'><strong>vel</strong></span> <span class='ocrx_word' id='word_1_37' title='bbox 908 623 1147 679; x_wconf 84' lang='lat' dir='ltr'><strong>virtutes</strong></span> <span class='ocrx_word' id='word_1_38' title='bbox 1180 623 1377 679; x_wconf 70' lang='lat' dir='ltr'><strong>anima:</strong></span> <span class='ocrx_word' id='word_1_39' title='bbox 1408 624 1806 697; x_wconf 84' lang='lat' dir='ltr'><strong>intelliguntur.</strong></span> <span class='ocrx_word' id='word_1_40' title='bbox 1832 624 2092 681; x_wconf 84' lang='lat' dir='ltr'><strong>Dominus</strong></span> 
     </span>
    </p>
   </div>
   <div class='ocr_carea' id='block_1_8' title="bbox 495 717 2082 785">
    <p class='ocr_par' dir='ltr' id='par_1_8' title="bbox 495 717 2082 785">
     <span class='ocr_line' id='line_1_8' title="bbox 495 717 2082 785; baseline 0.001 -12"><span class='ocrx_word' id='word_1_41' title='bbox 495 717 736 773; x_wconf 84' lang='lat' dir='ltr'><strong>custodit</strong></span> <span class='ocrx_word' id='word_1_42' title='bbox 765 717 947 772; x_wconf 83' lang='lat' dir='ltr'><strong>omnia</strong></span> <span class='ocrx_word' id='word_1_43' title='bbox 980 731 1105 772; x_wconf 87' lang='lat' dir='ltr'><strong>ossa</strong></span> <span class='ocrx_word' id='word_1_44' title='bbox 1129 732 1343 785; x_wconf 90' lang='lat' dir='ltr'><strong>eorum,</strong></span> <span class='ocrx_word' id='word_1_45' title='bbox 1373 733 1538 774; x_wconf 93' lang='lat' dir='ltr'><strong>unum</strong></span> <span class='ocrx_word' id='word_1_46' title='bbox 1568 734 1635 774; x_wconf 81' lang='lat' dir='ltr'><strong>ex</strong></span> <span class='ocrx_word' id='word_1_47' title='bbox 1657 719 1741 773; x_wconf 91' lang='lat' dir='ltr'><strong>bis</strong></span> <span class='ocrx_word' id='word_1_48' title='bbox 1769 734 1876 773; x_wconf 90' lang='lat' dir='ltr'><strong>non</strong></span> <span class='ocrx_word' id='word_1_49' title='bbox 1900 727 2082 775; x_wconf 89' lang='lat' dir='ltr'><strong>conte-</strong></span> 
     </span>
    </p>
   </div>
   <div class='ocr_carea' id='block_1_9' title="bbox 496 811 2094 884">
    <p class='ocr_par' dir='ltr' id='par_1_9' title="bbox 496 811 2094 884">
     <span class='ocr_line' id='line_1_9' title="bbox 496 811 2094 884; baseline 0 -16"><span class='ocrx_word' id='word_1_50' title='bbox 496 823 671 869; x_wconf 88' lang='lat' dir='ltr'><strong>retur.</strong></span> <span class='ocrx_word' id='word_1_51' title='bbox 708 811 1093 869; x_wconf 64' lang='lat' dir='ltr'><strong>Eternitatem</strong></span> <span class='ocrx_word' id='word_1_52' title='bbox 1124 820 1405 883; x_wconf 77' lang='lat' dir='ltr'><strong>perpetua:</strong></span> <span class='ocrx_word' id='word_1_53' title='bbox 1436 814 1560 868; x_wconf 69' lang='lat' dir='ltr'><strong>vitae</strong></span> <span class='ocrx_word' id='word_1_54' title='bbox 1615 812 1767 877; x_wconf 86' lang='lat' dir='ltr'><strong>dicit,</strong></span> <span class='ocrx_word' id='word_1_55' title='bbox 1811 827 1971 884; x_wconf 90' lang='lat' dir='ltr'><strong>quam</strong></span> <span class='ocrx_word' id='word_1_56' title='bbox 1996 826 2094 882; x_wconf 85' lang='lat' dir='ltr'><strong>per</strong></span> 
     </span>
    </p>
   </div>
   <div class='ocr_carea' id='block_1_10' title="bbox 495 901 2095 977">
    <p class='ocr_par' dir='ltr' id='par_1_10' title="bbox 495 901 2095 977">
     <span class='ocr_line' id='line_1_10' title="bbox 495 901 2095 977; baseline 0 -16"><span class='ocrx_word' id='word_1_57' title='bbox 495 920 647 976; x_wconf 86' lang='lat' dir='ltr'><strong>spem</strong></span> <span class='ocrx_word' id='word_1_58' title='bbox 680 903 803 961; x_wconf 89' lang='lat' dir='ltr'><strong>lldei</strong></span> <span class='ocrx_word' id='word_1_59' title='bbox 836 913 1051 977; x_wconf 80' lang='lat' dir='ltr'><strong>gerunt,</strong></span> <span class='ocrx_word' id='word_1_60' title='bbox 1103 904 1219 960; x_wconf 85' lang='lat' dir='ltr'><strong>sive</strong></span> <span class='ocrx_word' id='word_1_61' title='bbox 1247 901 1620 961; x_wconf 80' lang='lat' dir='ltr'><strong>fortitudinem</strong></span> <span class='ocrx_word' id='word_1_62' title='bbox 1660 920 1822 977; x_wconf 90' lang='lat' dir='ltr'><strong>quam</strong></span> <span class='ocrx_word' id='word_1_63' title='bbox 1870 905 1925 960; x_wconf 91' lang='lat' dir='ltr'><strong>in</strong></span> <span class='ocrx_word' id='word_1_64' title='bbox 1975 903 2095 975; x_wconf 88' lang='lat' dir='ltr'><strong>ipso</strong></span> 
     </span>
    </p>
   </div>
   <div class='ocr_carea' id='block_1_11' title="bbox 499 988 2097 1055">
    <p class='ocr_par' dir='ltr' id='par_1_11' title="bbox 499 988 2097 1055">
     <span class='ocr_line' id='line_1_11' title="bbox 499 988 2097 1055; baseline -0.001 -1"><span class='ocrx_word' id='word_1_65' title='bbox 499 998 702 1055; x_wconf 82' lang='lat' dir='ltr'><strong>habent</strong></span> <span class='ocrx_word' id='word_1_66' title='bbox 729 997 841 1054; x_wconf 90' lang='lat' dir='ltr'><strong>Deo</strong></span> <span class='ocrx_word' id='word_1_67' title='bbox 886 996 1170 1054; x_wconf 88' lang='lat' dir='ltr'><strong>custodire</strong></span> <span class='ocrx_word' id='word_1_68' title='bbox 1203 1014 1217 1050; x_wconf 88' lang='lat'><strong>:</strong></span> <span class='ocrx_word' id='word_1_69' title='bbox 1249 1012 1319 1054; x_wconf 87' lang='lat' dir='ltr'><strong>ne</strong></span> <span class='ocrx_word' id='word_1_70' title='bbox 1357 997 1409 1052; x_wconf 93' lang='lat' dir='ltr'><strong>in</strong></span> <span class='ocrx_word' id='word_1_71' title='bbox 1441 996 1527 1052; x_wconf 88' lang='lat' dir='ltr'><strong>bis</strong></span> <span class='ocrx_word' id='word_1_72' title='bbox 1558 988 1999 1054; x_wconf 81' lang='lat' dir='ltr'><strong>tribulatimtilms</strong></span> <span class='ocrx_word' id='word_1_73' title='bbox 2023 1005 2097 1053; x_wconf 90' lang='lat' dir='ltr'><strong>te-</strong></span> 
     </span>
    </p>
   </div>
   <div class='ocr_carea' id='block_1_12' title="bbox 497 1092 1564 1167">
    <p class='ocr_par' dir='ltr' id='par_1_12' title="bbox 497 1092 1564 1167">
     <span class='ocr_line' id='line_1_12' title="bbox 497 1092 1564 1167; baseline 0 -18"><span class='ocrx_word' id='word_1_74' title='bbox 497 1101 742 1167; x_wconf 85' lang='lat' dir='ltr'><strong>pescant,</strong></span> <span class='ocrx_word' id='word_1_75' title='bbox 770 1102 861 1148; x_wconf 89' lang='lat' dir='ltr'><strong>aut</strong></span> <span class='ocrx_word' id='word_1_76' title='bbox 892 1100 1255 1149; x_wconf 90' lang='lat' dir='ltr'><strong>conterantur</strong></span> <span class='ocrx_word' id='word_1_77' title='bbox 1282 1093 1337 1147; x_wconf 91' lang='lat' dir='ltr'><strong>in</strong></span> <span class='ocrx_word' id='word_1_78' title='bbox 1361 1092 1564 1163; x_wconf 81' lang='lat' dir='ltr'><strong>aliqua.</strong></span> 
     </span>
    </p>
   </div>
   <div class='ocr_carea' id='block_1_13' title="bbox 569 1183 2095 1257">
    <p class='ocr_par' dir='ltr' id='par_1_13' title="bbox 569 1183 2095 1257">
     <span class='ocr_line' id='line_1_13' title="bbox 569 1183 2095 1257; baseline -0.001 -17"><span class='ocrx_word' id='word_1_79' title='bbox 569 1184 713 1240; x_wconf 79' lang='lat' dir='ltr'><strong>Mors</strong></span> <span class='ocrx_word' id='word_1_80' title='bbox 743 1194 1072 1257; x_wconf 78' lang='lat' dir='ltr'><strong>peccatorum</strong></span> <span class='ocrx_word' id='word_1_81' title='bbox 1103 1184 1323 1253; x_wconf 83' lang='lat' dir='ltr'><strong>pessima</strong></span> <span class='ocrx_word' id='word_1_82' title='bbox 1347 1193 1445 1240; x_wconf 81' lang='lat' dir='ltr'><strong>est.</strong></span> <span class='ocrx_word' id='word_1_83' title='bbox 1496 1183 1630 1251; x_wconf 84' lang='lat' dir='ltr'><strong>Quia</strong></span> <span class='ocrx_word' id='word_1_84' title='bbox 1658 1190 1713 1240; x_wconf 88' lang='lat' dir='ltr'><strong>et</strong></span> <span class='ocrx_word' id='word_1_85' title='bbox 1740 1183 1832 1240; x_wconf 86' lang='lat' dir='ltr'><strong>hic</strong></span> <span class='ocrx_word' id='word_1_86' title='bbox 1875 1183 2095 1239; x_wconf 86' lang='lat' dir='ltr'><strong>initian-</strong></span> 
     </span>
    </p>
   </div>
   <div class='ocr_carea' id='block_1_14' title="bbox 498 1277 2097 1351">
    <p class='ocr_par' dir='ltr' id='par_1_14' title="bbox 498 1277 2097 1351">
     <span class='ocr_line' id='line_1_14' title="bbox 498 1277 2097 1351; baseline -0.002 -16"><span class='ocrx_word' id='word_1_87' title='bbox 498 1289 607 1347; x_wconf 86' lang='lat' dir='ltr'><strong>tur,</strong></span> <span class='ocrx_word' id='word_1_88' title='bbox 632 1287 688 1334; x_wconf 89' lang='lat' dir='ltr'><strong>et</strong></span> <span class='ocrx_word' id='word_1_89' title='bbox 719 1279 769 1334; x_wconf 88' lang='lat' dir='ltr'><strong>in</strong></span> <span class='ocrx_word' id='word_1_90' title='bbox 803 1278 988 1334; x_wconf 88' lang='lat' dir='ltr'><strong>futuro</strong></span> <span class='ocrx_word' id='word_1_91' title='bbox 1011 1278 1128 1333; x_wconf 90' lang='lat' dir='ltr'><strong>sine</strong></span> <span class='ocrx_word' id='word_1_92' title='bbox 1160 1278 1266 1335; x_wconf 89' lang='lat' dir='ltr'><strong>fine</strong></span> <span class='ocrx_word' id='word_1_93' title='bbox 1295 1287 1637 1349; x_wconf 89' lang='lat' dir='ltr'><strong>torquentur.</strong></span> <span class='ocrx_word' id='word_1_94' title='bbox 1675 1277 1740 1333; x_wconf 79' lang='lat' dir='ltr'><strong>Et</strong></span> <span class='ocrx_word' id='word_1_95' title='bbox 1756 1279 1849 1351; x_wconf 87' lang='lat' dir='ltr'><strong>qui</strong></span> <span class='ocrx_word' id='word_1_96' title='bbox 1876 1278 2097 1333; x_wconf 86' lang='lat' dir='ltr'><strong>oderunt</strong></span> 
     </span>
    </p>
   </div>
   <div class='ocr_carea' id='block_1_15' title="bbox 491 1371 2094 1446">
    <p class='ocr_par' dir='ltr' id='par_1_15' title="bbox 491 1371 2094 1446">
     <span class='ocr_line' id='line_1_15' title="bbox 491 1371 2094 1446; baseline 0.001 -18"><span class='ocrx_word' id='word_1_97' title='bbox 491 1376 719 1446; x_wconf 85' lang='lat' dir='ltr'><strong>justum,</strong></span> <span class='ocrx_word' id='word_1_98' title='bbox 749 1371 1069 1444; x_wconf 73' lang='lat' dir='ltr'><strong>delinquant.</strong></span> <span class='ocrx_word' id='word_1_99' title='bbox 1103 1371 1381 1428; x_wconf 88' lang='lat' dir='ltr'><strong>Christum</strong></span> <span class='ocrx_word' id='word_1_100' title='bbox 1415 1373 1501 1429; x_wconf 94' lang='lat' dir='ltr'><strong>vel</strong></span> <span class='ocrx_word' id='word_1_101' title='bbox 1547 1382 1931 1429; x_wconf 80' lang='lat' dir='ltr'><strong>testamentum</strong></span> <span class='ocrx_word' id='word_1_102' title='bbox 1974 1374 2094 1444; x_wconf 87' lang='lat' dir='ltr'><strong>ejus</strong></span> 
     </span>
    </p>
   </div>
   <div class='ocr_carea' id='block_1_16' title="bbox 496 1466 2099 1540">
    <p class='ocr_par' dir='ltr' id='par_1_16' title="bbox 496 1466 2099 1540">
     <span class='ocr_line' id='line_1_16' title="bbox 496 1466 2099 1540; baseline -0.001 -16"><span class='ocrx_word' id='word_1_103' title='bbox 496 1467 671 1524; x_wconf 72' lang='lat' dir='ltr'><strong>Judzei</strong></span> <span class='ocrx_word' id='word_1_104' title='bbox 701 1467 950 1522; x_wconf 87' lang='lat' dir='ltr'><strong>oderunt.</strong></span> <span class='ocrx_word' id='word_1_105' title='bbox 996 1466 1231 1521; x_wconf 84' lang='lat' dir='ltr'><strong>Oderunt</strong></span> <span class='ocrx_word' id='word_1_106' title='bbox 1242 1469 1470 1540; x_wconf 81' lang='lat' dir='ltr'><strong>justum,</strong></span> <span class='ocrx_word' id='word_1_107' title='bbox 1501 1467 1553 1522; x_wconf 89' lang='lat' dir='ltr'><strong>id</strong></span> <span class='ocrx_word' id='word_1_108' title='bbox 1586 1476 1689 1534; x_wconf 90' lang='lat' dir='ltr'><strong>est,</strong></span> <span class='ocrx_word' id='word_1_109' title='bbox 1719 1466 2017 1533; x_wconf 69' lang='lat' dir='ltr'><strong>Christum,</strong></span> <span class='ocrx_word' id='word_1_110' title='bbox 2042 1475 2099 1522; x_wconf 89' lang='lat' dir='ltr'><strong>et</strong></span> 
     </span>
    </p>
   </div>
   <div class='ocr_carea' id='block_1_17' title="bbox 500 1557 2095 1632">
    <p class='ocr_par' dir='ltr' id='par_1_17' title="bbox 500 1557 2095 1632">
     <span class='ocr_line' id='line_1_17' title="bbox 500 1557 2095 1632; baseline 0.002 -19"><span class='ocrx_word' id='word_1_111' title='bbox 500 1561 620 1615; x_wconf 89' lang='lat' dir='ltr'><strong>sine</strong></span> <span class='ocrx_word' id='word_1_112' title='bbox 649 1574 833 1613; x_wconf 87' lang='lat' dir='ltr'><strong>causa.</strong></span> <span class='ocrx_word' id='word_1_113' title='bbox 885 1557 1222 1631; x_wconf 83' lang='lat' dir='ltr'><strong>Delinqnent,</strong></span> <span class='ocrx_word' id='word_1_114' title='bbox 1250 1560 1354 1615; x_wconf 91' lang='lat' dir='ltr'><strong>hoc</strong></span> <span class='ocrx_word' id='word_1_115' title='bbox 1392 1567 1496 1626; x_wconf 90' lang='lat' dir='ltr'><strong>est,</strong></span> <span class='ocrx_word' id='word_1_116' title='bbox 1526 1561 1850 1632; x_wconf 88' lang='lat' dir='ltr'><strong>peccabunt.</strong></span> <span class='ocrx_word' id='word_1_117' title='bbox 1885 1560 1982 1616; x_wconf 80' lang='lat' dir='ltr'><strong>Vel</strong></span> <span class='ocrx_word' id='word_1_118' title='bbox 2006 1560 2095 1632; x_wconf 83' lang='lat' dir='ltr'><strong>qui</strong></span> 
     </span>
    </p>
   </div>
   <div class='ocr_carea' id='block_1_18' title="bbox 501 1653 2096 1727">
    <p class='ocr_par' dir='ltr' id='par_1_18' title="bbox 501 1653 2096 1727">
     <span class='ocr_line' id='line_1_18' title="bbox 501 1653 2096 1727; baseline 0.001 -18"><span class='ocrx_word' id='word_1_119' title='bbox 501 1654 616 1710; x_wconf 89' lang='lat' dir='ltr'><strong>odit</strong></span> <span class='ocrx_word' id='word_1_120' title='bbox 648 1654 809 1709; x_wconf 89' lang='lat' dir='ltr'><strong>modo</strong></span> <span class='ocrx_word' id='word_1_121' title='bbox 828 1653 1060 1725; x_wconf 88' lang='lat' dir='ltr'><strong>justum,</strong></span> <span class='ocrx_word' id='word_1_122' title='bbox 1087 1655 1193 1710; x_wconf 86' lang='lat' dir='ltr'><strong>hoc</strong></span> <span class='ocrx_word' id='word_1_123' title='bbox 1223 1663 1329 1721; x_wconf 84' lang='lat' dir='ltr'><strong>est,</strong></span> <span class='ocrx_word' id='word_1_124' title='bbox 1363 1668 1802 1727; x_wconf 89' lang='lat' dir='ltr'><strong>unumquemque</strong></span> <span class='ocrx_word' id='word_1_125' title='bbox 1823 1663 2096 1723; x_wconf 87' lang='lat' dir='ltr'><strong>sanctum,</strong></span> 
     </span>
    </p>
   </div>
   <div class='ocr_carea' id='block_1_19' title="bbox 507 1758 714 1819">
    <p class='ocr_par' dir='ltr' id='par_1_19' title="bbox 507 1758 714 1819">
     <span class='ocr_line' id='line_1_19' title="bbox 507 1758 714 1819; baseline 0 -16"><span class='ocrx_word' id='word_1_126' title='bbox 507 1758 714 1819; x_wconf 79' lang='lat' dir='ltr'><strong>peccat.</strong></span> 
     </span>
    </p>
   </div>
   <div class='ocr_carea' id='block_1_20' title="bbox 2196 529 3785 601">
    <p class='ocr_par' dir='ltr' id='par_1_20' title="bbox 2196 529 3785 601">
     <span class='ocr_line' id='line_1_20' title="bbox 2196 529 3785 601; baseline 0.003 -17"><span class='ocrx_word' id='word_1_127' title='bbox 2196 545 2296 585; x_wconf 92' lang='lat' dir='ltr'><strong>nos</strong></span> <span class='ocrx_word' id='word_1_128' title='bbox 2319 530 2697 601; x_wconf 86' lang='lat' dir='ltr'><strong>spiritualihus</strong></span> <span class='ocrx_word' id='word_1_129' title='bbox 2718 529 2965 585; x_wconf 85' lang='lat' dir='ltr'><strong>defendit</strong></span> <span class='ocrx_word' id='word_1_130' title='bbox 2992 529 3160 586; x_wconf 88' lang='lat' dir='ltr'><strong>armis</strong></span> <span class='ocrx_word' id='word_1_131' title='bbox 3187 546 3249 587; x_wconf 90' lang='lat' dir='ltr'><strong>ac</strong></span> <span class='ocrx_word' id='word_1_132' title='bbox 3270 534 3465 595; x_wconf 87' lang='lat' dir='ltr'><strong>munit,</strong></span> <span class='ocrx_word' id='word_1_133' title='bbox 3489 532 3785 589; x_wconf 84' lang='lat' dir='ltr'><strong>secundum</strong></span> 
     </span>
    </p>
   </div>
   <div class='ocr_carea' id='block_1_21' title="bbox 2194 621 3790 695">
    <p class='ocr_par' dir='ltr' id='par_1_21' title="bbox 2194 621 3790 695">
     <span class='ocr_line' id='line_1_21' title="bbox 2194 621 3790 695; baseline -0.001 -17"><span class='ocrx_word' id='word_1_134' title='bbox 2194 622 2517 693; x_wconf 83' lang='lat' dir='ltr'><strong>Apostolutu</strong></span> <span class='ocrx_word' id='word_1_135' title='bbox 2555 639 2571 678; x_wconf 88' lang='lat'><strong>:</strong></span> <span class='ocrx_word' id='word_1_136' title='bbox 2604 622 2818 679; x_wconf 84' lang='lat' dir='ltr'><strong>lnduite</strong></span> <span class='ocrx_word' id='word_1_137' title='bbox 2845 635 2943 677; x_wconf 86' lang='lat' dir='ltr'><strong>vos</strong></span> <span class='ocrx_word' id='word_1_138' title='bbox 2984 637 3133 677; x_wconf 86' lang='lat' dir='ltr'><strong>arma</strong></span> <span class='ocrx_word' id='word_1_139' title='bbox 3176 623 3269 678; x_wconf 89' lang='lat' dir='ltr'><strong>Dei</strong></span> <span class='ocrx_word' id='word_1_140' title='bbox 3300 621 3521 695; x_wconf 85' lang='lat' dir='ltr'><strong>(Epltes.</strong></span> <span class='ocrx_word' id='word_1_141' title='bbox 3555 623 3661 694; x_wconf 80' lang='lat' dir='ltr'><strong>Vl).</strong></span> <span class='ocrx_word' id='word_1_142' title='bbox 3693 623 3790 678; x_wconf 85' lang='lat' dir='ltr'><strong>Ar-</strong></span> 
     </span>
    </p>
   </div>
   <div class='ocr_carea' id='block_1_22' title="bbox 2196 713 3786 788">
    <p class='ocr_par' dir='ltr' id='par_1_22' title="bbox 2196 713 3786 788">
     <span class='ocr_line' id='line_1_22' title="bbox 2196 713 3786 788; baseline 0.001 -17"><span class='ocrx_word' id='word_1_143' title='bbox 2196 730 2282 771; x_wconf 90' lang='lat' dir='ltr'><strong>ma</strong></span> <span class='ocrx_word' id='word_1_144' title='bbox 2312 715 2525 771; x_wconf 87' lang='lat' dir='ltr'><strong>Domini</strong></span> <span class='ocrx_word' id='word_1_145' title='bbox 2555 716 2826 786; x_wconf 74' lang='lat' dir='ltr'><strong>protecdo</strong></span> <span class='ocrx_word' id='word_1_146' title='bbox 2855 713 3181 770; x_wconf 84' lang='lat' dir='ltr'><strong>divinitatis.</strong></span> <span class='ocrx_word' id='word_1_147' title='bbox 3237 715 3376 784; x_wconf 84' lang='lat' dir='ltr'><strong>Quid</strong></span> <span class='ocrx_word' id='word_1_148' title='bbox 3402 714 3625 782; x_wconf 89' lang='lat' dir='ltr'><strong>fortius,</strong></span> <span class='ocrx_word' id='word_1_149' title='bbox 3663 717 3786 788; x_wconf 87' lang='lat' dir='ltr'><strong>quid</strong></span> 
     </span>
    </p>
   </div>
   <div class='ocr_carea' id='block_1_23' title="bbox 2199 807 3787 880">
    <p class='ocr_par' dir='ltr' id='par_1_23' title="bbox 2199 807 3787 880">
     <span class='ocr_line' id='line_1_23' title="bbox 2199 807 3787 880; baseline 0.003 -20"><span class='ocrx_word' id='word_1_150' title='bbox 2199 808 2482 880; x_wconf 81' lang='lat' dir='ltr'><strong>pulchrius</strong></span> <span class='ocrx_word' id='word_1_151' title='bbox 2532 823 2693 879; x_wconf 89' lang='lat' dir='ltr'><strong>quam</strong></span> <span class='ocrx_word' id='word_1_152' title='bbox 2741 807 3020 864; x_wconf 82' lang='lat' dir='ltr'><strong>Christum</strong></span> <span class='ocrx_word' id='word_1_153' title='bbox 3046 818 3314 864; x_wconf 86' lang='lat' dir='ltr'><strong>armatum</strong></span> <span class='ocrx_word' id='word_1_154' title='bbox 3361 818 3513 864; x_wconf 86' lang='lat' dir='ltr'><strong>stare</strong></span> <span class='ocrx_word' id='word_1_155' title='bbox 3546 823 3654 878; x_wconf 87' lang='lat' dir='ltr'><strong>pro</strong></span> <span class='ocrx_word' id='word_1_156' title='bbox 3680 810 3787 865; x_wconf 86' lang='lat' dir='ltr'><strong>suis</strong></span> 
     </span>
    </p>
   </div>
   <div class='ocr_carea' id='block_1_24' title="bbox 2196 900 3791 973">
    <p class='ocr_par' dir='ltr' id='par_1_24' title="bbox 2196 900 3791 973">
     <span class='ocr_line' id='line_1_24' title="bbox 2196 900 3791 973; baseline 0.001 -16"><span class='ocrx_word' id='word_1_157' title='bbox 2196 902 2434 958; x_wconf 75' lang='lat' dir='ltr'><strong>sanctis?</strong></span> <span class='ocrx_word' id='word_1_158' title='bbox 2472 901 2613 957; x_wconf 85' lang='lat' dir='ltr'><strong>sicut</strong></span> <span class='ocrx_word' id='word_1_159' title='bbox 2654 911 2878 957; x_wconf 89' lang='lat' dir='ltr'><strong>sanctus</strong></span> <span class='ocrx_word' id='word_1_160' title='bbox 2917 900 3229 973; x_wconf 87' lang='lat' dir='ltr'><strong>Stephanus</strong></span> <span class='ocrx_word' id='word_1_161' title='bbox 3270 902 3422 966; x_wconf 82' lang='lat' dir='ltr'><strong>vidit,</strong></span> <span class='ocrx_word' id='word_1_162' title='bbox 3464 902 3688 973; x_wconf 81' lang='lat' dir='ltr'><strong>quando</strong></span> <span class='ocrx_word' id='word_1_163' title='bbox 3713 903 3791 959; x_wconf 88' lang='lat' dir='ltr'><strong>di-</strong></span> 
     </span>
    </p>
   </div>
   <div class='ocr_carea' id='block_1_25' title="bbox 2196 993 3791 1067">
    <p class='ocr_par' dir='ltr' id='par_1_25' title="bbox 2196 993 3791 1067">
     <span class='ocr_line' id='line_1_25' title="bbox 2196 993 3791 1067; baseline 0.001 -17"><span class='ocrx_word' id='word_1_164' title='bbox 2196 993 2314 1050; x_wconf 81' lang='lat' dir='ltr'><strong>xit:</strong></span> <span class='ocrx_word' id='word_1_165' title='bbox 2348 994 2489 1051; x_wconf 86' lang='lat' dir='ltr'><strong>Ecce</strong></span> <span class='ocrx_word' id='word_1_166' title='bbox 2524 993 2680 1050; x_wconf 71' lang='lat' dir='ltr'><strong>video</strong></span> <span class='ocrx_word' id='word_1_167' title='bbox 2719 994 2889 1051; x_wconf 69' lang='lat' dir='ltr'><strong>caelos</strong></span> <span class='ocrx_word' id='word_1_168' title='bbox 2930 1004 3174 1067; x_wconf 81' lang='lat' dir='ltr'><strong>apertos,</strong></span> <span class='ocrx_word' id='word_1_169' title='bbox 3227 1001 3282 1052; x_wconf 90' lang='lat' dir='ltr'><strong>et</strong></span> <span class='ocrx_word' id='word_1_170' title='bbox 3310 994 3503 1051; x_wconf 87' lang='lat' dir='ltr'><strong>Filium</strong></span> <span class='ocrx_word' id='word_1_171' title='bbox 3560 995 3791 1052; x_wconf 87' lang='lat' dir='ltr'><strong>hominis</strong></span> 
     </span>
    </p>
   </div>
   <div class='ocr_carea' id='block_1_26' title="bbox 2197 1084 3792 1160">
    <p class='ocr_par' dir='ltr' id='par_1_26' title="bbox 2197 1084 3792 1160">
     <span class='ocr_line' id='line_1_26' title="bbox 2197 1084 3792 1160; baseline 0.003 -21"><span class='ocrx_word' id='word_1_172' title='bbox 2197 1094 2431 1141; x_wconf 81' lang='lat' dir='ltr'><strong>stantem</strong></span> <span class='ocrx_word' id='word_1_173' title='bbox 2459 1099 2486 1138; x_wconf 89' lang='lat' dir='ltr'><strong>a</strong></span> <span class='ocrx_word' id='word_1_174' title='bbox 2511 1084 2718 1141; x_wconf 78' lang='lat' dir='ltr'><strong>dextris</strong></span> <span class='ocrx_word' id='word_1_175' title='bbox 2752 1085 2845 1141; x_wconf 90' lang='lat' dir='ltr'><strong>Del</strong></span> <span class='ocrx_word' id='word_1_176' title='bbox 2869 1084 3046 1141; x_wconf 84' lang='lat' dir='ltr'><strong>Patris</strong></span> <span class='ocrx_word' id='word_1_177' title='bbox 3083 1085 3225 1157; x_wconf 77' lang='lat' dir='ltr'><strong>(Act.</strong></span> <span class='ocrx_word' id='word_1_178' title='bbox 3258 1084 3377 1157; x_wconf 88' lang='lat' dir='ltr'><strong>vn).</strong></span> <span class='ocrx_word' id='word_1_179' title='bbox 3424 1086 3612 1151; x_wconf 70' lang='lat' dir='ltr'><strong>Stare,</strong></span> <span class='ocrx_word' id='word_1_180' title='bbox 3660 1103 3792 1160; x_wconf 81' lang='lat' dir='ltr'><strong>pug-</strong></span> 
     </span>
    </p>
   </div>
   <div class='ocr_carea' id='block_1_27' title="bbox 2200 1176 3791 1251">
    <p class='ocr_par' dir='ltr' id='par_1_27' title="bbox 2200 1176 3791 1251">
     <span class='ocr_line' id='line_1_27' title="bbox 2200 1176 3791 1251; baseline 0.003 -19"><span class='ocrx_word' id='word_1_181' title='bbox 2200 1177 2378 1233; x_wconf 84' lang='lat' dir='ltr'><strong>nantis</strong></span> <span class='ocrx_word' id='word_1_182' title='bbox 2400 1176 2484 1233; x_wconf 88' lang='lat' dir='ltr'><strong>vel</strong></span> <span class='ocrx_word' id='word_1_183' title='bbox 2511 1177 2849 1233; x_wconf 86' lang='lat' dir='ltr'><strong>adversantis</strong></span> <span class='ocrx_word' id='word_1_184' title='bbox 2880 1188 2985 1234; x_wconf 89' lang='lat' dir='ltr'><strong>est.</strong></span> <span class='ocrx_word' id='word_1_185' title='bbox 3017 1178 3098 1234; x_wconf 89' lang='lat' dir='ltr'><strong>Tu</strong></span> <span class='ocrx_word' id='word_1_186' title='bbox 3129 1193 3237 1235; x_wconf 89' lang='lat' dir='ltr'><strong>non</strong></span> <span class='ocrx_word' id='word_1_187' title='bbox 3272 1188 3429 1251; x_wconf 74' lang='lat' dir='ltr'><strong>potes</strong></span> <span class='ocrx_word' id='word_1_188' title='bbox 3463 1190 3676 1237; x_wconf 87' lang='lat' dir='ltr'><strong>mutare</strong></span> <span class='ocrx_word' id='word_1_189' title='bbox 3704 1196 3791 1237; x_wconf 85' lang='lat' dir='ltr'><strong>tua</strong></span> 
     </span>
    </p>
   </div>
   <div class='ocr_carea' id='block_1_28' title="bbox 2201 1269 3793 1329">
    <p class='ocr_par' dir='ltr' id='par_1_28' title="bbox 2201 1269 3793 1329">
     <span class='ocr_line' id='line_1_28' title="bbox 2201 1269 3793 1329; baseline 0.004 -7"><span class='ocrx_word' id='word_1_190' title='bbox 2201 1283 2354 1323; x_wconf 88' lang='lat' dir='ltr'><strong>arma</strong></span> <span class='ocrx_word' id='word_1_191' title='bbox 2389 1286 2403 1324; x_wconf 92' lang='lat'>:</span> <span class='ocrx_word' id='word_1_192' title='bbox 2431 1269 2696 1326; x_wconf 87' lang='lat' dir='ltr'><strong>Dominus</strong></span> <span class='ocrx_word' id='word_1_193' title='bbox 2712 1270 2980 1327; x_wconf 85' lang='lat' dir='ltr'><strong>accedens</strong></span> <span class='ocrx_word' id='word_1_194' title='bbox 2997 1270 3067 1327; x_wconf 90' lang='lat' dir='ltr'><strong>de</strong></span> <span class='ocrx_word' id='word_1_195' title='bbox 3094 1270 3261 1327; x_wconf 82' lang='lat' dir='ltr'><strong>amis</strong></span> <span class='ocrx_word' id='word_1_196' title='bbox 3288 1272 3419 1327; x_wconf 86' lang='lat' dir='ltr'><strong>facit</strong></span> <span class='ocrx_word' id='word_1_197' title='bbox 3443 1280 3674 1329; x_wconf 78' lang='lat' dir='ltr'><strong>scutum.</strong></span> <span class='ocrx_word' id='word_1_198' title='bbox 3722 1273 3793 1329; x_wconf 82' lang='lat' dir='ltr'><strong>Et</strong></span> 
     </span>
    </p>
   </div>
   <div class='ocr_carea' id='block_1_29' title="bbox 2200 1361 3791 1435">
    <p class='ocr_par' dir='ltr' id='par_1_29' title="bbox 2200 1361 3791 1435">
     <span class='ocr_line' id='line_1_29' title="bbox 2200 1361 3791 1435; baseline 0.004 -18"><span class='ocrx_word' id='word_1_199' title='bbox 2200 1375 2301 1417; x_wconf 90' lang='lat' dir='ltr'><strong>nos</strong></span> <span class='ocrx_word' id='word_1_200' title='bbox 2326 1361 2589 1418; x_wconf 87' lang='lat' dir='ltr'><strong>debemus</strong></span> <span class='ocrx_word' id='word_1_201' title='bbox 2622 1379 2771 1418; x_wconf 89' lang='lat' dir='ltr'><strong>arma</strong></span> <span class='ocrx_word' id='word_1_202' title='bbox 2798 1364 3072 1435; x_wconf 88' lang='lat' dir='ltr'><strong>accipere,</strong></span> <span class='ocrx_word' id='word_1_203' title='bbox 3118 1375 3179 1419; x_wconf 90' lang='lat' dir='ltr'><strong>ut</strong></span> <span class='ocrx_word' id='word_1_204' title='bbox 3203 1367 3481 1435; x_wconf 87' lang='lat' dir='ltr'><strong>possimus</strong></span> <span class='ocrx_word' id='word_1_205' title='bbox 3530 1366 3791 1424; x_wconf 87' lang='lat' dir='ltr'><strong>resistere</strong></span> 
     </span>
    </p>
   </div>
   <div class='ocr_carea' id='block_1_30' title="bbox 2201 1453 3467 1527">
    <p class='ocr_par' dir='ltr' id='par_1_30' title="bbox 2201 1453 3467 1527">
     <span class='ocr_line' id='line_1_30' title="bbox 2201 1453 3467 1527; baseline 0.003 -19"><span class='ocrx_word' id='word_1_206' title='bbox 2201 1453 2256 1509; x_wconf 94' lang='lat' dir='ltr'><strong>in</strong></span> <span class='ocrx_word' id='word_1_207' title='bbox 2282 1453 2373 1510; x_wconf 89' lang='lat' dir='ltr'><strong>die</strong></span> <span class='ocrx_word' id='word_1_208' title='bbox 2394 1456 2557 1523; x_wconf 91' lang='lat' dir='ltr'><strong>malo,</strong></span> <span class='ocrx_word' id='word_1_209' title='bbox 2591 1465 2648 1511; x_wconf 93' lang='lat' dir='ltr'><strong>et</strong></span> <span class='ocrx_word' id='word_1_210' title='bbox 2685 1457 2738 1511; x_wconf 93' lang='lat' dir='ltr'><strong>in</strong></span> <span class='ocrx_word' id='word_1_211' title='bbox 2765 1457 3019 1511; x_wconf 91' lang='lat' dir='ltr'><strong>omnibus</strong></span> <span class='ocrx_word' id='word_1_212' title='bbox 3044 1456 3267 1527; x_wconf 88' lang='lat' dir='ltr'><strong>perfecti</strong></span> <span class='ocrx_word' id='word_1_213' title='bbox 3299 1466 3467 1514; x_wconf 86' lang='lat' dir='ltr'><strong>stare.</strong></span> 
     </span>
    </p>
   </div>
   <div class='ocr_carea' id='block_1_31' title="bbox 2276 1544 3794 1622">
    <p class='ocr_par' dir='ltr' id='par_1_31' title="bbox 2276 1544 3794 1622">
     <span class='ocr_line' id='line_1_31' title="bbox 2276 1544 3794 1622; baseline 0.004 -23"><span class='ocrx_word' id='word_1_214' title='bbox 2276 1544 2501 1614; x_wconf 76' lang='lat' dir='ltr'><strong>E/funde</strong></span> <span class='ocrx_word' id='word_1_215' title='bbox 2520 1547 2781 1618; x_wconf 79' lang='lat' dir='ltr'><strong>frameam</strong></span> <span class='ocrx_word' id='word_1_216' title='bbox 2809 1559 2857 1601; x_wconf 88' lang='lat' dir='ltr'><strong>et</strong></span> <span class='ocrx_word' id='word_1_217' title='bbox 2872 1547 3125 1602; x_wconf 75' lang='lat' dir='ltr'><strong>concludo</strong></span> <span class='ocrx_word' id='word_1_218' title='bbox 3142 1548 3389 1604; x_wconf 77' lang='lat' dir='ltr'><strong>adversus</strong></span> <span class='ocrx_word' id='word_1_219' title='bbox 3408 1565 3498 1604; x_wconf 84' lang='lat' dir='ltr'><strong>eos</strong></span> <span class='ocrx_word' id='word_1_220' title='bbox 3520 1549 3611 1620; x_wconf 83' lang='lat' dir='ltr'><strong>qui</strong></span> <span class='ocrx_word' id='word_1_221' title='bbox 3633 1566 3794 1622; x_wconf 54' lang='lat' dir='ltr'><strong>pene.</strong></span> 
     </span>
    </p>
   </div>
   <div class='ocr_carea' id='block_1_32' title="bbox 2201 1637 3793 1711">
    <p class='ocr_par' dir='ltr' id='par_1_32' title="bbox 2201 1637 3793 1711">
     <span class='ocr_line' id='line_1_32' title="bbox 2201 1637 3793 1711; baseline 0.003 -19"><span class='ocrx_word' id='word_1_222' title='bbox 2201 1646 2432 1709; x_wconf 80' lang='lat' dir='ltr'><strong>quuntur</strong></span> <span class='ocrx_word' id='word_1_223' title='bbox 2459 1654 2561 1693; x_wconf 84' lang='lat' dir='ltr'><strong>me.</strong></span> <span class='ocrx_word' id='word_1_224' title='bbox 2588 1637 2660 1696; x_wconf 90' lang='lat' dir='ltr'><strong>Ut</strong></span> <span class='ocrx_word' id='word_1_225' title='bbox 2696 1638 2901 1695; x_wconf 85' lang='lat' dir='ltr'><strong>effusus</strong></span> <span class='ocrx_word' id='word_1_226' title='bbox 2946 1639 3042 1694; x_wconf 63' lang='lat' dir='ltr'><strong>ira;</strong></span> <span class='ocrx_word' id='word_1_227' title='bbox 3072 1650 3179 1694; x_wconf 76' lang='lat' dir='ltr'><strong>tuae</strong></span> <span class='ocrx_word' id='word_1_228' title='bbox 3223 1640 3435 1711; x_wconf 87' lang='lat' dir='ltr'><strong>gladius</strong></span> <span class='ocrx_word' id='word_1_229' title='bbox 3488 1656 3658 1710; x_wconf 80' lang='lat' dir='ltr'><strong>super</strong></span> <span class='ocrx_word' id='word_1_230' title='bbox 3701 1654 3793 1696; x_wconf 82' lang='lat' dir='ltr'><strong>eos</strong></span> 
     </span>
    </p>
   </div>
   <div class='ocr_carea' id='block_1_33' title="bbox 2202 1730 3800 1804">
    <p class='ocr_par' dir='ltr' id='par_1_33' title="bbox 2202 1730 3800 1804">
     <span class='ocr_line' id='line_1_33' title="bbox 2202 1730 3800 1804; baseline 0.003 -17"><span class='ocrx_word' id='word_1_231' title='bbox 2202 1730 2438 1795; x_wconf 87' lang='lat' dir='ltr'><strong>decidat.</strong></span> <span class='ocrx_word' id='word_1_232' title='bbox 2471 1746 2678 1804; x_wconf 92' lang='lat' dir='ltr'><strong>eosque</strong></span> <span class='ocrx_word' id='word_1_233' title='bbox 2704 1732 2994 1788; x_wconf 86' lang='lat' dir='ltr'><strong>concludat</strong></span> <span class='ocrx_word' id='word_1_234' title='bbox 3025 1748 3041 1788; x_wconf 89' lang='lat'><strong>:</strong></span> <span class='ocrx_word' id='word_1_235' title='bbox 3068 1748 3138 1789; x_wconf 89' lang='lat' dir='ltr'><strong>ne</strong></span> <span class='ocrx_word' id='word_1_236' title='bbox 3160 1732 3226 1789; x_wconf 89' lang='lat' dir='ltr'><strong>ad</strong></span> <span class='ocrx_word' id='word_1_237' title='bbox 3249 1734 3561 1790; x_wconf 89' lang='lat' dir='ltr'><strong>nocendum</strong></span> <span class='ocrx_word' id='word_1_238' title='bbox 3586 1734 3800 1791; x_wconf 82' lang='lat' dir='ltr'><strong>valeant</strong></span> 
     </span>
    </p>
   </div>
   <div class='ocr_carea' id='block_1_34' title="bbox 580 1825 2094 1899">
    <p class='ocr_par' dir='ltr' id='par_1_34' title="bbox 580 1840 2094 1899">
     <span class='ocr_line' id='line_1_34' title="bbox 580 1840 2094 1899; baseline 0.002 -3"><span class='ocrx_word' id='word_1_239' title='bbox 580 1840 814 1897; x_wconf 82' lang='lat' dir='ltr'><strong>Redemit</strong></span> <span class='ocrx_word' id='word_1_240' title='bbox 862 1840 1116 1898; x_wconf 81' lang='lat' dir='ltr'><strong>Dominus</strong></span> <span class='ocrx_word' id='word_1_241' title='bbox 1142 1843 1345 1898; x_wconf 83' lang='lat' dir='ltr'><strong>animas</strong></span> <span class='ocrx_word' id='word_1_242' title='bbox 1364 1858 1628 1898; x_wconf 74' lang='lat' dir='ltr'><strong>servamus</strong></span> <span class='ocrx_word' id='word_1_243' title='bbox 1652 1857 1889 1897; x_wconf 84' lang='lat' dir='ltr'><strong>suorum.</strong></span> <span class='ocrx_word' id='word_1_244' title='bbox 1925 1840 2094 1899; x_wconf 78' lang='lat' dir='ltr'><strong>Rede-</strong></span> 
     </span>
    </p>
   </div>
   <div class='ocr_carea' id='block_1_35' title="bbox 2205 1825 3794 1899">
    <p class='ocr_par' dir='ltr' id='par_1_35' title="bbox 2205 1825 3794 1898">
     <span class='ocr_line' id='line_1_35' title="bbox 2205 1825 3794 1898; baseline 0.001 -17"><span class='ocrx_word' id='word_1_245' title='bbox 2205 1826 2444 1897; x_wconf 86' lang='lat' dir='ltr'><strong>evagari.</strong></span> <span class='ocrx_word' id='word_1_246' title='bbox 2472 1826 2577 1882; x_wconf 87' lang='lat' dir='ltr'><strong>Per</strong></span> <span class='ocrx_word' id='word_1_247' title='bbox 2606 1825 2865 1882; x_wconf 81' lang='lat' dir='ltr'><strong>frameam</strong></span> <span class='ocrx_word' id='word_1_248' title='bbox 2906 1826 3233 1898; x_wconf 79' lang='lat' dir='ltr'><strong>intelligitur</strong></span> <span class='ocrx_word' id='word_1_249' title='bbox 3257 1828 3437 1883; x_wconf 87' lang='lat' dir='ltr'><strong>anima</strong></span> <span class='ocrx_word' id='word_1_250' title='bbox 3474 1827 3794 1884; x_wconf 86' lang='lat' dir='ltr'><strong>Dominica:</strong></span> 
     </span>
    </p>
   </div>
   <div class='ocr_carea' id='block_1_36' title="bbox 505 1935 2100 2011">
    <p class='ocr_par' dir='ltr' id='par_1_36' title="bbox 505 1935 2100 2011">
     <span class='ocr_line' id='line_1_36' title="bbox 505 1935 2100 2011; baseline 0.003 -21"><span class='ocrx_word' id='word_1_251' title='bbox 505 1935 600 1991; x_wconf 93' lang='lat' dir='ltr'><strong>mit</strong></span> <span class='ocrx_word' id='word_1_252' title='bbox 631 1952 730 1991; x_wconf 90' lang='lat' dir='ltr'><strong>nos</strong></span> <span class='ocrx_word' id='word_1_253' title='bbox 779 1936 1030 1994; x_wconf 87' lang='lat' dir='ltr'><strong>Christus</strong></span> <span class='ocrx_word' id='word_1_254' title='bbox 1082 1939 1349 2011; x_wconf 81' lang='lat' dir='ltr'><strong>sanguine</strong></span> <span class='ocrx_word' id='word_1_255' title='bbox 1394 1952 1491 1994; x_wconf 90' lang='lat' dir='ltr'><strong>suo</strong></span> <span class='ocrx_word' id='word_1_256' title='bbox 1520 1937 1787 2009; x_wconf 90' lang='lat' dir='ltr'><strong>pretioso,</strong></span> <span class='ocrx_word' id='word_1_257' title='bbox 1830 1945 1887 1994; x_wconf 93' lang='lat' dir='ltr'><strong>et</strong></span> <span class='ocrx_word' id='word_1_258' title='bbox 1937 1935 2100 1994; x_wconf 90' lang='lat' dir='ltr'><strong>modo</strong></span> 
     </span>
    </p>
   </div>
   <div class='ocr_carea' id='block_1_37' title="bbox 506 2028 2099 2101">
    <p class='ocr_par' dir='ltr' id='par_1_37' title="bbox 506 2028 2099 2101">
     <span class='ocr_line' id='line_1_37' title="bbox 506 2028 2099 2101; baseline -0.001 -16"><span class='ocrx_word' id='word_1_259' title='bbox 506 2044 601 2099; x_wconf 84' lang='lat' dir='ltr'><strong>per</strong></span> <span class='ocrx_word' id='word_1_260' title='bbox 628 2028 869 2101; x_wconf 81' lang='lat' dir='ltr'><strong>singulos</strong></span> <span class='ocrx_word' id='word_1_261' title='bbox 890 2030 1009 2087; x_wconf 87' lang='lat' dir='ltr'><strong>dies</strong></span> <span class='ocrx_word' id='word_1_262' title='bbox 1037 2030 1276 2088; x_wconf 89' lang='lat' dir='ltr'><strong>redimit.</strong></span> <span class='ocrx_word' id='word_1_263' title='bbox 1308 2029 1426 2097; x_wconf 86' lang='lat' dir='ltr'><strong>Vel,</strong></span> <span class='ocrx_word' id='word_1_264' title='bbox 1454 2030 1665 2085; x_wconf 75' lang='lat' dir='ltr'><strong>redemit</strong></span> <span class='ocrx_word' id='word_1_265' title='bbox 1688 2029 1945 2084; x_wconf 77' lang='lat' dir='ltr'><strong>Dominus</strong></span> <span class='ocrx_word' id='word_1_266' title='bbox 1980 2029 2099 2084; x_wconf 86' lang='lat' dir='ltr'><strong>ani-</strong></span> 
     </span>
    </p>
   </div>
   <div class='ocr_carea' id='block_1_38' title="bbox 505 2119 2098 2194">
    <p class='ocr_par' dir='ltr' id='par_1_38' title="bbox 505 2119 2098 2194">
     <span class='ocr_line' id='line_1_38' title="bbox 505 2119 2098 2194; baseline 0 -18"><span class='ocrx_word' id='word_1_267' title='bbox 505 2138 617 2179; x_wconf 84' lang='lat' dir='ltr'><strong>mas</strong></span> <span class='ocrx_word' id='word_1_268' title='bbox 641 2139 906 2179; x_wconf 85' lang='lat' dir='ltr'><strong>servorum</strong></span> <span class='ocrx_word' id='word_1_269' title='bbox 927 2140 1164 2191; x_wconf 85' lang='lat' dir='ltr'><strong>suorum,</strong></span> <span class='ocrx_word' id='word_1_270' title='bbox 1195 2123 1263 2179; x_wconf 91' lang='lat' dir='ltr'><strong>de</strong></span> <span class='ocrx_word' id='word_1_271' title='bbox 1295 2131 1565 2194; x_wconf 89' lang='lat' dir='ltr'><strong>potestate</strong></span> <span class='ocrx_word' id='word_1_272' title='bbox 1590 2121 1845 2178; x_wconf 72' lang='lat' dir='ltr'><strong>secunda:</strong></span> <span class='ocrx_word' id='word_1_273' title='bbox 1884 2119 2098 2176; x_wconf 87' lang='lat' dir='ltr'><strong>mortis.</strong></span> 
     </span>
    </p>
   </div>
   <div class='ocr_carea' id='block_1_39' title="bbox 510 2216 1849 2290">
    <p class='ocr_par' dir='ltr' id='par_1_39' title="bbox 510 2216 1849 2290">
     <span class='ocr_line' id='line_1_39' title="bbox 510 2216 1849 2290; baseline -0.001 -20"><span class='ocrx_word' id='word_1_274' title='bbox 510 2216 578 2271; x_wconf 82' lang='lat' dir='ltr'><strong>Et</strong></span> <span class='ocrx_word' id='word_1_275' title='bbox 605 2235 710 2272; x_wconf 86' lang='lat' dir='ltr'><strong>non</strong></span> <span class='ocrx_word' id='word_1_276' title='bbox 738 2218 1066 2290; x_wconf 79' lang='lat' dir='ltr'><strong>derelinquet</strong></span> <span class='ocrx_word' id='word_1_277' title='bbox 1087 2234 1263 2272; x_wconf 87' lang='lat' dir='ltr'><strong>omnes</strong></span> <span class='ocrx_word' id='word_1_278' title='bbox 1288 2217 1376 2287; x_wconf 86' lang='lat' dir='ltr'><strong>qui</strong></span> <span class='ocrx_word' id='word_1_279' title='bbox 1399 2223 1607 2289; x_wconf 77' lang='lat' dir='ltr'><strong>sperant</strong></span> <span class='ocrx_word' id='word_1_280' title='bbox 1632 2216 1684 2269; x_wconf 90' lang='lat' dir='ltr'><strong>in</strong></span> <span class='ocrx_word' id='word_1_281' title='bbox 1714 2231 1849 2269; x_wconf 90' lang='lat' dir='ltr'><strong>enm.</strong></span> 
     </span>
    </p>
   </div>
   <div class='ocr_carea' id='block_1_40' title="bbox 580 2308 2115 2379">
    <p class='ocr_par' dir='ltr' id='par_1_40' title="bbox 580 2308 2115 2379">
     <span class='ocr_line' id='line_1_40' title="bbox 580 2308 2115 2379; baseline 0.002 -18"><span class='ocrx_word' id='word_1_282' title='bbox 580 2308 685 2377; x_wconf 85' lang='lat' dir='ltr'><strong>Qui</strong></span> <span class='ocrx_word' id='word_1_283' title='bbox 734 2311 787 2363; x_wconf 90' lang='lat' dir='ltr'><strong>in</strong></span> <span class='ocrx_word' id='word_1_284' title='bbox 824 2309 935 2365; x_wconf 90' lang='lat' dir='ltr'><strong>Deo</strong></span> <span class='ocrx_word' id='word_1_285' title='bbox 958 2320 1204 2379; x_wconf 86' lang='lat' dir='ltr'><strong>sperant,</strong></span> <span class='ocrx_word' id='word_1_286' title='bbox 1250 2326 1357 2365; x_wconf 92' lang='lat' dir='ltr'><strong>non</strong></span> <span class='ocrx_word' id='word_1_287' title='bbox 1399 2309 1741 2379; x_wconf 88' lang='lat' dir='ltr'><strong>derelinquet</strong></span> <span class='ocrx_word' id='word_1_288' title='bbox 1772 2322 1892 2372; x_wconf 90' lang='lat' dir='ltr'><strong>eos,</strong></span> <span class='ocrx_word' id='word_1_289' title='bbox 1925 2308 2115 2379; x_wconf 78' lang='lat' dir='ltr'><strong>neque</strong></span> 
     </span>
    </p>
   </div>
   <div class='ocr_carea' id='block_1_41' title="bbox 508 2399 2100 2473">
    <p class='ocr_par' dir='ltr' id='par_1_41' title="bbox 508 2399 2100 2473">
     <span class='ocr_line' id='line_1_41' title="bbox 508 2399 2100 2473; baseline -0.001 -16"><span class='ocrx_word' id='word_1_290' title='bbox 508 2402 598 2457; x_wconf 89' lang='lat' dir='ltr'><strong>hic</strong></span> <span class='ocrx_word' id='word_1_291' title='bbox 624 2416 800 2473; x_wconf 89' lang='lat' dir='ltr'><strong>neque</strong></span> <span class='ocrx_word' id='word_1_292' title='bbox 838 2401 892 2457; x_wconf 92' lang='lat' dir='ltr'><strong>in</strong></span> <span class='ocrx_word' id='word_1_293' title='bbox 926 2401 1151 2458; x_wconf 92' lang='lat' dir='ltr'><strong>futuro:</strong></span> <span class='ocrx_word' id='word_1_294' title='bbox 1184 2403 1278 2460; x_wconf 91' lang='lat' dir='ltr'><strong>sed</strong></span> <span class='ocrx_word' id='word_1_295' title='bbox 1323 2417 1443 2458; x_wconf 90' lang='lat' dir='ltr'><strong>cum</strong></span> <span class='ocrx_word' id='word_1_296' title='bbox 1470 2401 1602 2473; x_wconf 55' lang='lat' dir='ltr'><strong>ipsis</strong></span> <span class='ocrx_word' id='word_1_297' title='bbox 1643 2409 1748 2472; x_wconf 91' lang='lat' dir='ltr'><strong>cst,</strong></span> <span class='ocrx_word' id='word_1_298' title='bbox 1798 2399 2100 2457; x_wconf 89' lang='lat' dir='ltr'><strong>secundum</strong></span> 
     </span>
    </p>
   </div>
   <div class='ocr_carea' id='block_1_42' title="bbox 508 2492 2098 2566">
    <p class='ocr_par' dir='ltr' id='par_1_42' title="bbox 508 2492 2098 2566">
     <span class='ocr_line' id='line_1_42' title="bbox 508 2492 2098 2566; baseline 0.001 -18"><span class='ocrx_word' id='word_1_299' title='bbox 508 2492 929 2564; x_wconf 89' lang='lat' dir='ltr'><strong>promissionem</strong></span> <span class='ocrx_word' id='word_1_300' title='bbox 959 2510 1137 2560; x_wconf 90' lang='lat' dir='ltr'><strong>suam,</strong></span> <span class='ocrx_word' id='word_1_301' title='bbox 1158 2510 1334 2566; x_wconf 91' lang='lat' dir='ltr'><strong>usque</strong></span> <span class='ocrx_word' id='word_1_302' title='bbox 1362 2495 1429 2549; x_wconf 90' lang='lat' dir='ltr'><strong>ad</strong></span> <span class='ocrx_word' id='word_1_303' title='bbox 1456 2493 1982 2549; x_wconf 89' lang='lat' dir='ltr'><strong>consummationem</strong></span> <span class='ocrx_word' id='word_1_304' title='bbox 1999 2508 2098 2549; x_wconf 73' lang='lat' dir='ltr'><strong>ste-</strong></span> 
     </span>
    </p>
   </div>
   <div class='ocr_carea' id='block_1_43' title="bbox 506 2585 2101 2659">
    <p class='ocr_par' dir='ltr' id='par_1_43' title="bbox 506 2585 2101 2659">
     <span class='ocr_line' id='line_1_43' title="bbox 506 2585 2101 2659; baseline 0 -17"><span class='ocrx_word' id='word_1_305' title='bbox 506 2586 638 2642; x_wconf 92' lang='lat' dir='ltr'><strong>culi.</strong></span> <span class='ocrx_word' id='word_1_306' title='bbox 673 2586 777 2654; x_wconf 86' lang='lat' dir='ltr'><strong>Qui</strong></span> <span class='ocrx_word' id='word_1_307' title='bbox 808 2587 966 2644; x_wconf 86' lang='lat' dir='ltr'><strong>nobis</strong></span> <span class='ocrx_word' id='word_1_308' title='bbox 995 2597 1257 2658; x_wconf 81' lang='lat' dir='ltr'><strong>praestare</strong></span> <span class='ocrx_word' id='word_1_309' title='bbox 1280 2587 1560 2659; x_wconf 87' lang='lat' dir='ltr'><strong>dignetur,</strong></span> <span class='ocrx_word' id='word_1_310' title='bbox 1589 2596 1647 2642; x_wconf 91' lang='lat' dir='ltr'><strong>ut</strong></span> <span class='ocrx_word' id='word_1_311' title='bbox 1669 2588 1739 2641; x_wconf 88' lang='lat' dir='ltr'><strong>sit</strong></span> <span class='ocrx_word' id='word_1_312' title='bbox 1756 2586 1958 2657; x_wconf 85' lang='lat' dir='ltr'><strong>jugiter</strong></span> <span class='ocrx_word' id='word_1_313' title='bbox 1984 2585 2101 2643; x_wconf 86' lang='lat' dir='ltr'><strong>laus</strong></span> 
     </span>
    </p>
   </div>
   <div class='ocr_carea' id='block_1_44' title="bbox 509 2676 2102 2753">
    <p class='ocr_par' dir='ltr' id='par_1_44' title="bbox 509 2676 2102 2753">
     <span class='ocr_line' id='line_1_44' title="bbox 509 2676 2102 2753; baseline -0.001 -19"><span class='ocrx_word' id='word_1_314' title='bbox 509 2680 629 2751; x_wconf 87' lang='lat' dir='ltr'><strong>ejus</strong></span> <span class='ocrx_word' id='word_1_315' title='bbox 679 2682 730 2735; x_wconf 91' lang='lat' dir='ltr'><strong>in</strong></span> <span class='ocrx_word' id='word_1_316' title='bbox 779 2696 878 2737; x_wconf 91' lang='lat' dir='ltr'><strong>ore</strong></span> <span class='ocrx_word' id='word_1_317' title='bbox 918 2688 1152 2738; x_wconf 89' lang='lat' dir='ltr'><strong>nostro:</strong></span> <span class='ocrx_word' id='word_1_318' title='bbox 1188 2680 1412 2753; x_wconf 87' lang='lat' dir='ltr'><strong>ejusque</strong></span> <span class='ocrx_word' id='word_1_319' title='bbox 1456 2678 1703 2735; x_wconf 90' lang='lat' dir='ltr'><strong>doctrina</strong></span> <span class='ocrx_word' id='word_1_320' title='bbox 1753 2676 2102 2735; x_wconf 87' lang='lat' dir='ltr'><strong>mediocriter</strong></span> 
     </span>
    </p>
   </div>
   <div class='ocr_carea' id='block_1_45' title="bbox 511 2770 2099 2845">
    <p class='ocr_par' dir='ltr' id='par_1_45' title="bbox 511 2770 2099 2845">
     <span class='ocr_line' id='line_1_45' title="bbox 511 2770 2099 2845; baseline -0.001 -18"><span class='ocrx_word' id='word_1_321' title='bbox 511 2780 749 2839; x_wconf 85' lang='lat' dir='ltr'><strong>utentes,</strong></span> <span class='ocrx_word' id='word_1_322' title='bbox 774 2788 876 2829; x_wconf 90' lang='lat' dir='ltr'><strong>nec</strong></span> <span class='ocrx_word' id='word_1_323' title='bbox 905 2771 1169 2830; x_wconf 78' lang='lat' dir='ltr'><strong>extollere</strong></span> <span class='ocrx_word' id='word_1_324' title='bbox 1199 2788 1483 2845; x_wconf 84' lang='lat' dir='ltr'><strong>prospera,</strong></span> <span class='ocrx_word' id='word_1_325' title='bbox 1523 2786 1622 2828; x_wconf 91' lang='lat' dir='ltr'><strong>nec</strong></span> <span class='ocrx_word' id='word_1_326' title='bbox 1646 2770 1986 2828; x_wconf 88' lang='lat' dir='ltr'><strong>incommoda</strong></span> <span class='ocrx_word' id='word_1_327' title='bbox 2005 2782 2099 2826; x_wconf 85' lang='lat' dir='ltr'><strong>va-</strong></span> 
     </span>
    </p>
   </div>
   <div class='ocr_carea' id='block_1_46' title="bbox 510 2864 991 2923">
    <p class='ocr_par' dir='ltr' id='par_1_46' title="bbox 510 2864 991 2923">
     <span class='ocr_line' id='line_1_46' title="bbox 510 2864 991 2923; baseline 0.002 -3"><span class='ocrx_word' id='word_1_328' title='bbox 510 2864 656 2920; x_wconf 88' lang='lat' dir='ltr'><strong>leant</strong></span> <span class='ocrx_word' id='word_1_329' title='bbox 708 2865 991 2923; x_wconf 85' lang='lat' dir='ltr'><strong>inclinare.</strong></span> 
     </span>
    </p>
   </div>
   <div class='ocr_carea' id='block_1_47' title="bbox 1005 2978 1586 3039">
    <p class='ocr_par' dir='ltr' id='par_1_47' title="bbox 1005 2978 1586 3039">
     <span class='ocr_line' id='line_1_47' title="bbox 1005 2978 1586 3039; baseline -0.003 -2"><span class='ocrx_word' id='word_1_330' title='bbox 1005 2979 1320 3039; x_wconf 80' lang='lat' dir='ltr'><strong>PSALMUS</strong></span> <span class='ocrx_word' id='word_1_331' title='bbox 1341 2978 1586 3037; x_wconf 79' lang='lat' dir='ltr'><strong>XXXIV.</strong></span> 
     </span>
    </p>
   </div>
   <div class='ocr_carea' id='block_1_48' title="bbox 510 3078 2097 3168">
    <p class='ocr_par' dir='ltr' id='par_1_48' title="bbox 510 3078 2097 3168">
     <span class='ocr_line' id='line_1_48' title="bbox 510 3078 2097 3168; baseline 0.004 -22"><span class='ocrx_word' id='word_1_332' title='bbox 510 3078 777 3168; x_wconf 71' lang='lat' dir='ltr'><strong>Inﬁuem,</strong></span> <span class='ocrx_word' id='word_1_333' title='bbox 817 3093 1064 3150; x_wconf 78' lang='lat' dir='ltr'><strong>Psalmus</strong></span> <span class='ocrx_word' id='word_1_334' title='bbox 1111 3095 1209 3168; x_wconf 80' lang='lat' dir='ltr'><strong>ipsi</strong></span> <span class='ocrx_word' id='word_1_335' title='bbox 1233 3093 1447 3168; x_wconf 56' lang='lat' dir='ltr'><strong>Pavid.</strong></span> <span class='ocrx_word' id='word_1_336' title='bbox 1498 3095 1556 3150; x_wconf 86' lang='lat' dir='ltr'><strong>In</strong></span> <span class='ocrx_word' id='word_1_337' title='bbox 1575 3095 1792 3168; x_wconf 65' lang='lat' dir='ltr'><strong>ﬁnem,</strong></span> <span class='ocrx_word' id='word_1_338' title='bbox 1826 3094 1879 3152; x_wconf 90' lang='lat' dir='ltr'><strong>id</strong></span> <span class='ocrx_word' id='word_1_339' title='bbox 1900 3096 2097 3168; x_wconf 85' lang='lat' dir='ltr'><strong>est,&#39;in</strong></span> 
     </span>
    </p>
   </div>
   <div class='ocr_carea' id='block_1_49' title="bbox 612 3165 2095 3236">
    <p class='ocr_par' dir='ltr' id='par_1_49' title="bbox 612 3165 2095 3236">
     <span class='ocr_line' id='line_1_49' title="bbox 612 3165 2095 3236; baseline 0.003 -17"><span class='ocrx_word' id='word_1_340' title='bbox 612 3165 887 3231; x_wconf 73' lang='lat' dir='ltr'><strong>Ihristum.</strong></span> <span class='ocrx_word' id='word_1_341' title='bbox 930 3179 983 3222; x_wconf 92' lang='lat' dir='ltr'><strong>ut</strong></span> <span class='ocrx_word' id='word_1_342' title='bbox 1027 3165 1156 3224; x_wconf 82' lang='lat' dir='ltr'><strong>illud</strong></span> <span class='ocrx_word' id='word_1_343' title='bbox 1187 3185 1200 3220; x_wconf 94' lang='lat'><strong>:</strong></span> <span class='ocrx_word' id='word_1_344' title='bbox 1232 3165 1537 3236; x_wconf 85' lang='lat' dir='ltr'><strong>Finislegis</strong></span> <span class='ocrx_word' id='word_1_345' title='bbox 1562 3165 1817 3222; x_wconf 85' lang='lat' dir='ltr'><strong>Christus</strong></span> <span class='ocrx_word' id='word_1_346' title='bbox 1848 3167 1911 3220; x_wconf 89' lang='lat' dir='ltr'><strong>ad</strong></span> <span class='ocrx_word' id='word_1_347' title='bbox 1937 3167 2095 3236; x_wconf 86' lang='lat' dir='ltr'><strong>justi-</strong></span> 
     </span>
    </p>
   </div>
   <div class='ocr_carea' id='block_1_50' title="bbox 2204 1919 3793 1992">
    <p class='ocr_par' dir='ltr' id='par_1_50' title="bbox 2204 1919 3793 1992">
     <span class='ocr_line' id='line_1_50' title="bbox 2204 1919 3793 1992; baseline 0.003 -18"><span class='ocrx_word' id='word_1_348' title='bbox 2204 1934 2301 1990; x_wconf 80' lang='lat' dir='ltr'><strong>per</strong></span> <span class='ocrx_word' id='word_1_349' title='bbox 2323 1934 2483 1991; x_wconf 89' lang='lat' dir='ltr'><strong>quam</strong></span> <span class='ocrx_word' id='word_1_350' title='bbox 2538 1919 2669 1976; x_wconf 83' lang='lat' dir='ltr'><strong>facit</strong></span> <span class='ocrx_word' id='word_1_351' title='bbox 2702 1921 2840 1976; x_wconf 86' lang='lat' dir='ltr'><strong>Deus</strong></span> <span class='ocrx_word' id='word_1_352' title='bbox 2870 1920 3031 1976; x_wconf 87' lang='lat' dir='ltr'><strong>Pater</strong></span> <span class='ocrx_word' id='word_1_353' title='bbox 3067 1921 3270 1992; x_wconf 84' lang='lat' dir='ltr'><strong>justam</strong></span> <span class='ocrx_word' id='word_1_354' title='bbox 3316 1921 3650 1978; x_wconf 83' lang='lat' dir='ltr'><strong>vindictam.</strong></span> <span class='ocrx_word' id='word_1_355' title='bbox 3699 1921 3793 1978; x_wconf 87' lang='lat' dir='ltr'><strong>Vel</strong></span> 
     </span>
    </p>
   </div>
   <div class='ocr_carea' id='block_1_51' title="bbox 2201 2012 3794 2089">
    <p class='ocr_par' dir='ltr' id='par_1_51' title="bbox 2201 2012 3794 2089">
     <span class='ocr_line' id='line_1_51' title="bbox 2201 2012 3794 2089; baseline 0 -21"><span class='ocrx_word' id='word_1_356' title='bbox 2201 2012 2409 2069; x_wconf 88' lang='lat' dir='ltr'><strong>framea</strong></span> <span class='ocrx_word' id='word_1_357' title='bbox 2460 2013 2807 2089; x_wconf 57' lang='lat' dir='ltr'><strong>intelligitur</strong></span> <span class='ocrx_word' id='word_1_358' title='bbox 2841 2014 3024 2082; x_wconf 82' lang='lat' dir='ltr'><strong>anima</strong></span> <span class='ocrx_word' id='word_1_359' title='bbox 3099 2013 3527 2085; x_wconf 78' lang='lat' dir='ltr'><strong>uniuscujusque</strong></span> <span class='ocrx_word' id='word_1_360' title='bbox 3573 2016 3794 2070; x_wconf 85' lang='lat' dir='ltr'><strong>sancti:</strong></span> 
     </span>
    </p>
   </div>
   <div class='ocr_carea' id='block_1_52' title="bbox 2201 2110 3800 2182">
    <p class='ocr_par' dir='ltr' id='par_1_52' title="bbox 2201 2110 3800 2182">
     <span class='ocr_line' id='line_1_52' title="bbox 2201 2110 3800 2182; baseline 0 -18"><span class='ocrx_word' id='word_1_361' title='bbox 2201 2113 2325 2182; x_wconf 90' lang='lat' dir='ltr'><strong>quia</strong></span> <span class='ocrx_word' id='word_1_362' title='bbox 2355 2110 2501 2168; x_wconf 88' lang='lat' dir='ltr'><strong>Deus</strong></span> <span class='ocrx_word' id='word_1_363' title='bbox 2528 2126 2623 2180; x_wconf 88' lang='lat' dir='ltr'><strong>per</strong></span> <span class='ocrx_word' id='word_1_364' title='bbox 2645 2111 2855 2166; x_wconf 87' lang='lat' dir='ltr'><strong>animas</strong></span> <span class='ocrx_word' id='word_1_365' title='bbox 2886 2120 3107 2167; x_wconf 89' lang='lat' dir='ltr'><strong>sanctas</strong></span> <span class='ocrx_word' id='word_1_366' title='bbox 3133 2110 3262 2166; x_wconf 88' lang='lat' dir='ltr'><strong>facit</strong></span> <span class='ocrx_word' id='word_1_367' title='bbox 3283 2110 3582 2166; x_wconf 87' lang='lat' dir='ltr'><strong>vindictam</strong></span> <span class='ocrx_word' id='word_1_368' title='bbox 3620 2111 3800 2165; x_wconf 84' lang='lat' dir='ltr'><strong>:sicut</strong></span> 
     </span>
    </p>
   </div>
   <div class='ocr_carea' id='block_1_53' title="bbox 2204 2201 3796 2274">
    <p class='ocr_par' dir='ltr' id='par_1_53' title="bbox 2204 2201 3796 2274">
     <span class='ocr_line' id='line_1_53' title="bbox 2204 2201 3796 2274; baseline -0.001 -15"><span class='ocrx_word' id='word_1_369' title='bbox 2204 2219 2298 2274; x_wconf 90' lang='lat' dir='ltr'><strong>per</strong></span> <span class='ocrx_word' id='word_1_370' title='bbox 2327 2203 2545 2260; x_wconf 87' lang='lat' dir='ltr'><strong>Petrum</strong></span> <span class='ocrx_word' id='word_1_371' title='bbox 2585 2202 2711 2259; x_wconf 89' lang='lat' dir='ltr'><strong>fecit</strong></span> <span class='ocrx_word' id='word_1_372' title='bbox 2737 2203 2805 2259; x_wconf 90' lang='lat' dir='ltr'><strong>de</strong></span> <span class='ocrx_word' id='word_1_373' title='bbox 2856 2204 3063 2258; x_wconf 81' lang='lat' dir='ltr'><strong>Anania</strong></span> <span class='ocrx_word' id='word_1_374' title='bbox 3095 2212 3149 2257; x_wconf 92' lang='lat' dir='ltr'><strong>et</strong></span> <span class='ocrx_word' id='word_1_375' title='bbox 3186 2202 3412 2273; x_wconf 75' lang='lat' dir='ltr'><strong>Saphira</strong></span> <span class='ocrx_word' id='word_1_376' title='bbox 3445 2202 3589 2273; x_wconf 76' lang='lat' dir='ltr'><strong>(Act.</strong></span> <span class='ocrx_word' id='word_1_377' title='bbox 3626 2201 3709 2270; x_wconf 87' lang='lat' dir='ltr'><strong>v).</strong></span> <span class='ocrx_word' id='word_1_378' title='bbox 3740 2212 3796 2258; x_wconf 91' lang='lat' dir='ltr'><strong>et</strong></span> 
     </span>
    </p>
   </div>
   <div class='ocr_carea' id='block_1_54' title="bbox 2203 2293 3801 2369">
    <p class='ocr_par' dir='ltr' id='par_1_54' title="bbox 2203 2293 3801 2369">
     <span class='ocr_line' id='line_1_54' title="bbox 2203 2293 3801 2369; baseline -0.004 -15"><span class='ocrx_word' id='word_1_379' title='bbox 2203 2314 2299 2369; x_wconf 88' lang='lat' dir='ltr'><strong>per</strong></span> <span class='ocrx_word' id='word_1_380' title='bbox 2330 2298 2496 2354; x_wconf 81' lang='lat' dir='ltr'><strong>Eliatn</strong></span> <span class='ocrx_word' id='word_1_381' title='bbox 2527 2297 2595 2353; x_wconf 91' lang='lat' dir='ltr'><strong>de</strong></span> <span class='ocrx_word' id='word_1_382' title='bbox 2625 2297 3105 2369; x_wconf 85' lang='lat' dir='ltr'><strong>quinquagenariis</strong></span> <span class='ocrx_word' id='word_1_383' title='bbox 3147 2295 3279 2351; x_wconf 87' lang='lat' dir='ltr'><strong>viris</strong></span> <span class='ocrx_word' id='word_1_384' title='bbox 3308 2295 3398 2366; x_wconf 87' lang='lat' dir='ltr'><strong>(IV</strong></span> <span class='ocrx_word' id='word_1_385' title='bbox 3424 2293 3558 2367; x_wconf 81' lang='lat' dir='ltr'><strong>Reg.</strong></span> <span class='ocrx_word' id='word_1_386' title='bbox 3589 2295 3652 2365; x_wconf 91' lang='lat' dir='ltr'><strong>t).</strong></span> <span class='ocrx_word' id='word_1_387' title='bbox 3687 2293 3801 2348; x_wconf 83' lang='lat' dir='ltr'><strong>Do-</strong></span> 
     </span>
    </p>
   </div>
   <div class='ocr_carea' id='block_1_55' title="bbox 2201 2386 3801 2459">
    <p class='ocr_par' dir='ltr' id='par_1_55' title="bbox 2201 2386 3801 2459">
     <span class='ocr_line' id='line_1_55' title="bbox 2201 2386 3801 2459; baseline -0.002 -14"><span class='ocrx_word' id='word_1_388' title='bbox 2201 2392 2358 2457; x_wconf 87' lang='lat' dir='ltr'><strong>mine,</strong></span> <span class='ocrx_word' id='word_1_389' title='bbox 2383 2391 2468 2445; x_wconf 84' lang='lat' dir='ltr'><strong>die</strong></span> <span class='ocrx_word' id='word_1_390' title='bbox 2488 2391 2679 2445; x_wconf 80' lang='lat' dir='ltr'><strong>anima:</strong></span> <span class='ocrx_word' id='word_1_391' title='bbox 2698 2406 2861 2445; x_wconf 70' lang='lat' dir='ltr'><strong>mem:</strong></span> <span class='ocrx_word' id='word_1_392' title='bbox 2894 2389 3052 2446; x_wconf 82' lang='lat' dir='ltr'><strong>Salus</strong></span> <span class='ocrx_word' id='word_1_393' title='bbox 3073 2398 3163 2444; x_wconf 86' lang='lat' dir='ltr'><strong>tua</strong></span> <span class='ocrx_word' id='word_1_394' title='bbox 3183 2405 3277 2459; x_wconf 86' lang='lat' dir='ltr'><strong>ego</strong></span> <span class='ocrx_word' id='word_1_395' title='bbox 3300 2404 3438 2443; x_wconf 81' lang='lat' dir='ltr'><strong>sum.</strong></span> <span class='ocrx_word' id='word_1_396' title='bbox 3464 2386 3581 2442; x_wconf 79' lang='lat' dir='ltr'><strong>Vox</strong></span> <span class='ocrx_word' id='word_1_397' title='bbox 3615 2387 3801 2442; x_wconf 78' lang='lat' dir='ltr'><strong>Eccle-</strong></span> 
     </span>
    </p>
   </div>
   <div class='ocr_carea' id='block_1_56' title="bbox 2203 2480 3797 2552">
    <p class='ocr_par' dir='ltr' id='par_1_56' title="bbox 2203 2480 3797 2552">
     <span class='ocr_line' id='line_1_56' title="bbox 2203 2480 3797 2552; baseline 0 -17"><span class='ocrx_word' id='word_1_398' title='bbox 2203 2483 2320 2538; x_wconf 80' lang='lat' dir='ltr'><strong>si:c.</strong></span> <span class='ocrx_word' id='word_1_399' title='bbox 2354 2482 2452 2538; x_wconf 83' lang='lat' dir='ltr'><strong>Dic</strong></span> <span class='ocrx_word' id='word_1_400' title='bbox 2488 2484 2678 2539; x_wconf 66' lang='lat' dir='ltr'><strong>animae</strong></span> <span class='ocrx_word' id='word_1_401' title='bbox 2706 2500 2851 2545; x_wconf 64' lang='lat' dir='ltr'><strong>meae.</strong></span> <span class='ocrx_word' id='word_1_402' title='bbox 2900 2493 2956 2536; x_wconf 92' lang='lat' dir='ltr'><strong>ut</strong></span> <span class='ocrx_word' id='word_1_403' title='bbox 3008 2492 3063 2537; x_wconf 93' lang='lat' dir='ltr'><strong>le</strong></span> <span class='ocrx_word' id='word_1_404' title='bbox 3109 2481 3399 2552; x_wconf 85' lang='lat' dir='ltr'><strong>intelligat,</strong></span> <span class='ocrx_word' id='word_1_405' title='bbox 3436 2480 3585 2550; x_wconf 86' lang='lat' dir='ltr'><strong>quod</strong></span> <span class='ocrx_word' id='word_1_406' title='bbox 3641 2489 3697 2535; x_wconf 89' lang='lat' dir='ltr'><strong>tu</strong></span> <span class='ocrx_word' id='word_1_407' title='bbox 3736 2494 3797 2535; x_wconf 83' lang='lat' dir='ltr'><strong>es</strong></span> 
     </span>
    </p>
   </div>
   <div class='ocr_carea' id='block_1_57' title="bbox 2207 2572 3797 2633">
    <p class='ocr_par' dir='ltr' id='par_1_57' title="bbox 2207 2572 3797 2633">
     <span class='ocr_line' id='line_1_57' title="bbox 2207 2572 3797 2633; baseline -0.002 -2"><span class='ocrx_word' id='word_1_408' title='bbox 2207 2578 2348 2631; x_wconf 89' lang='lat' dir='ltr'><strong>Deus</strong></span> <span class='ocrx_word' id='word_1_409' title='bbox 2397 2589 2548 2633; x_wconf 86' lang='lat' dir='ltr'><strong>meus</strong></span> <span class='ocrx_word' id='word_1_410' title='bbox 2593 2593 2607 2631; x_wconf 90' lang='lat'><strong>:</strong></span> <span class='ocrx_word' id='word_1_411' title='bbox 2652 2581 2706 2630; x_wconf 91' lang='lat' dir='ltr'><strong>ltt</strong></span> <span class='ocrx_word' id='word_1_412' title='bbox 2749 2590 2810 2631; x_wconf 91' lang='lat' dir='ltr'><strong>es</strong></span> <span class='ocrx_word' id='word_1_413' title='bbox 2861 2576 3014 2630; x_wconf 77' lang='lat' dir='ltr'><strong>salus</strong></span> <span class='ocrx_word' id='word_1_414' title='bbox 3049 2574 3248 2629; x_wconf 70' lang='lat' dir='ltr'><strong>anima:</strong></span> <span class='ocrx_word' id='word_1_415' title='bbox 3297 2572 3578 2629; x_wconf 73' lang='lat' dir='ltr'><strong>mete.Dic</strong></span> <span class='ocrx_word' id='word_1_416' title='bbox 3604 2573 3797 2628; x_wconf 72' lang='lat' dir='ltr'><strong>anima:</strong></span> 
     </span>
    </p>
   </div>
   <div class='ocr_carea' id='block_1_58' title="bbox 2201 2667 3793 2742">
    <p class='ocr_par' dir='ltr' id='par_1_58' title="bbox 2201 2667 3793 2742">
     <span class='ocr_line' id='line_1_58' title="bbox 2201 2667 3793 2742; baseline -0.001 -18"><span class='ocrx_word' id='word_1_417' title='bbox 2201 2684 2344 2733; x_wconf 76' lang='lat' dir='ltr'><strong>mete,</strong></span> <span class='ocrx_word' id='word_1_418' title='bbox 2372 2668 2533 2725; x_wconf 80' lang='lat' dir='ltr'><strong>Salus</strong></span> <span class='ocrx_word' id='word_1_419' title='bbox 2555 2680 2647 2723; x_wconf 87' lang='lat' dir='ltr'><strong>tua</strong></span> <span class='ocrx_word' id='word_1_420' title='bbox 2661 2686 2753 2742; x_wconf 75' lang='lat' dir='ltr'><strong>ego</strong></span> <span class='ocrx_word' id='word_1_421' title='bbox 2775 2685 2909 2724; x_wconf 87' lang='lat' dir='ltr'><strong>smn.</strong></span> <span class='ocrx_word' id='word_1_422' title='bbox 2937 2668 2983 2726; x_wconf 82' lang='lat' dir='ltr'><strong>A</strong></span> <span class='ocrx_word' id='word_1_423' title='bbox 3005 2684 3092 2725; x_wconf 89' lang='lat' dir='ltr'><strong>me</strong></span> <span class='ocrx_word' id='word_1_424' title='bbox 3108 2667 3234 2735; x_wconf 89' lang='lat' dir='ltr'><strong>erit,</strong></span> <span class='ocrx_word' id='word_1_425' title='bbox 3261 2668 3464 2739; x_wconf 83' lang='lat' dir='ltr'><strong>inquit,</strong></span> <span class='ocrx_word' id='word_1_426' title='bbox 3496 2677 3620 2738; x_wconf 90' lang='lat' dir='ltr'><strong>post</strong></span> <span class='ocrx_word' id='word_1_427' title='bbox 3645 2682 3793 2723; x_wconf 85' lang='lat' dir='ltr'><strong>mor-</strong></span> 
     </span>
    </p>
   </div>
   <div class='ocr_carea' id='block_1_59' title="bbox 2203 2762 2680 2820">
    <p class='ocr_par' dir='ltr' id='par_1_59' title="bbox 2203 2762 2680 2820">
     <span class='ocr_line' id='line_1_59' title="bbox 2203 2762 2680 2820; baseline -0.004 0"><span class='ocrx_word' id='word_1_428' title='bbox 2203 2774 2309 2820; x_wconf 85' lang='lat' dir='ltr'><strong>tem</strong></span> <span class='ocrx_word' id='word_1_429' title='bbox 2339 2762 2680 2819; x_wconf 75' lang='lat' dir='ltr'><strong>vit-ilicanda.</strong></span> 
     </span>
    </p>
   </div>
   <div class='ocr_carea' id='block_1_60' title="bbox 2272 2852 3794 2929">
    <p class='ocr_par' dir='ltr' id='par_1_60' title="bbox 2272 2852 3794 2929">
     <span class='ocr_line' id='line_1_60' title="bbox 2272 2852 3794 2929; baseline -0.005 -17"><span class='ocrx_word' id='word_1_430' title='bbox 2272 2855 2681 2929; x_wconf 77' lang='lat' dir='ltr'><strong>Confundantur</strong></span> <span class='ocrx_word' id='word_1_431' title='bbox 2735 2864 2783 2911; x_wconf 83' lang='lat' dir='ltr'><strong>et</strong></span> <span class='ocrx_word' id='word_1_432' title='bbox 2840 2866 3174 2911; x_wconf 78' lang='lat' dir='ltr'><strong>revereantur</strong></span> <span class='ocrx_word' id='word_1_433' title='bbox 3225 2862 3510 2924; x_wconf 67' lang='lat' dir='ltr'><strong>querentes</strong></span> <span class='ocrx_word' id='word_1_434' title='bbox 3565 2852 3794 2906; x_wconf 75' lang='lat' dir='ltr'><strong>animm</strong></span> 
     </span>
    </p>
   </div>
   <div class='ocr_carea' id='block_1_61' title="bbox 2202 2943 3796 3022">
    <p class='ocr_par' dir='ltr' id='par_1_61' title="bbox 2202 2943 3796 3022">
     <span class='ocr_line' id='line_1_61' title="bbox 2202 2943 3796 3022; baseline -0.002 -18"><span class='ocrx_word' id='word_1_435' title='bbox 2202 2967 2386 3017; x_wconf 81' lang='lat' dir='ltr'><strong>meam,</strong></span> <span class='ocrx_word' id='word_1_436' title='bbox 2417 2957 2476 3004; x_wconf 85' lang='lat' dir='ltr'><strong>ut</strong></span> <span class='ocrx_word' id='word_1_437' title='bbox 2497 2952 2744 3022; x_wconf 78' lang='lat' dir='ltr'><strong>auferant</strong></span> <span class='ocrx_word' id='word_1_438' title='bbox 2772 2964 2903 3004; x_wconf 87' lang='lat' dir='ltr'><strong>eam.</strong></span> <span class='ocrx_word' id='word_1_439' title='bbox 2932 2948 3069 3003; x_wconf 89' lang='lat' dir='ltr'><strong>Cum</strong></span> <span class='ocrx_word' id='word_1_440' title='bbox 3092 2962 3179 3003; x_wconf 91' lang='lat' dir='ltr'><strong>me</strong></span> <span class='ocrx_word' id='word_1_441' title='bbox 3206 2943 3642 3011; x_wconf 69' lang='lat' dir='ltr'><strong>resuscitaveris,</strong></span> <span class='ocrx_word' id='word_1_442' title='bbox 3667 2952 3796 3001; x_wconf 87' lang='lat' dir='ltr'><strong>tunc</strong></span> 
     </span>
    </p>
   </div>
   <div class='ocr_carea' id='block_1_62' title="bbox 2210 3038 3794 3100">
    <p class='ocr_par' dir='ltr' id='par_1_62' title="bbox 2210 3038 3794 3100">
     <span class='ocr_line' id='line_1_62' title="bbox 2210 3038 3794 3100; baseline -0.004 -2"><span class='ocrx_word' id='word_1_443' title='bbox 2210 3044 2265 3100; x_wconf 91' lang='lat' dir='ltr'><strong>hi</strong></span> <span class='ocrx_word' id='word_1_444' title='bbox 2298 3041 2727 3099; x_wconf 90' lang='lat' dir='ltr'><strong>confundantur.</strong></span> <span class='ocrx_word' id='word_1_445' title='bbox 2754 3041 3062 3097; x_wconf 78' lang='lat' dir='ltr'><strong>Avertantur</strong></span> <span class='ocrx_word' id='word_1_446' title='bbox 3086 3048 3376 3096; x_wconf 80' lang='lat' dir='ltr'><strong>retrorsum</strong></span> <span class='ocrx_word' id='word_1_447' title='bbox 3409 3049 3459 3094; x_wconf 86' lang='lat' dir='ltr'><strong>et</strong></span> <span class='ocrx_word' id='word_1_448' title='bbox 3488 3038 3794 3093; x_wconf 76' lang='lat' dir='ltr'><strong>erubescant</strong></span> 
     </span>
    </p>
   </div>
   <div class='ocr_carea' id='block_1_63' title="bbox 2207 3131 3796 3209">
    <p class='ocr_par' dir='ltr' id='par_1_63' title="bbox 2207 3131 3796 3209">
     <span class='ocr_line' id='line_1_63' title="bbox 2207 3131 3796 3209; baseline -0.003 -18"><span class='ocrx_word' id='word_1_449' title='bbox 2207 3138 2295 3209; x_wconf 82' lang='lat' dir='ltr'><strong>qui</strong></span> <span class='ocrx_word' id='word_1_450' title='bbox 2325 3138 2504 3193; x_wconf 80' lang='lat' dir='ltr'><strong>volunt</strong></span> <span class='ocrx_word' id='word_1_451' title='bbox 2535 3136 2665 3202; x_wconf 81' lang='lat' dir='ltr'><strong>mihi</strong></span> <span class='ocrx_word' id='word_1_452' title='bbox 2687 3132 2847 3192; x_wconf 80' lang='lat' dir='ltr'><strong>mala.</strong></span> <span class='ocrx_word' id='word_1_453' title='bbox 2879 3135 2993 3191; x_wconf 84' lang='lat' dir='ltr'><strong>Non</strong></span> <span class='ocrx_word' id='word_1_454' title='bbox 3020 3145 3076 3191; x_wconf 91' lang='lat' dir='ltr'><strong>ttt</strong></span> <span class='ocrx_word' id='word_1_455' title='bbox 3112 3134 3404 3204; x_wconf 81' lang='lat' dir='ltr'><strong>proficiant</strong></span> <span class='ocrx_word' id='word_1_456' title='bbox 3433 3133 3486 3188; x_wconf 91' lang='lat' dir='ltr'><strong>in</strong></span> <span class='ocrx_word' id='word_1_457' title='bbox 3513 3141 3661 3201; x_wconf 87' lang='lat' dir='ltr'><strong>ante,</strong></span> <span class='ocrx_word' id='word_1_458' title='bbox 3695 3131 3796 3187; x_wconf 82' lang='lat' dir='ltr'><strong>sed</strong></span> 
     </span>
    </p>
   </div>
   <div class='ocr_carea' id='block_1_64' title="bbox 594 3213 3798 3308">
    <p class='ocr_par' dir='ltr' id='par_1_64' title="bbox 594 3213 3798 3308">
     <span class='ocr_line' id='line_1_64' title="bbox 594 3213 3798 3308; baseline -0.002 -20"><span class='ocrx_word' id='word_1_459' title='bbox 1405 3213 1816 3307; x_wconf 28' lang='lat' dir='ltr'><strong>{fvgit-iiiis:-</strong></span> <span class='ocrx_word' id='word_1_460' title='bbox 2123 3213 2169 3276; x_wconf 63' lang='grc' dir='ltr'><strong>(ἶ</strong></span> <span class='ocrx_word' id='word_1_461' title='bbox 2203 3241 2503 3287; x_wconf 89' lang='lat' dir='ltr'><strong>retrorsum</strong></span> <span class='ocrx_word' id='word_1_462' title='bbox 2540 3238 2956 3296; x_wconf 84' lang='lat' dir='ltr'><strong>convertantur,</strong></span> <span class='ocrx_word' id='word_1_463' title='bbox 3009 3239 3064 3283; x_wconf 93' lang='lat' dir='ltr'><strong>ut</strong></span> <span class='ocrx_word' id='word_1_464' title='bbox 3093 3216 3340 3299; x_wconf 75' lang='lat' dir='ltr'><strong>pereant,</strong></span> <span class='ocrx_word' id='word_1_465' title='bbox 3373 3226 3426 3282; x_wconf 88' lang='lat' dir='ltr'><strong>id</strong></span> <span class='ocrx_word' id='word_1_466' title='bbox 3449 3238 3556 3292; x_wconf 90' lang='lat' dir='ltr'><strong>cst,</strong></span> <span class='ocrx_word' id='word_1_467' title='bbox 3589 3227 3798 3281; x_wconf 84' lang='lat' dir='ltr'><strong>daemo-</strong></span> 
     </span>
    </p>
   </div>
   <div class='ocr_carea' id='block_1_65' title="bbox 583 3307 2095 3380">
    <p class='ocr_par' dir='ltr' id='par_1_65' title="bbox 583 3307 2095 3380">
     <span class='ocr_line' id='line_1_65' title="bbox 583 3307 2095 3380; baseline 0.003 -19"><span class='ocrx_word' id='word_1_468' title='bbox 583 3307 804 3380; x_wconf 85' lang='lat' dir='ltr'><strong>Cbristi.</strong></span> <span class='ocrx_word' id='word_1_469' title='bbox 842 3311 992 3365; x_wconf 88' lang='lat' dir='ltr'><strong>Unde</strong></span> <span class='ocrx_word' id='word_1_470' title='bbox 1022 3324 1076 3366; x_wconf 89' lang='lat' dir='ltr'><strong>et</strong></span> <span class='ocrx_word' id='word_1_471' title='bbox 1120 3311 1353 3380; x_wconf 85' lang='lat' dir='ltr'><strong>apostoli</strong></span> <span class='ocrx_word' id='word_1_472' title='bbox 1396 3311 1655 3380; x_wconf 76' lang='lat' dir='ltr'><strong>dixerunt</strong></span> <span class='ocrx_word' id='word_1_473' title='bbox 1689 3328 1700 3363; x_wconf 92' lang='lat'><strong>:</strong></span> <span class='ocrx_word' id='word_1_474' title='bbox 1736 3310 1981 3377; x_wconf 81' lang='lat' dir='ltr'><strong>Domine,</strong></span> <span class='ocrx_word' id='word_1_475' title='bbox 2013 3325 2095 3366; x_wconf 81' lang='lat' dir='ltr'><strong>os-</strong></span> 
     </span>
    </p>
   </div>
   <div class='ocr_carea' id='block_1_66' title="bbox 584 3378 2091 3453">
    <p class='ocr_par' dir='ltr' id='par_1_66' title="bbox 584 3378 2091 3453">
     <span class='ocr_line' id='line_1_66' title="bbox 584 3378 2091 3453; baseline 0.003 -21"><span class='ocrx_word' id='word_1_476' title='bbox 584 3378 747 3453; x_wconf 79' lang='lat' dir='ltr'><strong>t_end_e</strong></span> <span class='ocrx_word' id='word_1_477' title='bbox 775 3382 931 3453; x_wconf 85' lang='lat' dir='ltr'><strong>nobis</strong></span> <span class='ocrx_word' id='word_1_478' title='bbox 960 3378 1198 3445; x_wconf 82' lang='lat' dir='ltr'><strong>Patrem.</strong></span> <span class='ocrx_word' id='word_1_479' title='bbox 1238 3394 1291 3436; x_wconf 92' lang='lat' dir='ltr'><strong>et</strong></span> <span class='ocrx_word' id='word_1_480' title='bbox 1323 3379 1523 3453; x_wconf 57' lang='lat' dir='ltr'><strong>sufficit</strong></span> <span class='ocrx_word' id='word_1_481' title='bbox 1551 3381 1705 3453; x_wconf 82' lang='lat' dir='ltr'><strong>nobis</strong></span> <span class='ocrx_word' id='word_1_482' title='bbox 1738 3379 1919 3453; x_wconf 69' lang='lat' dir='ltr'><strong>(Joaa.</strong></span> <span class='ocrx_word' id='word_1_483' title='bbox 1953 3384 2091 3453; x_wconf 71' lang='lat' dir='ltr'><strong>inv).</strong></span> 
     </span>
    </p>
   </div>
   <div class='ocr_carea' id='block_1_67' title="bbox 584 3450 2092 3520">
    <p class='ocr_par' dir='ltr' id='par_1_67' title="bbox 584 3450 2092 3520">
     <span class='ocr_line' id='line_1_67' title="bbox 584 3450 2092 3520; baseline 0.003 -15"><span class='ocrx_word' id='word_1_484' title='bbox 584 3450 651 3506; x_wconf 84' lang='lat' dir='ltr'><strong>Et</strong></span> <span class='ocrx_word' id='word_1_485' title='bbox 705 3450 1132 3520; x_wconf 83' lang='lat' dir='ltr'><strong>Dominus:Qtti</strong></span> <span class='ocrx_word' id='word_1_486' title='bbox 1189 3468 1274 3507; x_wconf 86' lang='lat' dir='ltr'><strong>me</strong></span> <span class='ocrx_word' id='word_1_487' title='bbox 1333 3452 1517 3520; x_wconf 85' lang='lat' dir='ltr'><strong>videt,</strong></span> <span class='ocrx_word' id='word_1_488' title='bbox 1575 3450 1829 3508; x_wconf 45' lang='lat' dir='ltr'><strong>vidct&#39;et</strong></span> <span class='ocrx_word' id='word_1_489' title='bbox 1875 3450 2092 3509; x_wconf 76' lang='lat' dir='ltr'><strong>Patrem</strong></span> 
     </span>
    </p>
   </div>
   <div class='ocr_carea' id='block_1_68' title="bbox 583 3522 2092 3593">
    <p class='ocr_par' dir='ltr' id='par_1_68' title="bbox 583 3522 2092 3593">
     <span class='ocr_line' id='line_1_68' title="bbox 583 3522 2092 3593; baseline 0.003 -18"><span class='ocrx_word' id='word_1_490' title='bbox 583 3537 761 3593; x_wconf 82' lang='lat' dir='ltr'><strong>meum</strong></span> <span class='ocrx_word' id='word_1_491' title='bbox 791 3540 803 3575; x_wconf 89' lang='lat'><strong>:</strong></span> <span class='ocrx_word' id='word_1_492' title='bbox 828 3526 949 3592; x_wconf 86' lang='lat' dir='ltr'><strong>quia</strong></span> <span class='ocrx_word' id='word_1_493' title='bbox 980 3539 1080 3593; x_wconf 83' lang='lat' dir='ltr'><strong>ego</strong></span> <span class='ocrx_word' id='word_1_494' title='bbox 1110 3527 1162 3578; x_wconf 93' lang='lat' dir='ltr'><strong>in</strong></span> <span class='ocrx_word' id='word_1_495' title='bbox 1192 3523 1376 3585; x_wconf 65' lang='lat' dir='ltr'><strong>Patre,</strong></span> <span class='ocrx_word' id='word_1_496' title='bbox 1405 3532 1460 3577; x_wconf 87' lang='lat' dir='ltr'><strong>et</strong></span> <span class='ocrx_word' id='word_1_497' title='bbox 1510 3524 1669 3576; x_wconf 81' lang='lat' dir='ltr'><strong>Pater</strong></span> <span class='ocrx_word' id='word_1_498' title='bbox 1691 3522 1743 3576; x_wconf 92' lang='lat' dir='ltr'><strong>in</strong></span> <span class='ocrx_word' id='word_1_499' title='bbox 1786 3538 1874 3577; x_wconf 90' lang='lat' dir='ltr'><strong>me</strong></span> <span class='ocrx_word' id='word_1_500' title='bbox 1903 3534 2007 3579; x_wconf 91' lang='lat' dir='ltr'><strong>est.</strong></span> <span class='ocrx_word' id='word_1_501' title='bbox 2034 3523 2092 3580; x_wconf 87' lang='lat' dir='ltr'><strong>In</strong></span> 
     </span>
    </p>
   </div>
   <div class='ocr_carea' id='block_1_69' title="bbox 582 3592 2093 3664">
    <p class='ocr_par' dir='ltr' id='par_1_69' title="bbox 582 3592 2093 3664">
     <span class='ocr_line' id='line_1_69' title="bbox 582 3592 2093 3664; baseline 0.002 -18"><span class='ocrx_word' id='word_1_502' title='bbox 582 3592 684 3646; x_wconf 87' lang='lat' dir='ltr'><strong>hoc</strong></span> <span class='ocrx_word' id='word_1_503' title='bbox 710 3604 791 3647; x_wconf 90' lang='lat' dir='ltr'><strong>est</strong></span> <span class='ocrx_word' id='word_1_504' title='bbox 819 3592 1084 3664; x_wconf 84' lang='lat' dir='ltr'><strong>perfectio</strong></span> <span class='ocrx_word' id='word_1_505' title='bbox 1113 3596 1339 3649; x_wconf 81' lang='lat' dir='ltr'><strong>Christi.</strong></span> <span class='ocrx_word' id='word_1_506' title='bbox 1377 3593 1565 3654; x_wconf 86' lang='lat' dir='ltr'><strong>David,</strong></span> <span class='ocrx_word' id='word_1_507' title='bbox 1615 3595 1769 3648; x_wconf 82' lang='lat' dir='ltr'><strong>fortis</strong></span> <span class='ocrx_word' id='word_1_508' title='bbox 1812 3609 1976 3650; x_wconf 88' lang='lat' dir='ltr'><strong>manu</strong></span> <span class='ocrx_word' id='word_1_509' title='bbox 2018 3594 2093 3650; x_wconf 60' lang='lat' dir='ltr'><strong>in.</strong></span> 
     </span>
    </p>
   </div>
   <div class='ocr_carea' id='block_1_70' title="bbox 582 3664 2094 3732">
    <p class='ocr_par' dir='ltr' id='par_1_70' title="bbox 582 3664 2094 3732">
     <span class='ocr_line' id='line_1_70' title="bbox 582 3664 2094 3732; baseline 0.003 -14"><span class='ocrx_word' id='word_1_510' title='bbox 582 3672 932 3732; x_wconf 88' lang='lat' dir='ltr'><strong>terpretatur,</strong></span> <span class='ocrx_word' id='word_1_511' title='bbox 966 3666 1082 3721; x_wconf 87' lang='lat' dir='ltr'><strong>sive</strong></span> <span class='ocrx_word' id='word_1_512' title='bbox 1111 3664 1510 3721; x_wconf 83' lang='lat' dir='ltr'><strong>desiderabilis.</strong></span> <span class='ocrx_word' id='word_1_513' title='bbox 1534 3664 1601 3720; x_wconf 85' lang='lat' dir='ltr'><strong>Et</strong></span> <span class='ocrx_word' id='word_1_514' title='bbox 1626 3664 1886 3721; x_wconf 86' lang='lat' dir='ltr'><strong>Dominus</strong></span> <span class='ocrx_word' id='word_1_515' title='bbox 1927 3681 2094 3724; x_wconf 86' lang='lat' dir='ltr'><strong>manu</strong></span> 
     </span>
    </p>
   </div>
   <div class='ocr_carea' id='block_1_71' title="bbox 580 3733 2091 3806">
    <p class='ocr_par' dir='ltr' id='par_1_71' title="bbox 580 3733 2091 3806">
     <span class='ocr_line' id='line_1_71' title="bbox 580 3733 2091 3806; baseline 0.003 -18"><span class='ocrx_word' id='word_1_516' title='bbox 580 3733 759 3806; x_wconf 83' lang='lat' dir='ltr'><strong>fortis,</strong></span> <span class='ocrx_word' id='word_1_517' title='bbox 783 3736 907 3806; x_wconf 85' lang='lat' dir='ltr'><strong>quia</strong></span> <span class='ocrx_word' id='word_1_518' title='bbox 935 3737 1109 3806; x_wconf 84' lang='lat' dir='ltr'><strong>tetigit</strong></span> <span class='ocrx_word' id='word_1_519' title='bbox 1140 3734 1374 3792; x_wconf 90' lang='lat' dir='ltr'><strong>loculum</strong></span> <span class='ocrx_word' id='word_1_520' title='bbox 1395 3777 1409 3802; x_wconf 93' lang='lat'><strong>,</strong></span> <span class='ocrx_word' id='word_1_521' title='bbox 1439 3746 1493 3789; x_wconf 90' lang='lat' dir='ltr'><strong>et</strong></span> <span class='ocrx_word' id='word_1_522' title='bbox 1521 3735 1757 3790; x_wconf 82' lang='lat' dir='ltr'><strong>surrexit</strong></span> <span class='ocrx_word' id='word_1_523' title='bbox 1780 3734 1999 3806; x_wconf 86' lang='lat' dir='ltr'><strong>juvenis</strong></span> <span class='ocrx_word' id='word_1_524' title='bbox 2029 3736 2091 3792; x_wconf 88' lang='lat' dir='ltr'><strong>fi-</strong></span> 
     </span>
    </p>
   </div>
   <div class='ocr_carea' id='block_1_72' title="bbox 583 3804 2090 3877">
    <p class='ocr_par' dir='ltr' id='par_1_72' title="bbox 583 3804 2090 3877">
     <span class='ocr_line' id='line_1_72' title="bbox 583 3804 2090 3877; baseline 0.004 -19"><span class='ocrx_word' id='word_1_525' title='bbox 583 3805 686 3877; x_wconf 88' lang='lat' dir='ltr'><strong>lius</strong></span> <span class='ocrx_word' id='word_1_526' title='bbox 708 3804 904 3860; x_wconf 75' lang='lat' dir='ltr'><strong>vidum.</strong></span> <span class='ocrx_word' id='word_1_527' title='bbox 932 3804 1236 3868; x_wconf 73' lang='lat' dir='ltr'><strong>Velim-tis,</strong></span> <span class='ocrx_word' id='word_1_528' title='bbox 1270 3821 1366 3875; x_wconf 86' lang='lat' dir='ltr'><strong>per</strong></span> <span class='ocrx_word' id='word_1_529' title='bbox 1387 3821 1545 3877; x_wconf 86' lang='lat' dir='ltr'><strong>quem</strong></span> <span class='ocrx_word' id='word_1_530' title='bbox 1568 3807 1702 3862; x_wconf 83' lang='lat' dir='ltr'><strong>facta</strong></span> <span class='ocrx_word' id='word_1_531' title='bbox 1732 3804 1853 3861; x_wconf 82' lang='lat' dir='ltr'><strong>sunt</strong></span> <span class='ocrx_word' id='word_1_532' title='bbox 1887 3807 2090 3864; x_wconf 89' lang='lat' dir='ltr'><strong>omnia.</strong></span> 
     </span>
    </p>
   </div>
   <div class='ocr_carea' id='block_1_73' title="bbox 576 3876 2095 3948">
    <p class='ocr_par' dir='ltr' id='par_1_73' title="bbox 576 3876 2095 3948">
     <span class='ocr_line' id='line_1_73' title="bbox 576 3876 2095 3948; baseline 0.003 -19"><span class='ocrx_word' id='word_1_533' title='bbox 576 3876 985 3948; x_wconf 75' lang='lat' dir='ltr'><strong>Desiderabilis,</strong></span> <span class='ocrx_word' id='word_1_534' title='bbox 1006 3880 1149 3948; x_wconf 79' lang='lat' dir='ltr'><strong>quia</strong></span> <span class='ocrx_word' id='word_1_535' title='bbox 1169 3876 1437 3933; x_wconf 87' lang='lat' dir='ltr'><strong>intantum</strong></span> <span class='ocrx_word' id='word_1_536' title='bbox 1468 3878 1780 3932; x_wconf 81' lang='lat' dir='ltr'><strong>desiderant</strong></span> <span class='ocrx_word' id='word_1_537' title='bbox 1804 3879 1979 3933; x_wconf 85' lang='lat' dir='ltr'><strong>sancti</strong></span> <span class='ocrx_word' id='word_1_538' title='bbox 2010 3881 2095 3935; x_wconf 80' lang='lat' dir='ltr'><strong>vi-</strong></span> 
     </span>
    </p>
   </div>
   <div class='ocr_carea' id='block_1_74' title="bbox 581 3946 2095 4022">
    <p class='ocr_par' dir='ltr' id='par_1_74' title="bbox 581 3946 2095 4022">
     <span class='ocr_line' id='line_1_74' title="bbox 581 3946 2095 4022; baseline 0.004 -22"><span class='ocrx_word' id='word_1_539' title='bbox 581 3949 711 4022; x_wconf 77' lang='lat' dir='ltr'><strong>dere</strong></span> <span class='ocrx_word' id='word_1_540' title='bbox 729 3946 1113 4022; x_wconf 58' lang='lat' dir='ltr'><strong>_Cltristunt,&#39;ut</strong></span> <span class='ocrx_word' id='word_1_541' title='bbox 1148 3951 1309 4022; x_wconf 86' lang='lat' dir='ltr'><strong>etiam</strong></span> <span class='ocrx_word' id='word_1_542' title='bbox 1333 3964 1564 4022; x_wconf 69' lang='lat' dir='ltr'><strong>corpora</strong></span> <span class='ocrx_word' id='word_1_543' title='bbox 1594 3965 1689 4005; x_wconf 87' lang='lat' dir='ltr'><strong>sua</strong></span> <span class='ocrx_word' id='word_1_544' title='bbox 1722 3966 1823 4022; x_wconf 83' lang='lat' dir='ltr'><strong>pro</strong></span> <span class='ocrx_word' id='word_1_545' title='bbox 1849 3951 1968 4018; x_wconf 89' lang='lat' dir='ltr'><strong>ipso</strong></span> <span class='ocrx_word' id='word_1_546' title='bbox 1995 3960 2095 4006; x_wconf 89' lang='lat' dir='ltr'><strong>tra-</strong></span> 
     </span>
    </p>
   </div>
   <div class='ocr_carea' id='block_1_75' title="bbox 577 4018 2093 4091">
    <p class='ocr_par' dir='ltr' id='par_1_75' title="bbox 577 4018 2093 4091">
     <span class='ocr_line' id='line_1_75' title="bbox 577 4018 2093 4091; baseline 0.005 -20"><span class='ocrx_word' id='word_1_547' title='bbox 577 4018 706 4071; x_wconf 80' lang='lat' dir='ltr'><strong>dant</strong></span> <span class='ocrx_word' id='word_1_548' title='bbox 729 4018 778 4071; x_wconf 90' lang='lat' dir='ltr'><strong>in</strong></span> <span class='ocrx_word' id='word_1_549' title='bbox 810 4021 1148 4091; x_wconf 82' lang='lat' dir='ltr'><strong>martyrium.</strong></span> <span class='ocrx_word' id='word_1_550' title='bbox 1184 4021 1274 4075; x_wconf 87' lang='lat' dir='ltr'><strong>Vel</strong></span> <span class='ocrx_word' id='word_1_551' title='bbox 1311 4021 1577 4091; x_wconf 54' lang='lat' dir='ltr'><strong>passionis</strong></span> <span class='ocrx_word' id='word_1_552' title='bbox 1622 4018 1917 4076; x_wconf 75' lang='lat' dir='ltr'><strong>Dominica:</strong></span> <span class='ocrx_word' id='word_1_553' title='bbox 1950 4023 2093 4091; x_wconf 63' lang='lat' dir='ltr'><strong>psal-</strong></span> 
     </span>
    </p>
   </div>
   <div class='ocr_carea' id='block_1_76' title="bbox 582 4090 2093 4162">
    <p class='ocr_par' dir='ltr' id='par_1_76' title="bbox 582 4090 2093 4162">
     <span class='ocr_line' id='line_1_76' title="bbox 582 4090 2093 4162; baseline 0.004 -20"><span class='ocrx_word' id='word_1_554' title='bbox 582 4103 701 4142; x_wconf 78' lang='lat' dir='ltr'><strong>mus</strong></span> <span class='ocrx_word' id='word_1_555' title='bbox 747 4090 988 4162; x_wconf 82' lang='lat' dir='ltr'><strong>continet</strong></span> <span class='ocrx_word' id='word_1_556' title='bbox 1051 4101 1480 4162; x_wconf 74' lang='lat' dir='ltr'><strong>sacramentum.</strong></span> <span class='ocrx_word' id='word_1_557' title='bbox 1540 4090 1599 4162; x_wconf 88' lang='lat' dir='ltr'><strong>In</strong></span> <span class='ocrx_word' id='word_1_558' title='bbox 1645 4107 1753 4162; x_wconf 92' lang='lat' dir='ltr'><strong>quo</strong></span> <span class='ocrx_word' id='word_1_559' title='bbox 1797 4090 2093 4148; x_wconf 82' lang='lat' dir='ltr'><strong>notandum</strong></span> 
     </span>
    </p>
   </div>
   <div class='ocr_carea' id='block_1_77' title="bbox 575 4161 2095 4235">
    <p class='ocr_par' dir='ltr' id='par_1_77' title="bbox 575 4161 2095 4235">
     <span class='ocr_line' id='line_1_77' title="bbox 575 4161 2095 4235; baseline 0.003 -20"><span class='ocrx_word' id='word_1_560' title='bbox 575 4169 681 4235; x_wconf 86' lang='lat' dir='ltr'><strong>est,</strong></span> <span class='ocrx_word' id='word_1_561' title='bbox 710 4161 853 4235; x_wconf 74' lang='lat' dir='ltr'><strong>quod</strong></span> <span class='ocrx_word' id='word_1_562' title='bbox 885 4176 949 4217; x_wconf 86' lang='lat' dir='ltr'><strong>ea</strong></span> <span class='ocrx_word' id='word_1_563' title='bbox 980 4178 1099 4235; x_wconf 71' lang='lat' dir='ltr'><strong>qua:</strong></span> <span class='ocrx_word' id='word_1_564' title='bbox 1134 4163 1187 4217; x_wconf 91' lang='lat' dir='ltr'><strong>in</strong></span> <span class='ocrx_word' id='word_1_565' title='bbox 1225 4161 1555 4235; x_wconf 80' lang='lat' dir='ltr'><strong>humilitate,</strong></span> <span class='ocrx_word' id='word_1_566' title='bbox 1585 4161 1715 4220; x_wconf 88' lang='lat' dir='ltr'><strong>fletu</strong></span> <span class='ocrx_word' id='word_1_567' title='bbox 1745 4179 1809 4220; x_wconf 90' lang='lat' dir='ltr'><strong>ac</strong></span> <span class='ocrx_word' id='word_1_568' title='bbox 1832 4165 2095 4220; x_wconf 84' lang='lat' dir='ltr'><strong>lamenta-</strong></span> 
     </span>
    </p>
   </div>
   <div class='ocr_carea' id='block_1_78' title="bbox 575 4232 2095 4305">
    <p class='ocr_par' dir='ltr' id='par_1_78' title="bbox 575 4232 2095 4305">
     <span class='ocr_line' id='line_1_78' title="bbox 575 4232 2095 4305; baseline 0.004 -19"><span class='ocrx_word' id='word_1_569' title='bbox 575 4233 723 4305; x_wconf 86' lang='lat' dir='ltr'><strong>tione</strong></span> <span class='ocrx_word' id='word_1_570' title='bbox 763 4232 1039 4299; x_wconf 76' lang='lat' dir='ltr'><strong>dicuntur,</strong></span> <span class='ocrx_word' id='word_1_571' title='bbox 1070 4249 1176 4288; x_wconf 91' lang='lat' dir='ltr'><strong>non</strong></span> <span class='ocrx_word' id='word_1_572' title='bbox 1205 4233 1504 4302; x_wconf 85' lang='lat' dir='ltr'><strong>divinitati,</strong></span> <span class='ocrx_word' id='word_1_573' title='bbox 1528 4236 1623 4291; x_wconf 86' lang='lat' dir='ltr'><strong>sed</strong></span> <span class='ocrx_word' id='word_1_574' title='bbox 1649 4244 1943 4305; x_wconf 68' lang='lat' dir='ltr'><strong>asstnnptae</strong></span> <span class='ocrx_word' id='word_1_575' title='bbox 1973 4251 2095 4292; x_wconf 88' lang='lat' dir='ltr'><strong>car-</strong></span> 
     </span>
    </p>
   </div>
   <div class='ocr_carea' id='block_1_79' title="bbox 576 4303 2096 4379">
    <p class='ocr_par' dir='ltr' id='par_1_79' title="bbox 576 4303 2096 4379">
     <span class='ocr_line' id='line_1_79' title="bbox 576 4303 2096 4379; baseline 0.005 -22"><span class='ocrx_word' id='word_1_576' title='bbox 576 4303 630 4358; x_wconf 91' lang='lat' dir='ltr'><strong>ni</strong></span> <span class='ocrx_word' id='word_1_577' title='bbox 682 4306 1036 4361; x_wconf 79' lang='lat' dir='ltr'><strong>conveniunt.</strong></span> <span class='ocrx_word' id='word_1_578' title='bbox 1089 4305 1219 4362; x_wconf 80' lang='lat' dir='ltr'><strong>(bat</strong></span> <span class='ocrx_word' id='word_1_579' title='bbox 1247 4319 1377 4377; x_wconf 79' lang='lat' dir='ltr'><strong>crgo</strong></span> <span class='ocrx_word' id='word_1_580' title='bbox 1409 4307 1695 4365; x_wconf 87' lang='lat' dir='ltr'><strong>Dominum</strong></span> <span class='ocrx_word' id='word_1_581' title='bbox 1740 4303 1981 4379; x_wconf 81' lang='lat' dir='ltr'><strong>Patrem,</strong></span> <span class='ocrx_word' id='word_1_582' title='bbox 2012 4308 2096 4364; x_wconf 85' lang='lat' dir='ltr'><strong>di-</strong></span> 
     </span>
    </p>
   </div>
   <div class='ocr_carea' id='block_1_80' title="bbox 572 4389 746 4430">
    <p class='ocr_par' dir='ltr' id='par_1_80' title="bbox 572 4389 746 4430">
     <span class='ocr_line' id='line_1_80' title="bbox 572 4389 746 4430; baseline 0.011 -2"><span class='ocrx_word' id='word_1_583' title='bbox 572 4389 706 4430; x_wconf 81' lang='lat' dir='ltr'><strong>CCIIS</strong></span> <span class='ocrx_word' id='word_1_584' title='bbox 730 4392 746 4430; x_wconf 72' lang='grc' dir='ltr'><em>ε</em></span> 
     </span>
    </p>
   </div>
   <div class='ocr_carea' id='block_1_81' title="bbox 568 4510 2096 4594">
    <p class='ocr_par' dir='ltr' id='par_1_81' title="bbox 568 4510 2096 4594">
     <span class='ocr_line' id='line_1_81' title="bbox 568 4510 2096 4594; baseline 0.005 -27"><span class='ocrx_word' id='word_1_585' title='bbox 568 4510 786 4581; x_wconf 74' lang='lat' dir='ltr'><strong>Indica,</strong></span> <span class='ocrx_word' id='word_1_586' title='bbox 820 4511 1061 4580; x_wconf 87' lang='lat' dir='ltr'><strong>Domine,</strong></span> <span class='ocrx_word' id='word_1_587' title='bbox 1091 4523 1330 4575; x_wconf 72' lang='lat' dir='ltr'><strong>nocentes</strong></span> <span class='ocrx_word' id='word_1_588' title='bbox 1350 4532 1431 4573; x_wconf 87' lang='lat' dir='ltr'><strong>me</strong></span> <span class='ocrx_word' id='word_1_589' title='bbox 1458 4533 1479 4574; x_wconf 91' lang='lat'><strong><em>:</em></strong></span> <span class='ocrx_word' id='word_1_590' title='bbox 1508 4533 1749 4592; x_wconf 64' lang='lat' dir='ltr'><strong>expugna</strong></span> <span class='ocrx_word' id='word_1_591' title='bbox 1777 4519 2096 4594; x_wconf 82' lang='lat' dir='ltr'><strong>impugnan-</strong></span> 
     </span>
    </p>
   </div>
   <div class='ocr_carea' id='block_1_82' title="bbox 2202 3319 3792 3391">
    <p class='ocr_par' dir='ltr' id='par_1_82' title="bbox 2202 3319 3792 3391">
     <span class='ocr_line' id='line_1_82' title="bbox 2202 3319 3792 3391; baseline -0.004 -12"><span class='ocrx_word' id='word_1_592' title='bbox 2202 3340 2322 3391; x_wconf 67' lang='lat' dir='ltr'><strong>ues,</strong></span> <span class='ocrx_word' id='word_1_593' title='bbox 2355 3323 2550 3388; x_wconf 76' lang='lat' dir='ltr'><strong>Judaei,</strong></span> <span class='ocrx_word' id='word_1_594' title='bbox 2587 3323 2671 3378; x_wconf 91' lang='lat' dir='ltr'><strong>vel</strong></span> <span class='ocrx_word' id='word_1_595' title='bbox 2720 3330 3101 3391; x_wconf 80' lang='lat' dir='ltr'><strong>persecutores</strong></span> <span class='ocrx_word' id='word_1_596' title='bbox 3144 3319 3429 3383; x_wconf 70' lang='lat' dir='ltr'><strong>Ecclesiae,</strong></span> <span class='ocrx_word' id='word_1_597' title='bbox 3464 3326 3792 3373; x_wconf 87' lang='lat' dir='ltr'><strong>avertantur</strong></span> 
     </span>
    </p>
   </div>
   <div class='ocr_carea' id='block_1_83' title="bbox 2197 3413 3796 3485">
    <p class='ocr_par' dir='ltr' id='par_1_83' title="bbox 2197 3413 3796 3485">
     <span class='ocr_line' id='line_1_83' title="bbox 2197 3413 3796 3485; baseline -0.006 -12"><span class='ocrx_word' id='word_1_598' title='bbox 2197 3418 2249 3473; x_wconf 87' lang='lat' dir='ltr'><strong>itt</strong></span> <span class='ocrx_word' id='word_1_599' title='bbox 2281 3417 2464 3473; x_wconf 88' lang='lat' dir='ltr'><strong>futuro</strong></span> <span class='ocrx_word' id='word_1_600' title='bbox 2489 3415 2713 3485; x_wconf 86' lang='lat' dir='ltr'><strong>judicio.</strong></span> <span class='ocrx_word' id='word_1_601' title='bbox 2750 3413 3165 3470; x_wconf 83' lang='lat' dir='ltr'><strong>Confuudantur</strong></span> <span class='ocrx_word' id='word_1_602' title='bbox 3187 3421 3243 3468; x_wconf 88' lang='lat' dir='ltr'><strong>et</strong></span> <span class='ocrx_word' id='word_1_603' title='bbox 3278 3420 3635 3467; x_wconf 81' lang='lat' dir='ltr'><strong>revereantnr</strong></span> <span class='ocrx_word' id='word_1_604' title='bbox 3658 3424 3796 3480; x_wconf 81' lang='lat' dir='ltr'><strong>gen-</strong></span> 
     </span>
    </p>
   </div>
   <div class='ocr_carea' id='block_1_84' title="bbox 2197 3503 3800 3569">
    <p class='ocr_par' dir='ltr' id='par_1_84' title="bbox 2197 3503 3800 3569">
     <span class='ocr_line' id='line_1_84' title="bbox 2197 3503 3800 3569; baseline -0.006 -2"><span class='ocrx_word' id='word_1_605' title='bbox 2197 3513 2321 3569; x_wconf 88' lang='lat' dir='ltr'><strong>tiles</strong></span> <span class='ocrx_word' id='word_1_606' title='bbox 2346 3511 2417 3568; x_wconf 92' lang='lat' dir='ltr'><strong>de</strong></span> <span class='ocrx_word' id='word_1_607' title='bbox 2472 3510 2630 3567; x_wconf 88' lang='lat' dir='ltr'><strong>idolis</strong></span> <span class='ocrx_word' id='word_1_608' title='bbox 2662 3527 2678 3567; x_wconf 86' lang='lat'><strong>:</strong></span> <span class='ocrx_word' id='word_1_609' title='bbox 2714 3508 3124 3566; x_wconf 85' lang='lat' dir='ltr'><strong>confundantur</strong></span> <span class='ocrx_word' id='word_1_610' title='bbox 3167 3507 3236 3563; x_wconf 91' lang='lat' dir='ltr'><strong>de</strong></span> <span class='ocrx_word' id='word_1_611' title='bbox 3266 3505 3592 3562; x_wconf 88' lang='lat' dir='ltr'><strong>infidelitate</strong></span> <span class='ocrx_word' id='word_1_612' title='bbox 3637 3504 3701 3559; x_wconf 88' lang='lat' dir='ltr'><strong>ad</strong></span> <span class='ocrx_word' id='word_1_613' title='bbox 3732 3503 3800 3557; x_wconf 83' lang='lat' dir='ltr'><strong>li-</strong></span> 
     </span>
    </p>
   </div>
   <div class='ocr_carea' id='block_1_85' title="bbox 2202 3595 3795 3668">
    <p class='ocr_par' dir='ltr' id='par_1_85' title="bbox 2202 3595 3795 3668">
     <span class='ocr_line' id='line_1_85' title="bbox 2202 3595 3795 3668; baseline -0.006 -9"><span class='ocrx_word' id='word_1_614' title='bbox 2202 3605 2323 3660; x_wconf 89' lang='lat' dir='ltr'><strong>detn</strong></span> <span class='ocrx_word' id='word_1_615' title='bbox 2354 3601 2585 3659; x_wconf 73' lang='lat' dir='ltr'><strong>ChriSti.</strong></span> <span class='ocrx_word' id='word_1_616' title='bbox 2618 3601 2774 3659; x_wconf 77' lang='lat' dir='ltr'><strong>Unde</strong></span> <span class='ocrx_word' id='word_1_617' title='bbox 2804 3601 3000 3657; x_wconf 82' lang='lat' dir='ltr'><strong>Paulus</strong></span> <span class='ocrx_word' id='word_1_618' title='bbox 3025 3599 3158 3656; x_wconf 86' lang='lat' dir='ltr'><strong>dicit</strong></span> <span class='ocrx_word' id='word_1_619' title='bbox 3190 3616 3205 3653; x_wconf 86' lang='lat'><strong>:</strong></span> <span class='ocrx_word' id='word_1_620' title='bbox 3233 3598 3463 3668; x_wconf 87' lang='lat' dir='ltr'><strong>Qualem</strong></span> <span class='ocrx_word' id='word_1_621' title='bbox 3505 3612 3638 3665; x_wconf 78' lang='lat' dir='ltr'><strong>ergo</strong></span> <span class='ocrx_word' id='word_1_622' title='bbox 3678 3595 3795 3650; x_wconf 86' lang='lat' dir='ltr'><strong>fru-</strong></span> 
     </span>
    </p>
   </div>
   <div class='ocr_carea' id='block_1_86' title="bbox 2196 3686 3796 3762">
    <p class='ocr_par' dir='ltr' id='par_1_86' title="bbox 2196 3686 3796 3762">
     <span class='ocr_line' id='line_1_86' title="bbox 2196 3686 3796 3762; baseline -0.006 -10"><span class='ocrx_word' id='word_1_623' title='bbox 2196 3706 2343 3752; x_wconf 92' lang='lat' dir='ltr'><strong>ctum</strong></span> <span class='ocrx_word' id='word_1_624' title='bbox 2371 3694 2636 3752; x_wconf 89' lang='lat' dir='ltr'><strong>habuistis</strong></span> <span class='ocrx_word' id='word_1_625' title='bbox 2665 3704 2794 3749; x_wconf 88' lang='lat' dir='ltr'><strong>tunc</strong></span> <span class='ocrx_word' id='word_1_626' title='bbox 2815 3693 2866 3748; x_wconf 92' lang='lat' dir='ltr'><strong>iu</strong></span> <span class='ocrx_word' id='word_1_627' title='bbox 2900 3692 3005 3756; x_wconf 89' lang='lat' dir='ltr'><strong>bis,</strong></span> <span class='ocrx_word' id='word_1_628' title='bbox 3042 3696 3094 3747; x_wconf 86' lang='lat' dir='ltr'><strong>in</strong></span> <span class='ocrx_word' id='word_1_629' title='bbox 3126 3692 3323 3762; x_wconf 91' lang='lat' dir='ltr'><strong>quibus</strong></span> <span class='ocrx_word' id='word_1_630' title='bbox 3341 3706 3487 3746; x_wconf 89' lang='lat' dir='ltr'><strong>nunc</strong></span> <span class='ocrx_word' id='word_1_631' title='bbox 3510 3686 3796 3745; x_wconf 83' lang='lat' dir='ltr'><strong>erubesci-</strong></span> 
     </span>
    </p>
   </div>
   <div class='ocr_carea' id='block_1_87' title="bbox 2196 3784 3793 3861">
    <p class='ocr_par' dir='ltr' id='par_1_87' title="bbox 2196 3784 3793 3861">
     <span class='ocr_line' id='line_1_87' title="bbox 2196 3784 3793 3861; baseline -0.006 -16"><span class='ocrx_word' id='word_1_632' title='bbox 2196 3787 2468 3861; x_wconf 70' lang='lat' dir='ltr'><strong>tis(fiont.</strong></span> <span class='ocrx_word' id='word_1_633' title='bbox 2510 3787 2621 3858; x_wconf 77' lang='lat' dir='ltr'><strong>v1)?</strong></span> <span class='ocrx_word' id='word_1_634' title='bbox 2647 3786 2769 3853; x_wconf 84' lang='lat' dir='ltr'><strong>Vel,</strong></span> <span class='ocrx_word' id='word_1_635' title='bbox 2800 3792 3150 3842; x_wconf 87' lang='lat' dir='ltr'><strong>revertantur</strong></span> <span class='ocrx_word' id='word_1_636' title='bbox 3196 3793 3521 3847; x_wconf 84' lang='lat' dir='ltr'><strong>retrorsum,</strong></span> <span class='ocrx_word' id='word_1_637' title='bbox 3580 3784 3632 3838; x_wconf 89' lang='lat' dir='ltr'><strong>id</strong></span> <span class='ocrx_word' id='word_1_638' title='bbox 3683 3791 3793 3849; x_wconf 85' lang='lat' dir='ltr'><strong>cst,</strong></span> 
     </span>
    </p>
   </div>
   <div class='ocr_carea' id='block_1_88' title="bbox 2198 3876 3798 3952">
    <p class='ocr_par' dir='ltr' id='par_1_88' title="bbox 2198 3876 3798 3952">
     <span class='ocr_line' id='line_1_88' title="bbox 2198 3876 3798 3952; baseline -0.003 -16"><span class='ocrx_word' id='word_1_639' title='bbox 2198 3882 2274 3936; x_wconf 90' lang='lat' dir='ltr'><strong>illi</strong></span> <span class='ocrx_word' id='word_1_640' title='bbox 2304 3882 2394 3952; x_wconf 89' lang='lat' dir='ltr'><strong>qui</strong></span> <span class='ocrx_word' id='word_1_641' title='bbox 2429 3881 2629 3936; x_wconf 88' lang='lat' dir='ltr'><strong>malum</strong></span> <span class='ocrx_word' id='word_1_642' title='bbox 2685 3894 2906 3936; x_wconf 90' lang='lat' dir='ltr'><strong>cursum</strong></span> <span class='ocrx_word' id='word_1_643' title='bbox 2940 3878 3248 3934; x_wconf 83' lang='lat' dir='ltr'><strong>habuerunt</strong></span> <span class='ocrx_word' id='word_1_644' title='bbox 3279 3896 3294 3935; x_wconf 89' lang='lat'>:</span> <span class='ocrx_word' id='word_1_645' title='bbox 3329 3880 3476 3934; x_wconf 86' lang='lat' dir='ltr'><strong>sicut</strong></span> <span class='ocrx_word' id='word_1_646' title='bbox 3536 3876 3798 3933; x_wconf 83' lang='lat' dir='ltr'><strong>Dominus</strong></span> 
     </span>
    </p>
   </div>
   <div class='ocr_carea' id='block_1_89' title="bbox 2195 3970 3788 4043">
    <p class='ocr_par' dir='ltr' id='par_1_89' title="bbox 2195 3970 3788 4043">
     <span class='ocr_line' id='line_1_89' title="bbox 2195 3970 3788 4043; baseline -0.002 -15"><span class='ocrx_word' id='word_1_647' title='bbox 2195 3975 2271 4030; x_wconf 89' lang='lat' dir='ltr'><strong>ait</strong></span> <span class='ocrx_word' id='word_1_648' title='bbox 2298 3975 2365 4029; x_wconf 90' lang='lat' dir='ltr'><strong>ad</strong></span> <span class='ocrx_word' id='word_1_649' title='bbox 2401 3975 2617 4030; x_wconf 79' lang='lat' dir='ltr'><strong>Petrum</strong></span> <span class='ocrx_word' id='word_1_650' title='bbox 2652 3991 2666 4027; x_wconf 92' lang='lat'><strong>:</strong></span> <span class='ocrx_word' id='word_1_651' title='bbox 2696 3972 2845 4029; x_wconf 88' lang='lat' dir='ltr'><strong>Vade</strong></span> <span class='ocrx_word' id='word_1_652' title='bbox 2872 3981 2997 4043; x_wconf 89' lang='lat' dir='ltr'><strong>post</strong></span> <span class='ocrx_word' id='word_1_653' title='bbox 3021 3988 3129 4037; x_wconf 90' lang='lat' dir='ltr'><strong>me,</strong></span> <span class='ocrx_word' id='word_1_654' title='bbox 3162 3970 3365 4028; x_wconf 81' lang='lat' dir='ltr'><strong>Satana</strong></span> <span class='ocrx_word' id='word_1_655' title='bbox 3395 3971 3617 4043; x_wconf 77' lang='lat' dir='ltr'><strong>(Matth.</strong></span> <span class='ocrx_word' id='word_1_656' title='bbox 3654 3971 3788 4042; x_wconf 77' lang='lat' dir='ltr'><strong>xvi).</strong></span> 
     </span>
    </p>
   </div>
   <div class='ocr_carea' id='block_1_90' title="bbox 2268 4063 3790 4136">
    <p class='ocr_par' dir='ltr' id='par_1_90' title="bbox 2268 4063 3790 4136">
     <span class='ocr_line' id='line_1_90' title="bbox 2268 4063 3790 4136; baseline -0.001 -18"><span class='ocrx_word' id='word_1_657' title='bbox 2268 4064 2428 4119; x_wconf 80' lang='lat' dir='ltr'><strong>Fiant</strong></span> <span class='ocrx_word' id='word_1_658' title='bbox 2465 4074 2725 4136; x_wconf 84' lang='lat' dir='ltr'><strong>tamquam</strong></span> <span class='ocrx_word' id='word_1_659' title='bbox 2752 4065 2922 4131; x_wconf 76' lang='lat' dir='ltr'><strong>pulvis</strong></span> <span class='ocrx_word' id='word_1_660' title='bbox 2961 4075 3082 4119; x_wconf 87' lang='lat' dir='ltr'><strong>ante</strong></span> <span class='ocrx_word' id='word_1_661' title='bbox 3110 4065 3298 4135; x_wconf 77' lang='lat' dir='ltr'><strong>faciem</strong></span> <span class='ocrx_word' id='word_1_662' title='bbox 3337 4063 3476 4119; x_wconf 80' lang='lat' dir='ltr'><strong>renti</strong></span> <span class='ocrx_word' id='word_1_663' title='bbox 3505 4080 3525 4118; x_wconf 89' lang='lat'><strong><em>:</em></strong></span> <span class='ocrx_word' id='word_1_664' title='bbox 3549 4074 3598 4118; x_wconf 86' lang='lat' dir='ltr'><strong>et</strong></span> <span class='ocrx_word' id='word_1_665' title='bbox 3626 4079 3790 4134; x_wconf 78' lang='lat' dir='ltr'><strong>ange-</strong></span> 
     </span>
    </p>
   </div>
   <div class='ocr_carea' id='block_1_91' title="bbox 2200 4153 3794 4229">
    <p class='ocr_par' dir='ltr' id='par_1_91' title="bbox 2200 4153 3794 4229">
     <span class='ocr_line' id='line_1_91' title="bbox 2200 4153 3794 4229; baseline 0 -18"><span class='ocrx_word' id='word_1_666' title='bbox 2200 4157 2282 4212; x_wconf 85' lang='lat' dir='ltr'><strong>lus</strong></span> <span class='ocrx_word' id='word_1_667' title='bbox 2305 4153 2519 4211; x_wconf 86' lang='lat' dir='ltr'><strong>Domini</strong></span> <span class='ocrx_word' id='word_1_668' title='bbox 2541 4172 2852 4229; x_wconf 81' lang='lat' dir='ltr'><strong>persequens</strong></span> <span class='ocrx_word' id='word_1_669' title='bbox 2869 4173 2976 4212; x_wconf 86' lang='lat' dir='ltr'><strong>eos.</strong></span> <span class='ocrx_word' id='word_1_670' title='bbox 3007 4156 3064 4211; x_wconf 89' lang='lat' dir='ltr'><strong>Id</strong></span> <span class='ocrx_word' id='word_1_671' title='bbox 3094 4163 3196 4223; x_wconf 87' lang='lat' dir='ltr'><strong>est,</strong></span> <span class='ocrx_word' id='word_1_672' title='bbox 3224 4156 3422 4227; x_wconf 85' lang='lat' dir='ltr'><strong>angelo</strong></span> <span class='ocrx_word' id='word_1_673' title='bbox 3447 4170 3794 4226; x_wconf 81' lang='lat' dir='ltr'><strong>persequen-</strong></span> 
     </span>
    </p>
   </div>
   <div class='ocr_carea' id='block_1_92' title="bbox 2196 4249 3797 4321">
    <p class='ocr_par' dir='ltr' id='par_1_92' title="bbox 2196 4249 3797 4321">
     <span class='ocr_line' id='line_1_92' title="bbox 2196 4249 3797 4321; baseline -0.002 -14"><span class='ocrx_word' id='word_1_674' title='bbox 2196 4261 2272 4318; x_wconf 89' lang='lat' dir='ltr'><strong>te,</strong></span> <span class='ocrx_word' id='word_1_675' title='bbox 2319 4249 2736 4321; x_wconf 84' lang='lat' dir='ltr'><strong>disperdantur,</strong></span> <span class='ocrx_word' id='word_1_676' title='bbox 2782 4259 2844 4307; x_wconf 87' lang='lat' dir='ltr'><strong>nt</strong></span> <span class='ocrx_word' id='word_1_677' title='bbox 2882 4251 3018 4307; x_wconf 85' lang='lat' dir='ltr'><strong>nihil</strong></span> <span class='ocrx_word' id='word_1_678' title='bbox 3047 4263 3275 4321; x_wconf 88' lang='lat' dir='ltr'><strong>prorsus</strong></span> <span class='ocrx_word' id='word_1_679' title='bbox 3303 4265 3372 4306; x_wconf 81' lang='lat' dir='ltr'><strong>ex</strong></span> <span class='ocrx_word' id='word_1_680' title='bbox 3422 4249 3509 4305; x_wconf 86' lang='lat' dir='ltr'><strong>his</strong></span> <span class='ocrx_word' id='word_1_681' title='bbox 3550 4250 3641 4306; x_wconf 90' lang='lat' dir='ltr'><strong>vel</strong></span> <span class='ocrx_word' id='word_1_682' title='bbox 3683 4249 3797 4306; x_wconf 74' lang='lat' dir='ltr'><strong>exi-</strong></span> 
     </span>
    </p>
   </div>
   <div class='ocr_carea' id='block_1_93' title="bbox 2194 4342 3799 4417">
    <p class='ocr_par' dir='ltr' id='par_1_93' title="bbox 2194 4342 3799 4417">
     <span class='ocr_line' id='line_1_93' title="bbox 2194 4342 3799 4417; baseline -0.003 -18"><span class='ocrx_word' id='word_1_683' title='bbox 2194 4359 2363 4416; x_wconf 89' lang='lat' dir='ltr'><strong>guum</strong></span> <span class='ocrx_word' id='word_1_684' title='bbox 2398 4344 2759 4417; x_wconf 88' lang='lat' dir='ltr'><strong>relinquatur.</strong></span> <span class='ocrx_word' id='word_1_685' title='bbox 2802 4343 3007 4414; x_wconf 80' lang='lat' dir='ltr'><strong>Pulvis,</strong></span> <span class='ocrx_word' id='word_1_686' title='bbox 3061 4343 3212 4400; x_wconf 86' lang='lat' dir='ltr'><strong>leves</strong></span> <span class='ocrx_word' id='word_1_687' title='bbox 3262 4351 3317 4397; x_wconf 90' lang='lat' dir='ltr'><strong>et</strong></span> <span class='ocrx_word' id='word_1_688' title='bbox 3348 4342 3678 4398; x_wconf 83' lang='lat' dir='ltr'><strong>infructuosi</strong></span> <span class='ocrx_word' id='word_1_689' title='bbox 3705 4347 3799 4394; x_wconf 65' lang='lat' dir='ltr'><strong>tto-</strong></span> 
     </span>
    </p>
   </div>
   <div class='ocr_carea' id='block_1_94' title="bbox 2197 4435 3796 4508">
    <p class='ocr_par' dir='ltr' id='par_1_94' title="bbox 2197 4435 3796 4508">
     <span class='ocr_line' id='line_1_94' title="bbox 2197 4435 3796 4508; baseline -0.003 -17"><span class='ocrx_word' id='word_1_690' title='bbox 2197 4436 2375 4492; x_wconf 84' lang='lat' dir='ltr'><strong>mines</strong></span> <span class='ocrx_word' id='word_1_691' title='bbox 2401 4435 2536 4493; x_wconf 91' lang='lat' dir='ltr'><strong>dicti</strong></span> <span class='ocrx_word' id='word_1_692' title='bbox 2576 4446 2704 4492; x_wconf 91' lang='lat' dir='ltr'><strong>sunt</strong></span> <span class='ocrx_word' id='word_1_693' title='bbox 2735 4438 2903 4508; x_wconf 87' lang='lat' dir='ltr'><strong>:quia</strong></span> <span class='ocrx_word' id='word_1_694' title='bbox 2949 4437 3091 4493; x_wconf 82' lang='lat' dir='ltr'><strong>sicut</strong></span> <span class='ocrx_word' id='word_1_695' title='bbox 3140 4435 3318 4507; x_wconf 82' lang='lat' dir='ltr'><strong>pulvis</strong></span> <span class='ocrx_word' id='word_1_696' title='bbox 3371 4445 3504 4493; x_wconf 87' lang='lat' dir='ltr'><strong>ante</strong></span> <span class='ocrx_word' id='word_1_697' title='bbox 3554 4445 3796 4497; x_wconf 87' lang='lat' dir='ltr'><strong>ventum,</strong></span> 
     </span>
    </p>
   </div>
   <div class='ocr_carea' id='block_1_95' title="bbox 2199 4529 3799 4600">
    <p class='ocr_par' dir='ltr' id='par_1_95' title="bbox 2199 4529 3799 4600">
     <span class='ocr_line' id='line_1_95' title="bbox 2199 4529 3799 4600; baseline -0.001 -16"><span class='ocrx_word' id='word_1_698' title='bbox 2199 4531 2282 4585; x_wconf 88' lang='lat' dir='ltr'><strong>sic</strong></span> <span class='ocrx_word' id='word_1_699' title='bbox 2308 4536 2627 4600; x_wconf 88' lang='lat' dir='ltr'><strong>peccatores</strong></span> <span class='ocrx_word' id='word_1_700' title='bbox 2653 4539 2781 4586; x_wconf 88' lang='lat' dir='ltr'><strong>ante</strong></span> <span class='ocrx_word' id='word_1_701' title='bbox 2832 4530 3161 4586; x_wconf 89' lang='lat' dir='ltr'><strong>sententiam</strong></span> <span class='ocrx_word' id='word_1_702' title='bbox 3192 4529 3434 4585; x_wconf 88' lang='lat' dir='ltr'><strong>divinam</strong></span> <span class='ocrx_word' id='word_1_703' title='bbox 3457 4529 3514 4584; x_wconf 91' lang='lat' dir='ltr'><strong>in</strong></span> <span class='ocrx_word' id='word_1_704' title='bbox 3540 4529 3631 4585; x_wconf 90' lang='lat' dir='ltr'><strong>die</strong></span> <span class='ocrx_word' id='word_1_705' title='bbox 3655 4529 3799 4600; x_wconf 80' lang='lat' dir='ltr'><strong>judi-</strong></span> 
     </span>
    </p>
   </div>
   <div class='ocr_carea' id='block_1_96' title="bbox 501 4606 3795 4696">
    <p class='ocr_par' dir='ltr' id='par_1_96' title="bbox 501 4606 3795 4696">
     <span class='ocr_line' id='line_1_96' title="bbox 501 4606 3795 4696; baseline 0.005 -37"><span class='ocrx_word' id='word_1_706' title='bbox 501 4615 576 4662; x_wconf 89' lang='lat' dir='ltr'><strong>tes</strong></span> <span class='ocrx_word' id='word_1_707' title='bbox 598 4622 696 4663; x_wconf 84' lang='lat' dir='ltr'><strong>me.</strong></span> <span class='ocrx_word' id='word_1_708' title='bbox 725 4606 946 4663; x_wconf 79' lang='lat' dir='ltr'><strong>Judteos</strong></span> <span class='ocrx_word' id='word_1_709' title='bbox 971 4618 1024 4664; x_wconf 92' lang='lat' dir='ltr'><strong>et</strong></span> <span class='ocrx_word' id='word_1_710' title='bbox 1048 4607 1320 4679; x_wconf 84' lang='lat' dir='ltr'><strong>principes</strong></span> <span class='ocrx_word' id='word_1_711' title='bbox 1338 4610 1707 4679; x_wconf 71' lang='lat' dir='ltr'><strong>sacerdotum,</strong></span> <span class='ocrx_word' id='word_1_712' title='bbox 1734 4613 1826 4684; x_wconf 86' lang='lat' dir='ltr'><strong>qui</strong></span> <span class='ocrx_word' id='word_1_713' title='bbox 1854 4612 1906 4667; x_wconf 91' lang='lat' dir='ltr'><strong>in</strong></span> <span class='ocrx_word' id='word_1_714' title='bbox 1924 4627 2093 4673; x_wconf 85' lang='lat' dir='ltr'><strong>carne</strong></span> <span class='ocrx_word' id='word_1_715' title='bbox 2118 4607 2174 4668; x_wconf 91' lang='lat' dir='ltr'><strong>D</strong></span> <span class='ocrx_word' id='word_1_716' title='bbox 2198 4623 2287 4679; x_wconf 81' lang='lat' dir='ltr'><strong>cii.</strong></span> <span class='ocrx_word' id='word_1_717' title='bbox 2321 4622 2393 4678; x_wconf 74' lang='lat' dir='ltr'><strong>Et</strong></span> <span class='ocrx_word' id='word_1_718' title='bbox 2422 4622 2641 4693; x_wconf 70' lang='lat' dir='ltr'><strong>angelus</strong></span> <span class='ocrx_word' id='word_1_719' title='bbox 2660 4623 2870 4678; x_wconf 83' lang='lat' dir='ltr'><strong>Domini</strong></span> <span class='ocrx_word' id='word_1_720' title='bbox 2905 4637 3211 4695; x_wconf 76' lang='lat' dir='ltr'><strong>persequens</strong></span> <span class='ocrx_word' id='word_1_721' title='bbox 3241 4639 3354 4678; x_wconf 86' lang='lat' dir='ltr'><strong>eos.</strong></span> <span class='ocrx_word' id='word_1_722' title='bbox 3411 4625 3663 4696; x_wconf 81' lang='lat' dir='ltr'><strong>Angelus</strong></span> <span class='ocrx_word' id='word_1_723' title='bbox 3692 4624 3795 4677; x_wconf 85' lang='lat' dir='ltr'><strong>Do-</strong></span> 
     </span>
    </p>
   </div>
   <div class='ocr_carea' id='block_1_97' title="bbox 506 4701 2099 4776">
    <p class='ocr_par' dir='ltr' id='par_1_97' title="bbox 506 4701 2099 4776">
     <span class='ocr_line' id='line_1_97' title="bbox 506 4701 2099 4776; baseline 0.004 -20"><span class='ocrx_word' id='word_1_724' title='bbox 506 4701 742 4773; x_wconf 85' lang='lat' dir='ltr'><strong>positum</strong></span> <span class='ocrx_word' id='word_1_725' title='bbox 774 4701 1061 4757; x_wconf 81' lang='lat' dir='ltr'><strong>Dominum</strong></span> <span class='ocrx_word' id='word_1_726' title='bbox 1091 4719 1238 4774; x_wconf 71' lang='lat' dir='ltr'><strong>Sal‘pe</strong></span> <span class='ocrx_word' id='word_1_727' title='bbox 1294 4704 1697 4776; x_wconf 84' lang='lat' dir='ltr'><strong>impugnantes,</strong></span> <span class='ocrx_word' id='word_1_728' title='bbox 1747 4721 1954 4764; x_wconf 87' lang='lat' dir='ltr'><strong>nocere</strong></span> <span class='ocrx_word' id='word_1_729' title='bbox 2003 4722 2099 4763; x_wconf 88' lang='lat' dir='ltr'><strong>vo-</strong></span> 
     </span>
    </p>
   </div>
   <div class='ocr_carea' id='block_1_98' title="bbox 500 4792 2096 4864">
    <p class='ocr_par' dir='ltr' id='par_1_98' title="bbox 500 4792 2096 4864">
     <span class='ocr_line' id='line_1_98' title="bbox 500 4792 2096 4864; baseline 0.005 -16"><span class='ocrx_word' id='word_1_730' title='bbox 500 4793 740 4852; x_wconf 89' lang='lat' dir='ltr'><strong>luerunt.</strong></span> <span class='ocrx_word' id='word_1_731' title='bbox 773 4792 986 4864; x_wconf 79' lang='lat' dir='ltr'><strong>Iudico,</strong></span> <span class='ocrx_word' id='word_1_732' title='bbox 1012 4793 1256 4860; x_wconf 87' lang='lat' dir='ltr'><strong>Domine,</strong></span> <span class='ocrx_word' id='word_1_733' title='bbox 1286 4808 1521 4855; x_wconf 79' lang='lat' dir='ltr'><strong>nocentes</strong></span> <span class='ocrx_word' id='word_1_734' title='bbox 1546 4815 1647 4855; x_wconf 84' lang='lat' dir='ltr'><strong>me.</strong></span> <span class='ocrx_word' id='word_1_735' title='bbox 1678 4798 1791 4854; x_wconf 80' lang='lat' dir='ltr'><strong>Vox</strong></span> <span class='ocrx_word' id='word_1_736' title='bbox 1806 4798 2013 4856; x_wconf 77' lang='lat' dir='ltr'><strong>Christi</strong></span> <span class='ocrx_word' id='word_1_737' title='bbox 2041 4801 2096 4856; x_wconf 92' lang='lat' dir='ltr'><strong>in</strong></span> 
     </span>
    </p>
   </div>
   <div class='ocr_carea' id='block_1_99' title="bbox 502 4888 2094 4957">
    <p class='ocr_par' dir='ltr' id='par_1_99' title="bbox 502 4888 2094 4957">
     <span class='ocr_line' id='line_1_99' title="bbox 502 4888 2094 4957; baseline 0.004 -18"><span class='ocrx_word' id='word_1_738' title='bbox 502 4888 776 4957; x_wconf 84' lang='lat' dir='ltr'><strong>passione,</strong></span> <span class='ocrx_word' id='word_1_739' title='bbox 817 4896 876 4944; x_wconf 89' lang='lat' dir='ltr'><strong>et</strong></span> <span class='ocrx_word' id='word_1_740' title='bbox 911 4904 1014 4944; x_wconf 84' lang='lat' dir='ltr'><strong>vox</strong></span> <span class='ocrx_word' id='word_1_741' title='bbox 1065 4888 1332 4946; x_wconf 74' lang='lat' dir='ltr'><strong>Ecclesiae</strong></span> <span class='ocrx_word' id='word_1_742' title='bbox 1362 4890 1416 4945; x_wconf 91' lang='lat' dir='ltr'><strong>in</strong></span> <span class='ocrx_word' id='word_1_743' title='bbox 1449 4890 1824 4948; x_wconf 86' lang='lat' dir='ltr'><strong>tribulatione.</strong></span> <span class='ocrx_word' id='word_1_744' title='bbox 1857 4889 2051 4946; x_wconf 73' lang='lat' dir='ltr'><strong>Indica</strong></span> <span class='ocrx_word' id='word_1_745' title='bbox 2075 4907 2094 4946; x_wconf 82' lang='lat'><strong><em>:</em></strong></span> 
     </span>
    </p>
   </div>
   <div class='ocr_carea' id='block_1_100' title="bbox 507 4982 2098 5055">
    <p class='ocr_par' dir='ltr' id='par_1_100' title="bbox 507 4982 2098 5055">
     <span class='ocr_line' id='line_1_100' title="bbox 507 4982 2098 5055; baseline 0.007 -21"><span class='ocrx_word' id='word_1_746' title='bbox 507 4982 611 5037; x_wconf 90' lang='lat' dir='ltr'><strong>hoc</strong></span> <span class='ocrx_word' id='word_1_747' title='bbox 635 4991 740 5051; x_wconf 85' lang='lat' dir='ltr'><strong>est,</strong></span> <span class='ocrx_word' id='word_1_748' title='bbox 766 4983 978 5054; x_wconf 79' lang='lat' dir='ltr'><strong>judicio</strong></span> <span class='ocrx_word' id='word_1_749' title='bbox 1002 4984 1367 5041; x_wconf 87' lang='lat' dir='ltr'><strong>discretionis.</strong></span> <span class='ocrx_word' id='word_1_750' title='bbox 1403 4985 1497 5042; x_wconf 89' lang='lat' dir='ltr'><strong>Vel</strong></span> <span class='ocrx_word' id='word_1_751' title='bbox 1518 4986 1722 5055; x_wconf 80' lang='lat' dir='ltr'><strong>judico,</strong></span> <span class='ocrx_word' id='word_1_752' title='bbox 1756 4986 1808 5042; x_wconf 90' lang='lat' dir='ltr'><strong>id</strong></span> <span class='ocrx_word' id='word_1_753' title='bbox 1843 4997 1949 5055; x_wconf 86' lang='lat' dir='ltr'><strong>est,</strong></span> <span class='ocrx_word' id='word_1_754' title='bbox 1985 4987 2098 5045; x_wconf 84' lang='lat' dir='ltr'><strong>dis-</strong></span> 
     </span>
    </p>
   </div>
   <div class='ocr_carea' id='block_1_101' title="bbox 500 5076 2097 5154">
    <p class='ocr_par' dir='ltr' id='par_1_101' title="bbox 500 5076 2097 5154">
     <span class='ocr_line' id='line_1_101' title="bbox 500 5076 2097 5154; baseline 0.006 -23"><span class='ocrx_word' id='word_1_755' title='bbox 500 5089 664 5132; x_wconf 89' lang='lat' dir='ltr'><strong>cerne</strong></span> <span class='ocrx_word' id='word_1_756' title='bbox 690 5076 836 5131; x_wconf 88' lang='lat' dir='ltr'><strong>inter</strong></span> <span class='ocrx_word' id='word_1_757' title='bbox 866 5092 953 5132; x_wconf 90' lang='lat' dir='ltr'><strong>me</strong></span> <span class='ocrx_word' id='word_1_758' title='bbox 991 5085 1050 5133; x_wconf 89' lang='lat' dir='ltr'><strong>et</strong></span> <span class='ocrx_word' id='word_1_759' title='bbox 1093 5077 1316 5133; x_wconf 64' lang='lat' dir='ltr'><strong>Indicos</strong></span> <span class='ocrx_word' id='word_1_760' title='bbox 1345 5095 1358 5133; x_wconf 93' lang='lat'><strong>:</strong></span> <span class='ocrx_word' id='word_1_761' title='bbox 1395 5078 1537 5135; x_wconf 84' lang='lat' dir='ltr'><strong>inter</strong></span> <span class='ocrx_word' id='word_1_762' title='bbox 1566 5078 1870 5137; x_wconf 87' lang='lat' dir='ltr'><strong>Ecclesiam</strong></span> <span class='ocrx_word' id='word_1_763' title='bbox 1900 5093 1957 5139; x_wconf 86' lang='lat' dir='ltr'><strong>et</strong></span> <span class='ocrx_word' id='word_1_764' title='bbox 1977 5099 2097 5154; x_wconf 71' lang='lat' dir='ltr'><strong>per~</strong></span> 
     </span>
    </p>
   </div>
   <div class='ocr_carea' id='block_1_102' title="bbox 501 5169 2089 5245">
    <p class='ocr_par' dir='ltr' id='par_1_102' title="bbox 501 5169 2089 5245">
     <span class='ocr_line' id='line_1_102' title="bbox 501 5169 2089 5245; baseline 0.007 -21"><span class='ocrx_word' id='word_1_765' title='bbox 501 5179 805 5227; x_wconf 89' lang='lat' dir='ltr'><strong>secutores.</strong></span> <span class='ocrx_word' id='word_1_766' title='bbox 852 5169 1500 5245; x_wconf 70' lang='lat' dir='ltr'><strong>Expugnaimpugnantes</strong></span> <span class='ocrx_word' id='word_1_767' title='bbox 1552 5191 1650 5230; x_wconf 86' lang='lat' dir='ltr'><strong>me.</strong></span> <span class='ocrx_word' id='word_1_768' title='bbox 1681 5174 1761 5231; x_wconf 77' lang='lat' dir='ltr'><strong>At:</strong></span> <span class='ocrx_word' id='word_1_769' title='bbox 1810 5177 1857 5230; x_wconf 83' lang='lat' dir='ltr'><strong>si</strong></span> <span class='ocrx_word' id='word_1_770' title='bbox 1904 5176 2089 5235; x_wconf 87' lang='lat' dir='ltr'><strong>dicat:</strong></span> 
     </span>
    </p>
   </div>
   <div class='ocr_carea' id='block_1_103' title="bbox 503 5260 2092 5337">
    <p class='ocr_par' dir='ltr' id='par_1_103' title="bbox 503 5260 2092 5337">
     <span class='ocr_line' id='line_1_103' title="bbox 503 5260 2092 5337; baseline 0.006 -19"><span class='ocrx_word' id='word_1_771' title='bbox 503 5261 584 5318; x_wconf 88' lang='lat' dir='ltr'><strong>Tu</strong></span> <span class='ocrx_word' id='word_1_772' title='bbox 614 5260 699 5319; x_wconf 87' lang='lat' dir='ltr'><strong>fac</strong></span> <span class='ocrx_word' id='word_1_773' title='bbox 718 5261 1022 5319; x_wconf 89' lang='lat' dir='ltr'><strong>vindictam</strong></span> <span class='ocrx_word' id='word_1_774' title='bbox 1059 5280 1156 5334; x_wconf 92' lang='lat' dir='ltr'><strong>pro</strong></span> <span class='ocrx_word' id='word_1_775' title='bbox 1182 5279 1270 5319; x_wconf 89' lang='lat' dir='ltr'><strong>me</strong></span> <span class='ocrx_word' id='word_1_776' title='bbox 1301 5282 1313 5318; x_wconf 88' lang='lat'><strong>:</strong></span> <span class='ocrx_word' id='word_1_777' title='bbox 1339 5264 1703 5321; x_wconf 80' lang='lat' dir='ltr'><strong>sicntdicitur</strong></span> <span class='ocrx_word' id='word_1_778' title='bbox 1725 5282 1821 5337; x_wconf 90' lang='lat' dir='ltr'><strong>per</strong></span> <span class='ocrx_word' id='word_1_779' title='bbox 1844 5278 2092 5327; x_wconf 85' lang='lat' dir='ltr'><strong>sanctum</strong></span> 
     </span>
    </p>
   </div>
   <div class='ocr_carea' id='block_1_104' title="bbox 501 5354 2089 5436">
    <p class='ocr_par' dir='ltr' id='par_1_104' title="bbox 501 5354 2089 5436">
     <span class='ocr_line' id='line_1_104' title="bbox 501 5354 2089 5436; baseline 0.006 -26"><span class='ocrx_word' id='word_1_780' title='bbox 501 5354 730 5411; x_wconf 85' lang='lat' dir='ltr'><strong>Paulum</strong></span> <span class='ocrx_word' id='word_1_781' title='bbox 767 5371 783 5409; x_wconf 86' lang='lat'><strong>:</strong></span> <span class='ocrx_word' id='word_1_782' title='bbox 816 5354 941 5411; x_wconf 76' lang='lat' dir='ltr'><strong>Mihi</strong></span> <span class='ocrx_word' id='word_1_783' title='bbox 972 5356 1292 5426; x_wconf 89' lang='lat' dir='ltr'><strong>vindictam,</strong></span> <span class='ocrx_word' id='word_1_784' title='bbox 1335 5365 1393 5414; x_wconf 83' lang='lat' dir='ltr'><strong>et</strong></span> <span class='ocrx_word' id='word_1_785' title='bbox 1439 5373 1543 5430; x_wconf 81' lang='lat' dir='ltr'><strong>ego</strong></span> <span class='ocrx_word' id='word_1_786' title='bbox 1571 5360 1871 5417; x_wconf 88' lang='lat' dir='ltr'><strong>retribuam</strong></span> <span class='ocrx_word' id='word_1_787' title='bbox 1907 5363 2089 5436; x_wconf 82' lang='lat' dir='ltr'><strong>(Rom.</strong></span> 
     </span>
    </p>
   </div>
   <div class='ocr_carea' id='block_1_105' title="bbox 496 5449 2088 5528">
    <p class='ocr_par' dir='ltr' id='par_1_105' title="bbox 496 5449 2088 5528">
     <span class='ocr_line' id='line_1_105' title="bbox 496 5449 2088 5528; baseline 0.007 -24"><span class='ocrx_word' id='word_1_788' title='bbox 496 5450 633 5521; x_wconf 81' lang='lat' dir='ltr'><strong>xu).</strong></span> <span class='ocrx_word' id='word_1_789' title='bbox 684 5449 749 5504; x_wconf 85' lang='lat' dir='ltr'><strong>Et</strong></span> <span class='ocrx_word' id='word_1_790' title='bbox 791 5450 962 5518; x_wconf 87' lang='lat' dir='ltr'><strong>item,</strong></span> <span class='ocrx_word' id='word_1_791' title='bbox 1013 5451 1071 5509; x_wconf 93' lang='lat' dir='ltr'><strong>Si</strong></span> <span class='ocrx_word' id='word_1_792' title='bbox 1122 5453 1264 5510; x_wconf 86' lang='lat' dir='ltr'><strong>Deus</strong></span> <span class='ocrx_word' id='word_1_793' title='bbox 1317 5468 1417 5525; x_wconf 88' lang='lat' dir='ltr'><strong>pro</strong></span> <span class='ocrx_word' id='word_1_794' title='bbox 1480 5453 1672 5525; x_wconf 88' lang='lat' dir='ltr'><strong>nobis,</strong></span> <span class='ocrx_word' id='word_1_795' title='bbox 1720 5458 1844 5528; x_wconf 85' lang='lat' dir='ltr'><strong>quis</strong></span> <span class='ocrx_word' id='word_1_796' title='bbox 1894 5466 2088 5515; x_wconf 89' lang='lat' dir='ltr'><strong>contra</strong></span> 
     </span>
    </p>
   </div>
   <div class='ocr_carea' id='block_1_106' title="bbox 499 5541 987 5615">
    <p class='ocr_par' dir='ltr' id='par_1_106' title="bbox 499 5541 987 5615">
     <span class='ocr_line' id='line_1_106' title="bbox 499 5541 987 5615; baseline 0.006 -20"><span class='ocrx_word' id='word_1_797' title='bbox 499 5555 600 5597; x_wconf 89' lang='lat' dir='ltr'><strong>nos</strong></span> <span class='ocrx_word' id='word_1_798' title='bbox 621 5541 801 5611; x_wconf 83' lang='lat' dir='ltr'><strong>(Rom.</strong></span> <span class='ocrx_word' id='word_1_799' title='bbox 834 5542 987 5615; x_wconf 84' lang='lat' dir='ltr'><strong>vni)?</strong></span> 
     </span>
    </p>
   </div>
   <div class='ocr_carea' id='block_1_107' title="bbox 562 5632 2089 5715">
    <p class='ocr_par' dir='ltr' id='par_1_107' title="bbox 562 5632 2089 5715">
     <span class='ocr_line' id='line_1_107' title="bbox 562 5632 2089 5715; baseline 0.008 -29"><span class='ocrx_word' id='word_1_800' title='bbox 562 5632 909 5705; x_wconf 78' lang='lat' dir='ltr'><strong>Apprehende</strong></span> <span class='ocrx_word' id='word_1_801' title='bbox 949 5652 1100 5691; x_wconf 83' lang='lat' dir='ltr'><strong>arma</strong></span> <span class='ocrx_word' id='word_1_802' title='bbox 1132 5648 1180 5693; x_wconf 82' lang='lat' dir='ltr'><strong>et</strong></span> <span class='ocrx_word' id='word_1_803' title='bbox 1209 5648 1435 5706; x_wconf 80' lang='lat' dir='ltr'><strong>scutum,</strong></span> <span class='ocrx_word' id='word_1_804' title='bbox 1480 5649 1530 5696; x_wconf 89' lang='lat' dir='ltr'><strong>et</strong></span> <span class='ocrx_word' id='word_1_805' title='bbox 1557 5657 1776 5715; x_wconf 70' lang='lat' dir='ltr'><strong>exsurge</strong></span> <span class='ocrx_word' id='word_1_806' title='bbox 1802 5641 2089 5714; x_wconf 81' lang='lat' dir='ltr'><strong>inadjnto-</strong></span> 
     </span>
    </p>
   </div>
   <div class='ocr_carea' id='block_1_108' title="bbox 490 5724 2087 5803">
    <p class='ocr_par' dir='ltr' id='par_1_108' title="bbox 490 5724 2087 5803">
     <span class='ocr_line' id='line_1_108' title="bbox 490 5724 2087 5803; baseline 0.011 -28"><span class='ocrx_word' id='word_1_807' title='bbox 490 5724 630 5777; x_wconf 78' lang='lat' dir='ltr'><strong>rium</strong></span> <span class='ocrx_word' id='word_1_808' title='bbox 658 5724 807 5779; x_wconf 80' lang='lat' dir='ltr'><strong>mihi.</strong></span> <span class='ocrx_word' id='word_1_809' title='bbox 835 5724 892 5780; x_wconf 86' lang='lat' dir='ltr'><strong>In</strong></span> <span class='ocrx_word' id='word_1_810' title='bbox 925 5728 1111 5795; x_wconf 86' lang='lat' dir='ltr'><strong>armis,</strong></span> <span class='ocrx_word' id='word_1_811' title='bbox 1133 5731 1378 5787; x_wconf 69' lang='lat' dir='ltr'><strong>cmlestia</strong></span> <span class='ocrx_word' id='word_1_812' title='bbox 1404 5731 1672 5803; x_wconf 83' lang='lat' dir='ltr'><strong>adjutoria</strong></span> <span class='ocrx_word' id='word_1_813' title='bbox 1707 5751 1721 5788; x_wconf 87' lang='lat'><strong>:</strong></span> <span class='ocrx_word' id='word_1_814' title='bbox 1745 5732 1799 5789; x_wconf 91' lang='lat' dir='ltr'><strong>in</strong></span> <span class='ocrx_word' id='word_1_815' title='bbox 1822 5745 1977 5790; x_wconf 83' lang='lat' dir='ltr'><strong>scuto</strong></span> <span class='ocrx_word' id='word_1_816' title='bbox 2004 5734 2087 5792; x_wconf 85' lang='lat' dir='ltr'><strong>di-</strong></span> 
     </span>
    </p>
   </div>
   <div class='ocr_carea' id='block_1_109' title="bbox 497 5811 2089 5895">
    <p class='ocr_par' dir='ltr' id='par_1_109' title="bbox 497 5811 2089 5895">
     <span class='ocr_line' id='line_1_109' title="bbox 497 5811 2089 5895; baseline 0.013 -30"><span class='ocrx_word' id='word_1_817' title='bbox 497 5811 675 5869; x_wconf 85' lang='lat' dir='ltr'><strong>vinam</strong></span> <span class='ocrx_word' id='word_1_818' title='bbox 709 5815 1103 5884; x_wconf 79' lang='lat' dir='ltr'><strong>protectionetn</strong></span> <span class='ocrx_word' id='word_1_819' title='bbox 1132 5820 1407 5894; x_wconf 78' lang='lat' dir='ltr'><strong>designat,</strong></span> <span class='ocrx_word' id='word_1_820' title='bbox 1468 5836 1633 5895; x_wconf 80' lang='lat' dir='ltr'><strong>quam</strong></span> <span class='ocrx_word' id='word_1_821' title='bbox 1685 5824 1985 5883; x_wconf 82' lang='lat' dir='ltr'><strong>secundum</strong></span> <span class='ocrx_word' id='word_1_822' title='bbox 2013 5827 2089 5887; x_wconf 86' lang='lat' dir='ltr'><strong>in-</strong></span> 
     </span>
    </p>
   </div>
   <div class='ocr_carea' id='block_1_110' title="bbox 2201 4713 3797 4784">
    <p class='ocr_par' dir='ltr' id='par_1_110' title="bbox 2201 4713 3797 4784">
     <span class='ocr_line' id='line_1_110' title="bbox 2201 4713 3797 4784; baseline -0.001 -17"><span class='ocrx_word' id='word_1_823' title='bbox 2201 4714 2353 4783; x_wconf 90' lang='lat' dir='ltr'><strong>miui,</strong></span> <span class='ocrx_word' id='word_1_824' title='bbox 2380 4713 2433 4769; x_wconf 88' lang='lat' dir='ltr'><strong>id</strong></span> <span class='ocrx_word' id='word_1_825' title='bbox 2458 4722 2561 4782; x_wconf 88' lang='lat' dir='ltr'><strong>est,</strong></span> <span class='ocrx_word' id='word_1_826' title='bbox 2588 4714 2813 4784; x_wconf 85' lang='lat' dir='ltr'><strong>spiritus</strong></span> <span class='ocrx_word' id='word_1_827' title='bbox 2844 4714 3044 4772; x_wconf 83' lang='lat' dir='ltr'><strong>malus.</strong></span> <span class='ocrx_word' id='word_1_828' title='bbox 3080 4714 3135 4770; x_wconf 88' lang='lat' dir='ltr'><strong>Si</strong></span> <span class='ocrx_word' id='word_1_829' title='bbox 3171 4715 3366 4783; x_wconf 84' lang='lat' dir='ltr'><strong>tnalus,</strong></span> <span class='ocrx_word' id='word_1_830' title='bbox 3403 4729 3506 4772; x_wconf 89' lang='lat' dir='ltr'><strong>cur</strong></span> <span class='ocrx_word' id='word_1_831' title='bbox 3546 4713 3797 4770; x_wconf 79' lang='lat' dir='ltr'><strong>Domini?</strong></span> 
     </span>
    </p>
   </div>
   <div class='ocr_carea' id='block_1_111' title="bbox 2201 4802 3795 4879">
    <p class='ocr_par' dir='ltr' id='par_1_111' title="bbox 2201 4802 3795 4879">
     <span class='ocr_line' id='line_1_111' title="bbox 2201 4802 3795 4879; baseline -0.001 -17"><span class='ocrx_word' id='word_1_832' title='bbox 2201 4802 2256 4862; x_wconf 91' lang='lat' dir='ltr'><strong>Si</strong></span> <span class='ocrx_word' id='word_1_833' title='bbox 2289 4805 2527 4873; x_wconf 89' lang='lat' dir='ltr'><strong>Domini,</strong></span> <span class='ocrx_word' id='word_1_834' title='bbox 2547 4820 2646 4861; x_wconf 91' lang='lat' dir='ltr'><strong>cur</strong></span> <span class='ocrx_word' id='word_1_835' title='bbox 2665 4808 2878 4863; x_wconf 78' lang='lat' dir='ltr'><strong>malus?</strong></span> <span class='ocrx_word' id='word_1_836' title='bbox 2906 4807 3117 4864; x_wconf 89' lang='lat' dir='ltr'><strong>Domini</strong></span> <span class='ocrx_word' id='word_1_837' title='bbox 3150 4824 3163 4863; x_wconf 89' lang='lat'><strong>:</strong></span> <span class='ocrx_word' id='word_1_838' title='bbox 3193 4807 3319 4879; x_wconf 88' lang='lat' dir='ltr'><strong>quia</strong></span> <span class='ocrx_word' id='word_1_839' title='bbox 3338 4808 3609 4865; x_wconf 88' lang='lat' dir='ltr'><strong>Dominus</strong></span> <span class='ocrx_word' id='word_1_840' title='bbox 3640 4809 3795 4864; x_wconf 88' lang='lat' dir='ltr'><strong>illum</strong></span> 
     </span>
    </p>
   </div>
   <div class='ocr_carea' id='block_1_112' title="bbox 2199 4901 3800 4971">
    <p class='ocr_par' dir='ltr' id='par_1_112' title="bbox 2199 4901 3800 4971">
     <span class='ocr_line' id='line_1_112' title="bbox 2199 4901 3800 4971; baseline 0.002 -18"><span class='ocrx_word' id='word_1_841' title='bbox 2199 4901 2430 4964; x_wconf 85' lang='lat' dir='ltr'><strong>creavit,</strong></span> <span class='ocrx_word' id='word_1_842' title='bbox 2457 4911 2511 4955; x_wconf 91' lang='lat' dir='ltr'><strong>et</strong></span> <span class='ocrx_word' id='word_1_843' title='bbox 2535 4902 2794 4956; x_wconf 87' lang='lat' dir='ltr'><strong>Dominus</strong></span> <span class='ocrx_word' id='word_1_844' title='bbox 2822 4901 2974 4957; x_wconf 87' lang='lat' dir='ltr'><strong>illttm</strong></span> <span class='ocrx_word' id='word_1_845' title='bbox 3026 4902 3191 4959; x_wconf 83' lang='lat' dir='ltr'><strong>habet</strong></span> <span class='ocrx_word' id='word_1_846' title='bbox 3221 4901 3274 4958; x_wconf 88' lang='lat' dir='ltr'><strong>in</strong></span> <span class='ocrx_word' id='word_1_847' title='bbox 3304 4913 3601 4971; x_wconf 85' lang='lat' dir='ltr'><strong>potestate.</strong></span> <span class='ocrx_word' id='word_1_848' title='bbox 3652 4901 3800 4958; x_wconf 80' lang='lat' dir='ltr'><strong>Mali-</strong></span> 
     </span>
    </p>
   </div>
   <div class='ocr_carea' id='block_1_113' title="bbox 2200 4993 3796 5064">
    <p class='ocr_par' dir='ltr' id='par_1_113' title="bbox 2200 4993 3796 5064">
     <span class='ocr_line' id='line_1_113' title="bbox 2200 4993 3796 5064; baseline 0.001 -17"><span class='ocrx_word' id='word_1_849' title='bbox 2200 5007 2358 5063; x_wconf 79' lang='lat' dir='ltr'><strong>gnus,</strong></span> <span class='ocrx_word' id='word_1_850' title='bbox 2388 5005 2496 5048; x_wconf 86' lang='lat' dir='ltr'><strong>uno</strong></span> <span class='ocrx_word' id='word_1_851' title='bbox 2532 5004 2747 5064; x_wconf 87' lang='lat' dir='ltr'><strong>natura,</strong></span> <span class='ocrx_word' id='word_1_852' title='bbox 2772 4993 2867 5049; x_wconf 86' lang='lat' dir='ltr'><strong>sed</strong></span> <span class='ocrx_word' id='word_1_853' title='bbox 2894 5008 2986 5048; x_wconf 81' lang='lat' dir='ltr'><strong>sua</strong></span> <span class='ocrx_word' id='word_1_854' title='bbox 3003 4994 3682 5050; x_wconf 78' lang='lat' dir='ltr'><strong>adinventionoDiabolns</strong></span> <span class='ocrx_word' id='word_1_855' title='bbox 3699 4996 3796 5048; x_wconf 83' lang='lat' dir='ltr'><strong>ba-</strong></span> 
     </span>
    </p>
   </div>
   <div class='ocr_carea' id='block_1_114' title="bbox 2203 5085 3793 5159">
    <p class='ocr_par' dir='ltr' id='par_1_114' title="bbox 2203 5085 3793 5159">
     <span class='ocr_line' id='line_1_114' title="bbox 2203 5085 3793 5159; baseline 0.001 -19"><span class='ocrx_word' id='word_1_856' title='bbox 2203 5085 2294 5141; x_wconf 89' lang='lat' dir='ltr'><strong>bet</strong></span> <span class='ocrx_word' id='word_1_857' title='bbox 2322 5086 2665 5142; x_wconf 83' lang='lat' dir='ltr'><strong>voluntatem</strong></span> <span class='ocrx_word' id='word_1_858' title='bbox 2696 5087 2953 5153; x_wconf 85' lang='lat' dir='ltr'><strong>nocendi,</strong></span> <span class='ocrx_word' id='word_1_859' title='bbox 2984 5087 3079 5144; x_wconf 89' lang='lat' dir='ltr'><strong>sed</strong></span> <span class='ocrx_word' id='word_1_860' title='bbox 3112 5103 3221 5143; x_wconf 91' lang='lat' dir='ltr'><strong>non</strong></span> <span class='ocrx_word' id='word_1_861' title='bbox 3257 5087 3417 5143; x_wconf 88' lang='lat' dir='ltr'><strong>habet</strong></span> <span class='ocrx_word' id='word_1_862' title='bbox 3466 5099 3793 5159; x_wconf 83' lang='lat' dir='ltr'><strong>potestatem</strong></span> 
     </span>
    </p>
   </div>
   <div class='ocr_carea' id='block_1_115' title="bbox 2200 5176 3795 5252">
    <p class='ocr_par' dir='ltr' id='par_1_115' title="bbox 2200 5176 3795 5252">
     <span class='ocr_line' id='line_1_115' title="bbox 2200 5176 3795 5252; baseline -0.001 -19"><span class='ocrx_word' id='word_1_863' title='bbox 2200 5176 2458 5246; x_wconf 88' lang='lat' dir='ltr'><strong>faciendi,</strong></span> <span class='ocrx_word' id='word_1_864' title='bbox 2494 5186 2552 5233; x_wconf 90' lang='lat' dir='ltr'><strong>ut</strong></span> <span class='ocrx_word' id='word_1_865' title='bbox 2576 5178 2649 5233; x_wconf 87' lang='lat' dir='ltr'><strong>ait</strong></span> <span class='ocrx_word' id='word_1_866' title='bbox 2683 5179 2949 5251; x_wconf 83' lang='lat' dir='ltr'><strong>propheta</strong></span> <span class='ocrx_word' id='word_1_867' title='bbox 2983 5196 2998 5237; x_wconf 88' lang='lat'><strong>:</strong></span> <span class='ocrx_word' id='word_1_868' title='bbox 3028 5178 3406 5237; x_wconf 87' lang='lat' dir='ltr'><strong>lmmissiones</strong></span> <span class='ocrx_word' id='word_1_869' title='bbox 3428 5196 3531 5251; x_wconf 91' lang='lat' dir='ltr'><strong>per</strong></span> <span class='ocrx_word' id='word_1_870' title='bbox 3572 5180 3795 5252; x_wconf 79' lang='lat' dir='ltr'><strong>angelos</strong></span> 
     </span>
    </p>
   </div>
   <div class='ocr_carea' id='block_1_116' title="bbox 2198 5269 3788 5344">
    <p class='ocr_par' dir='ltr' id='par_1_116' title="bbox 2198 5269 3788 5344">
     <span class='ocr_line' id='line_1_116' title="bbox 2198 5269 3788 5344; baseline 0.003 -19"><span class='ocrx_word' id='word_1_871' title='bbox 2198 5271 2370 5325; x_wconf 86' lang='lat' dir='ltr'><strong>malos</strong></span> <span class='ocrx_word' id='word_1_872' title='bbox 2399 5269 2624 5342; x_wconf 82' lang='lat' dir='ltr'><strong>(Psalm.</strong></span> <span class='ocrx_word' id='word_1_873' title='bbox 2656 5271 2858 5342; x_wconf 76' lang='lat' dir='ltr'><strong>uxvtt)</strong></span> <span class='ocrx_word' id='word_1_874' title='bbox 2889 5287 2905 5332; x_wconf 86' lang='lat'><strong>:</strong></span> <span class='ocrx_word' id='word_1_875' title='bbox 2936 5272 2988 5327; x_wconf 90' lang='lat' dir='ltr'><strong>id</strong></span> <span class='ocrx_word' id='word_1_876' title='bbox 3019 5284 3125 5338; x_wconf 90' lang='lat' dir='ltr'><strong>est,</strong></span> <span class='ocrx_word' id='word_1_877' title='bbox 3173 5281 3376 5329; x_wconf 83' lang='lat' dir='ltr'><strong>tantam</strong></span> <span class='ocrx_word' id='word_1_878' title='bbox 3416 5273 3587 5330; x_wconf 85' lang='lat' dir='ltr'><strong>habet</strong></span> <span class='ocrx_word' id='word_1_879' title='bbox 3613 5281 3788 5344; x_wconf 77' lang='lat' dir='ltr'><strong>poles-</strong></span> 
     </span>
    </p>
   </div>
   <div class='ocr_carea' id='block_1_117' title="bbox 2201 5364 3395 5435">
    <p class='ocr_par' dir='ltr' id='par_1_117' title="bbox 2201 5364 3395 5435">
     <span class='ocr_line' id='line_1_117' title="bbox 2201 5364 3395 5435; baseline 0.003 -19"><span class='ocrx_word' id='word_1_880' title='bbox 2201 5371 2391 5425; x_wconf 83' lang='lat' dir='ltr'><strong>lotem,</strong></span> <span class='ocrx_word' id='word_1_881' title='bbox 2421 5372 2686 5434; x_wconf 84' lang='lat' dir='ltr'><strong>quantum</strong></span> <span class='ocrx_word' id='word_1_882' title='bbox 2720 5364 2981 5419; x_wconf 88' lang='lat' dir='ltr'><strong>Dominus</strong></span> <span class='ocrx_word' id='word_1_883' title='bbox 3025 5365 3077 5421; x_wconf 88' lang='lat' dir='ltr'><strong>ei</strong></span> <span class='ocrx_word' id='word_1_884' title='bbox 3109 5365 3395 5435; x_wconf 89' lang='lat' dir='ltr'><strong>permittit.</strong></span> 
     </span>
    </p>
   </div>
   <div class='ocr_carea' id='block_1_118' title="bbox 2270 5456 3789 5523">
    <p class='ocr_par' dir='ltr' id='par_1_118' title="bbox 2270 5456 3789 5523">
     <span class='ocr_line' id='line_1_118' title="bbox 2270 5456 3789 5523; baseline 0.003 -13"><span class='ocrx_word' id='word_1_885' title='bbox 2270 5456 2433 5512; x_wconf 86' lang='lat' dir='ltr'><strong>Fiant</strong></span> <span class='ocrx_word' id='word_1_886' title='bbox 2481 5460 2581 5515; x_wconf 73' lang='lat' dir='ltr'><strong>vita</strong></span> <span class='ocrx_word' id='word_1_887' title='bbox 2608 5459 2821 5514; x_wconf 84' lang='lat' dir='ltr'><strong>illorum</strong></span> <span class='ocrx_word' id='word_1_888' title='bbox 2866 5459 3088 5515; x_wconf 70' lang='lat' dir='ltr'><strong>tenebrat</strong></span> <span class='ocrx_word' id='word_1_889' title='bbox 3117 5469 3162 5515; x_wconf 85' lang='lat' dir='ltr'><strong>et</strong></span> <span class='ocrx_word' id='word_1_890' title='bbox 3200 5460 3477 5515; x_wconf 82' lang='lat' dir='ltr'><strong>lubricum.</strong></span> <span class='ocrx_word' id='word_1_891' title='bbox 3524 5459 3789 5523; x_wconf 65' lang='lat' dir='ltr'><strong>Teneone,</strong></span> 
     </span>
    </p>
   </div>
   <div class='ocr_carea' id='block_1_119' title="bbox 2198 5549 3793 5623">
    <p class='ocr_par' dir='ltr' id='par_1_119' title="bbox 2198 5549 3793 5623">
     <span class='ocr_line' id='line_1_119' title="bbox 2198 5549 3793 5623; baseline -0.001 -18"><span class='ocrx_word' id='word_1_892' title='bbox 2198 5549 2542 5621; x_wconf 63' lang='lat' dir='ltr'><strong>ignorantiae.</strong></span> <span class='ocrx_word' id='word_1_893' title='bbox 2573 5549 2879 5621; x_wconf 83' lang='lat' dir='ltr'><strong>Lubricum,</strong></span> <span class='ocrx_word' id='word_1_894' title='bbox 2914 5549 2965 5607; x_wconf 89' lang='lat' dir='ltr'><strong>id</strong></span> <span class='ocrx_word' id='word_1_895' title='bbox 2988 5559 3094 5621; x_wconf 85' lang='lat' dir='ltr'><strong>est,</strong></span> <span class='ocrx_word' id='word_1_896' title='bbox 3127 5552 3361 5608; x_wconf 80' lang='lat' dir='ltr'><strong>luxuria.</strong></span> <span class='ocrx_word' id='word_1_897' title='bbox 3393 5552 3530 5617; x_wconf 84' lang='lat' dir='ltr'><strong>Quia</strong></span> <span class='ocrx_word' id='word_1_898' title='bbox 3560 5553 3653 5623; x_wconf 88' lang='lat' dir='ltr'><strong>qui</strong></span> <span class='ocrx_word' id='word_1_899' title='bbox 3677 5551 3793 5607; x_wconf 82' lang='lat' dir='ltr'><strong>istis</strong></span> 
     </span>
    </p>
   </div>
   <div class='ocr_carea' id='block_1_120' title="bbox 2199 5639 3794 5717">
    <p class='ocr_par' dir='ltr' id='par_1_120' title="bbox 2199 5639 3794 5717">
     <span class='ocr_line' id='line_1_120' title="bbox 2199 5639 3794 5717; baseline -0.003 -15"><span class='ocrx_word' id='word_1_900' title='bbox 2199 5652 2387 5702; x_wconf 88' lang='lat' dir='ltr'><strong>mente</strong></span> <span class='ocrx_word' id='word_1_901' title='bbox 2415 5655 2505 5701; x_wconf 90' lang='lat' dir='ltr'><strong>est</strong></span> <span class='ocrx_word' id='word_1_902' title='bbox 2529 5644 2771 5713; x_wconf 90' lang='lat' dir='ltr'><strong>deditus,</strong></span> <span class='ocrx_word' id='word_1_903' title='bbox 2810 5644 3061 5703; x_wconf 87' lang='lat' dir='ltr'><strong>diabolus</strong></span> <span class='ocrx_word' id='word_1_904' title='bbox 3093 5645 3246 5702; x_wconf 88' lang='lat' dir='ltr'><strong>illum</strong></span> <span class='ocrx_word' id='word_1_905' title='bbox 3276 5647 3649 5717; x_wconf 88' lang='lat' dir='ltr'><strong>persequitur.</strong></span> <span class='ocrx_word' id='word_1_906' title='bbox 3697 5639 3794 5697; x_wconf 77' lang='lat' dir='ltr'><strong>Vel</strong></span> 
     </span>
    </p>
   </div>
   <div class='ocr_carea' id='block_1_121' title="bbox 2196 5737 3794 5810">
    <p class='ocr_par' dir='ltr' id='par_1_121' title="bbox 2196 5737 3794 5810">
     <span class='ocr_line' id='line_1_121' title="bbox 2196 5737 3794 5810; baseline 0 -17"><span class='ocrx_word' id='word_1_907' title='bbox 2196 5737 2394 5793; x_wconf 91' lang='lat' dir='ltr'><strong>aliter:</strong></span> <span class='ocrx_word' id='word_1_908' title='bbox 2428 5738 2544 5795; x_wconf 81' lang='lat' dir='ltr'><strong>Non</strong></span> <span class='ocrx_word' id='word_1_909' title='bbox 2571 5745 2911 5810; x_wconf 76' lang='lat' dir='ltr'><strong>cognoscant</strong></span> <span class='ocrx_word' id='word_1_910' title='bbox 2952 5738 3204 5797; x_wconf 83' lang='lat' dir='ltr'><strong>veritatis</strong></span> <span class='ocrx_word' id='word_1_911' title='bbox 3242 5739 3451 5808; x_wconf 83' lang='lat' dir='ltr'><strong>lumen,</strong></span> <span class='ocrx_word' id='word_1_912' title='bbox 3506 5754 3610 5797; x_wconf 86' lang='lat' dir='ltr'><strong>nec</strong></span> <span class='ocrx_word' id='word_1_913' title='bbox 3638 5739 3794 5794; x_wconf 74' lang='lat' dir='ltr'><strong>ﬁrma</strong></span> 
     </span>
    </p>
   </div>
   <div class='ocr_carea' id='block_1_122' title="bbox 2195 5830 3786 5907">
    <p class='ocr_par' dir='ltr' id='par_1_122' title="bbox 2195 5830 3786 5907">
     <span class='ocr_line' id='line_1_122' title="bbox 2195 5830 3786 5907; baseline 0.005 -18"><span class='ocrx_word' id='word_1_914' title='bbox 2195 5831 2435 5892; x_wconf 84' lang='lat' dir='ltr'><strong>statione</strong></span> <span class='ocrx_word' id='word_1_915' title='bbox 2457 5832 2786 5904; x_wconf 80' lang='lat' dir='ltr'><strong>consistant,</strong></span> <span class='ocrx_word' id='word_1_916' title='bbox 2817 5830 2916 5890; x_wconf 85' lang='lat' dir='ltr'><strong>sed</strong></span> <span class='ocrx_word' id='word_1_917' title='bbox 2937 5830 3135 5892; x_wconf 86' lang='lat' dir='ltr'><strong>lubrici</strong></span> <span class='ocrx_word' id='word_1_918' title='bbox 3159 5833 3291 5891; x_wconf 71' lang='lat' dir='ltr'><strong>ﬂant</strong></span> <span class='ocrx_word' id='word_1_919' title='bbox 3318 5846 3546 5907; x_wconf 79' lang='lat' dir='ltr'><strong>gressus</strong></span> <span class='ocrx_word' id='word_1_920' title='bbox 3573 5844 3786 5897; x_wconf 68' lang='lat' dir='ltr'><strong>eorum.</strong></span> 
     </span>
    </p>
   </div>
  </div>
