3980 6294
203 340 318 395 9'23
347 369 354 376 -

1132 334 1562 392 liREVIARIUM
1602 335 1667 391 IN
1709 333 2046 394 PSALMOS.
2087 338 2335 396 PSALM.
2377 337 2618 395 XXXIV.

3408 335 3516 392 926

205 459 299 528 qui
334 458 391 512 in
421 457 518 510 hac
550 454 810 524 passione
839 464 1182 524 grassantur,
1209 463 1371 524 atque
1396 454 1464 510 ab
1487 453 1684 525 angelo
1705 452 1815 509 cla-
1841 453 1893 512 Α
1919 455 2105 512 aninue
2135 473 2279 514 mere.
2317 457 2623 513 Exhibente
2665 472 2752 510 me
2778 457 2975 524 vitam,
3011 455 3518 512 condemnaverunt

202 550 390 606 ritatis
422 548 718 602 Dominica:
750 545 1078 616 afﬂigantur.

286 641 552 709 Quoniam
583 640 744 710 gratis
781 639 1160 694 absconderant
1199 639 1328 693 mihi
1357 642 1624 694 interitum
1651 640 1819 711 laquei

204 732 312 786 sui.
341 731 632 797 Bene,sui,
657 731 781 801 quia
803 747 964 800 quem
992 731 1482 800 putabantl)omini
1512 732 1815 798 interitum,

203 838 407 880 eorum
429 823 656 878 effectus
685 833 768 878 est
791 822 1039 893 laqueus.
1077 821 1330 888 Quoniam
1355 823 1516 895 gratis
1537 823 1818 878 absconde-

201 926 331 973 runt
376 917 508 972 mihi
543 918 828 972 interitum.
860 915 1070 983 Gratis,
1102 915 1155 970 id
1188 926 1298 982 est,
1330 915 1451 972 sine
1477 933 1672 981 causa,
1705 928 1812 970 tam

203 1009 384 1066 ιιιᾶωί
419 1007 721 1077 Christum,
752 1023 912 1079 quam
949 1017 1328 1078 persecutores
1360 994 1681 1064 Ecclesiam.
1713 1008 1818 1078 Ipsi

207 1103 542 1172 semetipsos
583 1102 974 1171 Iaqncaverunt
1017 1101 1067 1154 in
1118 1100 1437 1156 vindictam.
1486 1100 1819 1171 Supervacua

203 1196 654 1264 exprobrauerunt
687 1195 916 1247 animam
949 1210 1136 1248 meam.
1182 1193 1326 1247 Nihil
1371 1193 1516 1247 enim
1556 1193 1687 1248 utile
1717 1193 1815 1247 Ita-

203 1289 322 1344 buit
349 1305 419 1343 ex
433 1287 711 1358 probratio
739 1302 957 1342 eorum.

285 1379 476 1435 Veniat
498 1381 606 1434 illis
636 1380 846 1450 laqtuts
867 1396 1017 1449 quem
1041 1380 1309 1450 ignorant.
1342 1378 1653 1435 Exscidium
1687 1377 1817 1434 illud

203 1477 473 1540 minatur,
504 1475 646 1545 quod
677 1475 1016 1544 temporibus
1041 1474 1355 1544 VeSpasiani
1405 1491 1570 1543 super
1599 1488 1694 1529 eos
1723 1473 1816 1528 ad-

203 1569 379 1624 venit.
417 1568 512 1622 Vel
560 1568 929 1639 unusquisque
976 1578 1228 1638 peccator
1264 1569 1514 1623 funiculis
1561 1570 1816 1624 viliormn

203 1674 434 1714 suorum
468 1658 857 1729 constringitur
885 1660 936 1714 in
967 1659 1054 1714 die
1090 1660 1306 1730 judicii.
1345 1660 1412 1713 Et
1451 1660 1624 1732 captio
1663 1677 1818 1732 quam

201 1754 478 1810 abscondit
499 1752 858 1826 apprehendat
885 1771 970 1808 eos
995 1770 1014 1808 :
1038 1754 1090 1807 in
1115 1753 1355 1825 laqueum
1382 1753 1572 1808 cadant
1597 1754 1650 1808 in
1679 1755 1813 1822 ipso.

1920 565 2007 604 me
2039 551 2221 615 morti,
2247 560 2302 606 et
2335 549 2725 607 fecunditatem
2755 549 3026 605 bonorum
3049 547 3360 606 caelestium
3395 565 3520 617 pro-

1920 642 2183 706 mittenti,
2217 642 2342 696 vitm
2367 641 2651 712 penuriam
2682 641 3010 695 intulerunt.
3043 639 3139 695 Sic
3164 639 3407 696 fecerunt
3431 641 3527 696 Ju-

1919 735 2021 789 dzei
2055 734 2277 791 Christo
2308 753 2322 789 :
2353 751 2454 805 pro
2485 735 2647 790 bonis
2673 736 2811 790 mala
2841 733 3220 790 reddiderunt.
3254 733 3522 789 Sterilita-

1920 839 2018 882 tem
2043 830 2234 883 anima:
2254 845 2414 895 mete;
2439 828 2490 883 id
2521 840 2628 894 est,
2650 827 2924 900 quomodo
2950 827 3170 882 illorum
3187 825 3382 882 animus
3409 836 3522 883 ste-
3604 849 3609 854 -

1919 921 2051 974 rites
2080 929 2239 974 erant
2265 920 2332 975 de
2365 920 2534 988 bono,
2569 930 2623 975 et
2652 920 2822 990 plenzc
2846 921 2914 976 de
2936 931 3160 990 peccato
3188 937 3200 974 :
3226 920 3304 974 sic
3331 919 3521 976 volue-

1921 1021 2045 1066 runt
2076 1021 2134 1066 ut
2165 1013 2344 1066 anima
2387 1012 2588 1068 Christi
2624 1012 2834 1068 fuisset.

1996 1105 2106 1176 Ego
2127 1115 2296 1160 autem
2320 1123 2438 1161 cum
2460 1107 2589 1160 mihi
2614 1107 2817 1162 molesti
2840 1117 3028 1172 essent,
3049 1105 3304 1162 induebar
3320 1107 3513 1162 cilicio.

1921 1198 2049 1254 llaec
2077 1209 2200 1253 sunt
2227 1214 2379 1254 arma
2403 1208 2741 1254 sanctorum.
2774 1199 2944 1254 Totos
2971 1210 3150 1254 autem
3178 1199 3418 1268 psalmus
3447 1214 3515 1256 ex

1921 1305 2155 1360 persona
2187 1291 2390 1346 Christi
2418 1302 2525 1358 Bal,
2561 1300 2616 1346 et
2643 1307 2739 1361 per
2765 1291 3041 1346 Christum
3076 1292 3141 1346 ad
3174 1306 3365 1346 omnes
3391 1305 3520 1346 san-

1919 1392 2038 1438 ctos
2068 1382 2260 1439 referri
2298 1393 2506 1455 poteSt.
2539 1383 2803 1439 lnduebar
2830 1385 3023 1438 cilicio.
3071 1384 3136 1438 Et
3175 1384 3516 1439 humiliabam

1920 1479 1973 1531 in
2009 1478 2220 1550 jejunio
2257 1479 2490 1531 animam
2535 1495 2721 1532 meant.
2755 1476 3010 1548 Legimus
3053 1478 3192 1532 illius
3226 1477 3519 1546 jejunium,

1921 1586 2031 1625 non
2065 1571 2296 1639 legimus
2331 1570 2596 1627 cilicium.
2627 1569 2736 1626 Sed
2778 1585 2877 1640 per
2909 1569 3150 1624 cilicium
3182 1578 3518 1639 peccatores,

1920 1662 2048 1730 quia
2085 1661 2313 1716 vestitus
2345 1662 2684 1731 pmnitentite
2711 1672 2815 1716 est.
2849 1660 3116 1716 lnduebar
3145 1661 3334 1716 cilicio.
3366 1661 3442 1717 Ac
3473 1662 3518 1717 si

1921 1757 2066 1811 dicat
2094 1775 2106 1809 :
2139 1755 2316 1810 Induit
2341 1772 2401 1810 se
2424 1755 2688 1810 divinitas
2719 1771 2906 1819 carne,
2940 1764 2992 1809 et
3023 1754 3091 1809 de
3121 1767 3341 1824 peccato
3367 1755 3522 1808 dam-

201 1847 261 1903 In
309 1857 550 1904 mortem
596 1847 782 1918 utique
827 1849 1204 1918 repentinam,
1252 1864 1412 1917 quam
1455 1847 1670 1903 orculte
1715 1846 1815 1917 ipsi
1846 1846 1895 1907 B
1925 1851 2070 1905 navit
2103 1861 2404 1920 peccatum.
2444 1849 2553 1921 Ego
2584 1858 2756 1903 autem
2786 1864 2904 1902 cum
2935 1847 3062 1900 mihi
3088 1847 3292 1902 molesti
3324 1855 3518 1923 essent,

206 1941 442 1996 Domino
472 1949 664 1996 nostro
688 1940 1071 2009 moliebantur,
1100 1950 1158 1995 ut
1189 1942 1316 1996 illud
1348 1961 1359 1994 :
1397 1941 1666 1996 Fuderunt
1689 1951 1816 1998 ante

205 2033 399 2088 faciem
465 2047 638 2089 meam
691 2032 942 2098 foveam,
993 2044 1048 2089 et
1093 2036 1192 2102 ipsi
1221 2035 1536 2090 inciderunt
1588 2035 1641 2089 in
1693 2049 1814 2091 eam

206 2133 224 2196 (
254 2124 344 2180 Ps.
380 2139 476 2180 LVI
501 2123 543 2196 ).
581 2125 644 2179 Et
686 2127 815 2180 itctn
857 2126 1031 2182 dicit:
1063 2126 1296 2180 Foveam
1339 2142 1497 2196 quam
1529 2127 1680 2181 fratri
1725 2136 1816 2181 tuo

207 2233 536 2289 paraveras,
568 2219 619 2273 in
649 2235 768 2274 eam
797 2219 960 2274 cades
993 2219 1178 2290 (Prov.
1211 2220 1381 2280 xxvi).

278 2311 470 2364 Anima
492 2320 663 2365 autem
691 2327 806 2364 mea
822 2311 1098 2365 exsultabit
1121 2314 1170 2365 in
1197 2310 1447 2366 Domino.
1471 2311 1540 2366 Et
1563 2309 1816 2368 Christus

209 2405 257 2461 in
296 2404 482 2470 Patre,
517 2414 571 2459 et
618 2405 860 2461 Ecclesia
893 2406 944 2460 in
984 2406 1228 2460 Christo.
1264 2405 1618 2460 Delectabitur
1661 2421 1815 2476 super

206 2500 422 2554 salutari
471 2503 610 2572 ejus.
659 2498 792 2554 Cum
832 2501 900 2554 ab
939 2515 1004 2554 eo
1040 2500 1400 2556 resuscitatus
1451 2499 1630 2554 tuerit.
1677 2498 1806 2564 Vel,

207 2591 582 2656 delectabitur,
633 2591 736 2646 hoc
763 2602 879 2658 est,
911 2592 1188 2646 Itetabitur
1228 2606 1392 2661 super
1423 2590 1643 2645 salutari
1673 2589 1808 2658 ejus.

205 2686 478 2742 Salutaris
505 2697 693 2740 noster
713 2683 962 2741 Christus
990 2694 1095 2751 est,
1127 2684 1251 2754 quia
1280 2685 1330 2738 in
1366 2686 1484 2754 ipso
1515 2683 1814 2737 delectatur

212 2777 452 2834 Ecclesia
491 2795 503 2831 :
540 2787 597 2831 ut
625 2778 703 2832 ait
726 2777 989 2834 Salomon
1021 2796 1033 2833 :
1064 2778 1195 2846 Qua:
1236 2787 1319 2831 est
1347 2776 1445 2830 ista
1478 2791 1596 2844 qum
1622 2789 1814 2830 ascen-
1844 2762 1856 2772 ’

209 2873 284 2926 dit
348 2871 656 2938 dealbata,
718 2881 772 2927 et
827 2871 1006 2926 innixa
1060 2885 1224 2939 super
1276 2868 1586 2923 fratr-uelem
1655 2882 1810 2922 suum

209 2965 226 3035 (
256 2962 406 3018 Cant.
442 2978 505 3018 ut
537 2962 603 3034 )?

281 3055 473 3110 Omnia
497 3070 618 3109 ossa
645 3071 757 3108 mea
788 3054 961 3107 dicent
985 3070 1002 3108 :
1038 3053 1285 3118 Domine,
1312 3053 1426 3122 quis
1452 3051 1636 3105 similis
1677 3049 1813 3104 tibi?

213 3146 264 3202 In
313 3147 571 3210 ossibus,
627 3145 938 3212 aeternitas,
990 3147 1106 3200 sive
1154 3144 1414 3199 fortitudo
1463 3143 1807 3213 intelligitur,

1919 1942 2172 1998 inducbar
2214 1943 2420 2006 cilicio,
2464 1953 2510 1995 et
2550 1940 2894 1995 humiliubam
2940 1941 2992 1992 in
3029 1940 3240 2012 jejunio
3289 1940 3516 1993 animum

1918 2052 2102 2098 meam,
2139 2046 2186 2088 et
2213 2036 2385 2089 oratio
2413 2050 2529 2088 mea
2571 2035 2623 2087 in
2653 2035 2771 2087 sinu
2809 2048 2919 2087 meo
2952 2042 3295 2086 convertetur.
3339 2031 3520 2088 Induit

1917 2129 2062 2184 enim
2089 2129 2350 2182 Dominus
2382 2127 2735 2197 asperitatem
2778 2125 3078 2194 passionis,
3113 2131 3170 2178 et
3202 2123 3406 2179 luctum
3442 2124 3514 2180 de

1917 2221 2114 2274 duritia
2166 2219 2349 2289 populi
2397 2235 2506 2273 non
2549 2217 2832 2273 credentis
2869 2235 2882 2270 :
2915 2214 3216 2271 celebravit
3251 2216 3517 2286 jejunium

1919 2327 2091 2383 usque
2121 2311 2186 2366 ad
2212 2325 2497 2380 vesperam
2520 2354 2533 2379 ,
2579 2325 2702 2365 cum
2736 2310 2788 2364 in
2818 2323 3046 2380 vespera
3079 2309 3265 2363 mundi
3296 2310 3514 2364 oblatus

1917 2413 2034 2470 est,
2071 2419 2170 2474 pro
2200 2404 2389 2458 mundi
2429 2403 2622 2458 salute.
2657 2401 2932 2457 Conversa
2973 2411 3059 2457 est
3080 2404 3259 2457 oratio
3299 2401 3420 2472 ejus
3461 2403 3514 2457 in

1917 2499 2092 2554 sinum
2125 2499 2323 2561 Patris,
2359 2514 2482 2554 cum
2517 2499 2567 2552 in
2602 2497 2775 2552 nihilo
2802 2507 2890 2553 est
2919 2496 3211 2552 frustratus
3246 2513 3274 2551 a
3323 2497 3520 2568 Patre,

1917 2603 1966 2648 et
2001 2593 2160 2647 Pater
2191 2609 2298 2647 non
2340 2592 2495 2660 quasi
2528 2591 2724 2646 minori
2757 2591 3031 2660 praestitit,
3065 2589 3158 2644 sed
3203 2599 3260 2644 ut
3304 2604 3517 2644 assunt-

1916 2692 2068 2755 ptum
2103 2685 2376 2740 hominem
2408 2684 2740 2740 declararet.
2765 2681 3013 2739 Christus
3042 2697 3150 2738 non
3195 2684 3509 2751 carnaliter,

1914 2778 2008 2832 sed
2047 2777 2414 2847 spiritualiter
2440 2775 2733 2847 jejunavit.
2769 2775 3030 2830 Esuriens
3061 2775 3214 2830 venit
3251 2774 3319 2829 ad
3347 2775 3508 2829 arboo

1916 2887 2030 2924 rem
2061 2871 2144 2925 ﬁci
2175 2889 2188 2926 :
2221 2870 2415 2925 sitiens
2441 2869 2592 2924 venit
2616 2868 2681 2923 ad
2706 2869 2932 2923 fontem.
2967 2868 3254 2923 Esuriebat
3280 2869 3513 2924 salutem

1919 2963 2139 3016 humani
2171 2962 2388 3032 generis
2425 2978 2439 3018 :
2471 2961 2694 3016 sitiebat
2723 2960 2885 3015 fidem
2913 2959 3190 3014 Ecclesite.
3220 2960 3515 3018 Esuriebat

1917 3059 1968 3112 in
2004 3058 2277 3128 passione,
2307 3055 2526 3124 quando
2560 3068 2771 3116 omnes,
2800 3053 3038 3108 maxime
3067 3053 3317 3124 apostoli,
3349 3069 3514 3123 nega-

1915 3158 2134 3216 verunt,
2168 3148 2266 3202 nisi
2301 3156 2512 3202 tantum
2551 3147 2690 3200 latro
2721 3146 2772 3200 in
2803 3159 2965 3199 cruce
2996 3144 3281 3199 confessus
3309 3155 3411 3198 est.
3445 3143 3512 3199 Et

210 3241 349 3310 quod
378 3239 448 3295 ad
491 3240 772 3310 apostolos
813 3238 1048 3294 refertur
1078 3255 1091 3290 :
1127 3247 1181 3291 ut
1225 3237 1423 3307 quibus
1453 3236 1565 3289 visa
1609 3235 1808 3290 fuerint
1833 3232 1881 3296 C
1913 3245 2078 3298 oratio
2101 3261 2212 3297 mea
2235 3245 2287 3297 in
2313 3244 2429 3297 sinu
2454 3257 2570 3294 meo
2591 3249 2934 3294 convertatur.
2954 3239 3068 3293 lloc
3095 3247 3200 3306 est,
3220 3239 3272 3293 in
3297 3253 3511 3294 secreto

212 3335 442 3405 primum
498 3334 664 3390 verba
722 3333 1147 3389 resurrectionis
1197 3331 1352 3409 quasi
1409 3331 1799 3393 deliramenta,

211 3443 349 3483 nunc
379 3427 708 3484 collaudent
751 3436 806 3481 et
833 3425 1018 3481 dicant
1061 3443 1074 3479 :
1122 3424 1252 3492 Quis
1295 3425 1482 3478 sinitis
1525 3423 1655 3476 tibi?
1703 3421 1804 3477 hoc

212 3528 311 3589 est,
340 3524 463 3592 quis
495 3529 554 3576 ut
582 3528 637 3574 tu
665 3519 831 3590 potuit
875 3519 944 3573 de
976 3526 1151 3572 morte
1183 3516 1481 3572 revocare?
1515 3515 1608 3570 Vel
1639 3530 1763 3568 ossa
1787 3559 1800 3582 ,

211 3612 471 3670 fortiores
501 3612 704 3684 sancti,
740 3612 819 3666 vel
840 3614 1070 3666 virtutes
1102 3618 1436 3663 sanctorum.
1465 3609 1597 3673 Quis
1618 3606 1806 3662 similis

213 3705 336 3759 tibi?
363 3708 440 3760 Ac
476 3705 520 3759 si
555 3704 721 3768 dicat,
755 3703 947 3757 Nemo.
971 3701 1094 3756 Alio
1127 3701 1250 3756 loco
1273 3700 1400 3755 dicit
1436 3719 1448 3753 :
1488 3700 1648 3765 Deus,
1684 3698 1806 3768 quis

213 3799 397 3856 similis
420 3798 566 3872 tibi(
598 3796 746 3852 Psal.
779 3813 884 3851 ux
911 3796 965 3867 )‘l
993 3795 1044 3849 id
1072 3802 1154 3850 est
1174 3837 1189 3861 ,
1215 3794 1417 3848 nullus.

285 3893 525 3966 Eripiens
569 3894 778 3961 inopem
829 3892 894 3944 de
940 3905 1099 3943 manu
1148 3889 1426 3960 fortiorum
1463 3891 1597 3959 ejus.
1646 3886 1806 3955 Inops

215 3985 460 4041 Christus
487 4002 588 4055 pro
619 3985 796 4047 nobis,
829 3991 888 4038 ut
921 3982 1064 4037 illius
1092 3980 1271 4052 inopia
1306 3995 1404 4035 nos
1429 3980 1630 4034 divites
1657 3978 1806 4034 face-

215 4087 316 4133 ret.
339 4079 416 4135 De
439 4092 604 4134 manu
631 4076 951 4132 fortiorum:
983 4074 1033 4129 id
1066 4086 1174 4138 est,
1205 4073 1273 4128 de
1304 4089 1463 4127 manu
1494 4071 1805 4127 Judaeorum

220 4169 470 4228 liberavit
509 4187 636 4228 eum
670 4171 816 4226 Deus
847 4170 1027 4226 Pater.
1070 4167 1234 4237 Inops
1268 4167 1553 4231 Christus,
1587 4181 1652 4221 ex
1685 4182 1810 4236 per-

219 4276 345 4321 sona
374 4265 756 4321 membrorum
775 4277 998 4319 suorum
1030 4263 1282 4334 loquitur.
1319 4259 1558 4330 Egenum
1597 4270 1643 4314 et
1676 4277 1808 4330 pau-

219 4371 384 4426 perem
416 4376 449 4412 a
495 4357 859 4428 diripientibus
898 4372 1037 4411 eum.
1073 4356 1114 4410 Α
1149 4353 1516 4424 potestatibus
1552 4353 1808 4408 tenebra-

222 4464 360 4505 rum.
393 4453 635 4522 Quorum
660 4452 894 4507 maxima
922 4452 1095 4507 virtus
1119 4460 1223 4515 est,
1252 4458 1309 4502 ut
1335 4449 1546 4518 possint
1570 4447 1810 4516 diripere

224 4556 481 4614 pauperes
513 4556 654 4601 tuos.

1908 3338 1963 3392 Ι)-
1991 3337 2204 3393 iPatris
2233 3337 2446 3406 agebat.
2480 3335 2547 3390 Et
2568 3333 2747 3390 sancti
2777 3343 2936 3388 orant
2965 3335 3016 3388 in
3044 3343 3284 3388 secreto:
3313 3333 3366 3387 id
3389 3341 3496 3396 est,

1908 3431 1959 3484 in
2007 3429 2212 3496 corde,
2246 3427 2334 3482 ubi
2372 3428 2511 3482 Deus
2544 3425 2758 3480 videtur
2795 3437 2851 3480 ut
2902 3426 2952 3480 in
2987 3425 3291 3495 Evangelia
3325 3441 3339 3480 :
3371 3425 3505 3479 Cum

1908 3537 2056 3586 oras,
2092 3521 2230 3574 intra
2261 3520 2312 3574 in
2344 3519 2652 3574 cubiculum
2681 3526 2854 3584 tuum,
2889 3526 2942 3572 et
2970 3533 3066 3571 ora
3099 3518 3312 3572 Patrem
3348 3527 3496 3572 tmun

1910 3618 1960 3671 in
1991 3613 2314 3670 abscondito
2341 3615 2362 3685 (
2389 3613 2539 3668 Matt.
2573 3629 2625 3668 Vl
2651 3612 2693 3684 ).
2722 3615 2787 3668 Et
2815 3614 2968 3667 Anna
3003 3611 3197 3666 orabat
3219 3614 3270 3666 in
3305 3614 3508 3684 templo

1911 3712 1928 3782 (
1959 3709 1975 3764 l
2008 3709 2139 3782 Reg.
2164 3723 2179 3762 I
2205 3707 2250 3778 ).

1985 3802 2147 3870 Quasi
2189 3801 2524 3874 proximum,
2573 3800 2724 3870 quasi
2775 3801 2988 3871 fratrem
3037 3809 3291 3853 nostrum.
3334 3799 3392 3854 Si
3443 3815 3510 3854 ex

1909 3909 2145 3966 persona
2182 3892 2348 3947 David
2376 3891 2645 3962 psalmum
2679 3892 3000 3962 accipimus,
3029 3892 3340 3961 proximum
3369 3892 3514 3946 acci-

1914 3990 2090 4058 pimus
2133 3986 2377 4043 Saulem.
2430 3985 2485 4041 Si
2538 4001 2602 4039 ex
2647 3985 2886 4049 Christi,
2927 3983 3122 4039 ludam
3175 3982 3512 4053 proditorem

1913 4081 2223 4152 proximum
2258 4088 2436 4133 vocat.
2491 4078 2581 4132 Vel
2631 4077 2948 4147 proximus,
2983 4087 3038 4132 et
3066 4078 3234 4132 frater
3259 4078 3517 4133 Christus

1913 4174 2119 4231 Juda-is
2159 4191 2173 4228 :
2222 4173 2350 4244 quia
2395 4172 2464 4228 de
2512 4172 2646 4242 ipsis
2691 4171 3085 4226 humanitatem
3135 4172 3378 4225 attraxit.
3429 4169 3515 4225 Ita

1914 4267 2310 4342 complacebam.
2343 4267 2400 4322 Id
2432 4277 2547 4332 est,
2584 4266 2695 4322 Deo
2730 4266 2874 4321 Patri
2905 4266 3116 4322 :frater
3135 4280 3198 4318 ac
3227 4269 3513 4334 proximus

1915 4369 2034 4416 erat
2055 4369 2282 4429 pr0pter
2305 4358 2718 4429 generationem
2743 4370 3088 4427 corpoream.
3115 4354 3276 4423 Quasi
3303 4354 3509 4427 lugens,

1916 4461 1964 4505 et
1994 4451 2355 4515 contristatae,
2385 4451 2465 4504 sic
2508 4447 2846 4502 humiliabar.
2879 4448 3124 4520 Lugebat
3148 4449 3293 4506 enim
3313 4491 3328 4517 ,
3366 4465 3510 4518 cum,

1917 4542 2264 4597 confortante
2285 4541 2505 4611 angelo,
2524 4548 2694 4609 guttm
2719 4540 2938 4594 sudoris
2955 4540 3072 4612 ejus
3095 4550 3368 4612 tamquam
3391 4556 3519 4595 san—

292 4634 642 4710 Eazsurgentes
663 4645 810 4692 testes
832 4637 1022 4708 iniqui,
1048 4651 1162 4706 qua!
1182 4635 1488 4707 ignorabant
1517 4635 1811 4704 interroga-
1835 4620 1890 4681 D
1916 4635 2037 4705 guis
2063 4631 2378 4688 deﬂuebant
2418 4631 2485 4686 ad
2515 4639 2744 4685 terram.
2780 4631 2845 4686 Et
2870 4633 3228 4688 contristatus
3271 4641 3356 4688 est
3392 4648 3516 4690 cum

225 4726 342 4782 bant
370 4748 464 4785 me.
502 4731 859 4802 Evangelium
894 4729 1061 4785 falsos
1090 4737 1258 4784 testes
1291 4727 1427 4783 dicit
1460 4745 1471 4782 :
1518 4727 1813 4796 Propheta,

225 4818 454 4893 iniquos.
481 4825 545 4880 Et
569 4825 686 4880 falsi
712 4840 850 4895 quos
884 4823 1234 4894 Evangelium
1252 4833 1432 4890 vocat,
1466 4822 1812 4893 interrogan-

227 4921 345 4980 tur;
375 4919 444 4973 de
471 4919 667 4989 quibus
695 4933 829 4974 vero
857 4918 1120 4989 propheta
1150 4917 1410 4988 loquitur,
1446 4919 1808 4986 interrogant.

225 5004 378 5064 Unde
407 5011 817 5082 intelligendum
849 5023 934 5069 est
963 5011 1108 5082 quod
1143 5011 1424 5081 principes
1463 5009 1810 5066 sacerdotum

224 5111 348 5156 sunt
375 5103 550 5177 iniqui
581 5117 784 5173 testes,
829 5108 920 5176 qui
949 5106 1423 5176 interrogaverunt
1453 5121 1573 5175 quae
1604 5102 1811 5159 nescie-

228 5189 380 5262 bant,
430 5197 673 5256 dicentes
707 5217 720 5252 :
756 5197 1091 5268 Adjuramus
1124 5207 1174 5252 te
1216 5213 1309 5267 per
1332 5196 1537 5262 Demn,
1574 5206 1630 5249 ut
1662 5195 1813 5251 dicas

226 5284 377 5342 nobis
409 5287 455 5343 si
485 5301 540 5346 tu
572 5305 633 5345 es
664 5290 830 5346 Filius
858 5290 954 5347 Dei
983 5289 1138 5363 (Mat.
1173 5289 1348 5364 χχιιι).
1386 5288 1603 5344 Dicente
1627 5299 1811 5342 autent

227 5373 340 5443 “'0.
369 5380 480 5451 Ego
510 5399 651 5452 sum,
685 5384 971 5440 sciderunt
994 5383 1319 5439 veStimenta
1345 5398 1464 5452 sua,
1490 5395 1543 5437 et
1571 5385 1728 5452 quasi
1761 5385 1810 5437 in

231 5470 595 5532 testimonium
644 5477 1026 5532 clamaverunt
1073 5496 1084 5531 :
1139 5474 1244 5546 Ipsi
1287 5474 1514 5529 audistis
1554 5473 1812 5542 blasphe-

229 5562 413 5632 miam;
447 5570 578 5642 quid
621 5572 794 5629 adhuc
842 5571 1136 5643 quaerimus
1169 5569 1373 5624 testes?
1414 5569 1632 5623 Falsum
1669 5571 1814 5625 enim

231 5666 344 5710 erat
387 5665 791 5733 testimonium,
823 5676 881 5720 ut
929 5664 1176 5720 dicerent
1217 5677 1341 5718 eum
1385 5659 1815 5732 blasphetnassc,

231 5747 317 5812 qui
345 5749 556 5810 dixerat
583 5758 893 5813 veritatem.

304 5838 364 5898 Et
394 5848 738 5907 retribuebunt
788 5849 915 5905 mihi
952 5849 1092 5910 ntala
1125 5866 1220 5924 pro
1261 5849 1406 5905 bonis
1449 5866 1463 5904 :
1495 5845 1819 5902 sterilitatem

1919 4728 2130 4783 diceret
2163 4743 2178 4782 :
2211 4724 2412 4780 Tristis
2451 4733 2536 4780 est
2566 4723 2748 4778 anima
2792 4739 2910 4779 mea
2955 4740 3125 4794 usque
3168 4727 3234 4781 ad
3285 4737 3517 4783 mortem

1920 4819 2138 4893 (Matth.
2166 4816 2353 4888 xxvi).
2383 4816 2676 4886 Tamquam
2695 4817 2876 4890 lugens
2897 4826 2946 4872 et
2969 4821 3326 4876 contristatus.
3353 4821 3521 4892 Luge-

1918 4912 2012 4966 bat
2040 4910 2293 4967 ChriStus
2322 4923 2424 4980 pro
2453 4919 2607 4979 parte
2639 4919 2848 4974 nostra,
2873 4919 2932 4963 ut
2963 4910 3094 4964 illud
3121 4927 3133 4962 :
3175 4911 3404 4980 Videns,
3431 4917 3516 4970 ine

1918 5004 2064 5074 quit,
2097 5003 2411 5070 civitatem,
2447 5001 2598 5057 flevit
2638 5016 2805 5072 super
2833 5015 2956 5056 eam
3002 5001 3175 5075 (Luc.
3227 5019 3318 5060 χιιι
3349 5005 3388 5078 ).
3435 5007 3520 5063 Ita

1918 5097 2274 5152 humiliabar:
2316 5099 2442 5168 quia
2492 5094 2742 5151 Christus
2793 5096 3114 5151 humiliatus
3160 5109 3245 5152 est
3291 5099 3343 5154 in
3390 5116 3522 5171 pas-

1920 5197 2093 5251 sione.
2132 5194 2246 5260 Vel,
2279 5195 2354 5250 sic
2378 5196 2765 5268 complacebam
2793 5212 2811 5250 :
2843 5197 2964 5268 quia
3003 5197 3376 5267 complacehat
3417 5198 3518 5251 Pa-

1923 5292 1987 5344 tri
2021 5305 2118 5359 per
2149 5289 2309 5345 fidem
2339 5301 2392 5347 et
2418 5305 2596 5362 spem.

1998 5382 2063 5437 Et
2101 5383 2376 5437 adversum
2427 5399 2506 5436 me
2545 5383 2708 5439 lwtati
2747 5393 2890 5438 sunt.
2924 5383 3114 5439 Lattati
3154 5393 3283 5438 sunt
3325 5383 3523 5452 Juda-i,

1922 5477 2142 5549 quando
2165 5476 2446 5533 Chrismm
2477 5477 2984 5548 appreltcnderunt,
3012 5488 3064 5532 ut
3093 5493 3218 5533 eum
3247 5479 3523 5552 cruciflgc~

1925 5580 2069 5626 rent.
2101 5570 2165 5625 Et
2194 5580 2542 5626 convenerunt
2580 5571 2632 5624 in
2672 5587 2857 5625 unum.
2891 5571 2971 5626 Ad
3002 5571 3105 5626 hoc
3127 5583 3526 5640 convenerunt,

1921 5670 1982 5716 ut
2022 5661 2307 5716 Christum
2354 5661 2769 5731 crucifigerent,
2822 5678 2931 5718 non
2975 5673 3033 5718 ut
3079 5663 3389 5720 crederent.
3426 5664 3526 5722 Vel

1922 5754 2188 5809 adversus
2219 5769 2305 5809 me
2337 5754 2650 5825 congregati
2679 5763 2800 5809 sunt
2825 5797 2839 5823 ,
2868 5766 2921 5812 et
2949 5766 3330 5812 convenerunt
3349 5798 3364 5824 ,
3405 5773 3528 5816 cum

1931 5847 2240 5905 traditionis
2273 5863 2410 5904 mea:
2438 5848 2862 5918 promissionem
2896 5850 3183 5909 haberent.
3210 5849 3536 5926 Congregata
