3980 6280
442 290 552 350 9Ξ7

1227 287 1578 347 APPENDIX
1618 287 1710 344 AD
1747 287 1995 347 TOMUM
2031 285 2385 344 SEPTIMUM
2424 285 2485 343 S.
2529 284 2940 344 illERONYMI.

3642 283 3753 343 938

449 420 567 466 sunt
603 409 658 465 in
699 424 778 463 me
802 406 1036 479 ﬂagella.
1070 405 1514 477 Flagellaverunt
1556 404 1866 472 Christum,
1903 406 2047 462 sicut
2072 405 2124 466 Α
2150 402 2348 475 (Ibid.)
2377 402 2486 459 Sed
2515 402 2630 458 haec
2663 404 2886 474 paciﬁca
2919 403 3077 474 plena
3108 411 3262 460 erant
3288 403 3419 460 dolo
3446 413 3505 460 et
3546 405 3651 461 ira.
3688 404 3753 460 Et

456 502 624 560 dixit:
650 501 784 558 Cum
812 499 1010 572 gladiis
1031 509 1084 555 et
1114 499 1352 556 fustibus
1380 497 1450 554 ad
1473 514 1558 554 me
1580 499 1806 555 venistis
1825 498 2043 570 (Matth.

451 593 626 669 xxvr).
661 596 728 650 Et
749 594 954 650 Pilatus
982 593 1120 650 dixit
1151 611 1165 649 :
1196 593 1465 649 Dimittam
1493 607 1614 648 eum
1639 593 1994 649 emendatum
2029 610 2044 650 :

455 687 509 744 id
549 697 662 756 est,
695 686 1022 758 ﬂagellatam
1063 687 1353 742 dimittam.
1385 685 1455 741 Et
1494 702 1599 741 non
1638 687 1872 758 cognovi.
1906 683 2047 754 Quid

457 797 566 840 non
606 782 961 854 cognoverit,
992 782 1274 854 qumritur.
1307 779 1534 849 Quidam
1572 789 1764 851 putant
1803 778 2046 835 dolorem

454 875 738 933 vulnerum
780 891 900 946 qua:
946 874 1250 946 patiebatur
1278 873 1332 928 in
1371 887 1553 929 cruce.
1585 871 1694 929 Sed
1740 873 1932 928 melius
1979 871 2046 927 ad

456 979 677 1042 precata
714 969 989 1037 refertur,
1031 967 1174 1040 quod
1222 983 1327 1022 non
1370 966 1618 1022 habuerit
1659 965 2047 1022 conscientiam

456 1071 834 1135 peccatorum,
863 1076 1033 1134 quare
1077 1059 1366 1116 cruciﬁxus
1395 1060 1485 1114 sit.
1529 1059 1597 1114 Et
1624 1058 1870 1130 ignoravi
1895 1103 1908 1122 ,
1941 1073 2047 1114 non

460 1155 603 1228 quod
651 1155 862 1226 ignoret
893 1154 1143 1209 Christus
1181 1151 1386 1222 aliquid
1433 1168 1447 1206 :
1492 1150 1587 1206 sed
1622 1150 1892 1222 ignoravi,
1924 1151 2050 1222 quia

457 1257 682 1321 propter
707 1247 850 1319 quod
884 1247 1033 1302 istud
1066 1245 1199 1301 mihi
1237 1243 1474 1310 accidit,
1506 1258 1613 1299 non
1655 1242 1922 1299 commisi.
1957 1243 2052 1298 Vel

459 1341 892 1411 iguoraveruut,
947 1338 1090 1411 quod
1141 1337 1284 1394 Deus
1351 1337 1452 1393 sub
1514 1337 1694 1394 carnis
1747 1336 2052 1393 velamento

460 1433 676 1491 lateret.

536 1527 793 1597 Dissipati
823 1535 961 1580 sunt.
992 1525 1038 1580 A
1071 1524 1296 1581 vinculo
1327 1522 1630 1581 charitatis.
1665 1523 1776 1578 Nec
1807 1540 2055 1592 compun-

460 1620 550 1674 cti.
584 1613 908 1689 Ut'agerent
929 1616 1327 1688 paenitentiam.
1357 1615 1703 1670 Tentaverunt
1735 1632 1832 1670 me.
1868 1615 2055 1671 Multis

462 1713 640 1771 modis
683 1722 1028 1769 tentaverunt
1053 1711 1226 1768 ,ἰυόωὶ
1258 1709 1557 1778 Christum,
1589 1710 1730 1765 sicut
1755 1709 1891 1766 dixit
1919 1723 2055 1764 unus

2148 497 2203 552 in
2243 497 2523 552 iracundia
2554 498 2704 553 dolos
2745 498 3060 571 cogitabant.
3094 497 3183 556 Sic
3211 498 3612 570 loquebantur,
3657 497 3752 553 sed

2147 592 2481 663 cogitabant,
2500 600 2558 647 ut
2579 592 3056 665 apprehenderent
3079 607 3226 659 eum,
3247 603 3303 647 et
3326 593 3568 664 ligarcnt
3589 607 3712 648 eum
3734 608 3750 646 :

2151 685 2296 740 sicut
2322 695 2508 756 postea
2531 686 2801 742 fecerunt.
2837 687 2892 742 In
2925 687 2999 742 ira
3046 687 3149 743 hoc
3177 687 3460 749 fecerunt,
3495 689 3641 741 sicut
3666 685 3755 742 la.

2150 779 2319 835 cobus
2351 781 2424 836 ait
2458 797 2471 835 :
2507 779 2588 834 ira
2617 781 2716 835 viri
2745 780 3016 846 justitiam
3058 779 3156 834 Dei
3189 795 3295 834 non
3327 779 3632 850 Operatur(
3661 777 3758 832 Ja-

2151 873 2267 928 cob.
2301 871 2364 944 l).
2394 871 2459 926 Et
2483 872 2624 928 sicut
2649 871 2781 926 alibi
2813 871 2945 926 dicit
2981 890 2994 925 :
3025 871 3324 926 lraseimiui
3351 879 3407 926 et
3426 869 3601 926 nolite
3633 884 3761 942 pec-

2151 978 2278 1020 care
2306 963 2496 1036 (Psal.
2530 962 2644 1035 tv).
2678 963 2774 1020 Sol
2819 980 2925 1020 non
2971 962 3182 1020 occidat
3221 978 3385 1034 super
3415 961 3758 1018 iracundiam

2153 1068 2391 1113 veSIram
2421 1058 2439 1128 (
2467 1057 2660 1130 ls‘plies.
2690 1057 2785 1128 tv).

2230 1149 2592 1205 Dilalaverunt
2638 1166 2795 1222 super
2845 1167 2925 1204 me
2989 1166 3046 1205 os
3107 1166 3283 1205 suum.
3353 1148 3758 1216 Dilatavcrunt,

2153 1241 2373 1312 quando
2392 1250 2785 1297 accusaverunt
2817 1243 2868 1296 in
2899 1240 3276 1312 blasphemiis.
3300 1240 3758 1306 Et,dilataverunt

2154 1352 2309 1406 super
2341 1352 2417 1390 me
2448 1352 2504 1390 os
2528 1352 2677 1390 suum
2711 1353 2728 1391 :
2759 1337 2883 1407 quia
2925 1351 3033 1390 non
3082 1334 3257 1391 solum
3291 1347 3652 1406 peccaverunt
3698 1337 3760 1390 in

2159 1444 2245 1484 me
2289 1446 2303 1483 :
2345 1428 2442 1484 sed
2487 1431 2654 1486 etiam
2691 1431 3132 1496 insultaverunt,
3174 1430 3420 1487 dicentes
3453 1449 3466 1486 :
3499 1429 3556 1486 Si
3589 1430 3764 1486 Filius

2160 1521 2260 1578 Dei
2287 1532 2370 1578 est
2390 1565 2404 1588 ,
2435 1523 2736 1581 descendat
2763 1525 2831 1581 de
2859 1540 3045 1592 cruce,
3075 1534 3130 1580 et
3156 1525 3434 1580 credimus
3461 1526 3508 1580 ei
3540 1523 3762 1595 (Matth.

2160 1618 2354 1686 xxvn).
2383 1614 2676 1673 Dixerunt;
2695 1617 2859 1690 Euge,
2884 1617 3410 1690 euge.SicutLdicitjn
3434 1618 3763 1688 Evangelio:

2162 1714 2330 1784 Euge,
2363 1728 2520 1769 serve
2552 1714 2714 1781 bone,
2751 1723 2805 1769 et
2835 1713 3014 1770 ﬁdelis
3041 1712 3196 1785 (Luc.
3231 1712 3382 1785 χιιι).
3416 1711 3516 1768 Vel
3540 1727 3648 1767 vos
3678 1712 3772 1767 Ju-

461 1825 527 1866 ex
571 1809 703 1880 ipsis
742 1825 757 1862 :
791 1807 1089 1880 Magister,
1140 1805 1287 1878 quod
1339 1813 1423 1861 est
1464 1805 1702 1877 primum
1748 1802 2058 1858 mandatum
2091 1806 2138 1867 B
2164 1807 2406 1863 donorum
2430 1816 2553 1862 est:
2585 1820 2648 1861 ac
2678 1808 2723 1861 si
2756 1807 2900 1862 dicat
2933 1825 2946 1862 :
2975 1807 3144 1870 Bene,
3175 1805 3314 1861 bene
3339 1805 3591 1860 videmus
3622 1803 3770 1874 quod

463 1903 684 1974 (Matth.
715 1901 875 1971 uti)?
907 1899 1366 1956 Subsannaverunt
1396 1914 1474 1951 me
1495 1896 1916 1952 subsannatione.
1949 1895 2053 1950 De-

463 1995 720 2054 ludcntes
748 2003 912 2067 atque
934 1994 1214 2048 dicentes:
1238 1990 1375 2057 Ave,
1405 2005 1498 2045 rex
1524 1989 1835 2045 Judaeorum
1871 1986 2053 2058 (Joan.

464 2090 606 2162 xu).
637 2089 1006 2145 Frenduerunt
1023 2105 1179 2162 super
1201 2104 1280 2142 me
1301 2087 1542 2141 dentibus
1564 2087 1691 2140 suis.
1722 2085 2054 2148 Clamantes,

463 2185 733 2258 Cruciﬁge
763 2201 908 2242 eum.
933 2185 1038 2240 Per
1057 2191 1238 2238 motus
1256 2181 1521 2252 corporis,
1536 2179 1850 2234 ostenditur
1877 2187 2056 2232 motus

463 2280 683 2334 animae.
708 2278 812 2332 Per
833 2276 1024 2331 dentes
1049 2273 1376 2343 intelligitur
1405 2271 1608 2326 malitia
1637 2270 1794 2341 :quia
1821 2285 1918 2340 per
1944 2285 2058 2325 ma-

465 2371 638 2427 litiam
681 2370 859 2440 ipsqu
906 2366 1335 2432 cruciﬁxerunt,
1382 2371 1440 2420 et
1494 2362 1548 2418 in
1605 2364 1750 2418 hunc
1800 2360 2057 2418 dentibus

467 2464 789 2524 striderunt.

539 2555 763 2611 Domine
789 2600 803 2623 ,
853 2556 1060 2626 quando
1094 2552 1360 2624 respicies.
1402 2551 1671 2623 Propheta
1709 2565 1774 2606 ex
1826 2563 2057 2619 persona

469 2649 733 2708 Ecclesia:
778 2649 931 2704 dicit.
963 2648 1044 2705 Ac
1074 2648 1117 2703 si
1153 2647 1296 2703 dicat
1327 2662 1341 2700 :
1373 2646 1608 2718 Respice
1639 2646 1910 2702 malorum
1959 2644 2060 2700 ini-

464 2745 759 2814 quitatem,
790 2749 846 2797 et
871 2756 1046 2796 meam
1083 2741 1344 2812 justitiam
1387 2740 1456 2795 ab
1497 2739 1628 2809 ipsis
1673 2739 1945 2794 discerne.
1993 2736 2060 2792 Et

463 2837 701 2890 restitues
731 2835 962 2889 animam
993 2851 1158 2890 meam
1186 2850 1218 2888 a
1252 2834 1576 2907 malignitate
1600 2848 1799 2899 eorum,
1833 2849 1864 2885 a
1892 2829 2059 2884 leoni-

463 2928 554 2983 bus
596 2928 803 2982 unicam
831 2943 1016 2982 meam.
1049 2927 1258 2984 Leones
1291 2928 1439 2998 ipsos
1485 2934 1864 2995 persecutores
1905 2921 2058 2985 dicit,

466 3021 557 3092 qui
591 3021 826 3076 animam
857 3021 978 3090 ejus
1004 3021 1272 3093 deglutirc
1299 3034 1394 3075 ore
1431 3019 1744 3074 nitebantur
1773 3037 1785 3072 :
1819 3021 1916 3072 sed
1946 3017 2062 3087 ejus

468 3113 875 3170 resnrrectione
901 3113 1111 3170 confusi
1143 3121 1289 3168 sunt.
1322 3113 1462 3168 Ecce
1489 3127 1749 3168 conversa
1779 3119 1865 3167 est
1887 3111 2062 3165 oratio

2161 1901 2618 1969 exspectavimus,
2640 1901 2748 1955 illa:
2769 1901 3001 1958 virtutes
3019 1916 3153 1972 quas
3181 1899 3436 1966 faciebas,
3451 1899 3602 1970 quod
3629 1898 3767 1953 nihil

2161 2004 2340 2051 erant.
2388 1995 2480 2050 Vel
2531 1995 2820 2061 dixerunt,
2861 1995 3001 2050 bene
3051 2011 3064 2048 :
3111 1993 3207 2049 sed
3255 1993 3468 2047 dolose.
3511 1991 3771 2046 Viderunt

2162 2090 2303 2142 oculi
2329 2089 2515 2144 nostri.
2565 2089 2701 2157 Quia
2755 2104 2862 2144 non
2913 2088 3116 2160 accipis
3161 2101 3457 2159 personam
3504 2084 3770 2153 hominis,

2163 2197 2264 2238 nec
2288 2191 2371 2238 est
2404 2183 2498 2238 tibi
2525 2198 2655 2239 cura
2677 2183 2746 2238 de
2773 2183 2976 2252 aliquo.

2240 2275 2464 2341 Vidisti,
2511 2275 2755 2331 Domine.
2802 2275 3000 2342 Pater,
3040 2275 3320 2330 illusiones
3359 2287 3573 2329 eorum.
3603 2271 3681 2327 Ac
3721 2269 3772 2326 si

2162 2370 2342 2426 dicat:
2375 2368 2569 2424 Vidisti
2592 2369 2715 2424 il!os
2736 2368 2800 2422 ad
2823 2366 3200 2438 judicandum.
3232 2364 3771 2433 Nesileas,Domine.

2162 2461 2242 2518 Ne
2283 2470 2486 2517 taceas.
2532 2460 2703 2517 Tacet
2740 2459 2933 2528 modo,
2966 2470 3017 2515 et
3061 2474 3170 2514 non
3202 2467 3391 2514 tacet:
3426 2458 3478 2512 id
3505 2465 3620 2522 est,
3659 2471 3769 2512 non

2162 2565 2306 2613 tacet
2337 2555 2676 2619 mandatum,
2714 2563 2858 2610 tacet
2879 2553 3167 2625 judicium.
3193 2553 3272 2608 Te
3301 2552 3353 2606 in
3389 2551 3766 2607 testimonium

2164 2650 2392 2716 advoco,
2417 2665 2540 2704 cum
2566 2649 2885 2717 judicavero
2911 2646 3195 2702 mundum.
3225 2643 3310 2699 Ne
3336 2644 3575 2698 discedas
3601 2660 3633 2695 a
3662 2659 3763 2696 me.

2163 2743 2299 2812 Quia
2345 2743 2559 2798 Patera
2593 2741 2736 2797 Filio
2780 2756 2885 2796 non
2929 2739 3184 2795 discessit
3232 2739 3284 2792 in
3329 2737 3609 2809 passione.
3656 2735 3768 2791 Sed

2168 2847 2273 2892 tuae
2328 2837 2638 2892 adhatream
2686 2835 2957 2901 dexterae,
3001 2833 3176 2890 donec
3221 2832 3380 2905 digna
3422 2833 3628 2889 ultione
3667 2848 3770 2902 pu-

2166 2929 2410 2985 niantur.

2241 3021 2760 3096 Ea'surge,Domine,
2779 3035 3012 3089 exsurge.
3046 3019 3161 3075 Hoc
3181 3026 3286 3086 est,
3316 3018 3369 3073 in
3401 3018 3762 3088 adiutorium.

2165 3114 2390 3170 Intende
2408 3113 2661 3182 iudicium
2687 3128 2878 3166 meum.
2916 3110 2971 3166 Id
3001 3119 3105 3178 est,
3136 3110 3388 3165 discerne
3415 3110 3556 3164 inter
3579 3124 3664 3164 me
3711 3117 3769 3164 et

467 3204 584 3275 ejus
616 3205 668 3260 in
691 3205 866 3260 sinum
895 3205 1032 3274 ejus,
1061 3220 1182 3262 cum
1208 3206 1389 3271 unica,
1420 3203 1470 3258 id
1498 3212 1603 3271 est,
1631 3205 1748 3274 ipsa
1771 3203 1950 3258 anima
1976 3201 2060 3256 in-
2085 3209 2131 3274 (ι
2162 3206 2395 3263 Iudaeos.
2418 3205 2645 3260 Intende
2649 3204 2914 3278 judicium
2935 3220 3122 3269 meum,
3145 3203 3268 3272 quia
3293 3217 3390 3272 par
3411 3211 3689 3269 estptena,
3711 3208 3770 3256 et

469 3305 617 3365 tegra
647 3298 864 3366 corpori
897 3297 1148 3352 restituta
1185 3305 1288 3352 est.
1319 3296 1387 3352 Et
1410 3297 1532 3368 quis
1552 3337 1567 3362 ,
1595 3296 1795 3367 inquis,
1820 3309 1940 3350 eam
1971 3309 2059 3349 re-

465 3389 681 3443 stituit?
703 3388 825 3460 Ipse
854 3404 976 3446 cum
1008 3398 1234 3461 paterna
1262 3389 1570 3455 voluntate,
1604 3390 1694 3460 qui
1735 3389 1874 3445 dixit
1902 3405 1914 3436 =
1951 3388 2058 3443 Po-

469 3489 720 3538 testatem
756 3482 929 3538 habeo
958 3483 1186 3538 tollendi
1215 3485 1454 3538 animam
1499 3497 1697 3551 meam,
1730 3492 1785 3537 et
1815 3490 2058 3551 potesta-

469 3580 577 3628 tem
615 3573 794 3628 habeo
825 3574 1019 3628 iterum
1048 3573 1297 3628 sumendi
1329 3588 1448 3628 eam
1478 3571 1661 3644 (Joan.
1697 3573 1772 3644 κ).
1802 3573 1865 3626 Et
1893 3589 1923 3626 a
1955 3576 2064 3627 leo-

467 3667 617 3720 nibus
667 3666 871 3720 unicam
930 3680 1115 3718 meam.
1171 3664 1280 3720 Leo
1334 3663 1448 3734 ipse
1499 3665 1733 3736 papulus
1777 3664 2058 3732 Iudaicus,

468 3771 694 3832 propter
722 3758 1098 3816 fortitudinem
1141 3758 1360 3814 malitia:
1399 3773 1533 3814 sum.
1585 3757 1804 3813 Unicum
1851 3775 2060 3814 meam:

467 3854 594 3924 quia
623 3853 784 3907 unica
811 3852 1102 3908 fuitanima
1119 3851 1320 3908 Christi
1341 3852 1461 3908 sine
1493 3859 1736 3920 peccato,
1759 3851 2061 3907 secundum

467 3946 785 4019 prephetam
816 3965 828 4000 :
858 3947 957 4014 Qui
990 3956 1274 4016 peccatum
1302 3963 1409 4002 non
1440 3945 1569 4003 fecit
1591 3989 1606 4014 ,
1651 3961 1753 4002 nec
1781 3945 1938 4001 dolus
1975 3946 2060 4012 in-

471 4050 663 4092 ventus
694 4047 777 4092 est
807 4039 861 4092 in
894 4053 989 4092 ore
1019 4038 1135 4108 ejus
1167 4036 1322 4110 (lsai.
1357 4036 1494 4110 Lut).

541 4127 846 4200 Conﬁtebor
877 4129 988 4193 tibi,
1019 4129 1266 4195 Domine,
1289 4130 1345 4183 in
1374 4128 1607 4184 Ecclesia
1639 4144 1845 4201 magna.
1872 4127 1928 4182 Id
1954 4139 2059 4193 est,

469 4222 522 4280 in
557 4230 668 4277 toto
700 4221 902 4277 mundo
943 4221 1161 4276 dilfusa.
1205 4220 1271 4275 In
1303 4221 1494 4294 populo
1534 4223 1680 4292 gravi
1725 4220 1950 4274 laudabo
1991 4229 2060 4274 te.

469 4316 527 4375 Id
561 4325 664 4383 est,
690 4317 740 4371 in
768 4315 964 4387 populo
990 4315 1306 4371 Christiano
1331 4356 1346 4380 ,
1389 4314 1462 4370 ibi
1493 4327 1546 4370 te
1576 4312 1828 4370 laudabo.
1871 4313 2064 4369 Gravis

470 4409 692 4466 dicitur.
719 4408 855 4478 Quia
886 4423 993 4464 non
1017 4417 1102 4464 est
1131 4407 1267 4464 levis
1297 4407 1363 4463 ad
1390 4407 1720 4478 peccandum
1751 4407 1904 4463 :Non
1931 4407 2062 4475 levi,

469 4518 632 4575 quem
663 4511 858 4560 ventus
905 4512 962 4558 nt
1003 4503 1280 4573 pulverem
1323 4515 1353 4556 a
1391 4500 1529 4558 facie
1568 4511 1730 4557 terra:
1771 4500 2060 4571 projiciet:

2161 3302 2440 3371 disparest
2453 3299 2627 3369 culpa.
2645 3297 2700 3352 ld
2715 3307 2816 3361 est,
2831 3296 3048 3366 quando
3060 3311 3181 3350 cum
3199 3295 3308 3350 illis
3323 3293 3626 3349 latronibus
3638 3309 3768 3361 pen-

2161 3394 2341 3459 debat,
2356 3394 2480 3464 quia
2495 3393 2609 3462 ipse
2623 3391 2884 3446 innocens
2899 3389 3189 3459 pendebat.
3207 3386 3474 3459 Exsurge,
3492 3395 3538 3439 et
3563 3384 3768 3439 intende

2152 3489 2419 3560 judicium
2450 3503 2638 3553 meum,
2666 3485 2903 3555 qualiter
2925 3483 3234 3553 judicantes
3263 3480 3771 3536 condemuaverunt

2163 3595 2251 3636 me
2279 3579 2460 3634 morti.
2488 3577 2626 3632 Deus
2653 3593 2816 3644 meus,
2843 3584 2890 3630 et
2917 3573 3178 3629 Dominus
3208 3590 3348 3627 meus
3370 3573 3424 3627 in
3447 3589 3607 3627 causa
3636 3589 3768 3625 mea.

2165 3673 2282 3729 Vox
2335 3671 2692 3728 humanitatis
2740 3670 2808 3724 ad
2851 3667 3220 3733 divinitatem,
3251 3680 3350 3736 pro
3396 3675 3553 3735 parte
3593 3663 3771 3720 carnis

2162 3766 2420 3837 loquitur.
2455 3764 2643 3821 Judica
2689 3777 2774 3818 me
2802 3761 3105 3817 secundum
3159 3773 3412 3831 magnam
3459 3758 3770 3813 misericor-

2164 3862 2306 3917 diam
2353 3871 2518 3916 tuam.
2553 3858 2710 3915 Unde
2753 3857 2910 3923 dixit,
2963 3855 3173 3911 intende
3198 3853 3464 3927 judicium
3495 3868 3689 3920 meum,
3719 3851 3771 3906 id

2165 3965 2268 4022 est,
2303 3955 2387 4011 fac
2417 3953 2801 4010 discretionem
2830 3952 2970 4006 inter
2995 3965 3082 4006 me
3111 3958 3164 4005 ct
3193 3948 3334 4003 illos.

2235 4048 2431 4102 Judica
2457 4064 2537 4101 me
2560 4045 2846 4100 secundum
2878 4043 3149 4117 justitiam
3180 4050 3345 4106 luant,
3383 4037 3606 4092 Domine
3636 4036 3771 4092 Deus

2165 4157 2328 4195 meus.
2361 4137 2604 4195 Judicavi
2632 4152 2735 4208 ego
2758 4136 3086 4200 adulteram,
3133 4143 3191 4188 ut
3232 4147 3339 4187 non
3367 4130 3767 4186 condemnare-

2166 4244 2286 4299 tur;
2333 4231 2716 4302 judicavcrunt
2771 4241 2825 4286 et
2869 4228 2958 4284 isti
2988 4241 3073 4282 me
3123 4226 3495 4291 innocentem,
3552 4222 3770 4293 dignum

2167 4334 2364 4391 morte,
2416 4323 2540 4379 ideo
2569 4323 2944 4394 unusquisque
2973 4317 3275 4376 secundum
3317 4332 3453 4385 opus
3493 4315 3770 4386 proprium

2163 4417 2427 4489 judicium
2471 4426 2765 4472 mereatur.
2800 4413 2924 4468 Non
2951 4411 3371 4484 supergaudeant
3413 4407 3542 4464 mihi
3580 4409 3774 4462 inimici

2169 4512 2287 4578 mei,
2309 4528 2372 4566 ne
2385 4511 2558 4565 dicant
2573 4509 2626 4562 in
2643 4506 2886 4562 cordibus
2897 4506 3024 4572 suis,
3045 4503 3212 4576 Euge,
3228 4519 3352 4575 euge
3361 4500 3548 4556 anima?
3561 4511 3773 4562 nostra';

469 4594 567 4654 sed
605 4596 659 4651 in
705 4595 880 4667 gravi,
917 4604 1157 4665 etsupra
1193 4602 1402 4666 petram
1433 4592 1690 4660 fundato,
1722 4592 2059 4662 ﬁrmiterque

2174 4621 2266 4660 nec
2293 4605 2501 4669 dicant,
2539 4601 2907 4658 Devorabimus
2935 4616 3074 4654 cum.
3115 4597 3232 4653 Non
3274 4595 3496 4666 pateﬁat
3523 4594 3668 4649 ultra
3715 4609 3774 4648 as

470 4697 744 4760 prmcepta
782 4688 1143 4745 custodiente.
1175 4688 1313 4744 Hinc
1345 4688 1544 4744 iterum
1583 4687 1906 4744 recordatur
1947 4701 2069 4756 pas-

470 4781 641 4840 sionis
667 4799 801 4851 suae,
820 4799 929 4855 quo
961 4783 1144 4854 potius
1163 4783 1242 4838 eis
1265 4781 1528 4852 judicium
1553 4782 1750 4838 mortis
1778 4779 2067 4836 annuntict

472 4875 662 4934 dicens
693 4897 708 4936 :

549 4968 674 5024 Non
703 4971 1122 5043 supergaudeant
1153 4969 1280 5024 mihi
1307 4969 1394 5038 qui
1425 4967 1762 5023 adversantur
1801 4966 1927 5022 mihi
1968 4967 2071 5021 ini-

472 5083 593 5139 que.
635 5065 809 5122 Judaei
839 5064 1088 5131 Christo,
1130 5074 1184 5119 et
1213 5070 1598 5134 persecutores
1640 5061 1922 5117 Ecclesiae.
1966 5060 2070 5126 Qui

477 5160 704 5216 oderunt
733 5177 812 5215 me
839 5160 1042 5232 gratis,
1075 5168 1121 5214 et
1167 5165 1402 5212 annuunt
1442 5157 1626 5211 oculis.
1674 5155 1801 5211 Hmc
1839 5154 1974 5210 dicit
2016 5161 2073 5209 ut

478 5269 583 5308 non
626 5253 696 5308 sit
737 5254 928 5308 iterata
975 5251 1156 5323 passio
1191 5268 1203 5305 :
1235 5251 1361 5321 quia
1403 5264 1504 5305 nec
1547 5247 1858 5318 redemptio
1888 5246 2073 5302 veniet

474 5347 692 5402 iterata.
747 5346 818 5400 Et
869 5352 1180 5400 annuerunt
1221 5344 1394 5399 oculis
1435 5361 1448 5399 :
1495 5342 1618 5413 quia
1667 5339 1801 5396 nihil
1846 5339 1973 5395 boni
2018 5339 2071 5394 in

476 5455 646 5512 opere
675 5438 1056 5495 ostenderunt.

554 5538 812 5605 Quoniam
838 5539 969 5594 mihi
1005 5538 1210 5609 quidem
1246 5535 1464 5609 paciﬁce
1491 5536 1854 5608 loquebantur.
1886 5533 1954 5589 Et
1991 5539 2078 5587 est

475 5631 612 5688 illud
642 5650 654 5686 :
689 5631 966 5701 Magister,
997 5633 1124 5687 licet
1165 5632 1426 5687 tributum
1458 5628 1574 5686 dari
1602 5630 1830 5694 Cmsari,
1862 5642 1929 5682 an
1962 5640 2070 5681 non

472 5721 694 5790 (Matth.
731 5722 910 5791 sui)?
950 5723 1050 5778 V’el
1071 5722 1288 5792 quando
1315 5721 1576 5777 dixerunt
1606 5740 1616 5775 :
1653 5721 1932 5792 Magister,
1960 5717 2069 5773 sci-

481 5825 605 5864 mus
647 5812 774 5880 quia
797 5827 967 5867 verax
1012 5829 1095 5878 es,
1136 5823 1191 5869 et
1233 5815 1287 5870 in
1313 5815 1542 5870 veritate
1573 5815 1713 5871 viam
1761 5814 1856 5870 Dei
1905 5811 2070 5870 doces

2178 4712 2366 4753 eorum
2409 4697 2474 4750 ad
2508 4710 2594 4751 me
2621 4691 2988 4749 devorandum
3008 4735 3023 4760 ,
3058 4705 3126 4745 ne
3156 4689 3358 4753 dicant,
3389 4686 3773 4742 devorabimus

2178 4806 2322 4847 eum.
2345 4791 2579 4846 Devorat
2601 4789 2762 4842 homo
2784 4785 2927 4858 quod
2952 4785 3007 4840 in
3031 4799 3092 4839 os
3112 4770 3298 4838 mittit.
3315 4780 3419 4838 Sed
3444 4781 3495 4835 in
3520 4780 3624 4836 hoc
3648 4779 3777 4835 dicit

2179 4894 2466 4961 devorare,
2497 4891 2618 4962 quia
2649 4900 2972 4960 peccatores
2998 4887 3192 4942 volunt
3219 4885 3340 4940 illos
3365 4891 3584 4939 sanctos
3608 4881 3776 4938 devo-

2178 5007 2304 5049 rare
2338 5010 2351 5046 :
2380 4991 2433 5048 id
2461 4999 2564 5059 est,
2597 4999 2654 5046 ut
2679 5005 2844 5045 unum
2871 5002 3069 5059 corpus
3099 4984 3429 5042 efﬁciantur.

2252 5093 2573 5148 Erubescant
2625 5102 2672 5146 et
2718 5098 3046 5145 rerereantur
3093 5087 3250 5142 simul
3302 5088 3392 5158 qui
3448 5087 3776 5160 gratulantur

2177 5196 2333 5252 malis
2381 5197 2528 5252 meis.
2576 5195 2631 5250 id
2683 5203 2787 5259 est,
2837 5192 3139 5255 daemones,
3187 5189 3382 5258 Judmi,
3421 5189 3692 5254 lueretici,
3725 5197 3778 5242 et

2181 5310 2560 5370 persecutores
2587 5315 2601 5354 :
2621 5298 2710 5368 qui
2732 5296 3062 5367 gratulantur
3079 5292 3232 5347 malis
3260 5293 3402 5360 meis,
3421 5290 3524 5346 hoc
3546 5301 3650 5358 est,
3669 5306 3776 5346 non

2182 5399 2358 5453 solum
2390 5399 2480 5469 qui
2511 5397 2734 5464 faciunt,
2765 5395 2859 5452 sed
2889 5395 3051 5451 etiam
3083 5394 3175 5466 qui
3207 5394 3550 5451 consentiunt
3573 5391 3776 5447 facien-

2182 5501 2344 5556 tibus.
2379 5501 2678 5556 Induanlu-r
2706 5498 3016 5573 confusione
3044 5509 3088 5552 et
3121 5498 3404 5551 reverentia
3434 5497 3523 5566 qui
3549 5496 3775 5566 maligna

2179 5604 2463 5677 loquuntur
2508 5602 2782 5658 adversum
2831 5618 2930 5656 me.
2965 5600 3054 5655 Isti
3112 5597 3405 5670 supradicti
3460 5594 3775 5653 confusione

2177 5713 2404 5761 reterns.
2439 5702 2593 5759 Unde
2621 5703 2756 5758 dicit
2788 5721 2799 5756 :
2845 5700 3118 5757 Discedite
3169 5715 3197 5754 a
3249 5714 3360 5767 me,
3393 5697 3687 5766 maledicti,
3720 5696 3773 5750 in

2175 5809 2355 5879 ignem
2379 5815 2644 5862 aeternum
2687 5803 2867 5876 (Matt.
2898 5803 3056 5874 xxv).
3085 5800 3156 5858 Ut
3176 5802 3265 5874 qui
3296 5817 3382 5859 me
3411 5799 3568 5872 quasi
3603 5796 3776 5855 homi-
