4034 6312
298 262 415 321 99.9

1222 262 1656 323 BREVIARIUSI
1701 262 1768 323 IN
1808 264 2146 326 PSALMOS.
2190 265 2440 325 PSALM.
2482 263 2702 324 XXXV.

3504 268 3613 327 950

302 397 433 436 nem
480 381 896 451 judicavcrunt,
946 391 1004 440 ut
1055 384 1223 441 Deum
1275 385 1499 442 videant
1550 385 1905 457 judicantem.
1939 387 1986 449 Α
2015 395 2253 456 secreto,
2296 386 2350 441 in
2379 400 2490 457 quo
2527 384 2817 457 compungi
2863 384 3073 452 debuit,
3117 383 3455 455 iniquitatem
3501 400 3617 441 me-

303 474 451 529 llinc
482 476 747 544 propheta
776 475 843 531 ad
868 476 1086 532 Patrem
1120 477 1381 549 loquitur.

386 564 660 619 Exsultant
710 575 761 620 et
813 564 1054 622 (tutentur
1093 569 1184 639 qui
1224 567 1404 624 volunt
1425 570 1688 644 justitiam
1718 585 1905 626 meam.

305 658 590 716 Christum
621 667 1039 731 exspectantes,
1071 662 1164 732 qui
1210 670 1293 717 est
1318 661 1527 733 iustitia
1557 661 1752 719 Patris.
1788 662 1907 730 Vel,

301 752 571 810 mallent
616 762 665 808 et
705 753 947 810 ltefentur
974 755 1064 825 qui
1102 754 1280 810 volunt
1309 755 1581 829 justitiam
1616 771 1781 811 meum
1805 771 1826 810 :
1854 754 1909 811 id

304 856 421 917 est,
472 848 650 903 sancti
696 846 789 918 qui
843 846 1037 904 volunt
1074 846 1342 918 justitiam
1390 848 1489 903 Dei
1529 847 1781 918 implere,
1806 846 1910 919 ipsi

305 940 589 996 exsultent
635 947 692 995 et
740 939 997 995 lxteutur
1025 938 1079 993 in
1108 938 1552 995 remuneratione
1598 938 1724 994 vitae
1750 946 1911 994 aster-

305 1048 420 1090 περ.
455 1032 521 1086 Et
549 1032 748 1100 dicant,
775 1047 980 1104 semper
1004 1031 1367 1102 utagniﬁcetur
1394 1028 1688 1086 Dominus:
1716 1030 1803 1102 qui
1823 1045 1913 1084 va-

309 1126 429 1181 lunt
453 1141 634 1197 pacem
661 1124 796 1180 servi
820 1124 955 1194 eius.
985 1123 1107 1194 Ipse
1136 1122 1399 1179 Dominus
1422 1132 1508 1179 est
1533 1138 1640 1194 pax
1668 1129 1857 1178 nostra
1893 1138 1908 1175 :

303 1218 463 1290 juxta
491 1217 808 1289 Apostolum
838 1214 1057 1288 (Ephes.
1080 1214 1163 1286 tt).
1198 1214 1346 1271 Servi
1367 1216 1480 1285 ejus
1506 1231 1520 1269 :
1547 1214 1601 1270 id
1622 1221 1733 1280 est,
1753 1211 1912 1268 Chri-

308 1310 384 1366 sti
417 1328 429 1362 :
463 1310 552 1380 qui
583 1317 669 1365 est
698 1323 893 1364 servus
915 1306 1013 1363 Dei
1044 1306 1243 1362 Patris.
1279 1305 1431 1364 Unde
1456 1305 1592 1362 dicit
1617 1323 1629 1360 :
1659 1303 1909 1376 Magnum

307 1411 399 1461 est
429 1403 526 1460 tibi
556 1403 734 1460 vocari
762 1416 979 1459 servum
1011 1416 1192 1458 meum
1226 1399 1383 1473 (Isai.
1412 1401 1567 1471 xm)
1595 1418 1609 1455 :
1639 1414 1739 1472 pro
1757 1409 1912 1470 parte

309 1499 517 1556 carnis.

387 1591 497 1648 Sed
519 1600 567 1647 et
595 1592 777 1664 lingua
804 1607 919 1646 mea
939 1588 1276 1647 meditabitur
1295 1589 1559 1662 justitiam
1589 1597 1747 1642 tuam.
1788 1586 1914 1641 Lin-

319 1702 425 1759 gua
441 1702 575 1753 mea,
590 1686 764 1741 sancti
789 1693 933 1751 sunt,
950 1686 1039 1755 qui
1066 1682 1401 1739 meditantur
1422 1680 1677 1737 mandata
1688 1678 1907 1736 Christi.

2012 478 2215 535 ditatus
2251 489 2355 549 est,
2389 479 2532 535 unde
2556 479 2668 551 jam
2698 480 2951 551 superius
2994 480 3328 536 mentionem
3359 478 3610 537 fecimus.

2012 570 2080 626 In
2107 572 2286 642 cubili,
2311 571 2364 628 id
2386 582 2493 637 est,
2524 572 2576 628 in
2599 572 2772 630 corde
2793 588 3009 630 eorum.
3032 573 3209 628 Astitit
3231 573 3371 627 omni
3391 572 3489 627 via:
3508 587 3612 627 non

2012 664 2175 721 bonae.
2208 665 2347 735 Quia
2391 665 2463 722 ibi
2518 665 2712 735 astitit,
2744 665 2866 722 ideo
2907 667 2974 721 ad
3007 666 3212 722 nullum
3242 665 3469 737 iustitiae
3499 665 3613 720 fru-

2014 766 2160 813 ctum
2208 760 2383 830 potuit
2432 760 2740 831 pervenire.
2774 759 3032 815 Malitiam
3063 768 3237 814 autem
3278 775 3381 814 nan
3427 758 3607 813 adivit.

2017 849 2125 906 Sed
2154 849 2350 906 dilexit
2376 869 2391 906 :
2433 851 2559 922 quia
2588 867 2696 908 non
2728 851 2903 908 solum
2935 868 3041 910 non
3073 852 3331 922 oderunt,
3369 850 3467 909 sed
3492 867 3612 907 am-

2013 939 2216 1009 plexati
2240 951 2387 997 sunt.

2092 1031 2329 1103 Domine,
2354 1033 2407 1088 in
2428 1035 2558 1090 caelo
2575 1035 2939 1091 misericordia
2968 1045 3077 1091 tua.
3105 1036 3161 1093 Id
3188 1047 3293 1107 est,
3324 1037 3377 1093 in
3408 1037 3611 1095 sanctis

2013 1126 2246 1196 angelis,
2279 1126 2373 1197 qui
2419 1126 2621 1183 ibidem
2652 1127 2847 1184 lirmati
2873 1126 3119 1196 fuerunt,
3153 1138 3209 1186 et
3249 1145 3359 1185 non
3384 1129 3606 1186 cecide-

2014 1225 2161 1273 runt.
2192 1216 2316 1287 Vel,
2344 1217 2400 1273 in
2427 1218 2554 1274 ctela
2583 1218 2941 1275 misericordia
2968 1228 3082 1287 tua,
3125 1220 3179 1277 id
3202 1230 3308 1290 est,
3340 1222 3395 1277 in
3422 1232 3610 1278 sancta

2015 1310 2285 1381 Ecclesia,
2320 1311 2565 1380 Domine,
2597 1312 2651 1366 in
2678 1312 2804 1367 cmla
2832 1312 3192 1368 misericordia
3222 1322 3332 1369 tua.
3359 1312 3612 1371 Christus

2016 1402 2301 1471 Dominus,
2325 1404 2418 1476 qui
2446 1404 2712 1461 humanos
2739 1405 3030 1462 miseratus
3077 1406 3297 1463 labores
3326 1407 3611 1464 descendit

2016 1496 2090 1554 de
2117 1498 2283 1565 ccelo,
2315 1506 2373 1553 ut
2400 1497 2689 1569 colligaret
2714 1499 2941 1555 vulnera
2972 1509 3179 1555 nostra.
3216 1487 3287 1554 Et
3311 1501 3497 1555 veritas
3524 1510 3614 1555 tua

2014 1606 2181 1662 usque
2207 1590 2277 1645 ad
2302 1590 2481 1646 nubes.
2517 1590 2745 1659 Veritas,
2770 1591 3022 1649 Christus
3053 1601 3157 1660 est,
3191 1600 3252 1648 ut
3286 1592 3420 1649 illud
3453 1608 3467 1647 :
3497 1592 3614 1664 Ego

2015 1698 2136 1739 sum
2166 1683 2270 1753 \ia,
2300 1694 2351 1741 ct
2375 1685 2577 1741 veritas
2608 1684 2791 1758 (Jaan.
2816 1686 2951 1757 xrv).
2976 1685 3181 1757 Nubes,
3212 1686 3386 1743 sancti
3420 1684 3615 1758 prtcdi-

317 1776 453 1833 Tata
471 1778 574 1845 die,
593 1775 809 1831 laudem
830 1773 1143 1830 tuam.Tota
1170 1774 1275 1841 die,
1292 1785 1408 1829 tuto
1429 1782 1672 1843 tempore
1694 1769 1916 1828 laudare
1943 1779 1993 1841 Β
2019 1787 2258 1833 calores.
2294 1775 2449 1833 Unde
2474 1776 2680 1832 dicitur
2710 1794 2724 1831 :
2752 1776 3023 1833 Mandabo
3068 1776 3307 1834 nubibus
3348 1776 3508 1844 meis,
3557 1783 3619 1832 ut.

313 1873 510 1930 Deum.
543 1873 653 1931 Sed
677 1883 724 1928 et
753 1873 928 1949 lingua
957 1887 1071 1926 mea
1102 1869 1428 1926 meditabitur
1448 1869 1709 1943 justitiam
1734 1874 1908 1921 tuam:

312 1967 442 2039 quia
467 1984 566 2039 pro
591 1967 699 2022 vita
720 1966 902 2038 populi
927 1973 1197 2030 mortuus,
1223 1978 1332 2018 non
1359 1978 1420 2019 es
1442 1963 1496 2016 in
1521 1968 1724 2017 tartara
1749 1960 1908 2016 dere-

311 2062 496 2119 lictus.
514 2060 643 2117 Tata
663 2061 750 2115 die
768 2060 974 2115 laudem
996 2070 1169 2114 tuam:
1189 2057 1312 2128 quia
1336 2056 1543 2112 devicta
1568 2052 1909 2124 triumphans

313 2165 515 2223 morte,
547 2157 603 2211 in
632 2154 787 2212 cmlis
817 2168 877 2211 es
902 2160 1190 2224 susceptus
1217 2167 1246 2206 a
1280 2151 1443 2208 Patre
1475 2167 1489 2205 :
1522 2164 1646 2205 cum
1676 2163 1784 2220 quo
1815 2145 1910 2202 tibi

312 2261 373 2309 et
407 2249 613 2324 Spiritu
633 2257 826 2306 sancto
856 2255 942 2304 est
967 2246 1145 2303 honor
1173 2256 1230 2302 et
1254 2245 1451 2318 gloria.
1482 2242 1682 2300 Amen.

820 2363 1138 2423 PSALMUS
1185 2361 1409 2419 XXXV.

311 2460 384 2519 In
408 2461 589 2533 finem,
612 2475 773 2534 puero
800 2455 1016 2534 Domini
1046 2454 1293 2534 Psalmus
1318 2452 1509 2508 David.
1534 2451 1645 2534 Istc
1674 2448 1913 2534 psalmus

388 2524 679 2604 personam
724 2528 1039 2604 peccatoris
1057 2526 1327 2597 designat,
1382 2524 1694 2596 superbiam
1737 2530 1910 2589 notat,

388 2599 595 2662 lentem
626 2602 816 2660 aeterni
851 2599 1073 2656 luminis
1104 2605 1395 2653 monstrat.

391 2718 538 2774 Dixit
595 2718 841 2790 injustas,
870 2724 927 2770 ut
957 2712 1229 2784 delinquat
1273 2711 1395 2767 sibi.
1448 2709 1504 2768 Id
1531 2717 1638 2776 est,
1669 2709 1917 2766 sibimet-

318 2812 461 2885 ipsi,
513 2813 761 2885 injustas,
804 2809 907 2866 hoc
936 2817 1051 2875 est,
1085 2805 1334 2863 diabolus
1374 2820 1496 2862 cum
1525 2804 1640 2861 suis
1667 2802 1916 2860 satelliti-

319 2907 447 2963 bus.
496 2905 555 2960 ιιι
600 2913 706 2973 est,
738 2901 956 2976 populis
996 2899 1312 2957 Judmornm
1345 2916 1360 2954 :
1392 2898 1479 2953 vel
1524 2895 1753 2966 reliquis
1803 2892 1917 2949 suis

316 2998 588 3057 membris
606 2997 710 3053 sibi
739 2993 987 3066 deliquit.
1019 2991 1130 3049 Nec
1157 2991 1301 3047 alius
1326 2989 1592 3062 quispiam
1633 3003 1731 3059 per
1770 2986 1915 3057 inju-

319 3092 529 3149 SIitiam
562 3088 641 3146 sic
666 3089 904 3159 loquitur
950 3095 1010 3143 ut
1054 3096 1244 3158 peccet
1278 3101 1291 3138 :
1319 3085 1467 3139 sicut
1494 3081 1589 3136 ille
1613 3080 1705 3150 qui
1735 3078 1871 3134 dixit
1901 3094 1915 3133 :

2013 1886 2122 1927 non
2155 1871 2342 1942 pluant
2384 1871 2613 1927 imbrem
2659 1885 2826 1942 super
2863 1886 2983 1927 ean:
3033 1869 3191 1942 (Isai.
3224 1871 3287 1942 ι).
3313 1871 3452 1938 Quia
3477 1869 3620 1927 sicut

2011 1966 2183 2022 nubes
2209 1965 2449 2037 pluviam
2498 1973 2717 2036 portant
2750 1981 2763 2018 :
2794 1973 2849 2020 et
2878 1964 3113 2036 irrigant
3144 1971 3351 2020 terram
3382 1980 3397 2017 :
3441 1962 3521 2018 sic
3563 1971 3619 2018 ct

2011 2056 2188 2114 sancti
2250 2056 2641 2128 praedicatores
2705 2055 2976 2127 pluviam,
3028 2055 3084 2111 id
3138 2063 3254 2119 est.
3311 2054 3617 2112 doctrinam

2013 2150 2293 2222 Evangelii
2323 2157 2568 2222 portant,
2598 2159 2654 2206 et
2683 2149 2917 2222 irrigant
2955 2149 3122 2205 corda
3147 2149 3386 2206 arentia.
3420 2148 3490 2205 Et
3527 2164 3621 2203 ve-

2011 2244 2141 2299 ritas
2167 2255 2255 2299 tua
2282 2260 2447 2315 usque
2466 2246 2535 2298 ad
2561 2242 2741 2299 nubes.
2772 2242 2878 2311 Qui
2908 2241 3270 2314 Spiritualiter
3299 2240 3616 2314 Scripturas

2016 2338 2211 2394 nolunt
2238 2337 2549 2409 intelligere
2581 2354 2595 2392 :
2620 2334 2975 2408 quaerendum
3007 2344 3091 2392 est
3111 2335 3180 2393 ab
3207 2335 3310 2405 eis,
3340 2335 3617 2407 quomodo

2015 2429 2221 2487 veritas
2245 2428 2343 2485 Dei
2367 2428 2438 2484 sit
2470 2442 2644 2501 usque
2672 2426 2741 2483 ad
2769 2427 2965 2485 nubes.

2086 2523 2307 2578 Iustitia
2333 2532 2424 2577 tua
2445 2522 2579 2578 sicut
2607 2531 2806 2577 montes
2838 2519 2957 2576 Dei.
2986 2519 3144 2578 Mons
3168 2520 3265 2578 Dei
3295 2520 3561 2593 sapientia
3597 2538 3613 2579 :

2016 2632 2178 2674 mons
2206 2616 2303 2673 Dei
2322 2614 2588 2687 judicium
2619 2632 2632 2670 :
2660 2628 2819 2672 mons
2845 2613 2939 2671 Dei
2962 2613 3334 2672 sanctiﬁcatio
3357 2624 3464 2673 est.
3485 2617 3625 2674 Sunt

2018 2720 2074 2770 et
2116 2710 2497 2783 hujuscemodi
2556 2719 2772 2767 montes
2801 2709 3041 2781 plurimi,
3087 2709 3141 2766 in
3187 2709 3385 2781 quibus
3424 2725 3621 2768 recon-

2018 2808 2223 2865 duntur
2244 2822 2441 2863 arcana
2478 2804 2573 2862 Dei
2604 2821 2619 2859 :
2651 2820 2772 2878 qua:
2817 2804 3042 2862 difﬁcile
3090 2804 3412 2863 humanitas
3440 2813 3625 2877 potest

2019 2903 2359 2973 investigare
2389 2901 2575 2973 :jnxta
2625 2900 2946 2971 Apostolum
2978 2916 2992 2954 :
3024 2899 3195 2967 Quam
3242 2899 3622 2956 inscrutahilia

2020 3004 2153 3054 sunt
2194 2995 2394 3064 judicia
2450 2994 2589 3064 ejus,
2625 3002 2681 3049 et
2706 2992 3114 3063 investigahiles
3147 2993 3249 3048 via:
3291 2993 3410 3064 ejus
3443 2992 3620 3063 (Rom.

2022 3089 2132 3162 XI)!
2160 3089 2256 3145 Vel
2286 3089 2473 3143 aliter:
2503 3085 2726 3141 Iustitia
2757 3095 2847 3140 tua
2872 3085 3008 3140 sicut
3040 3095 3234 3141 montes
3259 3085 3380 3141 Dei.
3404 3084 3629 3141 Iustitia

317 3183 529 3241 Pomm
561 3181 756 3238 501mm
786 3194 968 3236 mem"
1020 3192 1184 3248 super
1222 3173 1426 3245 Sidera,
1478 3180 1532 3228 εἴ
1576 3186 1674 3227 θΐο
1726 3168 1918 3225 Similis
1947 3160 1992 3225 C
2026 3160 2139 3250 tua,
2171 3179 2426 3236 mandata
2475 3188 2588 3234 tua.
2622 3176 2827 3233 Montes
2870 3176 2988 3245 Dei,
3022 3177 3197 3233 sancti
3241 3176 3466 3247 majoris
3509 3191 3624 3233 me-

318 3276 603 3337 Altissimo
626 3274 786 3347 (Isai.
814 3273 951 3348 xtv).
982 3274 1211 3343 Semper
1237 3271 1382 3327 enim
1412 3267 1669 3338 iniquitas
1694 3262 1920 3336 proprio

318 3386 381 3429 se
423 3368 668 3427 confodit
700 3367 911 3441 jaculo;
946 3367 1096 3438 juxta
1130 3362 1269 3420 illud
1302 3380 1315 3417 :
1351 3360 1475 3431 Fili,
1507 3360 1552 3415 si
1588 3358 1765 3414 malus
1795 3372 1922 3414 eva-

317 3466 480 3530 seris,
541 3463 689 3519 solus
743 3461 966 3517 hanries
1021 3457 1160 3513 mala
1202 3455 1390 3530 (Prov.
1425 3457 1548 3525 xu).
1582 3451 1681 3508 Vel
1709 3451 1918 3508 aliter:

319 3556 475 3613 Dixit
505 3554 725 3626 iniquus
747 3561 804 3607 ut
825 3551 1168 3621 delinqueret
1192 3546 1297 3603 sibi
1328 3562 1342 3601 :
1370 3544 1424 3601 id
1451 3552 1557 3611 est,
1592 3541 1834 3599 decrevit
1859 3556 1920 3598 se

316 3663 552 3722 peccare
572 3646 793 3704 debere.
822 3644 945 3700 Non
966 3652 1040 3698 est
1068 3643 1225 3697 timor
1251 3640 1347 3695 Dei
1366 3651 1486 3694 ante
1506 3638 1683 3693 oculos
1705 3639 1837 3709 ejus.
1862 3634 1920 3692 Si

320 3742 471 3800 etaim
521 3738 772 3795 timorem
807 3737 905 3793 Dei
951 3744 1079 3791 ante
1109 3733 1298 3790 oculos
1346 3733 1595 3802 haberet,
1625 3744 1917 3801 numquam

320 3835 680 3893 exsecrabilia
720 3840 779 3889 et
812 3828 1175 3887 abominanda
1207 3828 1612 3883 committeret.
1673 3823 1800 3878 Non
1845 3832 1921 3877 est

322 3929 480 3984 timor
502 3925 600 3981 Dei
624 3935 745 3980 ante
766 3924 946 3980 oculos
976 3925 1113 3993 ejus.
1156 3918 1212 3975 ld
1242 3929 1347 3985 est,
1372 3926 1500 3974 ante
1541 3916 1797 3988 populum
1824 3915 1921 3971 Ju-

320 4019 540 4075 daicnm
575 4033 590 4071 :
622 4017 749 4088 quia
792 4016 838 4071 si
886 4015 1137 4069 timorem
1189 4009 1400 4066 Domini
1442 4008 1763 4065 habuissent
1793 4015 1921 4064 ante

319 4110 514 4169 oculos
543 4109 753 4176 cordis,
785 4120 1078 4178 numquam
1107 4112 1255 4160 tanta
1286 4102 1428 4158 mala
1448 4102 1739 4161 fecissent.

400 4201 662 4267 Quoniam
687 4199 866 4254 dolose
898 4198 999 4270 egit
1042 4197 1098 4251 in
1141 4211 1419 4267 conspectu
1463 4197 1603 4269 ejus.
1637 4192 1919 4261 Diabolus,

322 4301 379 4350 et
407 4290 583 4349 Judaei
630 4299 758 4348 ante
807 4298 1157 4359 conspectum
1205 4287 1328 4342 Dei.
1368 4284 1497 4354 Vel,
1533 4285 1711 4341 dolose
1737 4284 1839 4358 egit
1866 4285 1922 4340 in

326 4395 608 4460 conspectu
629 4387 766 4460 ejus,
797 4385 995 4456 iniquae
1024 4379 1483 4453 concupiscentia:
1509 4379 1785 4434 ﬂammam
1817 4376 1920 4433 sti-

322 4482 587 4539 mulatus.
616 4478 685 4535 Ut
727 4480 1021 4535 inveniatur
1060 4475 1314 4546 iniquitas
1343 4475 1456 4544 ejus
1480 4483 1529 4526 et
1553 4471 1752 4525 adium.
1783 4470 1917 4525 Dum

2022 3276 2162 3333 riti:
2212 3275 2353 3331 sicut
2407 3280 2632 3329 sanctus
2677 3270 2942 3339 Joannes,
2986 3269 3073 3326 vel
3124 3269 3309 3325 cmteri
3362 3267 3622 3337 apostoli.

2020 3368 2232 3424 Montes
2259 3366 2410 3438 prius
2456 3380 2486 3420 a
2533 3364 2653 3421 sole
2683 3363 3084 3430 illuminantur,
3132 3370 3188 3418 et
3217 3369 3405 3434 postea
3428 3361 3619 3418 valles.

2022 3462 2129 3520 Sed
2159 3469 2391 3526 montes,
2428 3458 2481 3515 id
2509 3467 2615 3526 est,
2658 3458 2832 3513 sancti
2864 3472 2971 3513 non
3015 3471 3045 3511 a
3089 3455 3426 3527 semetipsis,
3460 3455 3568 3511 nisi
3597 3470 3628 3510 a

2020 3555 2158 3621 sole,
2195 3552 2249 3608 id
2300 3562 2404 3620 ρει,
2450 3566 2481 3606 a
2528 3549 2772 3606 Christo.
2816 3548 2973 3606 Unde
3001 3547 3179 3605 dixit:
3212 3547 3437 3605 Orietur
3472 3548 3630 3606 vobis

2019 3649 2099 3707 sol
2123 3646 2350 3719 justitiae
2379 3644 2643 3719 (Malaclt.
2666 3644 2765 3715 tv).
2793 3643 2858 3698 Et
2880 3642 3091 3715 judicia
3119 3652 3206 3697 tua
3244 3644 3384 3697 velut
3411 3641 3629 3713 abyssus

2023 3743 2207 3797 multa.
2262 3740 2491 3812 Abyssus
2537 3738 2725 3807 multa,
2764 3735 2971 3808 judicia
3026 3735 3126 3792 Dei
3182 3736 3399 3792 occulta
3439 3751 3454 3789 :
3500 3734 3625 3806 quia

2024 3847 2190 3891 unum
2214 3832 2499 3905 reprobat,
2523 3841 2581 3889 et
2605 3831 2773 3888 alium
2799 3830 3052 3897 assumit,
3077 3830 3221 3887 sicut
3248 3829 3385 3886 dixit
3416 3846 3429 3883 :
3455 3828 3629 3887 Jacob

2024 3925 2210 3994 dilexi,
2236 3925 2375 3981 Esau
2402 3923 2531 3981 odio
2554 3922 2720 3979 habui
2744 3921 3004 3993 (Malaclt.
3034 3923 3099 3995 ι).
3131 3921 3229 3979 Vel
3250 3921 3455 3995 judicia
3479 3930 3629 3990 sunt,

2023 4021 2224 4094 quibus
2252 4020 2339 4077 vel
2380 4020 2546 4092 justis
2571 4017 2874 4086 beatitudo,
2924 4016 3012 4074 vel
3057 4016 3241 4090 impiis
3267 4032 3430 4090 paena
3463 4016 3631 4073 infer-

2026 4124 2132 4172 tur.
2167 4114 2298 4184 Qum
2327 4113 2454 4170 ideo
2480 4112 2681 4185 abysso
2702 4120 3115 4183 comparantur,
3148 4112 3272 4183 quia
3300 4111 3355 4167 in
3388 4110 3517 4168 novi
3540 4126 3634 4168 ve-

2028 4208 2268 4279 terisque
2298 4205 2633 4263 Testamenti
2665 4202 3131 4275 profunditatibus
3160 4202 3628 4274 contcmplautur.

2100 4299 2379 4367 Homines,
2410 4308 2457 4354 et
2470 4302 2714 4372 jumenta
2742 4297 2915 4352 salvas
2948 4296 3132 4367 facies,
3175 4294 3416 4351 Domine.
3447 4295 3635 4353 Ratio-

2027 4393 2246 4450 nabiles
2282 4391 2795 4462 irrationabilesque
2829 4403 3093 4459 personas
3117 4388 3271 4460 juxta
3319 4387 3453 4445 illud
3482 4389 3634 4459 Apo-

2029 4486 2155 4542 stoli
2204 4503 2218 4541 :
2268 4484 2645 4556 Sapientibus,
2702 4491 2759 4539 et
2805 4482 3190 4553 insipientibus
3238 4482 3453 4547 debitor
3508 4498 3631 4540 sum

324 4575 744 4646 concupisceret
765 4580 957 4629 contra
980 4569 1253 4642 justitiam
1279 4566 1646 4636 iniquitatem,
1671 4564 1799 4620 dum
1825 4578 1916 4618 au-

2030 4577 2210 4650 (Ram.
2250 4578 2316 4647 1).
2346 4548 2798 4642 Duemadntodum
2827 4548 3193 4644 multiplicasti
3220 4574 3632 4630 misericordiam

322 4668 474 4725 ferre
497 4682 609 4723 non
636 4673 840 4738 potest,
883 4662 1068 4721 odium
1101 4659 1364 4732 possedit.
1396 4657 1503 4715 Sed
1535 4665 1592 4714 et
1629 4662 1695 4712 ad
1726 4655 1919 4713 ludam

323 4761 668 4834 proditorem
699 4760 816 4815 haec
839 4757 1118 4830 pertinere
1143 4752 1423 4824 sequentia
1448 4751 1667 4809 ducent.

407 4853 576 4909 Verba
618 4853 726 4909 aris
751 4853 863 4925 ejus
891 4849 1136 4921 iniquitas
1181 4856 1229 4903 et
1270 4846 1443 4902 dolus.
1492 4843 1643 4901 Dixit
1689 4850 1871 4900 autem
1906 4860 1919 4900 :

321 4951 471 5017 Ave,
498 4947 693 5016 Rabbi,
749 4956 805 5003 et
849 4945 1040 5002 osculo
1068 4943 1391 5014 magistrum
1418 4939 1646 4997 tradidit
1665 4936 1920 4995 inimicis.

324 5043 473 5100 Ecce
500 5040 672 5098 verba
699 5040 836 5108 oris,
864 5038 1025 5110 plena
1058 5037 1185 5092 dolo
1220 5044 1381 5106 atque
1410 5034 1720 5105 iniquitate.
1761 5029 1924 5086 Verba

324 5134 439 5191 aris
463 5133 578 5205 ejus
607 5132 882 5204 iniquitas,
917 5140 965 5186 et
993 5129 1167 5198 dolus,
1199 5137 1255 5184 et
1284 5127 1339 5183 in
1377 5126 1620 5193 diabolo,
1648 5134 1700 5181 et
1745 5126 1797 5179 in
1830 5139 1926 5196 po-

322 5229 457 5303 pulo
485 5228 823 5285 Iudaeorum.
857 5225 1049 5282 Noluit
1078 5224 1370 5303 intelligere
1414 5231 1470 5278 ut
1495 5222 1620 5278 bene
1645 5229 1838 5294 ageret.
1866 5219 1925 5277 Id

322 5302 434 5390 est,
455 5320 709 5377 diabolus
759 5329 815 5376 et
861 5320 944 5376 sui
997 5302 1261 5374 satellites
1294 5333 1310 5371 :
1343 5315 1466 5386 quia
1496 5313 1646 5370 aliud
1690 5320 1774 5369 est
1818 5325 1925 5368 non

321 5428 513 5489 posse,
540 5413 689 5470 aliud
713 5422 797 5470 est
820 5412 992 5469 nolle.
1021 5412 1088 5468 Et
1106 5410 1278 5468 Judas
1298 5408 1519 5465 videbat
1541 5407 1783 5479 quotidie
1803 5422 1926 5464 cum

321 5508 595 5581 apostolis
633 5507 911 5565 Christum
956 5506 1130 5563 multa
1161 5503 1429 5560 mirabilia
1460 5511 1804 5575 aperantem,
1836 5501 1933 5560 sed

320 5619 439 5663 non
483 5601 848 5674 intelligebat.
898 5601 959 5658 ln
1014 5600 1324 5657 malivolam
1355 5598 1506 5655 enim
1550 5597 1794 5653 animam
1825 5612 1933 5655 non

326 5695 645 5770 ingreditur
671 5693 960 5763 sapientia.

2030 4677 2197 4739 tuam,
2229 4667 2384 4723 Deus.
2432 4667 2516 4722 Ab
2562 4664 2723 4720 initio
2751 4662 2972 4735 quidem
3020 4664 3227 4734 proﬂua
3273 4664 3375 4720 fuit
3413 4665 3629 4721 miscri-

2031 4760 2221 4819 cordia
2249 4769 2338 4816 tua
2358 4774 2374 4822 ;
2398 4757 2495 4815 sed
2520 4765 2649 4814 tunc
2661 4754 3019 4828 multiplicata
3049 4764 3153 4825 est,
3175 4771 3298 4813 cum
3318 4772 3418 4814 nos
3434 4772 3633 4816 cruore

2028 4854 2255 4928 praprio
2278 4850 2580 4909 redemisti.

2103 4946 2235 5002 Filii
2275 4954 2445 5000 autem
2490 4941 2761 4998 hominum
2799 4942 2853 4998 in
2903 4942 3125 5015 tegmine
3169 4941 3374 4998 alaruut
3421 4951 3632 4998 tuarum

2029 5040 2332 5113 sperabunt.
2366 5037 2482 5094 Non
2512 5035 2801 5109 progenies
2830 5034 3164 5107 viperarum,
3195 5034 3295 5092 sed
3324 5035 3404 5092 illi
3435 5036 3528 5107 qui
3556 5035 3625 5092 ad

2032 5136 2323 5209 imaginem
2348 5134 2445 5191 Dei
2472 5140 2661 5191 mente
2688 5130 2919 5204 perfecti
2945 5141 3096 5198 sunt,
3123 5138 3345 5204 sperant
3372 5130 3476 5188 sub
3504 5146 3634 5187 cru-

2032 5230 2111 5287 cis
2159 5240 2263 5285 tua:
2305 5227 2627 5285 defensione
2657 5224 2882 5284 muniri.
2920 5225 3043 5296 Vel,
3073 5224 3209 5282 Filii
3233 5226 3530 5296 hominum,
3577 5226 3630 5283 id

2034 5329 2138 5387 est,
2169 5319 2268 5376 lilii
2297 5317 2689 5390 Christizquia
2739 5318 2858 5389 ipse
2909 5316 3151 5375 hominis
3203 5317 3375 5376 Filius
3422 5326 3527 5388 est,
3578 5326 3637 5376 et

2035 5412 2211 5470 sancti
2240 5412 2340 5468 lilii
2368 5412 2674 5468 hominum.
2699 5409 2760 5467 In
2781 5412 3125 5483 protectione
3152 5412 3362 5469 alarum
3392 5420 3634 5482 tuarum,

2034 5508 2143 5576 vel,
2170 5508 2226 5562 in
2249 5505 2492 5580 tegmine.
2515 5505 2645 5561 Duae
2670 5504 2794 5574 alae,
2822 5505 2932 5562 duo
2952 5503 3324 5574 Testamenta,
3357 5506 3483 5579 quia
3506 5505 3634 5564 inde

2037 5609 2295 5673 teguntur
2320 5597 2496 5655 sancti
2523 5611 2555 5654 a
2582 5595 2825 5654 Christo.
2863 5596 2935 5653 Et
2975 5597 3389 5656 iuebriabuntur.
3420 5599 3477 5656 Id
3526 5610 3628 5669 est,

2040 5692 2144 5764 ipsi
2174 5691 2267 5748 lilii
2300 5707 2313 5746 :
2344 5684 2739 5746 inebriabuutur
2783 5688 3004 5761 quidem
3060 5689 3131 5746 ab
3178 5689 3409 5747 ubertate
3451 5692 3633 5748 damus

407 5787 754 5862 Iniquitatem
804 5784 1090 5843 meditatus
1117 5784 1265 5841 estin
1308 5783 1464 5841 cubili
1505 5799 1620 5842 sua.
1650 5782 1709 5840 ln
1753 5782 1935 5841 cordis
2039 5795 2162 5858 tute,
2218 5800 2247 5841 a
2307 5782 2632 5859 pinguedine
2680 5784 2869 5859 gratia:
2921 5782 3162 5857 Spiritus
3205 5786 3401 5844 sancti.
3434 5784 3635 5849 Damus
