4034 6298
483 223 585 281 951

1244 221 1598 282 APPENDIX
1638 218 1730 279 AD
1768 217 2011 278 TOMUM
2051 215 2408 276 SEPTIMUM
2446 216 2507 275 S.
2552 212 2957 275 ΗΙΕΒΟΝὶΜΙ.

3689 218 3801 278 932

481 351 605 407 tute,
637 347 843 398 saneta:
870 340 1149 399 Ecclesiae.
1179 340 1299 407 Vel,
1345 342 1766 410 incbriabuntur,
1797 352 1879 411 ut,
1905 340 2087 398 oblitis
2114 341 2170 399 A
2195 337 2309 408 ligi,
2338 338 2419 392 vel
2462 337 2660 408 exponi
2688 353 2702 391 :
2737 337 2870 393 Nam
2900 336 2996 393 hic
3023 334 3177 405 dicit,
3211 335 3330 396 Noli
3364 336 3644 410 particeps
3670 354 3732 395 es
3769 355 3804 395 c

480 433 722 503 ﬂagitiis,
769 433 1069 492 virtutibus
1109 434 1455 506 copulentur.
1506 435 1584 491 Ab
1623 435 1855 491 ubertate
1900 436 2084 490 domus

479 533 607 580 tute.
645 526 727 582 Ab
753 526 1032 583 intellectu
1068 526 1385 599 dogmatum
1436 528 1968 585 Ecclesiasticorum.
2014 527 2083 583 Et

477 628 705 674 torrente
727 620 1007 692 voluptatis
1029 631 1133 676 tute
1154 622 1358 691 potabis
1383 638 1492 677 eos.
1520 622 1765 679 Torrens
1790 623 2085 693 voluptatis

477 710 600 778 Dei,
650 712 892 783 Spiritus
950 723 1174 771 sanctus
1200 724 1327 772 est:
1357 717 1451 787 qui
1498 717 1691 788 irrigat
1718 731 1939 774 omnem
1968 717 2086 771 ani-

476 818 621 858 mam
678 804 1062 874 spiritualibus
1116 806 1365 874 ﬂuentis,
1416 816 1477 865 ut
1530 807 1768 865 fructum
1825 808 2087 865 exhibeat

473 895 804 953 sanctitatis.

548 988 815 1055 Quoniam
843 991 988 1062 apud
1017 999 1086 1057 te,
1121 990 1367 1057 Domine,
1395 1001 1469 1047 est
1498 994 1616 1064 fons
1644 993 1783 1049 vitae.
1814 991 1885 1048 Et
1916 1002 1971 1047 tu
2000 1008 2081 1059 es,

469 1089 524 1137 et
545 1082 690 1153 apud
724 1091 778 1139 te
806 1094 891 1139 est
915 1085 1076 1155 origo
1098 1085 1343 1140 omnium
1370 1085 1661 1150 bonorum,
1692 1094 1749 1142 et
1772 1095 1832 1141 tu
1857 1094 2085 1157 praestas

469 1172 807 1243 baptismum
854 1194 866 1230 :
922 1191 1019 1246 per
1075 1176 1222 1241 quod
1276 1176 1479 1233 ablutis
1528 1175 1891 1246 facinoribus,
1940 1178 2083 1232 viam

472 1265 726 1340 largiaris
753 1261 1041 1326 aeternam.
1071 1269 1173 1326 Vel
1194 1270 1314 1340 fons
1340 1270 1462 1325 vita:
1488 1286 1508 1325 :
1536 1270 1663 1341 quia
1688 1270 1938 1326 doctrina
1965 1270 2082 1336 Dei,

470 1362 667 1418 animae
695 1363 805 1418 vita
825 1373 928 1419 est.
955 1361 1021 1418 In
1036 1363 1231 1418 lumine
1248 1372 1340 1419 tuo
1352 1363 1637 1419 videbimus
1661 1365 1857 1421 lumen.
1876 1363 2080 1419 Lumen

475 1453 661 1511 Patris
688 1454 946 1512 Christus
974 1465 1080 1512 est.
1105 1456 1164 1512 In
1191 1456 1413 1513 Christo
1434 1457 1614 1514 Patris
1642 1458 1867 1525 lumine,
1897 1459 2079 1512 lumen

474 1549 743 1621 Spiritum
786 1560 1040 1607 sanctum
1094 1551 1424 1607 videbimus.
1461 1551 1670 1608 Lumen
1722 1562 1872 1607 tuum
1920 1551 2085 1607 Pater

470 1651 597 1698 est:
640 1642 801 1713 cujus
850 1644 1188 1699 voluntatem
1242 1644 1470 1712 faciens,
1519 1644 1716 1700 venisti
1764 1643 2080 1699 illuminare

2185 428 2478 500 malignis:
2535 444 2713 500 neque
2773 429 2841 484 ad
2888 429 3107 496 zelum,
3161 446 3338 502 neque
3379 430 3446 485 ad
3499 431 3797 497 invidiam,

2184 525 2311 596 quia
2340 528 2493 581 zelus
2518 525 2599 580 ira
2628 536 2733 592 est,
2761 524 3062 581 secundum
3090 525 3226 581 illud
3252 526 3397 597 quod
3428 540 3529 596 per
3555 526 3803 596 pr0pbe-

2184 624 2293 670 tam
2317 615 2580 671 Dominus
2599 617 2709 671 ait:
2740 615 2799 671 In
2823 616 3197 687 indignatione
3211 632 3406 688 magna
3433 616 3646 672 uelatus
3672 632 3798 671 sum

2186 706 2528 780 Sion,(Zaclt.
2546 709 2685 780 vni).
2704 707 2913 764 Invidia
2936 719 3123 765 autem
3149 709 3291 765 livor
3315 719 3428 766 est:
3454 710 3612 780 juxta
3629 708 3801 765 illud:

2184 799 2375 856 Occidi
2408 801 2883 859 adolescentulum
2911 802 2968 858 in
2996 804 3170 860 livore
3200 819 3325 860 meo
3348 803 3510 878 (Gen.
3540 803 3640 875 tv).
3676 804 3801 861 Ne-

2185 911 2282 963 que
2326 896 2570 951 zelaveris
2597 897 2846 967 facientes
2873 898 3223 969 iniquitatem.
3277 897 3400 954 Non
3426 898 3670 955 imiteris
3696 913 3805 954 eos

2184 986 2279 1059 qui
2336 1003 2434 1059 per
2462 989 2676 1058 iniquas
2703 988 2923 1044 fraudes
2964 991 3186 1047 divitias
3209 1001 3566 1063 congregant,
3623 992 3802 1046 hono-

2183 1098 2413 1154 remque
2434 1084 2750 1154 requirunt:
2800 1082 2899 1140 sed
2930 1084 3096 1140 Deum
3126 1084 3445 1153 attendens,
3474 1085 3787 1143 bonitatem

2183 1177 2545 1246 apostolicam
2577 1191 2786 1247 quaere.

2258 1270 2521 1337 Quoniam
2538 1280 2800 1342 tamquam
2817 1271 2992 1340 fenum
3010 1273 3251 1329 velociter
3271 1284 3536 1340 arescent,
3551 1283 3599 1329 et
3616 1289 3805 1343 quem-

2184 1363 2469 1418 admodum
2517 1364 2665 1419 olera
2708 1363 2992 1418 herbarum
3020 1365 3122 1420 cito
3162 1366 3421 1421 decident.
3470 1365 3633 1422 Recte
3670 1367 3805 1421 haec

2184 1455 2425 1510 carnalis
2474 1456 2671 1525 gloria,
2721 1465 2778 1511 et
2827 1455 3082 1511 mundata
3126 1458 3401 1527 potentia,
3451 1459 3575 1513 leno
3619 1457 3803 1529 (juxta

2184 1546 2405 1618 Isaiam)
2434 1557 2841 1618 comparantur.
2891 1548 3109 1616 Omnis,
3143 1550 3352 1619 inquit,
3409 1565 3543 1607 caro
3585 1551 3798 1618 femun,

2183 1647 2241 1695 et
2269 1640 2449 1696 omnis
2477 1642 2653 1712 gloria
2682 1641 2802 1712 ejus
2834 1643 2977 1698 sicut
3004 1642 3107 1698 llos
3146 1643 3262 1700 feni
3290 1641 3446 1715 (Isai.
3486 1642 3603 1716 ιι).
3635 1644 3803 1699 Aruit

470 1734 687 1791 occulta
717 1735 1090 1804 tenebrarum,
1113 1746 1173 1791 ut
1202 1737 1255 1792 in
1286 1746 1360 1803 te,
1389 1737 1482 1808 qui
1505 1751 1567 1793 es
1602 1738 1695 1794 lux
1724 1736 1934 1803 tnuodi,
1968 1752 2081 1792 me-
2111 1719 2161 1781 Β
2186 1734 2331 1791 enim
2366 1736 2570 1802 lenuni,
2601 1746 2656 1792 et
2684 1738 2785 1792 llos
2806 1739 2927 1805 ejus
2955 1737 3186 1794 decidit.
3220 1739 3359 1795 Huic
3379 1740 3669 1796 sententia:
3698 1740 3801 1795 ad—

472 1841 722 1883 reremur
751 1827 886 1882 illud
919 1828 1100 1884 lumen
1123 1843 1354 1885 cernere
1379 1830 1432 1883 in
1457 1830 1633 1901 gratia
1661 1829 1863 1885 mentis
1895 1845 2078 1898 purae:

472 1918 568 1977 Sic
596 1922 742 1976 enim
775 1923 849 1977 ait
892 1921 959 1977 ad
1005 1922 1315 1993 Philippum
1342 1940 1357 1976 :
1383 1922 1485 1990 Qui
1531 1922 1679 1979 videt
1711 1938 1821 1986 me,
1855 1922 2003 1977 videt
2027 1930 2082 1977 et

469 2010 692 2069 Patrem
720 2028 907 2070 meum
935 2011 1120 2085 (Joan.
1147 2014 1281 2086 xiv).
1314 2014 1379 2069 In
1413 2015 1609 2071 lumine
1637 2017 1769 2081 eius,
1800 2015 1851 2070 id
1880 2026 1985 2082 est,
2027 2016 2080 2070 iu

472 2100 717 2173 Christo,
745 2104 1038 2160 videbimus
1070 2105 1242 2162 lumen
1269 2123 1288 2160 :
1314 2106 1367 2161 id
1395 2117 1480 2162 εει
1511 2107 1778 2178 Spiritum
1807 2117 2080 2174 sanctum,

468 2196 563 2267 qui
595 2212 762 2268 super
784 2199 1069 2268 apostolos
1113 2201 1165 2253 in
1211 2201 1399 2269 specie
1428 2200 1569 2271 ignis
1598 2200 1958 2256 illuminantis
1987 2216 2083 2271 ap-

470 2288 656 2357 paruit
685 2287 827 2359 (Act.
861 2289 948 2359 ιι).
987 2289 1053 2344 Et
1075 2290 1129 2344 in
1148 2290 1348 2345 lumine
1377 2299 1465 2345 tuo
1488 2290 1773 2345 ridebimus
1796 2292 1992 2355 lumen,
2027 2292 2081 2347 id

469 2388 577 2445 est,
612 2394 642 2433 a
667 2378 892 2435 Christo
930 2381 1392 2451 illuminahimur,
1438 2393 1495 2436 ut
1537 2382 1616 2437 ait
1648 2384 1701 2438 in
1732 2384 2029 2455 Evangelio
2063 2401 2077 2438 :

468 2470 601 2526 Erat
627 2470 806 2527 lumen
839 2486 1029 2527 verum
1067 2473 1213 2543 quod
1244 2473 1515 2529 illuminat
1542 2490 1765 2531 omnem
1800 2476 2076 2531 hominem

470 2562 782 2618 venientem
810 2562 867 2617 in
896 2562 1044 2619 hunc
1073 2564 1337 2621 mundum
1365 2564 1550 2638 (Joan.
1577 2566 1718 2640 vin).

543 2655 824 2712 Prwtende
869 2658 1274 2714 misericordiam
1307 2669 1451 2713 tuam
1482 2660 1762 2716 scientibus
1790 2669 1858 2716 te.
1890 2660 1994 2730 Qui
2026 2670 2079 2717 te

469 2762 765 2808 venturum
792 2752 845 2809 in
874 2753 1137 2810 mundum
1171 2765 1464 2812 noverunt.
1498 2757 1576 2813 De
1605 2758 1809 2828 quibus
1838 2768 2078 2829 postmo-

465 2843 596 2901 dum
641 2846 696 2901 in
730 2845 1031 2918 Evangelio
1080 2848 1217 2906 dicis
1261 2867 1275 2903 :
1327 2850 1480 2907 Multi
1520 2851 1653 2922 justi
1702 2860 1757 2908 et
1796 2852 2076 2922 pr0plteta:

466 2940 757 3011 cupierunt
786 2941 971 2998 videre
992 2958 1114 3012 qua:
1134 2943 1357 3011 videtis,
1387 2953 1445 3000 et
1475 2962 1582 3001 non
1606 2946 1863 3004 viderunt
1890 2946 2071 3019 (Matt.

465 3031 563 3104 χι).
613 3032 735 3089 Non
766 3035 1040 3105 superbis,
1094 3046 1150 3091 et
1206 3036 1477 3103 subdolis,
1521 3037 1618 3095 sed
1682 3039 1901 3094 mundis
1952 3053 2075 3095 cor-

2185 1825 2324 1881 didit
2365 1826 2604 1883 Jacobus
2646 1829 2963 1898 apostolus:
3010 1828 3088 1884 Ita
3129 1838 3181 1884 et
3212 1829 3374 1885 dives
3420 1831 3475 1885 in
3506 1830 3803 1885 itineribus

2184 1917 2301 1973 suis
2340 1927 2643 1975 marcescet
2675 1919 2878 1992 (Iacob.
2913 1920 2987 1993 ι).
3018 1920 3195 1977 Simili
3226 1923 3439 1977 ratione
3464 1933 3521 1978 et
3545 1923 3613 1978 de
3635 1922 3806 1979 oleri-

2185 2009 2287 2066 bus
2313 2010 2662 2068 sentiendum
2706 2023 2791 2069 est
2819 2030 2836 2069 :
2869 2014 2997 2085 quia
3029 2028 3138 2070 non
3168 2016 3350 2072 omnia
3384 2016 3535 2073 olera
3564 2016 3804 2087 inﬁrmis

2185 2112 2314 2158 sunt
2334 2113 2665 2174 opportuna.
2708 2150 2718 2160 .

2267 2196 2440 2267 Spera
2471 2198 2524 2250 in
2559 2197 2785 2253 Domino
2811 2208 2859 2252 rt
2879 2198 2963 2270 fac
2989 2198 3291 2254 bonitatem.
3315 2198 3618 2271 Tamquam
3648 2218 3800 2271 aegro

2185 2286 2282 2342 tibi
2312 2288 2552 2359 loquitur
2575 2305 2762 2345 set-mo
2786 2290 3037 2349 divinus:
3069 2302 3128 2346 ut
3155 2291 3299 2348 inter
3323 2293 3560 2365 reliquas
3586 2297 3798 2366 gratias

2183 2395 2304 2448 qua:
2325 2380 2676 2437 suntfructus
2703 2382 2960 2454 spiritus,
2986 2382 3250 2440 exhibeas
3266 2386 3586 2442 bonitatem.
3616 2387 3797 2457 Spera

2183 2469 2237 2524 in
2267 2468 2535 2527 Domino:
2568 2489 2722 2545 spem
2752 2474 2955 2531 habeas
2989 2491 3210 2548 semper
3239 2479 3288 2531 itt
3322 2476 3571 2534 Domino.
3609 2479 3677 2535 Et
3701 2484 3795 2551 [ac

2183 2560 2463 2618 bonitatem
2498 2581 2517 2617 :
2567 2566 2669 2622 hoc
2690 2575 2797 2634 est,
2825 2567 3066 2639 adimple
3094 2570 3375 2627 mandata.
3403 2569 3655 2626 lnltabita
3681 2583 3792 2627 ter-

2180 2671 2315 2723 ram,
2355 2669 2600 2715 sanctam
2643 2660 2948 2716 Ecclesium
2975 2679 2988 2717 :
3023 2664 3109 2720 vel
3139 2678 3343 2736 corpus
3373 2676 3547 2722 tuum.
3579 2667 3657 2723 Tu
3682 2667 3791 2723 do-

2181 2750 2392 2805 minare
2414 2752 2602 2807 carni:
2657 2769 2764 2808 non
2808 2768 2938 2809 caro
2985 2757 3106 2812 tibi.
3155 2756 3227 2811 Et
3255 2762 3478 2828 pasceris
3509 2761 3561 2815 in
3589 2762 3787 2817 divitiis

2178 2840 2314 2910 ejus.
2368 2842 2426 2897 ιιι
2458 2844 2632 2899 sacris
2662 2846 3055 2905 voluminibus.
3106 2847 3166 2904 Si
3194 2848 3313 2905 haec
3353 2862 3497 2907 terra
3544 2852 3786 2909 fruetutn

2178 2933 2434 2991 exhibeat
2453 2936 2786 3007 sanctitatis,
2822 2948 2953 2996 tunc
2978 2949 3039 2997 et
3061 2949 3118 2997 tu
3143 2944 3535 3012 jucundabet'is
3560 2947 3615 3002 in
3641 2947 3788 3004 divi-

2178 3025 2269 3081 tiis
2300 3026 2415 3083 Dei.

465 3101 552 3184 de.
611 3127 707 3186 Vel
766 3131 1002 3186 ostende
1055 3130 1484 3188 misericordiam
1545 3144 1692 3189 tuam
1773 3134 2066 3190 scientibus

2254 3118 2523 3176 Delectare
2548 3122 2604 3176 in
2635 3121 2857 3178 Domino
2880 3168 2896 3193 ,
2942 3135 2993 3180 et
3014 3126 3160 3182 dabit
3189 3128 3281 3183 tibi
3310 3132 3580 3201 petitiones
3606 3134 3785 3190 cordis

465 3230 541 3284 te.
595 3221 650 3277 id
708 3230 818 3289 est,
870 3222 962 3295 qui
1011 3232 1065 3280 te
1108 3224 1311 3290 sciunt,
1365 3236 1419 3282 et
1467 3235 1522 3282 te
1560 3225 1898 3297 intelligunt,
1942 3226 2072 3297 ipsis

461 3314 691 3371 ostende
740 3316 1171 3373 misericordiam
1206 3327 1382 3387 tuam,
1417 3318 1667 3374 Domine.
1704 3317 1774 3372 Et
1806 3319 2073 3391 justitiam

458 3414 606 3460 tuam
636 3406 716 3462 Itis
742 3408 832 3477 qui
860 3421 1002 3464 recto
1033 3419 1155 3464 sunt
1188 3411 1344 3465 corde
1374 3407 1453 3465 :J
1458 3411 1688 3465 notitiam
1722 3421 1887 3477 tuam,
1919 3426 2072 3466 man-

457 3500 586 3556 data
611 3510 723 3557 tua.
749 3503 854 3572 Qui
880 3513 1018 3559 recto
1049 3513 1172 3559 sunt
1193 3505 1368 3571 corde,
1395 3503 1448 3559 id
1476 3514 1582 3568 est,
1606 3505 1700 3575 qui
1731 3520 1836 3560 non
1870 3504 2067 3561 habent

458 3592 830 3666 duplicitatem
861 3595 1068 3652 cordis.

537 3685 661 3741 Non
690 3686 861 3742 veniat
884 3687 1013 3741 mihi
1042 3703 1130 3757 pes
1151 3687 1428 3759 superbiae.
1475 3686 1556 3743 Ne
1596 3688 1772 3743 elatus
1801 3689 2063 3759 vanitate,

461 3781 697 3838 incidam
720 3781 775 3837 in
800 3781 1055 3852 laqueum
1088 3780 1314 3851 diaboli,
1345 3791 1402 3837 et
1430 3781 1662 3837 evadere
1689 3797 1792 3838 non
1819 3784 2021 3853 possim
2048 3801 2062 3838 :

459 3873 530 3929 Et
560 3891 744 3931 manus
763 3884 1096 3948 peccatorum
1136 3892 1242 3929 non
1277 3883 1477 3931 moveat
1516 3889 1598 3931 me
1629 3892 1648 3931 :
1679 3876 1730 3932 id
1761 3885 1864 3942 est,
1894 3892 2063 3948 opera

458 3967 724 4022 malorum
756 3982 846 4023 me
876 3983 983 4023 non
1027 3977 1246 4024 moveat
1271 3968 1341 4024 de
1371 3968 1517 4023 bono
1564 3967 1619 4024 in
1673 3969 1900 4026 malum.
1942 3970 2060 4028 Non

457 4072 548 4112 me
574 4063 815 4123 moveat,
842 4065 901 4113 ut
925 4073 953 4111 a
985 4065 1040 4114 te
1059 4058 1307 4114 divellar.

526 4145 612 4203 lbi
639 4146 936 4204 ceciderunt
968 4165 1144 4204 omnes
1174 4150 1262 4220 qui
1292 4159 1579 4219 aperantur
1620 4152 1969 4223 iniquitatem.
2000 4154 2057 4210 In

458 4240 559 4297 hac
601 4239 856 4311 superbia
885 4250 1048 4313 atque
1091 4242 1329 4298 vanitate
1358 4252 1548 4298 contra
1580 4260 1740 4313 quam
1780 4255 1930 4301 stare
1958 4245 2054 4302 dea

456 4335 710 4403 buerant,
759 4335 1100 4392 ceciderunt.
1154 4332 1381 4406 Expulsi
1425 4345 1569 4391 sunt.
1623 4339 1664 4392 Α
1720 4351 1889 4409 regno
1939 4338 2056 4394 Dei.

458 4425 572 4483 Nec
591 4436 870 4500 potuerunt
898 4438 1059 4483 stare.
1081 4428 1306 4498 Expulsi
1338 4437 1464 4484 sunt
1492 4428 1773 4487 damones
1793 4430 1862 4487 de
1882 4431 2053 4488 etelo:

454 4535 558 4577 nec
589 4528 879 4593 potuerunt
907 4533 1078 4578 stare.
1108 4520 1318 4578 Caelum
1349 4537 1445 4579 eos
1477 4536 1583 4578 non
1611 4523 1787 4593 potuit
1817 4534 2004 4581 tenere
2032 4540 2048 4581 :

450 4614 581 4684 quia
635 4613 690 4670 in
736 4613 901 4686 pedes
926 4614 1200 4687 superbia:
1238 4614 1351 4684 jam
1395 4624 1741 4672 corruerant.
1779 4614 1890 4671 Nos
1918 4632 2049 4672 vero

446 4721 670 4765 oremus
700 4707 1006 4775 Dominum,
1064 4716 1124 4763 ut
1173 4707 1331 4763 nobis
1373 4707 1611 4764 nominis
1659 4707 1744 4762 sui
1797 4707 2046 4764 timorem

446 4800 709 4868 insinuet,
750 4800 1181 4857 misericordiam
1228 4800 1298 4857 de
1343 4801 1487 4858 coelo
1533 4801 1692 4858 solile
1745 4800 2043 4873 largiatur:

442 4894 755 4964 superbiam
777 4909 808 4948 a
828 4893 989 4950 nobis
1009 4892 1169 4950 bonis
1192 4896 1306 4949 suis
1328 4892 1602 4950 inimicam
1629 4892 1861 4959 auferat,
1883 4903 2047 4965 atque

445 5002 665 5045 omnem
693 4987 880 5044 dolum
910 4995 1157 5043 avertat:
1198 4999 1406 5058 nosque
1445 4986 1784 5043 sacrosancti
1822 4985 2042 5042 luminis

443 5082 527 5139 sui
548 5080 862 5153 cognitione
891 5079 1251 5146 illuminatos,
1274 5094 1441 5152 regno
1472 5094 1572 5136 suo
1597 5078 1791 5150 dignos
1818 5078 2035 5135 efﬁciat.

439 5178 638 5234 Amen.

949 5241 1265 5304 ΡεΑιιιυε
1293 5241 1537 5301 XXXVI.

442 5357 689 5418 Psalmus
712 5361 905 5419 David.
928 5361 1267 5431 Trigcsimus
1280 5368 1466 5415 sextus
1486 5358 1726 5430 psalmus
1740 5372 2031 5431 personam

502 5431 640 5501 justi
666 5431 957 5504 glorificat,
990 5428 1177 5504 itijusti
1208 5438 1403 5504 notat:
1451 5428 1630 5504 ttio‘res
1655 5428 1893 5495 instruit,
1936 5429 2031 5486 bo-

505 5500 729 5559 nitatem
753 5501 849 5558 Dei
876 5500 1057 5573 docet,
1081 5502 1401 5574 pravitatem
1430 5500 1637 5558 evellit.

501 5636 631 5691 Noli
655 5635 895 5691 atmulari
917 5637 969 5689 in
994 5637 1423 5709 malignantibus.
1455 5635 1653 5692 Multas
1683 5635 1846 5692 habet
1868 5648 2026 5713 tentu-

426 5723 560 5783 latio
586 5726 1088 5796 interpretationes,
1116 5742 1236 5797 qua
1268 5726 1391 5784 loco
1412 5741 1515 5782 suo
1540 5724 1841 5782 debentvel
1860 5726 2022 5783 intel-

2082 4485 2132 4547 D

2179 3215 2275 3267 tui.
2303 3216 2411 3269 Cor
2444 3230 2662 3287 semper
2692 3220 3015 3289 sapientiam
3062 3223 3218 3291 petit.
3251 3224 3394 3296 Ergo
3414 3226 3485 3295 si,
3517 3227 3782 3285 admissis

2178 3304 2264 3360 his
2285 3307 2740 3378 jucunditatibus,
2780 3313 2833 3366 in
2865 3313 3097 3371 Domino
3125 3315 3420 3374 delecteris
3446 3358 3464 3385 ,
3494 3319 3645 3376 dabit
3677 3322 3779 3379 tibi

2177 3399 2467 3457 thesauros
2498 3404 2785 3472 sapientia:
2808 3420 2954 3475 sum,
2988 3408 3077 3463 vel
3111 3410 3372 3481 quidquid
3398 3413 3627 3481 petieris
3673 3429 3778 3485 per

2172 3490 2357 3547 fidem.
2384 3491 2544 3549 Unde
2566 3494 2734 3550 dixit:
2755 3495 2891 3563 Quia
2915 3499 2960 3553 si
2993 3497 3102 3553 duo
3126 3514 3192 3555 ex
3226 3501 3782 3561 vobisconscnscriut

2170 3600 2338 3658 super
2388 3588 2617 3656 terram,
2654 3589 2723 3644 de
2750 3592 2900 3645 omni
2952 3607 3013 3648 re
3042 3609 3205 3665 quam
3250 3594 3511 3665 petierint
3553 3613 3582 3652 a
3610 3598 3781 3655 Patte

2168 3694 2314 3747 meo,
2346 3680 2442 3737 fiet
2465 3683 2545 3737 eis
2567 3680 2750 3753 (Matt.
2788 3684 2904 3755 xv).

2242 3770 2432 3827 Revela
2462 3771 2687 3828 Domino
2712 3774 2847 3829 viam
2876 3784 3041 3830 luant.
3075 3778 3362 3846 Quomodo
3388 3782 3539 3851 dicit,
3565 3784 3779 3840 revela?

2169 3866 2434 3936 numquid
2482 3866 2687 3938 aliquid
2740 3868 2915 3924 nescit
2950 3869 3142 3926 Deus?
3199 3871 3337 3939 Non,
3397 3874 3491 3930 sed
3524 3883 3577 3930 tu
3619 3879 3769 3947 quod

2167 3956 2338 4012 babes
2380 3959 2433 4012 in
2462 3959 2630 4015 corde
2661 4002 2677 4027 ,
2711 3960 3023 4030 patefacere
3070 3963 3236 4019 debes
3269 3966 3379 4020 Deo
3406 3966 3460 4021 in
3510 3982 3771 4027 sermone

2165 4065 2264 4121 per
2299 4050 2705 4129 confessionem
2742 4063 2907 4110 tuam.
2957 4053 3238 4114 Confitere
3258 4058 3309 4114 ei
3339 4061 3584 4116 actiones
3613 4072 3766 4129 tuas;

2163 4153 2219 4199 et
2245 4157 2404 4214 spera
2431 4145 2485 4199 in
2509 4128 2629 4200 cuni
2654 4161 2891 4218 semper,
2914 4159 2965 4205 et
2995 4149 3117 4219 ipse
3146 4149 3241 4205 tibi
3269 4149 3507 4209 dimittet
3540 4165 3765 4224 peccata

2163 4245 2277 4292 tua.
2305 4236 2371 4293 Et
2393 4255 2541 4310 spera
2561 4238 2770 4295 incum.
2826 4241 2981 4309 Quod
3024 4243 3205 4314 possit
3257 4246 3537 4302 remittere
3583 4246 3766 4305 delin-

2160 4331 2369 4402 quenti.
2420 4332 2484 4387 Et
2515 4332 2625 4405 ipse
2649 4334 2827 4404 faciet.
2861 4334 2929 4390 Et
2957 4335 3110 4406 quid,
3140 4337 3344 4410 inquis,
3376 4338 3581 4395 faciet?

2232 4423 2304 4478 Et
2337 4425 2518 4481 educet
2537 4427 2683 4497 quasi
2710 4428 2883 4483 lumen
2909 4428 3179 4500 justitiam
3209 4439 3374 4485 tuam.
3423 4432 3507 4487 Ad
3531 4432 3758 4487 clarita-

2162 4528 2267 4576 tem
2297 4535 2401 4591 qua
2430 4535 2554 4575 cum
2586 4520 2891 4576 credidisti.
2942 4522 3217 4577 Justitiam
3238 4533 3419 4580 tuam:
3475 4525 3528 4579 id
3561 4536 3669 4594 est,
3697 4527 3753 4583 in

2159 4612 2407 4669 claritate
2436 4628 2603 4685 opera
2633 4624 2743 4669 tua.
2797 4613 2865 4668 Et
2895 4615 3164 4688 judicium
3194 4625 3361 4673 tuum.
3394 4618 3514 4687 Quo
3536 4635 3599 4676 ea
3632 4637 3758 4693 quae

2157 4704 2297 4760 bona
2345 4715 2475 4761 sunt
2517 4705 2752 4777 clegisti.
2807 4705 3092 4779 Tamquam
3134 4710 3420 4766 meridiem.
3476 4712 3537 4768 In
3587 4713 3757 4785 pleno

2156 4796 2450 4866 splendore
2474 4797 2663 4867 gratiae
2691 4812 2804 4854 sua:
2834 4837 2851 4866 ,
2897 4814 3056 4870 quem
3088 4801 3300 4857 revelat
3320 4817 3510 4859 coram
3543 4806 3756 4878 angelis

2154 4890 2286 4945 suis.
2324 4889 2418 4946 Vel
2442 4888 2719 4957 meridies,
2753 4906 2920 4962 opera
2944 4903 3258 4950 sanctorum
3291 4895 3688 4968 intelliguntur.

2224 4983 2478 5039 Subditus
2504 4995 2613 5039 esto
2639 4983 2887 5042 Domino.
2940 4984 3058 5041 Non
3090 4995 3345 5058 peccato,
3397 4988 3494 5045 sed
3524 4989 3752 5048 humilis

2143 5084 2264 5132 esto
2290 5091 2477 5133 coram
2494 5077 2743 5134 Domino.
2774 5077 2844 5133 Et
2865 5095 2957 5133 ora
2974 5095 3114 5134 eum.
3148 5079 3251 5136 Pro
3278 5080 3490 5138 delictis
3505 5098 3752 5153 praesen-

2145 5169 2287 5227 tibus
2316 5181 2372 5228 et
2400 5172 2655 5244 antiquis.
2688 5171 3249 5231 UndePaulusdixit:
3282 5173 3467 5231 Primo
3490 5178 3741 5236 omnium

2145 5263 2261 5321 ﬁeri
2290 5265 2601 5331 orationes,
2655 5265 3083 5333 obsecrationes,
3143 5267 3566 5337 postulationes,
3617 5284 3749 5341 gra-

2144 5358 2344 5412 tiarqu
2371 5357 2643 5413 actiones:
2676 5372 2775 5429 pro
2803 5358 3021 5429 regibus
3037 5358 3357 5417 etomnibus
3372 5361 3463 5431 qui
3488 5359 3542 5415 in
3567 5361 3743 5420 subli-

2140 5448 2327 5504 mitate
2356 5460 2483 5503 sunt
2511 5449 2557 5522 (l
2585 5448 2717 5504 Tim.
2748 5448 2833 5521 ιι).

2214 5540 2343 5597 Noli
2391 5541 2630 5597 terrmlari
2660 5543 2712 5597 in
2736 5560 2814 5598 eo.
2844 5542 2922 5598 Ne
2954 5541 3167 5599 invidus
3189 5543 3237 5599 ei
3267 5543 3367 5611 sis,
3397 5543 3542 5601 sicut
3571 5560 3746 5620 supc—

2135 5631 2278 5688 rius:
2311 5632 2377 5687 Et
2391 5632 2656 5707 judicium
2672 5643 2817 5688 tuum
2843 5643 3105 5704 tamquam
3123 5635 3382 5691 meridies.
3404 5634 3559 5692 Tunc
3584 5639 3743 5697 enim

2131 5727 2264 5799 justi
2297 5727 2573 5798 fulgebunt
2616 5728 2759 5785 sicut
2783 5727 2867 5785 sol
2905 5727 2959 5783 in
2988 5743 3159 5800 regno
3194 5725 3363 5800 patris
3393 5742 3591 5787 eorum
3613 5774 3631 5803 ,
3683 5746 3744 5791 et
