4034 6310
288 226 410 290 935

1211 224 1644 292 BREVIARIUM
1685 230 1752 290 IN
1790 226 2133 290 PSALMOS.
2175 230 2419 291 PSAL‘I.
2465 232 2707 293 XXXVL

3504 234 3611 298 934

296 359 469 407 erunt
496 350 644 405 clara
676 352 859 407 omnia
904 366 1025 422 qua:
1054 366 1200 412 nunc
1224 352 1545 409 abscondita
1589 363 1736 409 sunt.
1782 352 1906 422 Vel,
1939 352 1994 413 Α
2024 359 2157 408 tunc
2184 353 2381 408 animm
2408 354 2629 424 sanguis
2659 352 2901 407 funditur
2929 395 2942 419 ,
3001 367 3125 409 cum
3151 352 3275 427 quis
3302 354 3499 414 blande
3524 372 3610 413 se-

297 445 415 500 noli
443 444 689 500 ωιιηιιανὶ
711 446 763 498 in
792 460 873 510 eo,
902 445 994 515 qui
1024 460 1288 516 prospere
1309 444 1421 518 agit
1447 446 1503 501 in
1529 445 1615 502 via
1638 461 1757 502 sua.
1788 446 1904 502 Non

300 547 361 594 te
386 548 589 595 terreat
620 538 772 609 impii
788 538 1029 594 felicitas
1047 539 1246 595 brevis.
1272 538 1505 608 Quiesce
1524 540 1592 595 ab
1620 541 1718 608 ira,
1739 550 1794 598 ει
1813 540 1908 596 de-

302 632 561 699 relinque
583 631 848 687 furorem.
890 630 1010 687 Noli
1041 630 1289 687 aemulari
1320 639 1376 686 ιιι
1404 632 1739 687 malefacias.
1797 631 1905 687 Dc-

300 743 448 798 pone
475 726 635 793 iram,
692 741 762 783 ne
790 726 975 797 iniqua
1028 726 1267 797 patiens,
1295 725 1471 782 vicem
1497 725 1729 783 reddere
1756 741 1908 782 com-

297 817 548 891 pellacis.

377 911 480 978 Qui
497 918 834 981 prosperatur
854 911 912 965 in
941 910 1023 965 via
1043 927 1161 965 sua.
1186 910 1291 978 Qui
1323 909 1552 966 feliciter
1574 910 1683 981 agit
1714 911 1767 964 in
1799 910 1904 965 hoc

302 1007 531 1064 smnio.
568 1004 633 1061 In
659 1005 865 1060 homine
890 1005 1467 1076 [acienteinjustitiam.
1501 1003 1623 1075 Ipse
1665 1004 1815 1059 enim
1843 1018 1903 1062 se

304 1100 583 1172 peccando
615 1099 943 1171 praecipitat,
966 1115 1037 1156 ne
1065 1115 1188 1155 cum
1221 1100 1318 1155 illo
1346 1114 1471 1157 esse
1503 1098 1790 1156 desideres
1810 1097 1903 1171 qui

302 1194 647 1264 iniquitatem
680 1191 825 1247 facit.

378 1288 567 1344 Desine
604 1288 668 1342 ab
717 1288 822 1343 ira.
857 1287 991 1356 Quae
1019 1287 1114 1343 Dei
1165 1286 1434 1357 justitiam
1489 1301 1595 1342 non
1642 1295 1902 1356 operatur

301 1382 512 1455 (Iacob.
539 1382 603 1455 ι).
651 1380 964 1450 Derelinque
992 1385 1239 1452 furorem.
1271 1380 1375 1450 Qui
1408 1379 1714 1439 secundum
1740 1379 1895 1437 Salo-

298 1491 519 1532 monem
543 1476 708 1530 etiam
728 1474 1008 1546 sapientes
1031 1473 1206 1545 perdit
1228 1472 1413 1546 (Prov.
1434 1473 1570 1545 six).
1586 1472 1683 1528 Vel
1699 1473 1895 1537 desine,

301 1583 457 1624 cessa
481 1566 549 1621 ab
582 1572 659 1621 ira
682 1566 872 1631 animi,
903 1576 959 1622 et
983 1565 1168 1620 furore
1197 1565 1470 1635 cet-poris.
1503 1563 1638 1619 Noli
1657 1564 1897 1619 cumulari

298 1671 358 1717 ut
376 1659 701 1731 maligneris.
724 1658 802 1715 Ne
825 1659 962 1714 alios
990 1659 1339 1729 provocando
1354 1656 1423 1713 ad
1448 1654 1896 1728 nequitiam,ip-e

298 1768 535 1824 nequam
576 1750 853 1807 etticiaris.

373 1846 629 1914 Quoniam
642 1846 733 1918 qui
742 1846 1093 1917 malignantur
1112 1844 1606 1901 “terminabuntur.
1623 1842 1757 1911 Quia
1784 1857 1892 1898 non

298 1939 507 1995 habent
552 1938 787 1994 radicem
823 1939 1060 2010 pictatis.
1114 1937 1211 1994 Vel
1258 1936 1770 1993 exterminalnmtur
1826 1935 1893 1988 de

300 2042 448 2087 terra
474 2031 798 2087 viventium.
850 2030 1182 2085 Sustinentes
1231 2039 1408 2084 autem
1435 2027 1739 2093 Dominum,
1790 2028 1895 2098 ipsi

291 2121 688 2178 hwreditabunt
730 2132 941 2176 terram.
974 2120 1032 2176 ld
1055 2129 1165 2189 est,
1200 2128 1397 2179 terram
1427 2117 1891 2191 repromissionis,

291 2229 422 2286 quae
443 2214 559 2268 linit
591 2214 696 2269 mel
727 2221 783 2270 et
813 2214 916 2269 lac.

374 2308 562 2361 Adhuc
589 2306 873 2379 pusillum,
915 2314 1088 2360 etnon
1117 2305 1214 2359 erit
1244 2314 1499 2372 peccator.
1541 2302 1748 2359 Modice
1794 2317 1893 2356 ex-

292 2408 508 2469 specta,
543 2407 598 2453 et
628 2411 734 2451 neu
762 2397 863 2451 erit
898 2407 1175 2465 peccator,
1201 2396 1294 2464 qui
1319 2396 1543 2451 tolletur
1574 2394 1700 2449 hinc
1726 2412 1740 2447 :
1764 2394 1893 2464 quia

291 2490 481 2546 divina
504 2490 845 2559 opprimetur
865 2488 1099 2543 ultione.
1150 2486 1217 2540 Et
1254 2502 1454 2558 qureres
1475 2487 1648 2541 locum
1681 2488 1819 2556 ejus,
1844 2493 1893 2538 et

294 2599 405 2636 non
430 2581 672 2635 invenies.
703 2580 757 2634 In
789 2579 1029 2634 futurum
1049 2594 1154 2633 non
1172 2580 1306 2632 erit:
1337 2592 1513 2648 neque
1536 2579 1714 2633 locum
1740 2578 1894 2649 quie-

291 2674 370 2729 tis
399 2673 647 2743 accipiet,
678 2683 727 2726 et
753 2688 952 2742 quwres
976 2672 1150 2726 locum
1187 2671 1322 2741 ejus.
1350 2679 1399 2724 et
1423 2685 1525 2723 non
1548 2669 1794 2723 inuenies.
1833 2668 1892 2725 Si

292 2766 449 2822 locus
476 2765 681 2822 diaboli
731 2774 1017 2836 peccatum
1061 2775 1142 2820 est
1175 2805 1191 2831 ,
1240 2764 1349 2819 erit
1400 2770 1614 2834 tempus
1671 2764 1892 2834 quando

292 2872 581 2934 peccatum
605 2874 716 2915 non
745 2861 871 2915 erit.
904 2860 1016 2915 Iloc
1035 2869 1217 2914 autem
1254 2866 1382 2914 tunc
1409 2858 1534 2925 erit,
1567 2872 1688 2913 eum
1711 2855 1894 2913 exsul—

292 2956 595 3012 taverimus
624 2957 679 3009 in
701 2953 1056 3009 multitudine
1078 2951 1247 3024 pacis.

370 3047 631 3103 Mansueti
664 3056 832 3101 autem
858 3044 1234 3102 htereditabunt
1261 3052 1471 3100 terram.
1528 3042 1678 3110 Quos
1705 3043 1892 3100 nullus

2011 442 2255 511 ducitur,
2285 456 2337 501 et
2369 446 2516 502 cadit
2546 446 2602 501 in
2625 455 2926 516 peceatum.
2962 445 3198 504 Sedluec
3222 449 3290 503 ad
3320 449 3609 505 haereticos

2012 537 2299 593 referenda
2332 546 2490 606 sunt,
2532 549 2721 593 contra
2751 554 2888 607 quos
2915 536 3182 595 debemus
3229 543 3400 597 fortes
3424 551 3605 598 stare:

2012 637 2073 684 nt
2103 631 2184 686 eis
2212 632 2364 701 quod
2394 629 2656 703 propheta
2686 630 2907 701 adjecit,
2937 631 3209 686 adveniat.

2089 721 2309 777 Gladius
2340 737 2519 777 eorum
2546 723 2701 777 intret
2722 724 2776 776 in
2799 722 2960 778 corda
2982 723 3234 793 ipsorum,
3266 733 3375 780 etc.
3432 723 3609 781 Unus-

2008 813 2247 885 quisque
2273 815 2423 869 enim
2454 815 2547 885 qui
2578 822 2773 870 centra
2800 814 2968 869 Deum
3001 814 3279 885 loquitor:
3330 826 3421 870 ant
3452 816 3606 887 cujus

2011 920 2168 961 mens
2205 907 2257 960 in
2288 905 2454 960 stulta
2494 906 2824 976 arrogantia:
2853 906 3095 960 vanitate
3122 906 3451 976 superfluit:
3510 922 3612 963 nec

2010 996 2312 1066 Scripturis
2343 996 2698 1068 spiritualiter
2724 997 3045 1055 intendens.
3083 997 3282 1055 vitiosa
3311 1015 3405 1054 eas
3436 1000 3609 1055 inter-

2006 1090 2317 1162 pretatione
2345 1090 2651 1161 corrumpit
2676 1107 2688 1144 :
2722 1090 2838 1161 ipse
2871 1106 2930 1146 se
2961 1091 3185 1161 prOprio
3215 1093 3478 1148 interimit
3505 1108 3604 1163 pu-

2005 1185 2192 1254 gione.
2227 1184 2292 1238 Et
2320 1182 2459 1238 sicut
2491 1181 2559 1238 ad
2587 1182 2871 1254 apostolos
2900 1198 3006 1252 pax
3038 1198 3228 1240 eorum
3252 1229 3268 1254 ,
3302 1186 3346 1241 si
3377 1185 3593 1256 indigna

2006 1275 2075 1330 sit
2101 1274 2320 1340 domus,
2351 1274 2645 1331 revertitur
2670 1274 2854 1347 (Matt.
2880 1273 2937 1346 ι)
2963 1291 2977 1329 :
3013 1277 3082 1329 ita
3111 1287 3165 1331 et
3198 1276 3250 1331 in
3279 1277 3442 1333 corda
3474 1279 3607 1333 isto-

2006 1383 2126 1423 rum
2155 1367 2388 1438 gladius.
2444 1369 2489 1423 si
2521 1377 2713 1423 contra
2748 1366 3020 1421 insontem
3049 1366 3391 1439 evaginetur,
3425 1369 3600 1440 inligi-

2006 1469 2110 1518 tur.
2143 1459 2265 1522 Vel,
2293 1460 2499 1532 gladius
2518 1476 2696 1517 eorum
2732 1460 2887 1514 intret
2913 1460 2967 1514 in
2994 1460 3152 1514 corda
3184 1460 3450 1531 ipsorum:
3497 1461 3600 1516 hoc

2004 1561 2088 1607 est
2115 1593 2131 1618 ,
2170 1551 2409 1606 vindicta
2447 1552 2498 1605 in
2548 1551 2760 1606 animas
2808 1551 3074 1621 ipSorum.
3109 1552 3175 1606 Et
3203 1566 3365 1608 arcus
3410 1568 3599 1608 eorum

2002 1644 2399 1715 confringatur,
2437 1644 2706 1700 tetulicula
2739 1646 3004 1716 ipsorum.

1926 1744 1971 1805 Β
2072 1736 2265 1793 Helius
2286 1748 2358 1792 est
2389 1736 2646 1790 modicum
2674 1741 2822 1809 justo
2850 1756 3003 1812 super
3030 1739 3234 1796 divitias
3262 1749 3589 1808 peccatorum

1997 1828 2207 1884 multas.
2241 1829 2584 1885 Metuitenim
2616 1828 2753 1884 illud
2775 1830 2920 1900 quod
2946 1831 3210 1887 Dominus
3235 1833 3312 1887 ait
3334 1832 3388 1888 in
3418 1834 3593 1888 Evan-

2002 1923 2144 1994 gelia
2178 1939 2193 1978 :
2227 1921 2364 1991 Quid
2396 1922 2619 1993 prodest
2645 1921 2877 1989 homini,
2911 1924 2956 1978 si
2986 1923 3244 1978 mundum
3279 1925 3590 1980 universum

1997 2013 2269 2070 lucretur:
2319 2012 2516 2068 animas
2545 2025 2723 2069 antem
2777 2030 2889 2067 sua:
2917 2013 3306 2070 detrimentum
3357 2016 3594 2086 patiatur

1997 2107 2017 2179 (
2043 2106 2199 2161 Matt.
2227 2122 2316 2162 xvr
2346 2107 2404 2177 )?
2456 2104 2724 2160 Modicum
2748 2116 2926 2162 autem
2958 2108 3100 2177 quod
3135 2107 3291 2170 dixit,
3325 2107 3459 2164 fides
3485 2119 3590 2164 est.

2000 2196 2132 2266 Quae
2153 2212 2477 2269 quamquam
2506 2197 2896 2269 granosinapis
2924 2209 3303 2268 comparetur,
3341 2215 3588 2270 magnam

1998 2300 2178 2345 tamen
2200 2290 2364 2346 habet
2384 2291 2659 2345 virtutem.
2680 2287 2869 2344 Melius
2882 2298 2953 2344 est
2972 2291 3229 2344 modicum
3244 2294 3413 2364 justo,
3438 2309 3594 2363 super

1997 2382 2202 2437 divitias
2214 2392 2535 2453 peccatorum
2550 2381 2757 2435 multas.
2774 2380 3031 2449 Quamvis
3045 2397 3206 2451 parva
3224 2383 3351 2448 sint,
3368 2383 3593 2438 meliora

1997 2485 2163 2532 sunt:
2221 2475 2347 2547 quia
2376 2474 2515 2530 dixit
2546 2474 2805 2530 Salomon
2841 2491 2855 2528 :
2892 2474 3082 2529 Melior
3129 2487 3211 2531 Cal
3243 2476 3435 2548 exigua
3470 2493 3593 2546 por-

1998 2570 2073 2624 tio
2101 2584 2223 2626 cum
2258 2568 2476 2641 requie,
2525 2583 2687 2640 quam
2720 2568 2875 2638 plena
2915 2583 3109 2623 manus
3138 2584 3259 2623 eum
3313 2570 3597 2642 iniquitate

1998 2662 2224 2734 (Eccles.
2256 2662 2358 2733 tv).

2071 2754 2327 2820 Quoniam
2371 2753 2582 2809 brachia
2605 2765 2930 2826 peccatorum
2956 2765 3314 2812 conterentur:
3345 2756 3593 2823 Brachia,

1997 2846 2167 2916 idest,
2183 2847 2448 2901 fortitudo
2477 2847 2692 2903 illorum
2722 2849 3107 2904 contereturin
3133 2848 3389 2919 vindicta,
3415 2864 3484 2905 ne
3511 2850 3595 2903 in-

1997 2939 2318 2996 nocentibus
2349 2950 2603 2997 noceant.
2630 2940 2915 3013 Conﬁrmat
2942 2953 3115 2997 autem
3121 2945 3294 3015 justas
3318 2944 3594 2999 Dominus.

1997 3034 2055 3089 In
2080 3033 2185 3090 ﬁde
2212 3035 2653 3091 conversantium
2686 3035 2897 3090 inﬁrma
2927 3037 3269 3093 corroborat.

293 3142 463 3198 turbo
486 3141 691 3196 furoris
720 3142 956 3212 exagitat
986 3156 1001 3195 :
1055 3154 1234 3209 neque
1256 3136 1720 3208 concupiscentia:
1750 3137 1889 3208 ignis

2069 3127 2230 3183 Novit
2257 3126 2513 3184 Dominus
2534 3130 2643 3183 uias
2662 3129 3131 3184 immaculatorum.
3164 3128 3217 3185 Id
3242 3138 3349 3198 est,
3372 3145 3602 3187 Conver-

293 3237 624 3293 inllammat.
678 3234 1095 3290 llaereditabunt
1136 3242 1335 3288 terram
1364 3231 1511 3287 illam
1548 3232 1889 3288 viventium:

290 3331 420 3401 quia
454 3329 615 3384 mites
652 3338 708 3383 et
734 3327 965 3381 Immites
988 3325 1350 3397 possidebunt
1378 3334 1576 3381 terram
1604 3342 1619 3380 :
1654 3327 1757 3379 hoc
1785 3333 1888 3389 est,

292 3422 464 3478 vitam
491 3432 774 3476 :cternam.
813 3419 876 3474 Et
901 3419 1288 3475 delectabantur
1314 3419 1367 3472 in
1381 3418 1709 3472 multitudine
1727 3417 1889 3489 pacis.

290 3511 701 3569 Delectabuntur
718 3528 736 3566 :
751 3511 805 3565 ld
832 3521 911 3568 est
926 3554 940 3578 ,
960 3511 1341 3567 lwtabunturin
1362 3508 1690 3564 multitudine
1709 3509 1853 3580 pacis
1872 3525 1891 3563 :

294 3606 349 3661 id
372 3615 481 3671 est,
530 3605 585 3659 in
614 3602 834 3660 Christo
861 3623 874 3659 :
924 3619 1045 3659 cmn
1076 3603 1130 3657 in
1158 3618 1326 3673 regno
1362 3600 1561 3657 Christi
1615 3600 1892 3671 conjuncti

293 3695 525 3762 fuerint,
556 3695 644 3765 qui
670 3706 754 3753 est
784 3711 883 3765 pax
920 3704 1125 3751 nostra.

373 3788 674 3843 Observabit
698 3797 933 3858 peccator
949 3791 1174 3860 justum.
1205 3785 1273 3843 Ut
1304 3788 1524 3842 invento
1553 3787 1673 3843 loco
1697 3795 1896 3844 noceat

296 3883 392 3938 ei:
452 3883 577 3952 quia
607 3896 705 3949 per
728 3881 818 3936 illa
852 3895 1017 3950 opera
1052 3889 1366 3936 sanctorum
1425 3880 1526 3948 ipsi
1554 3881 1890 3949 cruciantur,

296 3985 356 4032 et
388 3980 716 4044 torquentur
738 3972 790 4027 in
815 3973 920 4027 ista
954 3970 1212 4041 praesenti
1240 3973 1343 4027 vita
1369 3989 1383 4026 :
1412 3971 1465 4053 id
1486 3981 1590 4040 est,
1625 3972 1678 4028 in
1709 3981 1895 4030 mente

300 4069 449 4123 intus
477 4068 683 4122 malitia
713 4076 771 4122 et
825 4065 1031 4121 invidia
1052 4105 1069 4131 ,
1118 4080 1281 4136 quam
1316 4066 1536 4121 habent.
1570 4065 1635 4121 Et
1663 4065 1895 4121 stridebit

299 4177 457 4234 super
486 4178 600 4217 eum
646 4159 885 4216 dentibus
910 4161 1041 4215 suis.
1079 4156 1340 4231 Nequitias
1383 4169 1437 4214 et
1461 4160 1683 4226 malitiae
1712 4159 1913 4216 denti--

299 4252 633 4323 bus,qnibus
649 4268 770 4308 eum
801 4250 1300 4308 nititurdevorare.
1336 4251 1438 4309 Per
1463 4261 1670 4308 motum
1699 4268 1898 4325 corpo-

298 4344 400 4411 ris,
435 4356 489 4399 ιιι
513 4344 775 4413 diximus,
808 4344 1047 4400 ostendit
1071 4352 1277 4399 motum
1305 4345 1528 4399 animae.

372 4436 630 4493 Dominus
664 4448 832 4492 autem
855 4435 1090 4492 irridebit
1127 4452 1279 4492 eum:
1326 4437 1452 4508 quia
1481 4439 1728 4510 prospicit
1755 4439 1895 4510 quod

1996 3222 2261 3277 sationem
2290 3219 2531 3276 illorum.
2561 3221 2725 3277 Novit
2750 3222 3014 3278 Dominus
3035 3223 3124 3294 qui
3154 3233 3282 3279 sunt
3310 3224 3461 3294 ejus:
3497 3226 3599 3280 im-

1997 3310 2232 3369 mundos
2276 3323 2459 3369 autem
2509 3323 2566 3370 et
2617 3330 2716 3371 eos
2745 3314 2836 3383 qui
2871 3330 2997 3369 eum
3053 3315 3346 3385 ignorant,
3398 3317 3596 3371 nescit.

1993 3404 2183 3461 Omnis
2201 3408 2347 3462 enim
2367 3407 2625 3478 ignorans
2644 3406 3004 3478 ignorabitur.
3030 3404 3097 3461 Et
3123 3406 3395 3463 Iucreditas
3421 3424 3600 3465 eorum

1993 3499 2047 3554 in
2087 3509 2335 3555 wtcrnum
2375 3500 2492 3555 erit.
2550 3500 2606 3555 lu
2644 3498 2862 3556 Christo
2887 3542 2902 3565 ,
2958 3501 3047 3572 qui
3087 3512 3172 3557 est
3216 3509 3511 3572 perpetuus
3549 3511 3604 3558 et

1995 3602 2254 3650 aeternus.
2312 3593 2409 3650 Vel
2452 3593 2506 3648 in
2540 3600 2803 3650 aeternum
2850 3596 2989 3650 erit:
3049 3595 3153 3650 hoc
3207 3605 3324 3661 est,
3383 3596 3436 3650 in
3495 3598 3605 3650 vita

1993 3693 2225 3740 mterna.

2068 3776 2191 3832 Non
2223 3777 2604 3849 confundentur
2657 3778 2711 3833 in
2756 3785 2983 3851 tenipore
3007 3777 3164 3833 malo.
3198 3788 3305 3834 etc.
3362 3777 3602 3850 Tempus

1996 3869 2238 3940 tnalum,
2290 3869 2488 3941 judicii
2516 3883 2730 3943 tempus
2758 3869 2997 3927 ostendit
3023 3889 3035 3925 :
3097 3870 3150 3927 in
3179 3886 3288 3943 quo
3320 3886 3439 3926 cum
3463 3871 3597 3941 justi

1999 3976 2107 4018 non
2136 3962 2409 4034 patiantur
2440 3963 2661 4031 famem,
2694 3961 2765 4019 de
2808 3964 3186 4034 peccatoribus
3215 3962 3414 4019 dicitur
3439 3983 3453 4020 :
3507 3962 3602 4020 Va:

1995 4056 2149 4112 vobis
2170 4057 2260 4127 qui
2291 4056 2515 4113 saturati
2537 4058 2693 4125 estis,
2723 4061 2978 4129 quoniam
3012 4058 3266 4115 esurietis
3300 4055 3454 4131 (Luc.
3488 4060 3589 4130 v1),

1999 4147 2124 4205 Non
2164 4150 2545 4222 confundentur
2576 4150 2630 4205 in
2656 4160 2881 4224 tempore
2919 4152 3080 4206 malo.
3124 4148 3182 4207 ln
3214 4160 3461 4220 tempore
3490 4151 3604 4207 dis-

1998 4243 2296 4311 cussionis,
2325 4246 2468 4315 quod
2502 4243 2684 4316 impiis
2713 4245 2915 4300 malum
2948 4244 3078 4301 erit.
3134 4244 3201 4299 Et
3228 4246 3282 4300 in
3310 4244 3489 4301 diebus
3519 4247 3602 4318 fa—

1999 4341 2095 4394 mis
2120 4339 2496 4395 saturabuntur
2517 4383 2533 4408 ,
2580 4349 2635 4397 et
2687 4340 2734 4395 si
2772 4343 3026 4397 desinant
3051 4356 3172 4397 esse
3200 4341 3601 4397 ministratores

2000 4435 2150 4490 verbi
2183 4434 2297 4502 Dei,
2329 4444 2384 4491 et
2413 4435 2467 4490 bi
2500 4435 2552 4490 in
2585 4434 2822 4500 Christo,
2848 4433 2938 4506 qui
2971 4433 3126 4506 panis
3152 4444 3239 4490 est
3261 4435 3440 4504 vivus,
3466 4434 3596 4490 roli-

300 4531 501 4586 venient
550 4531 657 4587 die;
706 4535 839 4605 ejus,
889 4530 1014 4587 Dies
1071 4528 1295 4585 ultionis
1344 4530 1437 4583 ira:
1468 4530 1590 4586 Dei.
1619 4529 1895 4603 Numquid
1922 4513 1975 4576 Β
2001 4529 2236 4582 cientur.
2270 4526 2387 4595 Vel,
2416 4527 2470 4581 in
2497 4526 2674 4581 diebus
2706 4526 2861 4597 famis
2906 4526 3317 4582 satarabuntur:
3359 4526 3462 4583 hoc
3488 4535 3596 4597 est,

303 4625 566 4681 Dominus
595 4625 831 4696 aliquem
864 4622 1059 4680 irridet
1084 4623 1106 4677 ?
1152 4622 1293 4685 Non,
1326 4621 1420 4677 sed
1443 4621 1567 4693 quia
1592 4622 1740 4693 digni
1767 4632 1898 4679 sunt

298 4716 413 4788 ipsi
428 4727 485 4772 ut
508 4716 840 4773 irrideantur
862 4717 917 4772 in
933 4714 1190 4770 vindicta.
1217 4714 1476 4780 Quoniam
1497 4713 1743 4787 prospicit
1757 4714 1896 4786 quod

297 4810 509 4865 veniant
532 4810 639 4864 dies
667 4812 817 4883 ejus:
866 4808 970 4864 hoc
989 4815 1094 4875 est,
1129 4805 1391 4863 Dominus
1422 4806 1529 4862 scit
1566 4806 1784 4879 quando
1807 4820 1899 4863 ve-

296 4903 417 4960 niet
437 4902 666 4973 perditio
695 4901 835 4971 ejus.
868 4926 873 4929 ι

374 4993 622 5049 Gladium
640 4995 1037 5068 euaginaverunt
1059 5000 1371 5064 peccatores,
1387 5000 1494 5048 etc.
1511 4989 1757 5058 Gladius,
1783 4988 1899 5065 sive

296 5088 520 5160 sagittae
547 5098 890 5157 peccatorum
923 5130 939 5157 ,
987 5086 1156 5142 verba
1179 5084 1518 5140 seductionis
1546 5092 1691 5139 sunt.
1723 5084 1898 5140 Arcus

300 5196 439 5238 vero
467 5180 551 5237 vel
580 5181 774 5252 vagina
798 5225 812 5250 ,
861 5193 1018 5236 mens
1043 5185 1129 5235 est
1165 5194 1353 5234 cerunt
1384 5176 1452 5234 dc
1481 5176 1679 5247 quibus
1711 5174 1896 5246 prole-

297 5283 519 5333 runtur.
549 5273 669 5339 Vel,
699 5273 931 5345 gladium
962 5274 1683 5343 evagiuaveruntpeccatores,
1718 5270 1767 5325 id
1790 5278 1897 5337 est,

296 5368 540 5441 gladium
573 5376 987 5438 persecutorutn
1018 5367 1073 5420 in
1105 5361 1506 5434 persecutione.
1549 5357 1898 5415 Intcndcrunt

300 5477 520 5515 arcum:
568 5458 622 5513 id
652 5467 756 5525 est,
802 5456 1081 5514 tendieuia
1141 5457 1382 5526 ipsorum
1436 5461 1628 5508 contra
1657 5462 1903 5509 sanctm.

302 5552 376 5614 Ut
402 5552 660 5627 decipiant
681 5568 976 5624 pauperem,
999 5559 1046 5605 et
1072 5550 1294 5619 inopem.
1325 5544 1674 5601 Nondivitetn
1697 5544 1905 5614 mttndi,

298 5646 402 5706 sed
435 5658 733 5716 pauperem
761 5641 984 5698 Clu-isti.
1027 5640 1095 5698 Ut
1120 5637 1380 5694 trucident
1418 5646 1581 5693 rectos
1620 5636 1792 5694 corde.
1839 5635 1910 5693 Ut

303 5753 407 5797 eos
436 5734 532 5809 qui
564 5734 709 5792 bene
738 5733 996 5800 credunt,
1046 5730 1359 5790 seducendo
1398 5731 1731 5789 interimant.
1770 5729 1908 5800 Quia

2000 4617 2219 4689 quando
2250 4618 2328 4674 illi
2356 4627 2672 4690 peccatores
2698 4628 2857 4675 erunt
2886 4618 3065 4685 vacui,
3094 4629 3220 4675 tunc
3241 4621 3414 4676 sancti
3439 4630 3592 4676 satu-

2002 4710 2266 4767 rabnntur
2312 4709 2381 4765 de
2430 4709 2605 4780 gratia
2638 4710 2756 4765 Dei.
2820 4711 2957 4778 Quia
3004 4723 3294 4781 peccatores
3338 4712 3599 4783 peribunt.

2001 4802 2136 4869 Quia
2168 4818 2276 4857 non
2306 4800 2622 4858 custodiunt
2664 4800 2917 4858 mandata
2947 4803 3076 4869 Dei,
3132 4802 3176 4858 si
3208 4820 3317 4860 non
3346 4802 3597 4862 emenda-

2002 4894 2199 4950 verint.

2074 4983 2286 5041 Inimici
2311 5001 2428 5045 vero
2456 4982 2670 5041 Domini
2692 5002 2811 5041 mox
2840 4996 2895 5040 ut
2916 4983 3248 5057 honorificati
3279 4984 3492 5058 fuerint.
3535 4984 3594 5044 In

2000 5089 2273 5153 poteSIate
2302 5088 2544 5136 terrena.
2579 5078 2645 5135 Et
2678 5081 2915 5136 exoltati.
2953 5078 3012 5139 In
3046 5096 3186 5137 vana
3222 5080 3417 5153 gloria.
3457 5079 3599 5153 Deﬁ-

2002 5176 2185 5230 cientes
2206 5170 2639 5245 quemadmodum
2659 5175 2834 5245 fumus
2854 5175 3108 5247 deﬁcient.
3135 5174 3475 5233 Advenieute
3497 5191 3595 5232 att-

2003 5277 2111 5324 tem
2143 5279 2340 5335 morte,
2372 5270 2549 5325 omnis
2579 5269 2755 5341 gloria
2777 5285 2969 5326 eorum
3005 5282 3278 5343 tamquam
3300 5270 3479 5328 fumus
3509 5282 3604 5330 aut

2010 5358 2208 5417 nebula
2240 5359 2482 5416 tabescet
2507 5377 2521 5427 ;
2562 5361 2687 5433 quia
2711 5363 2822 5419 cito
2849 5364 3032 5418 omnia
3061 5371 3365 5420 transeunt.

2084 5450 2371 5506 Mutabitur
2401 5461 2656 5523 peccator,
2690 5464 2744 5510 et
2774 5471 2876 5509 non
2902 5455 3162 5511 retribuet.
3191 5455 3327 5523 Quia
3367 5472 3472 5512 non
3511 5471 3600 5514 re-

2013 5545 2203 5602 stituet
2231 5548 2518 5615 pecuniam
2541 5546 2755 5603 Domini
2789 5563 2912 5603 cum
2947 5548 3149 5604 usuris.
3181 5549 3424 5605 Mutuom
3446 5565 3606 5606 acce«

2016 5637 2091 5709 pit
2124 5653 2154 5691 a
2177 5638 2410 5695 Domino
2436 5656 2447 5692 :
2489 5638 2542 5695 id
2564 5647 2667 5707 est,
2699 5640 2943 5710 quinque
2966 5656 3161 5697 sensus
3190 5641 3470 5714 corporis,
3526 5641 3611 5699 vel

2016 5728 2255 5799 divitias,
2285 5739 2341 5788 et
2370 5746 2478 5789 non
2503 5731 2708 5802 gratias
2739 5730 2851 5804 agit
2876 5730 3008 5790 Deo.
3042 5729 3230 5790 Justus
3258 5744 3429 5791 autem
3458 5736 3615 5791 mire.
