3980 6296
509 216 617 275 953

1297 213 1644 272 ΑΡΡΕΝΒΙΧ
1686 213 1778 269 AD
1816 211 2056 271 TOMUM
2101 208 2461 272 SEPTlMlIM
2503 212 2558 267 ἓ.
2604 207 3013 268 lllERONYMl.

3723 208 3840 269 936

514 341 726 386 ratarrt
743 329 1054 385 commodat.
1078 327 1134 385 ld
1158 331 1404 397 cst,etin
1431 344 1490 386 se
1509 327 2106 396 facitmisericordiam,
2137 333 2189 392 Α
2220 327 2274 382 In
2307 327 2572 393 Ecclesia,
2603 327 2657 382 in
2690 327 2899 383 unitate
2928 325 3070 394 lidei,
3099 333 3218 382 esto
3248 339 3371 380 cum
3405 338 3477 380 eo
3501 335 3837 395 perpetuus.

509 434 564 478 et
597 424 648 477 in
678 423 840 478 aliis:
892 423 994 478 boc
1025 432 1130 489 est,
1164 421 1428 477 discernit
1455 422 1604 493 ipsos
1652 423 1888 492 quinque
1916 436 2108 476 sensus

508 517 781 586 corporis.
815 515 934 582 Vel,
953 520 1134 588 justus
1157 517 1428 571 miseretur
1458 526 1504 570 et
1537 518 1849 571 commodat.
1887 518 2111 587 Accepit

508 609 759 675 verbum,
791 621 847 666 et
873 610 1253 681 spiritualibns
1277 611 1580 682 spiritualia
1606 611 1980 667 subministrat
2005 629 2017 663 :
2053 621 2111 667 ut

508 715 615 756 non
657 703 830 758 solum
876 717 937 760 se
969 744 984 770 ,
1037 703 1134 759 sed
1167 703 1310 759 alios
1341 703 1664 759 lucrifaciat.
1721 703 1778 758 lu
1831 703 1933 760 hoc
1978 718 2109 759 vero

507 793 816 862 versiculo,
867 795 1030 852 etiam
1080 797 1362 852 miseratio
1403 810 1700 871 pauperum
1755 795 2107 867 intelligenda

507 893 612 942 est.

577 981 713 1048 Quia
751 981 1112 1038 benediceutes
1151 982 1197 1037 ei
1235 981 1619 1039 hwreditabunt
1651 994 1863 1037 (errant.
1913 981 1970 1036 ln
2002 996 2108 1052 qua

504 1072 646 1130 bona
687 1073 784 1130 Dei
817 1074 1052 1145 reposita
1082 1083 1228 1130 sunt.
1267 1076 1370 1144 Qui
1408 1091 1626 1146 semper
1657 1075 1832 1130 Deum
1861 1072 2105 1141 laudant,

505 1176 559 1222 et
586 1166 688 1238 ipsi
715 1167 1074 1236 possidebunt
1103 1179 1304 1224 terram
1341 1189 1356 1224 :
1387 1168 1441 1224 id
1473 1180 1586 1237 est,
1613 1178 1669 1224 et
1714 1168 1870 1222 istam
1905 1174 2105 1221 terram

507 1261 689 1317 solent
717 1261 998 1332 possidere
1020 1303 1035 1327 ,
1067 1271 1123 1318 et
1150 1275 1336 1332 postea
1373 1273 1576 1318 terram
1603 1262 1900 1317 viventium
1934 1262 2107 1331 possi-

505 1353 728 1410 debunt.
764 1353 1139 1411 Maledicentes
1180 1365 1354 1411 autem
1396 1358 1442 1410 ei
1489 1356 1833 1428 disperibunt.
1875 1353 2108 1409 Promit-

503 1457 653 1504 tente
677 1448 906 1505 Domino
932 1466 942 1504 :
970 1448 1229 1505 inimicus
1257 1465 1356 1506 ero
1379 1449 1612 1506 inimicis
1636 1450 1764 1518 luis,
1795 1459 1848 1507 et
1871 1449 2103 1521 altligam

502 1543 809 1614 aflligentes
842 1552 894 1600 te
922 1543 1123 1616 (Exod.
1154 1544 1330 1616 χχιιι).

574 1635 730 1707 Apud
758 1634 1044 1692 Dominum
1071 1653 1278 1709 gressus
1308 1638 1533 1694 hominis
1560 1637 1869 1709 dirigentur.
1897 1636 2104 1705 Quibus

2291 422 2429 487 Quia
2462 418 2718 475 Dominus
2755 430 2896 474 autat
2925 421 3209 486 judicium.
3252 418 3488 474 Rectum
3530 417 3837 488 judicium,

2215 529 2325 584 quo
2353 513 2533 584 justos
2560 513 2864 583 impiosque
2890 512 3168 568 discernit.

2287 604 2352 658 Et
2388 623 2491 659 non
2524 605 2845 676 derelinquat
2874 614 3076 659 sanctos
3107 620 3250 660 suos.
3275 604 3379 672 Qui
3407 605 3463 659 in
3492 619 3619 660 eum
3657 612 3834 659 totam

2213 714 2366 770 Spem
2413 699 2749 754 locaverunt.
2797 697 2864 753 In
2902 709 3152 755 ceternum
3196 699 3670 754 consternabantur.
3727 700 3837 753 Ilcc

2211 802 2318 858 est,
2351 792 2401 845 in
2434 800 2778 862 perpetuum,
2809 793 2933 862 quia
2963 802 3167 848 acterna
3190 793 3619 862 concupierunt.

2286 883 2484 954 Injusti
2514 886 2813 955 punientur.
2851 886 2905 940 In
2945 886 3206 942 vindicta.
3244 885 3308 941 Et
3332 903 3508 942 semen
3538 887 3836 952 impiorum

2210 979 2416 1051 peribit.
2445 978 2633 1035 Semen
2654 981 2930 1052 impiorum
2959 998 2976 1035 :
3001 981 3104 1038 llOC
3126 992 3229 1051 est,
3251 999 3419 1054 opera
3450 983 3676 1038 illorum
3705 998 3832 1037 cum

2211 1071 2346 1143 ipsis
2376 1074 2671 1146 punientur
2701 1073 2756 1130 in
2797 1075 3107 1141 tormentis,
3152 1084 3209 1132 et
3242 1092 3405 1132 omne
3448 1091 3592 1148 opus
3628 1091 3833 1133 eorum

2210 1162 2581 1233 disperdetur,
2610 1165 2734 1236 quia
2765 1167 3006 1236 iniquum
3033 1176 3141 1223 est.

2281 1255 2312 1310 J
2323 1257 2424 1312 usti
2450 1268 2623 1313 autem
2649 1257 2951 1314 hwreditate
2977 1260 3311 1330 possidebunt
3340 1269 3556 1315 terram.
3594 1261 3830 1318 Terram

2211 1350 2528 1407 viventium.
2558 1349 2629 1406 Et
2669 1351 3028 1408 inhabitabant
3060 1355 3113 1408 in
3154 1353 3404 1410 secutum
3432 1355 3620 1411 amenti
3668 1372 3830 1426 super

2209 1461 2343 1502 eam.
2383 1445 2557 1517 Super
2598 1445 2745 1502 illam
2780 1463 2904 1518 qua:
2937 1455 3020 1504 est
3052 1432 3174 1504 sine
3214 1449 3367 1505 line:
3416 1447 3490 1505 de
3527 1464 3637 1520 qua
3692 1451 3827 1520 fugit

2209 1537 2368 1593 dolor
2396 1548 2450 1593 et
2481 1539 2734 1609 gemitus.

2286 1630 2357 1686 0s
2368 1632 2503 1701 justi
2534 1632 2867 1688 meditabitur
2894 1635 3228 1706 sapientiam.
3261 1634 3320 1691 Id
3347 1645 3454 1704 est,
3486 1636 3776 1693 Christum
3805 1654 3818 1691 :

499 1728 568 1784 ad
590 1745 713 1785 eum
740 1731 976 1786 u-ansire
1000 1739 1252 1786 conatur.
1285 1730 1378 1787 sic
1409 1742 1464 1786 ei
1487 1730 1734 1786 Rebecca
1768 1730 1904 1786 abiit
1933 1731 2106 1785 inter-
2136 1730 2184 1792 Β
2214 1722 2356 1778 unde
2386 1723 2518 1779 dicit
2547 1742 2558 1778 :
2594 1725 2659 1781 Et
2691 1726 2743 1780 in
2779 1725 2896 1797 lege
2926 1727 3043 1798 ejus
3075 1728 3424 1784 meditabitur
3443 1728 3536 1785 die
3563 1745 3631 1784 ac
3660 1738 3821 1787 nocte

498 1839 696 1896 rogare
738 1841 844 1880 non
877 1823 946 1881 de
976 1825 1096 1881 loco
1140 1824 1207 1881 ad
1235 1825 1437 1891 locum,
1469 1825 1565 1881 sed
1602 1825 1670 1881 de
1696 1825 1805 1880 vita
1833 1824 1899 1880 ad
1932 1824 2098 1879 vitam

499 1915 656 1988 (Gen.
688 1917 862 1989 xxiv);
887 1927 939 1974 el
959 1917 1403 1989 Moyses,solutis
1419 1917 1650 1972 vinculis
1669 1917 1891 1987 pedum,
1921 1926 2103 1972 trans-

498 2007 596 2066 ivit
632 2011 823 2067 videre
850 2010 1044 2068 rubum
1080 2010 1277 2082 (Exod.
1308 2011 1412 2080 ιιι).
1452 2011 1520 2066 Et
1550 2021 1604 2066 tu
1636 2011 1681 2066 si
1709 2025 1953 2082 apponas
1983 2009 2105 2064 ani-

498 2119 648 2160 mum
691 2112 751 2160 ut
794 2111 1041 2161 transeas
1093 2121 1122 2159 a
1174 2115 1351 2161 morte
1397 2105 1466 2159 ad
1508 2104 1700 2170 vitam,
1749 2118 1856 2159 non
1902 2103 2098 2174 pedum

495 2197 807 2268 gressibus,
839 2196 937 2253 sed
993 2196 1161 2252 animi
1191 2196 1420 2262 virtute,
1453 2195 1762 2266 diriguntur
1799 2211 1829 2249 a
1873 2195 2101 2252 Domino

498 2307 720 2363 gressus
765 2292 864 2347 tui.
910 2291 994 2347 Ad
1028 2291 1322 2346 Dominum
1375 2305 1600 2361 gressus
1639 2290 1921 2346 hominum
1966 2290 2102 2346 diri-

497 2393 714 2452 gentur,
760 2396 956 2438 sensus
1011 2381 1442 2452 uniuscujusque
1482 2397 1496 2434 :
1541 2392 1600 2436 ut
1662 2382 1738 2437 ait
1789 2382 2097 2438 Salomon:

497 2475 748 2530 llominis
768 2484 854 2530 est
883 2488 1193 2545 praeparare
1218 2474 1359 2529 viam
1387 2489 1564 2541 suam,
1597 2473 1691 2529 sed
1725 2475 1986 2530 Dominus
2013 2473 2100 2529 di-

495 2567 635 2640 riget
662 2582 883 2639 gressus
911 2583 1041 2625 suos
1066 2566 1258 2640 (Prov.
1290 2568 1425 2638 xvr).
1460 2565 1526 2621 Et
1555 2569 1692 2622 viam
1718 2571 1830 2642 ejus
1852 2567 2005 2623 volet.
2032 2567 2101 2625 Ut

499 2661 568 2715 ad
597 2675 658 2717 se
684 2660 887 2728 veniat,
913 2661 1003 2733 qui
1031 2671 1116 2719 est
1137 2662 1243 2730 via,
1274 2661 1478 2718 veritas
1499 2661 1700 2718 etvita.
1726 2661 1824 2719 Vel
1847 2662 2098 2718 mandata

503 2752 623 2824 ejus
647 2752 944 2809 desiderat.
1997 2830 2000 2831 ν

569 2845 701 2901 Cum
728 2846 974 2901 ceciderit
1003 2863 1106 2902 non
1156 2845 1456 2905 collidetur.
1491 2849 1705 2918 Quare?
1751 2848 1888 2915 Quia
1917 2847 2100 2904 Domi-

496 2954 593 2994 nus
613 2938 788 3009 firmat
833 2956 1046 2996 manum
1075 2943 1210 3014 ejus.
1235 2941 1292 2998 Id
1323 2951 1431 3012 est,
1462 2959 1632 3015 opera
1685 2943 1825 3014 ejus.
1857 2942 1986 3001 Cum
2011 2961 2096 2999 ce-

494 3031 700 3098 ciderit,
753 3040 974 3103 propter
1020 3033 1389 3092 inﬁrmitatem
1438 3038 1671 3092 carnis:
1720 3037 1846 3108 quia
1894 3037 2099 3107 septies

2207 1815 2379 1888 (Psat.
2432 1815 2494 1886 ι).
2527 1816 2660 1873 Cum
2691 1820 2784 1886 ait,
2832 1819 3196 1888 meditabitur,
3247 1821 3488 1877 futurum
3539 1822 3815 1894 significat

2206 1921 2441 1983 tempus,
2475 1912 2618 1984 quod
2650 1915 2703 1969 in
2743 1930 2909 1986 regno
2935 1913 3031 1969 Dei
3059 1914 3375 1987 intelligitur
3401 1915 3468 1970 ad
3499 1914 3815 1986 agendum:

2207 2007 2261 2062 in
2291 2023 2398 2079 quo
2428 2023 2534 2064 non
2581 2010 2707 2064 vino
2747 2010 2998 2076 luxurize,
3050 2026 3222 2081 neque
3257 2009 3394 2066 cibis
3429 2011 3815 2081 voluptuosis,

2205 2100 2301 2156 sed
2332 2101 2602 2172 sapientia
2634 2101 2747 2169 Dei,
2779 2105 3050 2172 justorum
3076 2119 3169 2159 ora
3201 2104 3582 2175 replebantur.
3619 2102 3694 2159 Et
3721 2105 3818 2159 lin-

2204 2212 2312 2265 gua
2333 2199 2445 2268 ejus
2473 2196 2712 2266 loquetur
2723 2197 3010 2268 judicium.
3035 2198 3169 2253 Cum
3191 2198 3374 2253 omnia
3402 2197 3739 2268 ponderate;
3767 2207 3816 2252 et

2206 2301 2315 2341 non
2341 2286 2738 2355 fraudulenter,
2767 2305 2947 2360 neque
2971 2305 3094 2346 cum
3126 2291 3203 2346 ira
3231 2335 3244 2359 ,
3277 2291 3373 2347 sed
3399 2290 3554 2361 justo
3581 2291 3815 2362 judicio,

2207 2394 2328 2449 quae
2359 2379 2430 2435 de
2474 2379 2586 2436 Deo
2627 2383 2812 2451 sentit,
2864 2393 3105 2438 enarrat.
3149 2383 3207 2438 ln
3246 2398 3352 2454 quo
3379 2385 3525 2439 enim
3571 2383 3817 2439 abundat

2207 2473 2378 2541 gratia
2424 2471 2749 2543 spiritualis,
2807 2475 2991 2530 omnia
3050 2484 3448 2546 perscrutatur,
3492 2475 3663 2532 etiam
3709 2476 3815 2532 alta

2207 2562 2324 2619 Dei.

2279 2656 2390 2712 Lex
2434 2657 2529 2713 Dei
2571 2660 2682 2729 ejus
2719 2661 2773 2714 in
2811 2661 2966 2716 corde
3008 2661 3193 2732 ipsius.
3233 2661 3348 2718 lloc
3382 2672 3488 2729 est,
3534 2662 3591 2718 in
3627 2673 3812 2721 metite

2202 2751 2357 2824 justi.
2388 2752 2504 2808 Non
2536 2753 2713 2810 solum
2743 2754 2793 2809 iu
2828 2770 2925 2811 ore
2963 2770 3029 2810 ac
3056 2755 3261 2826 lingua,
3293 2755 3393 2812 sed
3421 2757 3586 2811 etiam
3619 2758 3676 2812 in
3698 2759 3812 2813 alto

2207 2847 2386 2902 cordis
2411 2847 2529 2918 ejus
2553 2847 2982 2917 fructifieabunt,
3013 2863 3110 2919 per
3136 2849 3308 2920 legem
3336 2849 3455 2915 Dei,
3485 2864 3664 2920 Opera
3684 2865 3810 2905 san-

2206 2941 2429 2996 ctitatis.
2447 2938 2516 2995 Et
2540 2957 2643 2995 non
2660 2941 3157 3011 supplantabuntur.
3183 2943 3268 2998 Ab
3289 2942 3628 2999 adversario.
3652 2943 3809 2999 Cres-

2206 3050 2293 3089 sus
2317 3037 2447 3106 ejus.
2471 3033 2686 3102 Quibus
2707 3016 2788 3090 ad.
2805 3037 2969 3090 Detnu
2994 3037 3284 3107 pervenire
3312 3036 3522 3093 nititur.
3551 3036 3674 3104 Vel,
3705 3055 3808 3092 non

492 3123 642 3180 cadit
662 3124 870 3196 justus,
901 3137 955 3183 et
982 3128 1226 3200 resurgit
1253 3146 1268 3185 :
1293 3147 1397 3184 non
1427 3131 1726 3197 collidatur,
1755 3130 1878 3202 quia
1908 3130 2094 3186 Domi-
2122 3129 2165 3191 C
2200 3127 2670 3199 supplantabuntur
2701 3144 2907 3199 gressus
2937 3131 3076 3201 ejus.
3111 3130 3318 3186 Sensus
3349 3130 3477 3201 ejus
3507 3146 3538 3186 a
3560 3131 3801 3198 diabolo,

494 3233 596 3274 nus
642 3223 903 3291 supponit
949 3239 1169 3279 manum
1217 3240 1394 3280 suam.
1445 3225 1645 3298 Agenti
1695 3229 2092 3298 paenitentiam,

493 3310 680 3367 statim
709 3311 1017 3369 miseretur.
1051 3314 1144 3371 Sic
1168 3325 1226 3370 et
1278 3315 1452 3371 David
1494 3327 1548 3372 et
1582 3317 1778 3373 Petrus
1817 3318 2090 3388 cegnitum

492 3405 752 3478 lacrymis
779 3418 1152 3480 purgaverant
1177 3410 1459 3479 delictum,
1496 3422 1550 3468 et
1575 3429 1604 3467 a
1636 3413 1867 3470 Domino
1893 3415 2093 3471 (‘onlir-

492 3503 626 3559 mati
651 3515 798 3560 sunt.

559 3595 749 3653 limior
781 3599 880 3670 fui,
911 3608 960 3654 et
999 3599 1165 3666 senui,
1202 3607 1249 3653 et
1277 3615 1379 3654 non
1406 3599 1513 3654 vidi
1531 3601 1735 3670 justum
1765 3601 2086 3658 derelictum.

488 3690 689 3761 Nolite,
715 3693 886 3764 inquit
906 3693 1225 3764 Apostolus,
1252 3694 1404 3764 pueri
1431 3693 1571 3749 eltici
1598 3693 1850 3750 sensibus
1869 3696 2088 3764 vestris,

487 3785 585 3842 sed
611 3786 814 3842 malitia
846 3784 1058 3858 parvuli
1085 3794 1262 3843 estote
1289 3787 1358 3859 (ll
1387 3785 1510 3841 Cor.
1549 3785 1682 3858 xw).
1713 3787 1857 3858 Ergo
1885 3787 1990 3842 iste
2020 3787 2089 3842 ab

486 3875 644 3934 initio
671 3879 846 3936 aetatis
886 3893 998 3936 sum
1038 3879 1296 3950 parvulus
1327 3880 1379 3935 in
1417 3879 1622 3935 malitia
1645 3923 1660 3947 ,
1696 3880 1793 3936 sed
1825 3896 1992 3936 senex
2031 3880 2084 3936 in

482 3971 687 4026 virtute
711 3970 892 4025 divina
920 3987 934 4025 :
967 3972 1260 4038 intellexit,
1293 3988 1597 4042 numquam
1625 3988 1790 4042 posse
1813 3971 2023 4044 justum
2056 3990 2082 4028 a

485 4059 716 4116 Domino
742 4059 1047 4132 derelinqui
1071 4107 1085 4132 ,
1117 4078 1219 4119 nec
1248 4077 1436 4119 semen
1463 4063 1578 4134 ejus
1610 4079 1860 4134 quaerens
1891 4081 2082 4135 panem

485 4151 752 4209 doctrina:
799 4152 1044 4210 caelestis
1099 4171 1113 4208 :
1158 4153 1228 4211 de
1267 4171 1371 4226 qua
1421 4155 1647 4211 verbum
1701 4155 2082 4226 insipientibus

485 4245 738 4318 prwbuit.
771 4245 884 4302 Nec
903 4262 1075 4301 semen
1102 4249 1216 4320 ejus
1238 4262 1472 4316 quwrens
1497 4263 1703 4317 panem.
1730 4249 1917 4303 Semen
1946 4249 2076 4320 ejus,

485 4353 651 4409 opera
680 4337 818 4410 ejus.
853 4339 1104 4406 Qucerens
1133 4355 1338 4412 panem,
1364 4340 1417 4395 id
1444 4350 1548 4408 εει,
1573 4339 1800 4395 verbum
1829 4340 1951 4397 Dei.

553 4431 693 4485 Tota
745 4430 828 4486 die
874 4431 1149 4486 miseretur
1182 4441 1230 4488 et
1273 4433 1581 4488 commodat.
1627 4431 1758 4489 Dies
1801 4442 1908 4502 est,
1953 4447 2076 4489 cum

2199 3221 2284 3276 vel
2309 3235 2338 3275 a
2369 3231 2614 3291 peccato.

2268 3314 2573 3370 Considerat
2603 3325 2840 3384 peccator
2855 3318 3066 3387 justum
3092 3359 3106 3383 ,
3149 3327 3258 3374 etc.
3308 3317 3632 3377 lntuebatnr
3656 3323 3798 3379 enim

2197 3409 2425 3479 populus
2454 3407 2770 3466 Iudaeorum
2807 3410 3016 3479 justum
3051 3411 3251 3468 Filium
3285 3414 3402 3481 Dei,
3435 3424 3492 3470 et
3531 3417 3800 3473 stridebat

2198 3500 2250 3554 in
2284 3516 2409 3556 eum
2443 3517 2456 3555 :
2486 3501 2608 3572 quia
2635 3502 2816 3571 gravis
2847 3503 2898 3557 ei
2924 3511 3044 3558 erat
3067 3503 3230 3559 etiam
3261 3505 3328 3561 ad
3362 3506 3678 3564 videndum.
3703 3509 3795 3564 Sic

2192 3600 2250 3648 et
2275 3607 2418 3647 nunc
2450 3591 2706 3649 inimicus
2729 3592 3046 3650 considerat
3071 3611 3519 3670 unumquemque
3545 3611 3788 3659 nostrum

2192 3691 2251 3738 ut
2290 3682 2500 3755 perdat.
2547 3683 2660 3741 Sed
2699 3683 2746 3740 si
2784 3685 3078 3756 vigilanter
3104 3687 3347 3756 resistat,
3391 3694 3611 3748 eveniet
3647 3694 3785 3764 quod

2188 3775 2458 3846 sequitur.

2261 3867 2520 3924 Dominus
2567 3880 2738 3926 autem
2781 3889 2882 3928 non
2928 3873 3246 3946 derelinquat
3277 3891 3398 3930 eum
3445 3878 3501 3932 in
3547 3881 3780 3936 manibus

2186 3966 2318 4038 ejus.
2361 3967 2418 4021 lu
2468 3977 2742 4036 potestate
2786 3969 2973 4041 utique
3004 3970 3167 4026 illius.
3219 3970 3332 4026 Nec
3369 3973 3638 4029 damnabit
3672 3993 3778 4031 eum

2187 4075 2304 4112 cuiu
2323 4058 2651 4131 judicabitur
2686 4060 2786 4114 illi.
2815 4060 2917 4115 Dat
2943 4061 3210 4130 judicium
3244 4063 3441 4133 impius
3466 4107 3480 4132 ,
3509 4074 3571 4120 ut
3602 4079 3779 4137 pereat

2181 4149 2359 4219 justus
2385 4191 2399 4216 ,
2431 4161 2484 4206 et
2516 4151 2781 4206 Dominus
2807 4168 2915 4207 non
2947 4152 3171 4208 damnat
3201 4169 3346 4223 eum,
3379 4156 3507 4228 quia
3536 4159 3773 4215 custodio

2184 4243 2261 4297 vit
2290 4243 2466 4313 legem
2499 4243 2637 4315 ejus.
2673 4244 2782 4301 Sed
2823 4245 2974 4300 illum
2999 4246 3206 4316 justum
3237 4263 3346 4304 non
3368 4250 3695 4308 condemnat
3724 4253 3769 4308 in

2183 4333 2269 4389 die
2294 4335 2507 4404 judicii,
2540 4350 2662 4392 cum
2692 4337 2916 4408 impium
2940 4338 3169 4409 judiCat.

2262 4423 2521 4498 Exspecta
2543 4423 2830 4481 Dominum
2848 4469 2862 4492 ,
2894 4438 2942 4483 et
2973 4429 3177 4484 custodi
3208 4429 3318 4485 uias
3341 4433 3477 4504 ejus.
3504 4432 3611 4490 Per
3633 4449 3765 4505 spem

483 4525 858 4597 unusquisque
887 4524 1088 4581 bonum
1113 4533 1358 4582 exercet.
1387 4525 1494 4582 Iste
1521 4539 1652 4597 ergo
1682 4511 1938 4582 omnibus
1967 4525 2080 4582 die.
2107 4517 2160 4579 D
2188 4518 2401 4574 firmam
2422 4561 2437 4585 ,
2494 4527 2550 4575 et
2597 4519 2998 4577 indelicientem
3043 4521 3423 4578 mandatorum
3479 4526 3763 4582 custodiam

479 4617 582 4677 bus
607 4620 734 4675 vita:
762 4634 875 4674 suae
922 4618 1134 4675 fenerat
1175 4618 1386 4674 Domini
1425 4617 1507 4674 sui
1541 4619 1848 4690 pecuniam,
1881 4633 1986 4675 non
2011 4619 2076 4675 ad

476 4713 630 4770 lucra
667 4711 963 4781 mundana,
995 4711 1092 4769 sed
1137 4711 1206 4768 ad
1247 4712 1490 4769 caelestia
1519 4710 1908 4783 conquirenda.
1943 4711 2078 4768 Tota

479 4804 586 4874 die,
620 4807 768 4862 omni
813 4814 1078 4876 tempore.
1116 4803 1397 4861 Miseretur
1420 4845 1436 4872 ,
1471 4820 1500 4858 a
1535 4805 1646 4860 Deo
1682 4821 1694 4858 :
1746 4805 1798 4860 id
1837 4814 1950 4872 est,
1983 4806 2076 4876 qui

478 4898 601 4954 aliis
626 4899 902 4956 ministrat
925 4897 1232 4954 doctrinam
1265 4895 1385 4954 Dei.
1419 4895 1488 4951 Et
1509 4913 1679 4952 semen
1708 4901 1822 4969 ejus
1847 4898 1902 4952 in
1927 4897 2076 4953 bene-

477 4993 701 5049 dictione
730 4994 848 5049 erit.
885 4992 1063 5064 Opera
1093 5008 1214 5064 quae
1234 4991 1426 5063 gessit,
1457 4992 1541 5047 vel
1572 4993 1877 5047 doctrinam
1909 5008 2070 5063 quam

474 5086 680 5153 docuit,
725 5101 756 5141 a
788 5084 1021 5141 Domino
1063 5083 1474 5140 benedicentur.
1525 5083 1636 5140 Sed
1680 5094 1734 5138 et
1774 5098 1960 5140 semen
2000 5084 2068 5140 ad

473 5175 846 5234 Christianum
875 5176 1111 5232 refertur
1133 5174 1415 5246 populum,
1455 5175 1547 5246 qui
1579 5174 1632 5230 in
1660 5173 1905 5231 Ecclesia
1937 5177 2070 5232 assi-

469 5267 575 5326 dua
621 5267 998 5326 benedictione
1035 5266 1258 5322 ditatur.
1295 5264 1360 5320 Et
1399 5282 1569 5321 semen
1599 5267 1711 5337 ejus
1741 5268 1794 5321 in
1835 5267 2068 5323 benedic-

470 5360 608 5416 tione
626 5363 752 5428 erit,
782 5360 836 5416 in
865 5358 1194 5416 abundantia
1224 5366 1281 5413 et
1309 5357 1506 5428 gloria.

537 5450 758 5507 Declina
783 5467 816 5504 a
844 5450 1003 5506 malo.
1035 5451 1235 5523 Opere.
1265 5447 1334 5503 Et
1366 5450 1450 5520 [ac
1487 5450 1696 5508 bonum.
1739 5450 1893 5518 Quod
1922 5443 2063 5509 Deus

466 5543 752 5616 praecepit.
796 5540 1017 5597 Declina
1061 5559 1092 5596 a
1132 5540 1289 5609 malo,
1324 5550 1371 5596 et
1413 5541 1493 5612 {ac
1534 5542 1740 5597 bonum.
1773 5541 1995 5598 Declina
2031 5561 2066 5599 a

464 5636 603 5689 malo
634 5650 654 5690 :
695 5649 725 5690 a
770 5631 1010 5699 diabolo,
1053 5634 1137 5690 vel
1174 5647 1205 5688 a
1233 5641 1480 5703 peccato,
1513 5644 1561 5689 et
1587 5637 1672 5705 [ac
1708 5635 1917 5703 bonum,
1959 5635 2064 5691 boc

465 5734 572 5791 est,
612 5725 778 5794 imple
807 5724 1083 5781 mandata.
1118 5723 1186 5780 Et
1213 5724 1444 5780 inhabita
1473 5726 1524 5781 in
1562 5728 1810 5785 sarculum
1856 5729 2061 5785 siccati.

2183 4623 2534 4684 exspectatur
2573 4613 2719 4670 Deus
2762 4630 2776 4666 :
2814 4613 2941 4670 ideo
2978 4630 3087 4670 non
3123 4615 3387 4672 debemus
3421 4617 3674 4673 confundi
3715 4618 3761 4672 in

2181 4704 2411 4762 diversis
2452 4705 2638 4762 mundi
2686 4707 3095 4763 tentationibus.
3150 4706 3411 4778 Exspecta
3455 4707 3760 4766 Dominum:

2181 4798 2452 4870 Quidquid
2479 4798 2575 4855 tibi
2604 4799 2818 4855 accidat
2837 4802 2890 4855 in
2915 4801 3193 4872 prosperis
3213 4813 3268 4857 et
3296 4801 3351 4857 in
3380 4802 3653 4872 adversis,
3679 4820 3756 4874 pa-

2181 4889 2379 4945 tienter
2405 4901 2662 4960 exspecta
2687 4907 2700 4945 :
2730 4890 2784 4946 id
2815 4903 2921 4961 est,
2945 4893 3175 4950 sustine.
3205 4892 3474 4950 Exaltabit
3497 4904 3568 4964 te,
3592 4907 3647 4951 ut
3665 4896 3754 4952 tue-

2178 4985 2400 5040 reditate
2427 4985 2606 5056 capias
2635 4995 2846 5042 terram.
2892 4987 3043 5043 Iliam
3068 4988 3256 5060 utique
3289 4999 3509 5047 :eternze
3541 4990 3750 5048 beatitu-

2177 5077 2322 5133 dinis
2354 5077 2602 5134 tellurem
2634 5095 2648 5133 :
2682 5079 2736 5133 in
2768 5095 2876 5150 qua
2900 5080 3030 5150 justi
3056 5091 3179 5153 post
3207 5082 3529 5139 terminatos
3555 5085 3746 5141 labores

2174 5171 2581 5228 exaltabuntur.
2638 5170 2770 5226 Cum
2841 5174 3094 5245 perierint
3159 5186 3496 5246 peccatores,
3558 5179 3744 5234 videbis.

2173 5261 2327 5319 Tunc
2375 5264 2506 5335 justi
2551 5273 2873 5336 peccatores
2913 5267 3095 5338 perire
3123 5267 3418 5336 videbunt,
3460 5285 3586 5328 cum
3622 5271 3746 5328 fruc-

2175 5367 2285 5414 tum
2311 5358 2605 5426 mercedis,
2639 5358 2871 5416 Domino
2904 5361 3198 5429 tribuente,
3226 5365 3551 5436 percipient.

2255 5453 2376 5508 Vidi
2406 5454 2624 5524 impium
2672 5455 2979 5525 exaltatum,
3018 5465 3066 5511 et
3107 5457 3356 5513 eleuatum
3400 5475 3561 5530 super
3585 5460 3739 5515 cedrus

2171 5543 2378 5613 Libani,
2404 5554 2450 5601 et
2473 5547 2712 5615 transivi,
2741 5554 2790 5602 et
2813 5563 2931 5602 ecce
2949 5564 3053 5603 non
3075 5559 3208 5604 erat.
3232 5551 3366 5606 Cum
3389 5551 3579 5606 mundi
3604 5552 3739 5623 hujus

2171 5636 2423 5708 pelagum
2455 5638 2858 5713 transierimus,
2883 5647 3012 5696 tunc
3033 5640 3338 5698 videbimus
3366 5657 3472 5697 non
3495 5658 3618 5700 esse
3642 5641 3741 5698 dia-

2170 5727 2380 5802 bolum,
2420 5737 2476 5788 et
2514 5731 2695 5788 locum
2727 5730 2844 5802 ejus
2879 5747 3219 5807 nequaquam
3256 5749 3524 5807 apparere
3561 5749 3736 5810 pecca-
