4034 6300
229 245 340 301 937

234 454 362 511 loco
389 456 512 526 ejus
541 458 852 528 explanatio
883 458 1000 515 haec
1024 469 1107 515 est.
1137 477 1151 514 :
1183 461 1322 516 sicut
1343 462 1490 518 enim
1520 462 1716 518 cedrus
1745 479 1838 520 su-

236 563 342 618 per
371 550 621 605 excelsos
665 560 879 607 montes
929 560 1156 621 apparet
1200 555 1435 610 exaltata
1459 594 1473 621 ,
1509 563 1564 610 et
1602 555 1836 624 impulsu

235 652 532 698 ventorum
560 658 704 714 stupe
733 643 1003 700 delabitur
1041 664 1055 700 :
1093 647 1166 700 ita
1200 655 1255 702 et
1283 648 1482 718 impius
1507 650 1617 719 qui,
1646 649 1838 705 relicto

236 734 358 792 Deo
384 778 400 803 ,
433 737 487 792 in
513 736 721 793 divitiis
760 738 950 794 mundi
979 739 1203 795 confidit
1232 757 1245 794 :
1277 741 1577 812 quamlibet
1603 740 1793 798 floreat
1818 784 1834 811 ,

236 829 543 901 quamlibet
562 830 859 887 extollatur
881 839 936 887 et
957 832 1223 899 elevetur,
1257 850 1366 889 non
1392 834 1694 890 invenietur
1715 849 1837 890 cum

238 923 312 978 ab
341 922 442 979 hoc
464 923 668 979 mundo
699 924 1038 995 migraverit.
1069 923 1177 982 Sed
1203 933 1259 980 et
1287 926 1353 981 ad
1385 926 1578 982 Judam
1612 927 1841 982 tradito-

241 1032 360 1072 rem
393 1018 496 1072 ista
521 1017 852 1073 referuntur.
877 1018 976 1076 Vel
1003 1019 1199 1076 cedrus
1220 1019 1434 1087 Libani,
1463 1023 1639 1078 sancti
1671 1037 1837 1095 prop-

239 1119 332 1166 ter
360 1109 702 1166 altitudinem
729 1112 1050 1167 meritorum
1082 1113 1323 1183 ipsorum
1347 1155 1362 1178 ,
1402 1121 1459 1169 et
1499 1114 1836 1178 sacerdotes,

236 1202 422 1260 odore
441 1205 566 1260 boni
591 1205 797 1275 operis.
828 1204 984 1276 lmpii
1011 1221 1178 1277 super
1202 1207 1351 1275 ipSoS
1379 1217 1503 1262 sunt
1528 1221 1541 1264 :
1567 1205 1692 1276 quia
1722 1207 1839 1261 cal-

237 1306 368 1353 cant
401 1308 456 1353 et
496 1298 812 1370 opprimunt
840 1299 984 1355 illos.
1021 1298 1291 1368 Transivi,
1327 1310 1374 1355 et
1412 1317 1528 1357 erce
1568 1317 1670 1356 non
1707 1312 1834 1357 erat.

242 1388 397 1444 Dicat
428 1388 531 1446 hoc
549 1391 881 1461 apostolicus
907 1399 1101 1459 coetus,
1131 1392 1255 1462 quia
1285 1393 1513 1448 transivi
1545 1393 1838 1464 procellam

239 1483 513 1552 passionis
551 1482 682 1540 Jesu
726 1501 740 1539 :
783 1493 838 1540 et
877 1484 970 1539 illo
1011 1495 1355 1556 resurgente,
1400 1485 1490 1542 hic
1521 1501 1627 1541 non
1675 1495 1838 1542 erat:

239 1574 367 1645 quia
401 1574 536 1630 abiit
582 1586 636 1632 et
672 1576 868 1648 laqueo
902 1593 962 1634 se
1003 1577 1308 1650 suspendit.
1346 1579 1572 1645 Quaesivi
1607 1597 1722 1634 eum
1747 1625 1761 1649 ,
1795 1591 1842 1635 et

241 1683 347 1721 non
377 1680 451 1722 est
485 1669 723 1724 inventus
755 1669 896 1725 locus
929 1675 1064 1744 ejus.
1095 1671 1252 1740 Quod
1291 1681 1471 1728 autem
1504 1688 1613 1729 non
1643 1674 1713 1728 sit
1753 1675 1838 1729 in-

1068 248 1499 309 BREVIARIUM
1543 252 1608 310 IN
1650 252 1983 314 PSALMOS.
2027 259 2273 316 I‘SALM.
2316 261 2579 318 XXXVII.

229 369 372 416 tum.
399 361 611 418 Cedrtts
637 363 774 420 duas
799 362 963 420 habet
993 363 1498 436 interpretationes,
1527 369 1622 425 sed
1657 371 1709 424 in
1737 371 1839 427 hoc
1866 375 1917 437 ,Α

3423 274 3528 329 958

2017 375 2240 454 quiescit
2278 377 2522 454 Ecclesia
2563 377 2652 434 illa
2685 381 2875 454 requie
2905 382 3137 449 paradisi
3165 385 3324 453 quam
3353 387 3534 454 perdi-

2015 447 2100 520 dit
2126 448 2178 502 itt
2210 448 2406 504 Adam.
2444 449 2550 505 Iste
2592 447 2829 518 psalmus
2859 447 3115 520 ostendit,
3151 447 3207 510 ut
3239 458 3282 511 si
3323 447 3534 511 accidat.

2016 518 2302 599 infirmitas
2326 536 2605 599 corporeae
2627 522 2927 594 fragilitati,
2950 540 3054 581 non
3078 518 3304 584 desistat
3329 527 3538 599 requiri

2014 590 2277 647 medicina
2308 592 2570 648 caelestis.

2015 722 2257 793 Domine,
2287 744 2349 781 ne
2382 727 2434 782 in
2463 729 2640 799 furore
2666 741 2754 786 tuo
2789 748 2980 804 arguas
3018 737 3096 791 me
3121 753 3136 790 :
3166 754 3326 810 neque
3360 741 3414 795 in
3454 741 3536 795 ira

1942 825 2031 871 tua
2069 819 2326 888 corripias
2353 837 2455 878 me.
2487 821 2656 878 Totus
2703 826 2946 894 psalmus
2987 843 3052 884 ex
3095 845 3330 900 persona
3357 835 3539 904 paeni-

1943 911 2116 994 tentis
2139 912 2396 994 estf'sed
2426 913 2494 969 ad
2535 913 2809 973 Christum
2837 918 3030 975 referri
3068 931 3267 993 potest,
3314 925 3452 981 sicut
3487 937 3542 984 et

1942 986 2310 1074 sesagesitrftts
2332 1013 2582 1062 octavus.
2614 1006 2856 1076 Domine,
2880 1027 2940 1065 ne
2961 1011 3016 1066 in
3038 1015 3217 1080 furore
3237 1025 3324 1070 tuo
3349 1034 3541 1087 arguas

1943 1112 2023 1150 tne
2049 1113 2068 1150 :
2099 1114 2262 1168 neque
2300 1099 2459 1153 inira
2489 1111 2579 1154 tua
2609 1104 2862 1174 corripias
2891 1122 2993 1161 me.
3036 1106 3116 1161 Ira
3147 1118 3265 1175 est,
3305 1120 3363 1165 ut
3396 1125 3544 1182 saepe

1942 1191 2199 1262 diximus,
2230 1197 2525 1251 commotio
2552 1198 2739 1253 animi.
2771 1199 2947 1255 Furor
2975 1216 3106 1258 vero
3140 1203 3374 1259 vindicta
3409 1206 3544 1261 irra-

1945 1286 2219 1342 tionabilis
2251 1329 2266 1356 ,
2300 1302 2422 1343 cum
2463 1289 2602 1345 fellis
2642 1293 3022 1350 amaritudine.
3063 1295 3186 1352 Ideo
3227 1297 3328 1352 istc
3352 1299 3444 1368 qui
3484 1314 3545 1355 se

1945 1387 2286 1448 peccatorem
2317 1381 2462 1444 scit_:
2489 1397 2597 1437 non
2623 1383 2674 1438 in
2700 1382 2807 1452 ira,
2833 1385 2926 1441 sed
2955 1401 3052 1457 per
3078 1388 3504 1447 miscricordiam
3528 1410 3540 1447 :

1946 1484 2047 1525 nec
2079 1469 2132 1524 itt
2164 1470 2368 1539 furore,
2396 1473 2493 1529 sed
2523 1491 2619 1544 per
2651 1477 2962 1546 patientiam
2987 1494 3045 1534 se
3075 1481 3227 1552 argui
3252 1483 3510 1552 postulat.

2022 1561 2281 1630 Quoniam
2303 1567 2510 1638 sagitta!
2533 1578 2634 1623 tuae
2665 1570 2842 1639 inﬁxa:
2866 1584 2986 1627 sunt
3012 1575 3160 1629 mihi.
3206 1575 3383 1633 Verba
3417 1579 3549 1636 doc-

1948 1657 2126 1724 trinte,
2159 1675 2280 1730 quae
2312 1669 2370 1716 ut
2393 1661 2632 1732 jaculttm
2665 1667 3183 1724 transverberaruut
3211 1684 3308 1726 cor
3341 1688 3542 1742 meum,

240 1771 441 1818 ventus
470 1762 624 1818 locus
650 1763 791 1834 ejus,
821 1773 876 1821 et
907 1765 1174 1821 habitatio
1203 1765 1322 1836 ejus
1351 1766 1594 1822 desolata
1626 1781 1839 1822 reman-

1957 1758 2009 1803 ut
2039 1765 2254 1820 agerem
2280 1754 2680 1823 paenitentiam.
2704 1755 2774 1812 Et
2803 1761 3128 1829 conﬁrmasti
3156 1779 3312 1835 super
3331 1782 3412 1819 me
3431 1783 3549 1821 ma-

238 1856 398 1919 serit,
442 1854 633 1910 Petrus
683 1857 737 1910 itt
781 1854 1006 1912 Actibus
1052 1857 1371 1928 apostolicis
1413 1859 1671 1928 prodidit,
1719 1875 1842 1914 cum

239 1945 521 2001 Matthiam
551 1949 605 2003 in
643 1947 760 2018 ejus
805 1949 1053 2005 ordinem
1099 1950 1415 2022 subrogavit
1453 1951 1593 2023 (Act.
1628 1952 1692 2023 ι).
1722 1952 1841 2018 Vel,

239 2040 481 2106 transivi,
513 2048 560 2094 et
595 2057 708 2094 ecce
732 2056 835 2095 non
863 2053 972 2096 erat
1005 2058 1024 2097 :
1048 2043 1259 2112 qua'siri
1284 2059 1399 2098 eum
1422 2085 1437 2110 ,
1465 2054 1513 2097 et
1539 2060 1644 2098 non
1671 2055 1740 2099 est
1765 2046 1847 2099 in-

242 2141 428 2186 ventus
453 2131 596 2187 locus
619 2139 731 2207 ejus
760 2150 780 2188 ε
804 2134 856 2190 id
883 2145 987 2204 est,
1020 2136 1190 2207 ipsius
1213 2136 1385 2207 impii.
1415 2135 1540 2192 Non
1563 2148 1638 2192 est
1667 2139 1846 2192 inven-

242 2231 332 2278 tus
354 2224 496 2278 locus
525 2227 640 2296 ejus
665 2240 681 2278 :
707 2239 810 2297 pro
836 2235 983 2282 tanta
1005 2227 1296 2282 velocitate
1323 2243 1426 2297 qua
1451 2227 1734 2284 deﬁciunt.

319 2315 533 2371 Custodi
568 2317 917 2373 innocentiam
941 2359 956 2384 ,
1005 2329 1056 2374 et
1093 2319 1208 2375 vide
1246 2321 1558 2389 aequitatem.
1608 2319 1666 2378 Si
1712 2319 1847 2376 nulli

251 2422 456 2465 noceas
495 2426 508 2462 :
550 2409 596 2464 si
633 2425 755 2466 cum
795 2411 945 2466 nullo
990 2410 1258 2482 litigiosus
1297 2413 1423 2481 sis,'_
1451 2411 1664 2468 videbis
1693 2411 1849 2468 Chri-

246 2511 393 2558 stum
431 2503 594 2575 :quia
626 2505 766 2560 sicut
790 2505 898 2575 via,
931 2505 1132 2562 veritas
1163 2515 1220 2562 et
1256 2506 1364 2562 vita
1391 2524 1403 2560 :
1437 2505 1509 2561 ita
1537 2517 1591 2562 et
1617 2505 1848 2578 aequitas

242 2597 590 2669 intelligitur.
627 2598 884 2666 Quoniam
919 2610 1041 2654 sunt
1085 2598 1322 2671 reliquit:
1359 2599 1561 2654 homini
1601 2601 1844 2671 paciﬁco.

246 2690 358 2760 Qui
388 2689 474 2747 hic
498 2691 726 2762 pacifice
750 2691 971 2761 vixerit,
1002 2703 1059 2748 ttt
1082 2693 1252 2749 Filius
1274 2693 1370 2751 Dei
1395 2703 1620 2751 vocetur
1644 2713 1658 2750 :
1687 2694 1850 2765 hujus

245 2783 522 2855 reliquiae,
549 2783 653 2841 hoc
675 2793 781 2851 est,
807 2801 1006 2856 corpus
1031 2787 1284 2854 mortale,
1310 2795 1626 2843 reservatur
1645 2787 1713 2843 ad
1732 2789 1848 2860 glo-

242 2877 389 2933 riam
428 2880 883 2948 resurrectionis,
921 2879 1077 2950 juxta
1119 2880 1252 2936 illud
1284 2879 1532 2952 Apostoli
1570 2897 1584 2936 :
1615 2881 1852 2952 Oportet

245 2969 484 3026 mortale
515 2971 618 3026 hoc
641 2971 866 3028 induere
895 2972 1362 3029 immortalitatem
1396 2973 1714 3045 (lCor.xv).
1743 2975 1850 3032 Re-

245 3063 435 3136 liquiu:
466 3064 754 3136 impiorum
783 3066 1058 3137 peribunt.
1092 3066 1198 3124 Pro
1227 3067 1484 3138 reliquiis,
1519 3067 1572 3124 in
1600 3068 1847 3139 llebraco,

243 3159 528 3215 novissima
556 3159 736 3217 habet.

327 3251 525 3326 Injusti
568 3263 764 3322 autem,
806 3262 952 3320 etc.;
991 3255 1225 3326 reliquice
1269 3255 1553 3326 impiorum
1582 3255 1842 3326 peribunt.

242 3344 366 3401 Non
400 3355 750 3403 reservantur
776 3362 967 3404 eorum
1006 3348 1255 3420 reliquiae
1291 3363 1357 3404 ex
1389 3347 1666 3419 superbia,
1700 3359 1758 3404 ut
1791 3350 1842 3404 in

241 3443 514 3493 mternum
550 3438 736 3494 vivant
765 3454 780 3492 :
815 3439 914 3496 sed
946 3447 1006 3494 ut
1049 3440 1102 3494 in
1147 3454 1364 3510 pmnam
1392 3438 1656 3511 gehennae
1705 3439 1846 3512 ignis

239 3527 540 3585 intereant.

321 3623 482 3680 Salus
503 3634 669 3680 autem
684 3627 954 3699 justorum
976 3643 1007 3680 a
1029 3625 1276 3682 Domino.
1305 3626 1413 3684 Per
1432 3641 1596 3699 quem
1621 3634 1677 3684 et
1702 3641 1843 3698 pra:-

242 3726 460 3773 sentem
486 3719 654 3773 vitam
682 3720 927 3791 capiunt,
954 3729 1010 3775 et
1030 3721 1256 3792 adipisci
1283 3724 1670 3792 pratstotantur
1690 3730 1844 3778 teter-

240 3825 394 3866 nam.
422 3809 586 3867 Salus
607 3821 775 3866 autem
788 3812 1055 3884 justorlttt
1077 3831 1110 3868 a
1133 3813 1376 3870 Domino.
1403 3813 1525 3886 Ipse
1549 3824 1632 3871 est
1655 3826 1841 3871 nostra

239 3907 412 3962 salus.
443 3905 511 3961 Et
538 3916 796 3980 protector
817 3925 994 3964 eorum
1029 3919 1104 3963 est
1128 3910 1182 3964 in
1209 3918 1434 3980 tempore
1466 3909 1836 3965 tribulationis.

239 3999 525 4073 Adjuvabit
565 4017 676 4068 eos,
717 4008 826 4056 etc.
870 4000 1166 4072 Propterea
1207 4001 1390 4058 salvos
1427 4003 1587 4058 faciet
1625 4017 1743 4070 eos,
1784 4010 1841 4058 et

239 4103 521 4167 protector
549 4111 743 4153 eorum
783 4105 870 4168 est
899 4097 952 4152 in
985 4107 1228 4168 tempore
1265 4097 1634 4153 tribulationis
1657 4139 1672 4164 ,
1713 4113 1836 4156 cum

238 4203 341 4258 per
365 4197 571 4246 arctam
601 4190 768 4258 viam,
797 4206 919 4261 qum
945 4189 1014 4246 ad
1043 4191 1204 4246 vitam
1225 4190 1396 4256 ducit,
1427 4189 1839 4260 incedunt,ple-

238 4298 367 4338 nam
385 4283 669 4340 doloribus
691 4293 747 4340 et
765 4287 1043 4342 terumnis.
1067 4284 1137 4340 Et
1158 4285 1426 4358 adjuvabit
1445 4301 1534 4341 eos
1556 4283 1833 4352 Dominus,

237 4385 290 4430 et
315 4375 548 4431 liberabit
579 4393 667 4433 eos
693 4394 726 4432 a
753 4378 1114 4448 peccatoribus
1143 4394 1160 4432 :
1195 4380 1365 4433 salros
1405 4379 1560 4450 faciet
1591 4395 1698 4449 eos,
1744 4380 1835 4450 qui

237 4482 576 4543 speraverant
602 4472 657 4528 in
677 4489 816 4540 eum,
842 4489 962 4530 cum
992 4472 1059 4529 ad
1091 4472 1478 4544 perfectionem
1504 4487 1654 4542 pura:
1681 4487 1833 4527 men-

1949 1857 2070 1895 nunt
2098 1851 2260 1896 tuam.
2308 1843 2378 1900 Ut
2407 1853 2683 1918 tamquam
2723 1850 2915 1928 bonus.
2937 1853 3195 1924 magister
3229 1857 3552 1915 verberibus

1949 1933 2330 2004 castigationis
2355 1937 2617 1994 afflictum
2648 1941 2907 1998 redderes
2934 1947 3304 2003 emendatum.

2023 2027 2146 2083 Non
2173 2028 2249 2084 est
2274 2032 2477 2087 sanitas
2503 2033 2557 2086 in
2587 2051 2748 2090 carne
2772 2053 2884 2091 mea
2915 2055 2947 2091 a
2979 2039 3114 2109 [acie
3142 2041 3235 2096 ira:
3277 2051 3398 2098 tute.
3426 2043 3550 2100 Vidi

1950 2118 2143 2176 faciem
2174 2121 2269 2176 ira:
2297 2131 2434 2192 tute,
2464 2132 2522 2180 et
2547 2141 2655 2181 non
2684 2127 2856 2197 ipsam
2899 2129 3032 2184 iram
3072 2149 3082 2182 :
3113 2130 3217 2189 hoc
3249 2144 3353 2202 est,
3388 2135 3552 2191 intel-

1951 2217 2055 2272 lexi
2085 2233 2181 2289 per
2201 2219 2512 2291 Scripturas
2539 2232 2776 2293 sanctas,
2804 2238 3006 2297 quanta
3038 2227 3330 2286 minaberis
3360 2246 3555 2302 pecca-

1953 2308 2194 2379 toribus,
2219 2321 2275 2367 et
2312 2313 2552 2380 extabui,
2585 2325 2776 2384 petens
2803 2333 2874 2372 ne
2900 2317 3016 2388 ipsa
3043 2334 3208 2390 super
3230 2337 3316 2377 me
3343 2323 3421 2378 ira
3455 2324 3547 2381 de-

1951 2402 2254 2460 scenderet.
2285 2402 2407 2459 Non
2428 2415 2502 2460 est
2526 2423 2632 2476 pax
2647 2408 2848 2464 ossibus
2871 2412 2997 2464 tneis
3023 2428 3054 2465 a
3075 2413 3208 2482 [acie
3219 2424 3552 2485 peccatorum

1953 2510 2204 2549 meorum.
2252 2495 2468 2551 Nullam
2511 2499 2748 2569 quietem
2795 2499 3012 2566 indttlsi,
3064 2505 3150 2558 vel
3194 2506 3428 2574 ossibus,
3462 2509 3547 2564 vel

1953 2589 2214 2646 membris
2246 2592 2402 2662 meis,
2438 2593 2613 2650 donec
2642 2609 2705 2652 ea
2736 2597 3054 2666 paenitendo
3078 2615 3386 2672 purgarem.

2030 2683 2294 2749 Quoniam
2339 2684 2636 2756 iniquitates
2677 2703 2804 2742 mea:
2837 2706 3186 2762 supergressa:
3229 2704 3353 2749 sunt
3395 2704 3552 2765 caput

1958 2790 2144 2829 meum.
2181 2775 2529 2833 lnvaluerunt
2556 2779 2699 2832 enim
2736 2780 2902 2848 tnihi,
2939 2792 2995 2838 ut
3044 2785 3290 2854 sequitur
3333 2804 3342 2840 :
3395 2787 3550 2843 Sicut

1954 2886 2083 2926 onus
2106 2885 2263 2944 grave
2284 2874 2514 2943 gravata:
2535 2882 2654 2927 sunt
2676 2890 2833 2946 super
2855 2891 2954 2929 me.
2981 2875 3095 2931 Non
3124 2885 3209 2934 est
3235 2879 3380 2934 enim
3415 2882 3549 2936 mibi

1954 2962 2074 3018 leve
2106 2975 2389 3034 peccatum
2423 2979 2639 3033 meum,
2671 2967 2769 3022 sed
2807 2981 3137 3039 recognosco
3160 3016 3174 3039 ,
3222 2973 3346 3042 quia
3381 2989 3548 3044 grave

1958 3054 2093 3110 tnibi
2135 3055 2329 3126 judicii
2373 3057 2582 3127 pondus
2622 3058 2915 3128 imposuit,
2967 3069 3022 3116 et
3064 3075 3230 3132 super
3287 3065 3548 3121 verticem

1876 3149 1924 3216 c
1955 3147 2154 3218 capitis
2185 3148 2292 3205 mei
2319 3149 2579 3206 excrevit.
2611 3149 2768 3206 Sicut
2797 3150 3006 3222 pondus
3035 3153 3276 3224 grande,
3308 3154 3388 3212 sic
3418 3172 3548 3227 pec-

1949 3246 2070 3292 cata
2102 3255 2222 3295 mea
2248 3254 2414 3310 super
2445 3255 2552 3297 me.

2022 3332 2340 3388 Putruerunt
2370 3343 2417 3387 et
2440 3343 2700 3405 corrupta:
2723 3343 2842 3390 sunt
2863 3337 3131 3393 cicatrices
3162 3354 3310 3394 mea.
3338 3339 3541 3400 Porco-

1949 3441 2068 3482 rum
2096 3440 2214 3482 mos
2242 3436 2355 3494 est,
2389 3441 2550 3484 coeno
2588 3439 2682 3482 aut
2720 3429 3056 3486 stercoribus
3086 3446 3184 3501 pro
3217 3432 3376 3490 bonis
3405 3437 3543 3493 odo-

1948 3519 2100 3575 ribus
2152 3520 2276 3579 uti:
2320 3535 2420 3576 nec
2471 3519 2791 3592 intelligunt
2837 3537 2899 3578 se
2946 3525 3000 3578 in
3040 3524 3124 3580 his
3166 3527 3546 3586 sordidissime

1947 3613 2202 3670 volutari.
2226 3614 2358 3669 Nam
2377 3613 2511 3670 mihi
2533 3613 2731 3672 fmtent
2757 3624 2814 3672 et
2841 3626 3291 3688 computrescunt
3312 3622 3537 3678 vulnera

1949 3719 2330 3780 peccatorum,
2375 3707 2866 3781 desiderauterqne
2905 3719 3107 3782 expeto
3145 3714 3438 3770 medicum.
3473 3717 3541 3772 Et

1945 3818 2064 3871 cur,
2090 3804 2288 3876 inquis,
2313 3805 2805 3874 computruerunt?
2827 3805 2869 3858 A
2891 3806 3024 3876 facie
3044 3807 3356 3877 insipientia:
3388 3825 3536 3865 mete.

1944 3897 2079 3966 Quia
2111 3897 2358 3954 nolebam
2390 3912 2551 3970 agere
2581 3897 2978 3968 pmnitentiam.
2998 3899 3042 3954 Α
3065 3901 3199 3971 facie
3224 3903 3540 3975 insipientia:

1943 4006 2088 4046 mete.
2118 3990 2221 4049 Per
2253 3991 2356 4046 hoc
2379 3999 2734 4063 putrtterunt,
2766 3992 2979 4048 scilicet
3024 4009 3123 4064 per
3163 3995 3535 4065 insipientiam

1945 4098 2125 4139 meam
2158 4099 2170 4136 :
2201 4093 2260 4140 ut
2287 4083 2486 4140 Paulus
2528 4083 2659 4139 dicit
2693 4103 2705 4140 :
2737 4084 2892 4153 Quod
2943 4085 3219 4143 infirmum
3262 4097 3345 4144 est
3394 4088 3532 4159 Dei,

1945 4176 2143 4232 fortius
2167 4185 2251 4231 est
2281 4176 2594 4232 hominibus
2629 4176 2690 4248 (ι
2715 4175 2837 4232 Cor.
2872 4192 2908 4232 tt
2932 4174 2972 4249 ).

2015 4268 2175 4324 Miser
2197 4271 2363 4341 factus
2391 4285 2504 4323 sum
2543 4278 2588 4324 et
2615 4279 2856 4324 curvatus
2892 4286 3007 4324 sum
3038 4287 3198 4342 usque
3241 4272 3294 4326 in
3346 4273 3529 4342 ﬁnem.

1940 4363 2124 4434 Usque
2159 4362 2284 4418 dum
2315 4362 2626 4420 confitendo
2670 4379 2938 4435 purgarer
2968 4381 2978 4417 :
3025 4366 3152 4436 quia
3182 4365 3302 4422 sine
3338 4369 3530 4425 confu-

1939 4455 2096 4510 sione
2125 4465 2180 4510 et
2201 4455 2465 4510 maestitia
2495 4469 2602 4510 non
2634 4454 2988 4511 dimittuntur
3017 4470 3266 4528 peccata.
3297 4457 3426 4514 Tota
3448 4461 3534 4517 die

241 4566 313 4622 us
344 4567 612 4638 perduc“.
660 4567 734 4623 Ad
777 4583 904 4624 eum
934 4569 1121 4623 venire
1163 4575 1481 4623 meruerunt
1519 4581 1534 4621 ε
1573 4565 1831 4636 quoniam
1861 4547 1915 4610 D
1940 4546 2648 4638 contristatusingrediebar.
2681 4545 2963 4638 Indignum
2997 4565 3081 4604 me
3107 4564 3229 4605 esse
3254 4550 3530 4620 judicans,

235 4667 601 4730 speraveruut
637 4658 689 4713 in
739 4675 884 4715 cum.
923 4659 980 4715 In
1013 4658 1265 4714 omnibus
1299 4659 1445 4714 enim
1487 4655 1746 4728 angustiis
1778 4657 1830 4711 in

236 4771 364 4811 eum
398 4769 550 4826 spem
582 4755 929 4818 locaverunt,
957 4755 1047 4826 qui
1080 4753 1217 4809 dixit
1247 4771 1260 4808 :
1296 4754 1407 4825 Ego
1427 4768 1548 4808 sum
1581 4749 1745 4817 Deus,
1778 4760 1834 4807 et

235 4847 444 4917 absque
473 4863 559 4902 me
592 4862 698 4902 non
727 4855 811 4903 est
838 4847 999 4902 alius.
1032 4846 1146 4917 Ego
1175 4845 1442 4912 occidam,
1471 4856 1526 4902 et
1555 4845 1734 4902 vivere
1755 4844 1834 4900 fa-

233 4939 379 4995 ciam
412 4955 426 4993 :
459 4939 784 5009 percutiam,
815 4949 868 4995 et
899 4953 999 5009 ego
1028 4938 1234 4994 sanabo
1263 4937 1445 5009 (Deut.
1486 4936 1682 5010 χλιιι).
1729 4937 1831 5007 Qui

231 5039 393 5087 sanet
428 5046 620 5087 omnes
651 5031 998 5086 infirmitates
1031 5030 1289 5086 mentium
1337 5040 1645 5086 nostrarum
1685 5045 1700 5085 :
1734 5046 1832 5085 no-

232 5121 428 5194 bisque
459 5133 684 5194 praestet
713 5133 828 5179 toto
856 5124 1026 5179 corde
1054 5125 1268 5194 erigere
1297 5138 1450 5194 spem
1483 5131 1745 5191 nostram,
1777 5132 1833 5179 et

234 5215 289 5272 itt
321 5231 382 5274 se
412 5217 617 5274 tribuat
644 5217 904 5274 collocari
935 5235 949 5272 :
994 5226 1074 5286 ttt,
1118 5234 1148 5272 a
1177 5218 1416 5289 peccatis
1443 5217 1676 5283 liberati,
1719 5233 1826 5274 me-

233 5323 477 5377 reamur,
528 5307 651 5380 ipso
680 5308 1080 5378 distribuente,
1124 5311 1287 5365 etiam
1332 5309 1651 5366 aeternitatis
1687 5323 1828 5380 prte-

231 5405 404 5460 mium
434 5402 683 5473 adipisci.

729 5473 1048 5531 PSALMUS
1074 5471 1344 5529 XXXVII.

231 5611 301 5668 In
339 5615 521 5686 ﬁnem,
557 5612 802 5669 Psalmus
834 5612 1000 5668 David
1026 5612 1078 5667 in
1098 5611 1533 5686 rememoratioue
1563 5610 1668 5666 diei
1697 5610 1834 5669 Sab-

306 5685 436 5740 bati.
491 5686 812 5748 Sabbatum,
858 5687 1056 5757 requies
1095 5685 1486 5757 interpretatur
1525 5700 1538 5736 :
1583 5686 1686 5738 hoc
1726 5693 1833 5747 est,

307 5757 531 5828 quando
583 5755 933 5826 requiescunt
978 5756 1148 5812 sancti
1188 5770 1201 5809 :
1243 5755 1295 5812 id
1335 5765 1442 5825 est,
1481 5757 1696 5826 quando
1745 5771 1834 5812 re-

475 5853 755 5915 Psrnon.
802 5850 1040 5916 XXVI.

1936 4639 2026 4710 qui
2059 4639 2141 4694 vel
2171 4637 2362 4692 oculos
2391 4639 2456 4692 ad
2487 4638 2683 4692 coelum
2725 4637 2913 4694 levare
2942 4639 3199 4695 auderem
3234 4658 3249 4697 :
3281 4642 3374 4698 sed
3410 4659 3534 4714 per-

1936 4731 2148 4787 cutiens
2198 4738 2385 4800 peetus
2432 4744 2648 4795 meum,
2697 4729 2906 4786 aiebam
2955 4747 2971 4786 :
3023 4732 3202 4801 Deus,
3264 4736 3529 4806 pr0pitius

1937 4829 2056 4876 esto
2095 4817 2229 4875 mihi
2262 4823 2558 4889 peccatori.

2012 4913 2273 4981 Quoniam
2302 4910 2462 4966 lumbi
2490 4913 2588 4967 mei
2628 4912 2827 4980 impleti
2859 4923 2981 4969 sunt
3017 4915 3364 4971 illusionibus.
3410 4918 3528 4976 Illis

1940 5004 2289 5059 illusionibus
2342 5019 2403 5060 se
2457 5004 2744 5075 profitetur
2791 5017 2916 5060 esse
2965 5005 3298 5061 infirmatum
3361 5018 3528 5080 atque

1939 5098 2208 5169 repletum
2230 5138 2245 5163 ,
2278 5097 2474 5169 quibus
2493 5097 2743 5155 diabolus
2771 5099 3066 5155 humanum
3098 5115 3274 5170 genus
3314 5103 3524 5173 allicit,

1939 5198 2000 5246 ut
2023 5189 2320 5260 delinquat.
2345 5187 2508 5260 Deus,
2538 5197 2594 5244 tu
2625 5191 2914 5265 cognovisti
2950 5191 3300 5260 insipientiam
3328 5209 3489 5249 meant
3508 5211 3528 5250 :

1937 5285 2061 5357 quia
2082 5282 2244 5338 lumbi
2266 5284 2364 5338 mei
2387 5284 2588 5355 impleti
2609 5292 2731 5338 sunt
2761 5283 3118 5340 illusionibus.
3145 5284 3215 5340 Se
3234 5286 3531 5356 unusquis-

1937 5393 2044 5449 que
2089 5377 2438 5446 eonsideret,
2485 5387 2542 5433 et
2598 5376 2913 5433 titillantetn
2964 5377 3215 5449 corporis
3259 5379 3530 5451 intelligat

1936 5472 2304 5543 voluptatem,
2338 5482 2394 5528 et
2435 5479 2564 5527 tunc
2601 5470 2785 5527 dicere
2814 5479 2992 5542 potest
3033 5487 3156 5528 cum
3186 5470 3357 5530 Paulo
3397 5488 3534 5545 apo-

1937 5565 2082 5622 stolo
2113 5583 2124 5617 :
2153 5564 2314 5620 Miser
2361 5579 2462 5636 ego
2494 5564 2693 5627 homo,
2737 5565 2858 5635 quis
2900 5579 2987 5621 me
3015 5565 3272 5622 liberabit
3313 5567 3381 5624 de
3409 5583 3532 5624 cor-

1936 5673 2073 5730 pore
2100 5659 2293 5713 tnortis
2324 5657 2485 5728 hujus
2511 5655 2689 5730 (Rom.
2718 5655 2860 5728 vn)?
2882 5657 2946 5711 Et
2972 5657 3103 5714 illud
3129 5674 3144 5717 :
3167 5657 3354 5731 Neque
3384 5659 3529 5718 enim

1937 5753 2081 5824 (ιιιοὰ
2111 5753 2268 5824 voto,
2304 5753 2406 5811 hoc
2432 5752 2572 5810 facio
2605 5767 2620 5808 :
2651 5749 2746 5810 sed
2775 5751 2917 5824 quod
2949 5753 3099 5812 nolo.
3413 5751 3424 5757 ·
3473 5752 3479 5755 -
3506 5753 3518 5757 ·
