3980 6290
540 256 648 315 959

1324 246 1673 309 APPENDIX
1710 246 1803 304 AD
1841 244 2090 303 TOMUM
2128 238 2481 302 SEPTIMUM
2519 238 2581 297 S.
2624 228 3033 296 ΗΙΕΗΟΝῚἯῙ.

3727 232 3831 291 940

613 378 923 433 Iucarvatas
954 390 1068 429 sum
1103 381 1150 427 et
1181 371 1488 427 humiliatus
1524 386 1641 426 sum
1671 368 1843 424 nimis.
1893 366 1973 421 Ad
2013 379 2131 436 ρων
2160 366 2215 426 Α
2238 368 2412 416 autem
2436 369 2702 431 tamquam
2725 366 2899 412 mutus
2916 371 3021 411 non
3046 352 3284 426 aperiens
3311 365 3368 407 os
3392 364 3567 407 suum.
3594 348 3668 406 Et
3696 353 3830 421 apud

545 469 858 527 nitentiam.
907 464 1200 540 Rugiebam
1244 479 1278 518 a
1321 463 1515 537 gemitu
1564 459 1738 516 cordis
1779 458 1900 514 mei.
1936 457 2135 540 Peleus

543 578 669 620 cum
695 564 843 617 luctu
869 536 1282 615 remissionem.
1314 536 1475 612 Aliud
1498 560 1585 609 est
1608 550 1843 624 gemitus
1860 536 2132 620 corporis,

546 666 603 713 et
646 652 792 710 aliud
852 652 1088 723 gemitus
1150 647 1359 705 cordis.
1414 646 1661 703 Gemitus
1716 644 1998 716 corporis,
2056 648 2141 697 est

546 756 773 821 propter
826 759 915 801 res
955 752 1205 803 terrenas
1241 739 1332 798 vel
1365 749 1585 812 propter
1622 747 1854 795 mortem
1888 749 2132 807 gemere.

542 839 791 896 Gemitus
820 835 1041 903 cordis,
1073 843 1298 906 propter
1340 846 1436 887 sua
1468 838 1729 905 peccata,
1760 830 1843 885 vel
1874 828 2134 884 aliorum.

544 928 653 989 Sed
674 928 933 987 Christus
980 943 1088 984 non
1120 924 1312 982 habuit
1340 923 1486 995 quod
1526 932 1814 995 gemeret,
1854 919 1980 990 quia
2030 933 2136 973 non

542 1023 672 1081 fecit
701 1028 1008 1095 peccatum.
1033 1017 1103 1074 Et
1139 1017 1355 1090 gemitus
1384 1030 1529 1070 meus
1560 1029 1665 1069 non
1695 1021 1770 1069 cst
1804 1008 2136 1067 absconditus

546 1133 579 1173 a
609 1126 675 1173 te.
709 1114 765 1171 ld
783 1125 867 1171 est
890 1157 904 1181 ,
933 1110 1197 1186 quidquid
1229 1110 1392 1165 habet
1417 1108 1614 1176 homo,
1650 1106 1793 1162 Deus
1817 1104 1939 1160 scit.
1963 1100 2134 1173 Quid-

545 1210 675 1283 quid
703 1207 939 1280 deliqui,
980 1202 1244 1277 quidquid
1275 1201 1400 1258 mali
1443 1199 1624 1272 gessi,
1656 1195 1837 1254 omnia
1878 1194 1975 1252 tibi
2014 1209 2135 1251 cum

545 1301 754 1373 gemitu
792 1297 1037 1357 reseravi
1071 1310 1109 1366 :_
1136 1292 1321 1351 sciens
1359 1293 1485 1365 quia
1523 1290 1620 1347 tibi
1662 1304 1768 1345 non
1800 1289 2139 1345 occultantur

543 1393 781 1450 occulta.

620 1486 723 1544 Cor
757 1500 923 1540 meum
969 1480 1337 1536 conturbatum
1383 1486 1458 1533 est
1501 1477 1553 1531 in
1600 1491 1708 1540 me,
1751 1472 2026 1543 dereliquit
2063 1487 2142 1526 me

548 1580 710 1635 uirtus
733 1589 867 1632 mea.
896 1572 1033 1643 Quia
1061 1573 1197 1627 iram
1223 1584 1382 1642 quam
1411 1568 1665 1639 superius
1693 1565 2020 1631 memoravi,
2053 1566 2140 1620 in-

547 1684 777 1728 currere
804 1678 1132 1736 expavesco.
1162 1661 1230 1716 Et
1260 1661 1430 1716 lumen
1460 1658 1732 1715 oculorum
1770 1673 1999 1715 meorum
2040 1672 2141 1711 non

2239 453 2472 511 Pilatum
2491 451 2755 507 Dominus
2777 465 2884 507 non
2907 459 2991 506 est
3013 449 3247 504 locutus.
3272 446 3337 502 Et
3355 445 3526 502 Isaias
3545 444 3621 501 de
3648 445 3830 501 eodem

2244 546 2489 619 loquitur
2517 562 2531 599 :
2564 544 2867 616 Tamquam
2899 556 3074 615 agnus
3094 541 3162 598 ad
3183 541 3459 597 victimam
3483 539 3709 609 ductus,
3734 555 3829 596 non

2243 642 2497 712 aperiens
2526 653 2590 697 os
2618 654 2778 695 suum
2807 637 2966 713 (Isai.
3002 638 3123 710 ut).

2318 732 2382 787 Et
2429 732 2599 803 [actus
2627 748 2744 787 sum
2781 734 2917 788 sicut
2953 731 3107 787 homo
3134 745 3238 786 non
3262 730 3481 786 audiens
3515 738 3563 785 et
3602 746 3713 786 non
3748 731 3828 786 Ita-

2242 824 2365 880 bens
2400 826 2456 880 in
2478 840 2567 880 ore
2583 841 2678 881 suo
2703 824 3117 898 redargutioues.
3141 822 3278 880 Nam
3301 836 3423 879 cum
3449 836 3541 880 me
3568 824 3752 895 sputis
3777 824 3832 880 li-

2245 918 2463 988 nirent,
2504 917 2773 975 arundine
2808 918 3200 988 verberarem,
3246 915 3659 987 illuderentque
3701 932 3830 987 genu

2242 1009 2420 1076 ﬂexo,
2466 1011 2603 1067 nihil
2649 1012 2731 1067 eis
2760 1020 2939 1066 motus
2981 1008 3264 1081 respondi.
3290 1008 3362 1064 Et
3410 1025 3515 1064 non
3550 1009 3752 1065 habens
3786 1012 3829 1064 in

2246 1118 2335 1159 ore
2363 1118 2458 1160 suo
2485 1105 2902 1177 redargutiones.
2940 1103 3031 1160 Sic
3058 1104 3199 1161 tacui
3222 1111 3534 1170 accusatus,
3559 1105 3718 1173 quasi
3739 1120 3832 1160 non

2242 1188 2450 1254 habens
2479 1197 2611 1269 quid
2643 1214 2740 1270 pro
2769 1213 2855 1254 me
2889 1197 3227 1269 respondere
3270 1196 3554 1254 deberem.
3587 1197 3832 1254 Christus

2245 1290 2301 1345 in
2330 1292 2588 1348 omnibus
2620 1292 2945 1363 exemplum
2994 1291 3184 1359 dedit,
3213 1299 3273 1348 ut
3304 1291 3472 1349 homo
3520 1291 3732 1366 ﬂagella
3784 1303 3835 1349 et

2246 1385 2648 1442 correctionem
2675 1386 2949 1458 patienter
2974 1393 3196 1457 portare
3226 1385 3446 1443 debeat.

2320 1477 2580 1546 Quoniam
2609 1481 2664 1534 in
2694 1489 2773 1546 te,
2800 1478 3055 1547 Domine,
3086 1480 3327 1551 speravi,
3354 1488 3411 1534 tu
3446 1479 3696 1535 mudies
3728 1498 3833 1546 me,

2249 1568 2469 1626 Domine
2504 1570 2646 1626 Deus
2675 1587 2819 1627 meus
2843 1588 2862 1626 :
2893 1571 2965 1628 Ut
2995 1587 3083 1627 me
3108 1571 3425 1628 resuscites.
3461 1571 3566 1629 Vel
3594 1582 3653 1627 tu
3675 1590 3829 1628 exau-

2247 1660 2355 1717 dies
2385 1680 2467 1719 me
2492 1680 2511 1719 :
2541 1664 2643 1720 hoc
2673 1674 2777 1736 est,
2809 1664 2939 1722 vide
2965 1664 3184 1721 illorum
3222 1664 3534 1737 superbiam
3578 1676 3637 1722 et
3669 1682 3832 1722 meam

550 1770 626 1817 est
656 1775 875 1815 mecum.
904 1756 1037 1826 Quia
1056 1797 1071 1821 ,
1104 1754 1410 1826 postposito
1435 1751 1684 1808 veritatis
1714 1749 1946 1818 lumine,
1977 1749 2030 1805 in
2064 1757 2144 1804 te—
2170 1760 2220 1821 Β
2247 1752 2636 1812 humilitatem,

554 1854 751 1910 nebras
776 1848 1089 1907 deciderem
1120 1856 1489 1918 peccatorum.
1522 1843 1612 1901 Sic
1638 1838 1784 1900 enini
1824 1842 2141 1913 prophetam

547 1939 1043 2021 omnetnerdinem
1068 1939 1230 2009 hujus
1259 1935 1463 2009 psalmi
1486 1950 1549 1994 ex
1581 1935 1886 2006 peccatoris
1909 1949 2143 2005 persona

551 2046 905 2110 prosecutum
949 2035 1154 2099 fuisse,
1223 2032 1537 2088 anteriores
1582 2028 1755 2086 nostri
1814 2028 2138 2085 docuerunt.

557 2130 815 2187 Sentiant
834 2128 914 2185 illi
941 2126 1085 2200 quod
1116 2126 1266 2182 libet.
1296 2125 1412 2195 Ego
1440 2139 1575 2179 vero
1607 2122 1677 2177 ab
1715 2121 1810 2179 illo
1849 2121 1973 2177 loco
1995 2162 2010 2187 ,
2050 2120 2143 2176 ubi

550 2224 674 2279 ait:
714 2222 883 2277 Amici
930 2221 1033 2275 mei
1080 2228 1128 2273 et
1173 2217 1403 2284 proximi
1446 2216 1586 2285 mei,
1640 2229 1810 2286 usque
1850 2214 1920 2269 ad
1979 2213 2141 2270 linem

549 2315 746 2386 psalmi
781 2331 796 2369 :
837 2312 995 2368 video
1036 2312 1324 2367 Dominum
1359 2323 1539 2365 meum
1584 2306 1768 2363 Jesum
1797 2305 2072 2362 Christum
2111 2322 2142 2361 a

546 2408 749 2467 Judaais
779 2405 1107 2463 circumdari
1133 2445 1149 2471 ,
1184 2405 1236 2459 in
1271 2417 1439 2459 cruce
1468 2400 1767 2472 suspendi,
1797 2410 1853 2457 et
1880 2416 1948 2456 cx
1975 2400 2142 2456 infer-

551 2517 623 2556 no
654 2512 966 2569 resurgere.
1014 2496 1106 2552 Ait
1144 2508 1277 2566 ergo
1304 2496 1420 2564 ipse
1467 2490 1734 2548 Dominus
1772 2490 1840 2547 de
1886 2493 2143 2562 passione

548 2610 645 2651 sua
680 2612 692 2647 Ζ

619 2684 788 2740 Amici
816 2681 915 2736 mei
936 2687 983 2735 et
1011 2678 1238 2752 proximi
1263 2678 1369 2733 mei
1384 2677 1629 2733 aduersus
1643 2692 1724 2730 me
1744 2676 2138 2749 appropinqua-

546 2787 725 2835 eerunt
753 2784 799 2832 et
830 2784 1101 2830 steterunt.
1146 2773 1343 2840 Amici,
1367 2772 1625 2829 dicuntur
1666 2770 1872 2839 Judmi,
1921 2779 2141 2841 propter

545 2871 847 2929 Abraham.
881 2868 1155 2933 Proximi,
1188 2881 1255 2922 eo
1279 2867 1423 2938 quod
1452 2865 1521 2921 ab
1564 2880 1757 2922 eorum
1786 2865 2139 2937 generatione

543 2962 909 3034 assumpserit
957 2974 1211 3025 carnem,
1277 2959 1369 3025 qui
1414 2960 1885 3029 appropiaveruut
1932 2959 2018 3023 ei,
2077 2966 2139 3013 ut

541 3052 1125 3126 comprehenderetur.
1150 3049 1327 3105 Amici
1349 3051 1455 3107 mei
1476 3060 1533 3105 et
1566 3050 1679 3105 noti
1704 3049 1812 3105 mei
1838 3057 2027 3105 contra
2051 3065 2137 3105 me

2324 1847 2459 1916 Quia
2481 1846 2593 1903 dixi
2615 1848 2888 1920 nequando
2913 1848 3331 1921 supergaudeaut
3348 1849 3481 1903 mihi
3501 1848 3708 1905 inimici
3727 1851 3833 1918 mei,

2248 1949 2294 1993 et
2321 1939 2444 1993 dum
2477 1949 2861 1995 commoventur
2881 1940 3035 2013 pedes
3065 1940 3184 1996 mei.
3203 1939 3383 1997 Pedes
3401 1940 3611 1997 Christi
3647 1942 3700 1997 in
3721 1955 3832 2013 pas-

2246 2030 2399 2088 sione
2437 2047 2454 2083 :
2489 2033 2568 2087 vel
2611 2034 2787 2088 sancti
2827 2032 3089 2103 apostoli,
3130 2033 3224 2104 qui
3274 2032 3439 2104 pedes
3480 2033 3689 2089 Christi
3726 2048 3832 2089 esse

2247 2124 2548 2180 debuerant
2579 2141 2593 2178 :
2625 2128 2886 2181 commeti
2914 2135 3039 2182 sunt
3077 2126 3145 2182 de
3189 2122 3296 2182 ide
3325 2126 3391 2180 ad
3436 2124 3827 2182 inﬁdelitatem.

2246 2213 2595 2272 Commoveri
2632 2225 2862 2287 possunt
2890 2216 3056 2287 pedes
3087 2216 3195 2271 mei
3224 2232 3255 2271 a
3282 2216 3591 2272 stabilitate
3624 2232 3721 2271 sua
3746 2258 3761 2283 ,
3785 2225 3832 2270 el

2248 2305 2458 2363 inimici
2485 2307 2537 2362 in
2572 2322 2657 2363 me
2687 2306 2954 2364 insultare
2984 2326 2997 2362 :
3032 2308 3078 2362 si
3109 2308 3167 2362 in
3189 2307 3290 2364 hac
3327 2307 3509 2363 crucis
3536 2313 3720 2363 morte
3742 2306 3831 2361 hu-

2246 2398 2490 2457 millatus
2514 2444 2529 2469 ,
2563 2417 2671 2456 non
2703 2416 3083 2458 resnrrexero.
3107 2400 3175 2457 In
3199 2418 3281 2457 me
3302 2418 3495 2474 magna
3524 2401 3692 2456 locuti
3709 2411 3830 2455 sunt.

2248 2493 2502 2550 Dicentes
2555 2513 2569 2548 :
2616 2494 2676 2552 Si
2728 2495 2898 2552 Filius
2938 2495 3036 2552 Dei
3085 2511 3179 2563 es,
3231 2494 3511 2551 descende
3562 2495 3639 2551 de
3686 2508 3834 2551 eratet

2245 2587 2465 2661 (Matth.
2492 2588 2684 2659 xxvu).

2323 2679 2436 2753 Ego
2463 2693 2637 2737 autem
2664 2683 2718 2736 in
2736 2681 2951 2757 ﬂagella
2972 2688 3191 2753 paratas
3206 2697 3344 2736 sum.
3375 2678 3641 2750 Prseparo
3666 2695 3751 2735 me
3774 2680 3830 2736 ad

2244 2773 2622 2831 sustinendam
2645 2789 2890 2844 crucem,
2933 2774 3203 2842 lanceam,
3239 2772 3334 2841 fel,
3366 2783 3616 2841 acetum,
3648 2785 3704 2830 ut
3723 2790 3833 2845 per.

2245 2863 2388 2922 hanc
2419 2873 2649 2923 mortem
2675 2880 2799 2923 meo
2829 2866 3101 2939 sanguine
3128 2866 3389 2923 redimam
3424 2868 3692 2938 populum
3725 2883 3834 2938 pcr-

2241 2967 2459 3015 ettntem
2477 3002 2492 3028 ,
2525 2960 2657 3031 quia
2683 2959 2938 3017 Christus
2965 2960 3035 3017 ad
3064 2960 3168 3016 hoe
3196 2960 3380 3025 venit,
3424 2969 3486 3015 ut
3523 2961 3830 3030 passionem

2241 3052 2564 3108 sustineret.
2601 3049 2671 3106 Et
2708 3050 2865 3107 dolor
2887 3068 3035 3107 meus
3073 3052 3128 3105 in
3169 3059 3444 3121 conspectu
3473 3067 3592 3105 meo
3620 3066 3828 3123 seraper.

540 3154 833 3203 steterunt.
865 3143 1055 3200 Potest
1080 3150 1137 3199 et
1160 3142 1229 3198 de
1258 3140 1547 3212 discipulis
1571 3142 1768 3211 accipi,
1799 3141 1917 3213 qui,
1944 3142 1996 3196 iu
2022 3156 2140 3210 pas-
2165 3153 2209 3216 (ζ
2244 3144 2429 3202 Donec
2456 3144 2673 3216 ejiciam
2706 3145 2991 3219 victoriam
3023 3146 3078 3199 in
3112 3142 3402 3215 judicium.

543 3244 700 3299 sione
721 3248 867 3296 metu
894 3237 1101 3306 territi,
1128 3251 1160 3291 a
1182 3236 1414 3292 Domino
1439 3244 1788 3291 recesserunt
1817 3250 1832 3291 :
1869 3236 2133 3289 intentum

540 3341 602 3390 ut
618 3334 785 3390 etiam
817 3346 942 3389 eum
978 3331 1172 3387 Petrus
1202 3328 1519 3400 denegaret.
1556 3326 1655 3384 Vel
1684 3335 1963 3396 steterunt,
2007 3342 2135 3383 eau-

543 3435 734 3483 santes
764 3434 955 3481 contra
982 3438 1129 3479 eum.

612 3518 681 3574 Et
706 3518 801 3591 qui
817 3521 977 3591 juxta
998 3530 1080 3569 me
1110 3524 1255 3569 erant
1273 3555 1285 3578 ,
1317 3513 1383 3567 tte
1409 3512 1562 3582 longe
1590 3520 1859 3569 steterunt.
1887 3511 2132 3584 Apostoli

536 3613 624 3670 vel
652 3609 856 3681 reliqui
884 3606 1161 3679 discipuli,
1188 3605 1257 3660 de
1278 3605 1477 3675 quibus
1501 3605 1577 3658 ait
1599 3603 1926 3675 evangelista
1952 3621 1967 3660 ς
1995 3604 2129 3659 Cuin

536 3716 721 3763 autem
762 3700 1255 3775 apprehendissent
1303 3712 1457 3762 eum,
1504 3696 1724 3753 stabant
1768 3710 1965 3751 omnes
2016 3697 2130 3753 noti

535 3801 657 3869 ejus
679 3813 708 3852 a
734 3797 895 3868 longe
926 3793 1080 3867 (Luc.
1114 3789 1295 3862 sunt).
1324 3788 1393 3843 Et
1424 3790 1525 3844 vim
1547 3788 1915 3860 faciebantqui
1934 3805 2132 3859 qurere-

537 3892 661 3946 bont
689 3890 916 3944 minium
938 3900 1125 3941 meam.
1158 3878 1457 3938 Faciebant
1497 3882 1640 3947 vim,
1692 3896 1798 3935 non
1839 3881 1983 3948 noti,
2030 3879 2127 3937 sed

428 3964 437 3977 ί
530 3980 708 4037 Judaei
734 3994 749 4032 :
784 3978 871 4033 vel
900 3977 1097 4043 Petro,
1124 3988 1246 4029 cum
1277 3972 1533 4029 dicerent
1565 3991 1577 4028 :
1609 3971 1745 4029 Nam
1776 3982 1831 4028 et
1853 3984 1906 4028 tu
1933 3988 1999 4029 ex
2019 3971 2129 4029 illis

533 4089 595 4131 es
616 4072 773 4146 (Luc.
804 4068 964 4141 xm).
996 4068 1096 4125 Vel
1123 4067 1330 4124 Jacobo
1360 4084 1374 4126 :
1407 4068 1501 4138 qui
1528 4082 1651 4123 cum
1682 4068 2011 4136 traheretur,
2041 4083 2128 4124 re-

529 4170 659 4226 licta
694 4165 961 4228 sindone,
991 4163 1171 4219 nudus
1194 4158 1403 4232 aufugit
1440 4162 1511 4217 ab
1543 4164 1624 4217 eis
1659 4161 1857 4234 (Marc.
1891 4163 2025 4232 λιν).
2061 4156 2126 4218 Et

532 4261 637 4316 vim
663 4257 922 4331 faciebant
953 4256 1043 4325 qui
1064 4257 1364 4326 quaerebant
1403 4254 1636 4307 animum
1670 4268 1833 4308 meam
1861 4270 1881 4307 :
1919 4254 2126 4312 scilicet

529 4355 731 4423 ³ηάωῇ
755 4353 911 4422 quasi
932 4351 1149 4406 illorum
1178 4348 1444 4405 fortitudo
1465 4359 1634 4415 esset,
1673 4357 1729 4404 et
1757 4364 1786 4404 a
1814 4348 1923 4405 Deo
1951 4350 2122 4432 ipsa“

529 4456 863 4522 potestatem
894 4459 1003 4502 non
1035 4445 1400 4515 accepissent.

2312 3237 2571 3305 Quoniam
2595 3229 2925 3309 iniquitatem
2950 3245 3118 3291 meum
3141 3235 3487 3299 annuntio”,
3520 3244 3576 3290 et
3604 3236 3830 3309 cogitabo

2235 3347 2333 3404 pro
2358 3341 2571 3404 peccato
2592 3348 2726 3387 meo.
2750 3329 2903 3388 Sicut
2925 3332 3072 3387 enim
3101 3329 3476 3386 maledictioni
3523 3331 3794 3403 subjaeuit
3811 3373 3824 3398 ,

2236 3436 2295 3481 ut
2323 3441 2423 3482 nos
2465 3440 2497 3481 a
2521 3426 2816 3482 maledicto
2858 3426 2992 3497 legis
3019 3432 3267 3490 erueret,
3294 3424 3367 3479 ita
3398 3431 3456 3480 et
3486 3431 3826 3493 peecatorcm

2234 3534 2295 3576 se
2326 3520 2636 3591 profitetur,
2660 3520 2750 3590 qui
2782 3529 3007 3591 peccata
3034 3529 3218 3575 nostra
3243 3519 3501 3590 portavit.
3535 3526 3601 3574 ut
3624 3520 3716 3589 pio
3740 3533 3827 3575 co-

2232 3611 2405 3682 gitatu
2455 3625 2521 3667 ac
2575 3611 2970 3667 misericordiae
3012 3610 3280 3675 consilio,
3346 3623 3447 3665 nos
3505 3609 3580 3664 ab
3632 3594 3857 3669 eisdem

2234 3714 2479 3762 erueret.
2516 3704 2584 3759 Et
2609 3704 2881 3761 sollicitus
2923 3718 3023 3760 ere
3051 3719 3151 3774 pro
3181 3710 3410 3774 peccato
3440 3714 3591 3759 meo.
3635 3702 3823 3759 Pecca-

2237 3808 2349 3853 tum
2374 3795 2622 3865 Christi,
2645 3796 2868 3852 humani
2899 3796 3097 3853 delicta
3129 3806 3261 3852 sunt
3291 3796 3517 3868 generis
3543 3813 3557 3850 :
3613 3802 3823 3869 propter

2232 3904 2358 3963 qua:
2379 3902 2443 3946 et;
2468 3889 2617 3945 Patri
2638 3889 2843 3946 dicitur
2870 3902 3014 3945 nunc
3038 3904 3169 3945 esse
3189 3887 3499 3959 subjectus.

2307 3984 2519 4040 Inimici
2559 3993 2738 4039 autem
2765 3984 2865 4040 mei
2906 3984 3102 4039 vivunt.
3144 3982 3279 4051 Quia
3320 3997 3437 4038 nou
3466 3990 3601 4037 sunt
3644 3981 3815 4038 statim

2232 4079 2441 4135 ultione
2478 4077 2664 4133 divina
2711 4076 2908 4148 puniti.
2942 4075 3012 4131 Et
3045 4076 3344 4146 conﬁrmati
3370 4083 3499 4130 sunt
3528 4092 3690 4148 super
3723 4091 3811 4131 me.

2234 4169 2556 4228 Conflrmati
2586 4179 2715 4225 sunt
2737 4171 2796 4225 in
2819 4169 2953 4240 legis
2979 4169 3167 4225 littera
3193 4185 3209 4224 :
3240 4169 3299 4224 in
3323 4183 3429 4240 qua
3459 4170 3812 4239 spiritualiter

2231 4262 2539 4319 nuntiatum
2576 4276 2685 4318 non
2727 4261 3138 4318 intellexerunt.
3189 4259 3260 4316 Et
3290 4260 3633 4332 multiplicati
3669 4268 3806 4322 sunt,

2227 4354 2315 4425 qui
2346 4352 2565 4408 oderunt
2590 4368 2672 4408 nte
2697 4353 2895 4424 inique.
2907 4350 3069 4409 Certe
3100 4352 3282 4423 inique
3304 4362 3363 4408 et
3389 4367 3497 4407 non
3520 4351 3806 4410 rationabi-

2226 4443 2362 4502 liter
2394 4463 2408 4500 :
2436 4444 2560 4515 quia
2590 4444 2642 4499 in
2683 4444 2785 4501 hac
2814 4444 2999 4500 littera
3023 4487 3040 4512 ,
3067 4458 3260 4500 semen
3286 4458 3481 4513 suum,
3530 4459 3637 4501 ceu
3667 4454 3804 4499 astra

544 4556 575 4563 -
598 4540 668 4595 Et
685 4540 774 4612 qui
803 4536 1101 4610 quareba‘nt
1121 4536 1259 4592 mala
1286 4536 1444 4605 mihi,
1498 4534 1660 4590 locuti
1694 4545 1816 4589 sunt
1843 4536 2117 4605 sanitates,
2144 4536 2199 4598 D
2224 4542 2346 4599 caeli
2380 4542 2735 4614 multiplicari
2777 4540 3098 4598 credebant.

530 4645 577 4692 et
600 4634 750 4690 dolos
771 4644 881 4689 tota
909 4632 999 4687 die
1016 4630 1419 4686 meditabantur.
1464 4629 1661 4684 Multos
1703 4630 1925 4701 quidem
1966 4629 2121 4686 dolos

522 4725 774 4782 meditati
821 4733 948 4779 sunt
975 4738 989 4781 :
1017 4726 1144 4778 Cum
1178 4722 1579 4792 interrogarent
1609 4721 1652 4776 si
1682 4720 1948 4776 deberent
1989 4720 2119 4779 dare

523 4834 749 4875 censum
771 4815 975 4873 CaeSnri
999 4858 1013 4881 ,
1046 4830 1118 4869 an
1146 4828 1253 4869 non
1277 4811 1495 4885 (Matth.
1525 4810 1701 4884 nrt):
1733 4821 1825 4867 aut
1855 4814 1899 4867 si
1928 4813 2121 4868 mulier

521 4910 865 4982 deprehensa
888 4907 1227 4978 lapidaretur
1255 4902 1439 4977 (Iona.
1465 4903 1606 4975 vm).
1633 4902 1741 4960 Sed
1772 4912 1901 4959 tunc
1930 4916 2118 4974 aperte

521 5004 710 5059 dolum
742 5003 1032 5073 ingerunt,
1075 5014 1196 5054 cum
1244 4997 1412 5052 falsos
1445 5005 1615 5052 testes
1652 4996 1947 5052 adducunt.
1976 4997 2110 5067 Vel,

517 5095 609 5167 qui
648 5093 979 5164 inquirebant
1024 5090 1167 5145 mala
1214 5087 1370 5154 mihi,
1431 5088 1595 5142 locuti
1629 5097 1753 5142 sunt
1797 5089 2105 5157 vanitatem,

515 5188 737 5260 quando
793 5186 1050 5245 dixerunt
1094 5200 1111 5241 ξ
1169 5183 1227 5238 In
1285 5179 1592 5237 Beelzebub
1637 5177 1783 5253 ejicit
1841 5181 2107 5238 daemonia

512 5280 903 5449 (ngo‘zte‘m
932 5379 1193 5441 tamquam
1220 5366 1410 5424 surdus
1443 5382 1548 5421 non
1572 5365 1869 5433 audiebam,
1897 5375 1946 5422 et
1972 5369 2113 5422 sicut

507 5478 680 5524 mutus
705 5483 809 5522 non
838 5467 1077 5538 aperiens
1111 5478 1169 5519 os
1193 5478 1366 5518 suam.
1396 5461 1631 5532 Semper
1656 5476 1780 5532 quae
1809 5462 2105 5532 eaprobra-

505 5563 670 5628 bant,
703 5558 933 5625 sustuli,
970 5566 1027 5615 et
1046 5557 1251 5629 jttgiter
1283 5554 1429 5610 silui.
1464 5554 1575 5608 lloc
1608 5562 1663 5608 et
1698 5552 1901 5609 Pilatus
1928 5554 2098 5610 mani-

2299 4635 2403 4701 Qui
2438 4634 2783 4689 "tribuebant
2810 4633 2941 4688 milii
2964 4634 3104 4688 mala
3139 4649 3239 4707 pro
3258 4632 3424 4688 bonis.
3459 4633 3802 4691 Dulcedinem

2222 4735 2445 4783 aeterna:
2477 4726 2604 4782 vitm
2638 4726 2958 4782 efferentem
2997 4735 3155 4782 aceto
3186 4735 3536 4796 potaveruut,
3561 4741 3634 4783 ac
3667 4725 3797 4781 felle.

2227 4818 2579 4874 Detrahebant
2608 4815 2763 4874 milli.
2791 4818 3087 4875 Dicentes:
3131 4816 3285 4874 Alios
3312 4818 3496 4875 salvos
3530 4818 3689 4885 fecit;
3726 4830 3800 4872 se-

2221 4911 2516 4981 metipsum
2556 4926 2665 4965 non
2718 4917 2900 4980 potest
2944 4910 3154 4966 salvum
3206 4910 3383 4967 facere
3425 4909 3583 4982 (Luc.
3632 4910 3796 4975 usu).

2223 5003 2493 5069 Quoniam
2521 5003 2768 5074 sequebar
2794 5004 3093 5060 bonitatem.
3127 5003 3446 5075 Utimplens
3474 5005 3799 5060 voluntatem

2217 5095 2430 5165 Patris,
2463 5111 2567 5167 pro
2584 5096 2692 5151 vita
2719 5097 2902 5168 populi
2932 5097 3266 5168 susciperent
3298 5106 3560 5154 mortem.

2289 5186 2413 5242 Non
2443 5188 2769 5260 derelinquas
2792 5205 2891 5255 me,
2917 5187 3137 5245 Domine
3159 5189 3298 5245 Deus
3323 5207 3466 5246 meus
3485 5208 3503 5245 :
3529 5206 3594 5247 tua
3620 5191 3795 5247 disces-

2213 5280 2343 5336 seris
2368 5297 2399 5333 a
2421 5297 2520 5336 me.
2555 5278 2688 5336 Cum
2715 5279 2982 5351 profunda
3015 5280 3209 5337 inferni
3237 5289 3628 5351 penetravere.

2284 5371 2509 5426 Intende
2548 5373 2599 5426 in
2627 5373 2947 5440 adjutorium
2979 5391 3168 5442 meum,
3200 5371 3426 5429 Domine
3451 5372 3597 5430 Deus
3622 5372 3791 5429 salutis

2213 5478 2360 5518 mew.
2391 5461 2747 5519 Manifestum
2764 5474 2866 5532 est,
2887 5464 3118 5522 Domine
3141 5466 3294 5532 Jesu,
3327 5466 3457 5538 quia
3485 5464 3715 5524 intendit
3737 5464 3782 5517 in

2209 5563 2263 5611 te
2289 5555 2455 5611 Pater
2479 5556 2761 5614 suscitans
2794 5567 2845 5614 te
2871 5573 2901 5614 a
2930 5560 3161 5616 mortuis
3189 5559 3354 5616 tertia
3384 5558 3507 5628 die,
3548 5570 3606 5618 et
3631 5557 3785 5615 collo-

508 5654 709 5719 festat,
747 5666 869 5707 cum
911 5651 1081 5707 dicit:
1116 5648 1244 5704 Mihi
1272 5663 1380 5701 non
1414 5646 1759 5718 respondes?
1803 5648 1884 5701 An
1919 5646 2097 5702 neseis
2204 5664 2338 5704 cans
2362 5648 2435 5705 ad
2468 5649 2750 5707 dexteram
2787 5666 2939 5707 suam
2967 5651 3020 5706 in
3049 5651 3363 5709 celestihus
3391 5666 3563 5724 super
3583 5663 3780 5708 omnem

502 5744 628 5810 Quia
662 5749 989 5812 potestatem
1022 5740 1201 5796 habeo
1220 5739 1499 5795 dimittere
1527 5749 1578 5794 te
1598 5737 1783 5809 (toan.
1810 5736 1957 5811 nx)?
1981 5737 2095 5812 Ego

2205 5743 2563 5815 principatum
2611 5749 2668 5801 et
2706 5751 3031 5815 potestatem
3065 5760 3081 5802 :
3126 5746 3267 5803 dans
3288 5744 3388 5803 tibi
3414 5758 3619 5805 nomen
3648 5738 3782 5815 quod
