3980 6290
156 315 256 373 9M

1047 309 1477 380 BREVIARIUM
1517 319 1583 378 IN
1620 315 1957 378 PSALMOS.
2001 317 2249 377 PSALM.
2293 309 2581 379 XXXVIII.
2648 378 2654 385 .

3353 327 3456 386 962

157 438 244 485 est
270 438 440 497 supra
473 440 635 482 omne
678 442 898 484 nomen.
932 429 1074 503 Ergo
1105 433 1231 504 quia
1262 448 1457 507 graves
1488 443 1616 490 sunt
1656 452 1751 506 pu-
1787 448 1840 506 Α
1865 434 2040 503 nobis,
2073 451 2195 491 eum
2215 437 2523 509 loqueretur
2551 441 2600 494 itt
2627 439 2733 510 via,
2758 448 2812 496 et
2849 440 3092 510 aperiret
3116 441 3275 498 nobis
3305 441 3455 499 Scri-

156 537 278 593 gna:
330 521 546 587 carnis,
587 528 673 587 tu,
723 521 984 589 Domine,
1033 525 1258 583 intende
1310 528 1364 583 in
1423 528 1753 600 adiutorium

157 619 445 679 nostrum,
494 618 552 667 et
577 620 696 668 esto
737 612 898 670 nobis
941 615 1089 671 salus
1139 617 1191 673 in
1247 627 1490 690 tempore
1532 622 1747 678 tritmla-

157 705 347 763 tionis.

631 801 951 864 PSALMUS
989 803 1281 861 XXXVIII.

159 891 226 948 In
255 897 415 972 ﬁnem
451 909 542 964 pro
565 893 783 972 Idithun
808 896 1078 972 Canticum
1110 899 1298 957 David.
1327 899 1544 959 Idithun
1567 948 1580 972 ,
1612 916 1756 962 tran-

231 967 418 1045 siliens
435 984 545 1036 eos,
575 967 992 1045 in'erpretatur.
1029 971 1134 1028 Iste
1163 973 1402 1043 psalmus
1432 967 1752 1045 patientiam

229 1041 426 1103 ducet,
453 1052 511 1093 ut
541 1041 826 1096 refrenans
857 1042 1024 1097 homo
1053 1058 1114 1099 os
1144 1041 1300 1099 suum
1319 1085 1336 1111 ,
1383 1041 1638 1104 observet
1688 1065 1755 1105 ne

229 1127 326 1186 per
378 1111 682 1186 fatuitatem
735 1115 1032 1186 verborum
1076 1116 1278 1170 incidat
1320 1119 1370 1171 in
1423 1132 1701 1186 peccatum
1740 1141 1750 1174 :

230 1183 356 1252 quia
382 1182 488 1238 scit
518 1186 778 1250 propheta
807 1184 1050 1238 etiautde
1065 1189 1247 1241 verbis
1269 1182 1461 1244 otiosis
1486 1193 1753 1247 rationem

231 1267 356 1308 esse
386 1253 740 1309 reddendam.
770 1254 935 1310 Docet
955 1257 1120 1310 etiam
1153 1266 1294 1314 utea
1321 1261 1756 1318 tbesaurizemus

227 1325 282 1378 in
337 1325 580 1392 saeculo,
633 1341 754 1396 qua:
800 1327 868 1381 ad
923 1329 1226 1398 proiectum
1280 1334 1588 1402 pertineant
1632 1335 1752 1388 ani-

229 1410 468 1452 marum.

226 1529 394 1600 Dixi,
443 1531 734 1588 custodiam
771 1535 878 1590 vias
922 1542 1058 1591 ineas
1089 1552 1107 1591 .'
1138 1547 1193 1592 ut
1229 1553 1332 1592 non
1376 1537 1672 1611 delin'quam
1700 1542 1752 1596 in

156 1625 337 1696 lingua
365 1640 502 1679 mea.
523 1623 642 1680 Non
663 1625 824 1682 aliter
846 1627 961 1683 scio
985 1627 1111 1684 vitae
1137 1637 1272 1685 mere
1295 1631 1574 1688 custodire
1596 1633 1711 1687 vias
1737 1653 1750 1687 :

155 1717 256 1772 nisi
288 1727 345 1772 ut
378 1733 490 1772 non
535 1718 726 1789 loquar
755 1717 938 1787 fatua,
987 1734 1053 1776 ac
1097 1721 1345 1789 diversa,
1395 1724 1514 1778 sive
1555 1725 1747 1780 otiosa.

1861 535 2041 596 pturas
2075 527 2227 597 (Luc.
2258 531 2442 601 xxiv)?

1932 617 2161 674 Locutus
2201 639 2315 676 sum
2354 623 2406 677 in
2450 625 2631 696 lingua
2674 641 2806 679 mea.
2857 625 2969 680 IIoc
2998 633 3120 692 est,
3165 628 3457 697 prazdicavi

1857 711 2110 767 omnibus
2144 712 2488 783 hominibus,
2522 724 2580 770 ut
2610 716 2743 772 illud
2772 735 2785 769 :
2827 717 2881 774 Si
2914 734 3022 774 non
3048 720 3459 776 annnntiaveris

1859 802 2045 873 iniquo
2079 806 2412 875 iniquitatem
2450 821 2603 863 suam
2630 850 2644 874 ,
2681 809 3002 880 sanguinem
3042 813 3160 883 eius
3197 813 3266 868 de
3295 829 3454 868 manu

1861 903 1951 949 tua
1976 898 2246 965 requiram
2284 898 2499 970 (Ezech.
2528 901 2632 971 ut).
2665 901 2866 956 Notum
2896 906 2979 974 [ac
3009 905 3174 971 mihi,
3208 904 3452 975 Domine,

1858 986 2012 1053 ﬁnem
2052 1003 2240 1041 nteant.
2273 987 2341 1043 Et
2381 1006 2653 1045 numerum
2692 993 2892 1048 dierum
2930 1011 3160 1050 meorum
3186 998 3299 1066 quis
3335 999 3458 1053 est?

1857 1073 1975 1130 Non
2027 1078 2184 1133 istius
2215 1079 2340 1134 vita)
2367 1080 2529 1136 linem
2558 1084 2758 1152 quaerit
2799 1086 2900 1138 sibi
2935 1095 3120 1142 notum
3161 1088 3277 1144 fieri
3331 1104 3456 1158 pro-

1859 1165 2060 1237 pheta:
2092 1169 2188 1224 sed
2237 1170 2388 1227 illum
2427 1175 2480 1227 in
2523 1189 2651 1244 quo,
2680 1179 2961 1233 evacuatis
3002 1181 3360 1248 potestatibus
3392 1201 3455 1238 ac

1858 1260 2135 1318 destrueta
2166 1267 2366 1328 morte,
2387 1260 2607 1322 Christo
2627 1268 2887 1339 iungatur
2918 1273 3010 1342 qui
3030 1284 3113 1328 est
3135 1272 3264 1328 linis
3297 1274 3455 1342 legis.

1859 1351 2044 1424 Neque
2076 1355 2301 1410 istorum
2327 1357 2538 1412 dierum
2569 1374 2854 1414 numerum
2880 1361 2994 1416 vult
3019 1364 3180 1430 scire,
3211 1365 3303 1420 sed
3336 1365 3458 1420 illo-

1858 1457 1976 1497 rum
2008 1443 2078 1499 de
2103 1447 2302 1515 quibus
2325 1447 2456 1502 dicit
2497 1449 2758 1504 Dominus
2785 1467 2798 1503 :
2831 1451 2989 1521 Apud
3022 1451 3232 1509 Patrem
3273 1470 3453 1510 meum

1857 1534 2172 1591 mansiones
2219 1539 2406 1593 multat
2465 1549 2593 1595 sunt
2636 1540 2830 1613 (Joan.
2887 1542 3030 1614 Itv).
3073 1541 3140 1599 Et
3182 1558 3455 1601 numerum

1857 1626 2059 1681 dierum
2089 1643 2318 1684 meorum
2345 1633 2460 1700 quis
2489 1634 2602 1686 est?
2631 1633 2744 1690 Hoc
2775 1645 2880 1702 est,
2916 1647 3177 1692 numerus
3209 1639 3328 1694 sine
3353 1655 3455 1693 nu-

1858 1733 2032 1785 mero,
2063 1719 2178 1776 dies
2201 1723 2322 1777 sine
2347 1723 2458 1790 die,
2486 1733 2732 1795 tempora
2758 1727 2878 1782 sine
2908 1736 3173 1797 tempore.
3197 1730 3325 1795 Quis
3347 1732 3458 1784 est?

155 1805 235 1868 Ex
266 1814 490 1881 verbis,
534 1813 712 1883 inquit
753 1813 1048 1881 Dominus,
1101 1817 1208 1870 tuis
1231 1815 1648 1886 iustiﬁeaberis,
1699 1827 1752 1873 et
1785 1833 1826 1892 Β
1856 1814 1948 1882 qui
1971 1827 2188 1884 semper
2216 1825 2318 1870 est.
2349 1815 2417 1870 Ut
2442 1818 2601 1870 sciam
2629 1819 2754 1889 quid
2782 1820 2913 1874 desit
2940 1819 3087 1877 mihi.
3121 1821 3232 1876 Hoc
3260 1833 3366 1889 est,
3401 1832 3460 1877 nt

155 1917 218 1965 ett
253 1910 444 1964 verbis
477 1910 579 1964 tttis
607 1910 1087 1966 condemnaberis.
1121 1911 1246 1965 Dixi
1269 1951 1284 1978 ,
1321 1915 1613 1967 custodiam
1643 1914 1752 1968 vias

155 2015 293 2056 meas
322 2017 343 2057 :
375 2001 429 2057 id
465 2013 578 2070 est,
605 2002 849 2072 disposui
877 2004 1163 2059 custodire
1204 2019 1371 2076 opera
1404 2021 1522 2061 mea
1558 2022 1572 2060 :
1605 2007 1753 2060 scili-

158 2104 243 2150 cet
284 2096 528 2165 quinque
567 2110 759 2150 sensus
805 2098 1076 2166 corporis.
1112 2097 1181 2152 Ut
1212 2114 1316 2153 non
1363 2098 1658 2168 delinquant
1695 2099 1752 2154 in

156 2188 331 2259 lingua
359 2205 497 2242 mea.
534 2188 657 2244 Non
687 2188 1020 2260 delinquam,
1061 2207 1168 2246 non
1205 2206 1426 2262 peccem
1454 2207 1469 2249 :
1503 2194 1628 2262 quia
1661 2195 1749 2261 qui

153 2283 391 2339 custodit
455 2284 691 2355 linguam
755 2300 942 2350 suam,
1013 2284 1257 2341 custodit
1301 2288 1541 2340 animam
1596 2302 1748 2340 suum

158 2373 336 2446 (Prov.
368 2374 575 2446 xvnt):
613 2377 736 2445 quia
771 2391 918 2432 mors
948 2385 1003 2431 et
1032 2377 1138 2432 vita
1171 2377 1223 2432 in
1257 2378 1508 2434 manibus
1553 2379 1751 2448 linguae

155 2465 310 2539 (Isai.
342 2467 543 2540 xxxii).
581 2469 644 2522 Et
675 2473 804 2524 item
839 2486 851 2522 :
885 2468 1077 2525 Cultus
1101 2470 1326 2540 iustitia:
1349 2513 1364 2538 ,
1393 2471 1666 2525 silentium
1697 2479 1753 2525 et

157 2573 253 2631 pax
281 2560 483 2633 (Eccli.
507 2562 727 2633 ιιινιιι).

226 2652 390 2709 Posui
419 2655 506 2709 ori
549 2669 659 2708 meo
691 2655 1002 2708 custodiam.
1046 2653 1206 2708 Juxta
1256 2653 1425 2707 illud:
1458 2651 1749 2709 Pecuniam

155 2755 208 2803 et
226 2761 413 2803 aurum
458 2757 605 2802 tuum
647 2748 803 2818 alltga
836 2747 1006 2817 bene,
1033 2755 1086 2802 et
1112 2746 1276 2800 facito
1306 2748 1384 2801 ori
1421 2755 1513 2801 tuo
1551 2747 1748 2801 ostium

153 2857 421 2904 etseram.
457 2848 679 2903 Beatum
703 2848 847 2902 enim
873 2847 1146 2903 hominem
1171 2848 1281 2903 oris
1312 2845 1558 2903 custodia
1584 2845 1748 2900 facit:

153 2956 270 2998 cum
297 2960 400 2999 non
437 2941 656 3012 profert
697 2942 877 2997 inania
901 2985 914 3009 ,
949 2941 1044 2996 sed
1089 2955 1211 3012 qua:
1258 2942 1367 2996 Deo
1399 2947 1524 2994 sunt
1563 2939 1747 3008 digna.

153 3035 279 3092 Cum
328 3039 640 3093 consisteret
682 3045 916 3110 peccator
957 3037 1202 3090 adversus
1245 3049 1343 3089 me.
1377 3033 1434 3089 Id
1477 3044 1594 3103 est,
1629 3033 1749 3084 dia-

152 3129 328 3198 bolus,
361 3129 462 3201 qui
489 3129 648 3200 iustis
675 3129 952 3185 maledicit
983 3142 1046 3183 ac
1077 3127 1348 3195 detrahit,
1376 3137 1428 3181 et
1462 3126 1749 3195 instigator

151 3231 333 3278 eorum
359 3227 485 3285 est,
517 3219 606 3291 qui
635 3222 838 3276 sanctis
858 3218 1203 3275 insidiantur.

222 3314 494 3370 Obmutui.
525 3313 604 3369 Ne
647 3313 1057 3384 obiurgantibus
1088 3325 1172 3366 me
1206 3311 1599 3379 obstreperem.
1642 3307 1748 3362 0b-

150 3408 348 3472 mutui,
376 3415 432 3462 et
466 3417 576 3460 non
607 3405 798 3475 aperui
823 3417 884 3459 os
915 3419 1092 3459 meum
1115 3445 1129 3469 ,
1156 3402 1283 3474 quia
1308 3409 1362 3456 tu
1389 3400 1585 3456 fecisti.
1617 3399 1746 3455 Ideo

151 3499 415 3564 patienter
473 3499 588 3552 fero
630 3514 642 3551 :
693 3498 816 3567 quia
864 3505 916 3552 te
963 3496 1079 3551 seio
1123 3495 1189 3549 ad
1232 3494 1608 3566 probationem
1659 3507 1744 3547 me

150 3590 542 3646 tentationibus
572 3589 879 3660 reliquisse.
927 3586 996 3642 Et
1021 3587 1326 3642 humiliatus
1349 3603 1482 3640 sum.
1515 3583 1596 3639 Ad
1625 3599 1746 3640 sus-

149 3681 364 3736 tinenda
394 3697 588 3738 eorum
622 3681 975 3752 improperia.
1003 3679 1067 3734 Et
1098 3680 1221 3734 silui
1243 3693 1273 3732 a
1295 3678 1460 3732 bonis.
1495 3677 1570 3731 De
1602 3675 1741 3730 bona

149 3774 480 3829 conscientia
515 3775 845 3843 procedebat
874 3773 1008 3828 mihi
1037 3772 1300 3828 securitas
1331 3789 1344 3827 :
1378 3759 1500 3827 ideo
1527 3783 1612 3826 me
1635 3783 1739 3823 non

146 3863 440 3934 iustificavi-
465 3881 648 3922 coram
682 3866 994 3922 hominibus
1023 3883 1035 3919 :
1071 3879 1245 3935 neque
1273 3864 1414 3918 bona
1436 3877 1553 3932 quae
1577 3863 1628 3915 in
1657 3875 1741 3915 me

148 3966 304 4013 erant
325 4000 340 4026 ,
367 3953 641 4029 divulgavi
675 3977 686 4013 :
719 3959 844 4029 quia
872 3959 986 4012 scio
1010 3956 1154 4027 quod
1202 3955 1362 4010 Pater
1392 3956 1480 4024 qui
1512 3953 1654 4025 videt
1686 3953 1737 4006 in

149 4049 448 4117 absconso,
483 4049 676 4105 reddet
711 4048 863 4103 mihi.
895 4047 963 4102 Et
989 4047 1139 4101 dolor
1165 4063 1312 4100 meus
1339 4055 1610 4100 renovatus
1641 4051 1734 4099 est.

146 4139 397 4198 Nondum
439 4141 590 4195 enim
627 4156 878 4194 veneram
920 4139 986 4192 ad
1023 4140 1317 4205 perfectum
1361 4137 1556 4192 virum.
1604 4135 1736 4190 Nam

143 4236 248 4289 etsi
281 4231 620 4288 sustinebam
646 4245 768 4287 cum
800 4231 992 4286 dolore
1025 4231 1385 4299 itnproperia,
1418 4233 1525 4284 non
1559 4238 1736 4282 tamen

144 4329 386 4385 sciebam
413 4325 864 4382 maledicentibtts
897 4323 1241 4379 benedicere.
1265 4323 1396 4387 Vel,
1420 4322 1570 4376 dolor
1598 4337 1739 4376 meus

143 4429 425 4475 renovatus
457 4428 549 4473 est.
578 4417 635 4473 In
677 4418 779 4470 hoc
805 4414 1004 4470 dicitur
1029 4413 1186 4468 dolor
1215 4412 1420 4468 Christi
1450 4430 1462 4464 :
1509 4413 1631 4481 quia
1661 4412 1737 4466 illi

143 4523 252 4567 nun
300 4510 520 4567 fuerunt
579 4509 728 4581 digni
772 4508 959 4564 audire
1004 4506 1167 4561 verba
1223 4505 1497 4576 mysterii,
1547 4513 1606 4556 ιιι
1661 4503 1741 4557 ait

1859 1921 1946 1961 me
1989 1903 2158 1962 facias
2188 1907 2490 1978 intelligere
2517 1911 2701 1964 omnia
2738 1912 2873 1966 bona
2893 1952 2909 1980 ,
2943 1925 2998 1966 ut
3027 1925 3147 1968 eum
3183 1915 3300 1970 haec
3331 1929 3455 1978 n0ta

1861 1999 2139 2068 habuero,
2167 2001 2332 2055 sciam
2371 2001 2500 2071 quid
2532 2003 2708 2058 adhuc
2741 2004 2792 2057 in
2825 2005 3026 2060 sa-cnlo
3051 2005 3282 2076 degente
3316 2007 3459 2063 desit

1857 2091 1920 2146 ad
1971 2093 2200 2160 palmam
2251 2092 2608 2151 beatitudinis
2660 2099 3122 2168 consequendam.
3169 2100 3452 2157 Perfectus

1855 2186 1998 2239 enim
2027 2196 2143 2239 erat
2174 2185 2374 2243 Paulus
2397 2189 2490 2256 qui
2511 2189 2727 2245 dicebat
2749 2209 2759 2243 :
2785 2191 3076 2248 Certamen
3104 2195 3304 2249 bonum
3333 2209 3454 2250 cer-

1859 2280 1960 2334 tavi
1988 2296 2001 2332 :
2031 2293 2250 2334 cursum
2290 2284 2690 2338 c0nsummavi.
2724 2284 2878 2339 Nunc
2915 2295 3097 2342 autem
3128 2287 3282 2343 deest
3317 2288 3452 2344 mihi

1855 2387 2056 2429 corona
2078 2373 2500 2446 jttstitite,quam
2518 2376 2779 2432 Dominus
2799 2380 3060 2436 retribuet
3082 2381 3208 2434 tnilti
3232 2381 3298 2447 (II
3315 2380 3448 2436 Tim.

1854 2463 1951 2535 Iv).
1984 2464 2139 2532 Quod
2167 2476 2346 2520 autem
2382 2481 2492 2520 non
2534 2467 2606 2522 de
2650 2471 2759 2523 suis
2791 2469 2981 2523 diebus
3032 2471 3147 2525 haec
3176 2473 3448 2542 loquatur,

1853 2558 2135 2626 sequentia
2163 2558 2383 2613 docent.

1927 2646 2060 2702 Ecce
2106 2650 2483 2705 mensarabiles
2530 2654 2748 2724 posuisti
2799 2655 2905 2706 dies
2947 2669 3104 2709 meos.
3133 2654 3444 2712 Secundum

1855 2750 2095 2795 veterem
2123 2741 2401 2797 hominem
2427 2756 2598 2812 usque
2619 2760 2761 2798 nunc
2793 2743 3042 2800 fuerunt:
3076 2763 3218 2802 nunc
3250 2763 3446 2802 uomm

1852 2833 2108 2889 desidero
2134 2877 2147 2902 ,
2183 2835 2336 2890 illum
2370 2851 2530 2905 quem
2555 2836 2833 2891 Abtaltnm
2870 2839 3005 2893 vidit
3044 2850 3100 2896 et
3131 2824 3348 2912 gavisus
3369 2853 3452 2898 est

1853 2923 2034 2995 (Joan.
2072 2930 2208 2994 vin).
2247 2928 2301 2982 In
2357 2942 2466 2998 quo
2495 2928 2622 2983 alibi
2669 2929 2952 2985 hortamur
2997 2933 3212 3000 laetari,
3248 2936 3300 2989 in
3336 2952 3444 3006 quo

1855 3020 1994 3074 Dens
2025 3020 2282 3074 Dominus
2314 3021 2684 3076 illuxitnobis.
2718 3022 2821 3090 Qui
2851 3038 2958 3077 non
2980 3039 3007 3075 a
3042 3025 3178 3086 sole.
3213 3043 3389 3096 neque
3417 3042 3448 3082 a

1853 3110 1978 3165 luna
2007 3110 2420 3175 illnminabitur,
2450 3111 2545 3166 sed
2569 3111 2638 3165 ab
2660 3113 2740 3181 ips
2764 3133 2774 3160 ι
2795 3113 3022 3168 Domino
3048 3130 3304 3185 perpetua
3331 3117 3450 3173 luce

1773 3215 1818 3279 ο
1850 3203 2102 3273 refulget.
2128 3201 2199 3257 Et
2220 3203 2504 3258 substantia
2530 3219 2640 3257 mea
2683 3217 2948 3275 tamquam
2981 3207 3202 3262 nihilum
3229 3219 3346 3262 tmte
3375 3219 3445 3264 te.

1850 3287 2002 3351 Snsci
2014 3296 2164 3365 piens
2190 3295 2368 3350 altiori
2395 3305 2575 3352 mente
2603 3296 2906 3352 claritatem
2938 3308 3113 3352 tuam:
3146 3315 3244 3370 pro
3273 3300 3444 3355 nihilo

1845 3389 2081 3459 iudicavi
2113 3389 2469 3444 substantiam
2504 3405 2699 3444 nteant.

1929 3483 2288 3538 Verumtamen
2327 3484 2566 3538 universa
2603 3485 2836 3551 uanitas,
2872 3485 3038 3540 omnis
3067 3484 3222 3541 homo
3249 3489 3438 3542 vivens.

1847 3574 1904 3631 Si
1937 3583 2190 3647 peccator
2221 3585 2334 3640 est,
2366 3586 2420 3630 et
2452 3576 2504 3630 in
2537 3575 2748 3631 deliciis
2775 3575 3029 3644 ﬂuxerit,
3063 3579 3285 3633 vanitati
3315 3581 3442 3634 sub.

1844 3665 2009 3722 sistit.
2037 3668 2092 3720 Si
2112 3666 2316 3737 iustus,
2339 3679 2390 3722 et
2422 3666 2700 3723 desiderat
2727 3669 2972 3736 dissolvi,
3001 3680 3196 3725 etcum
3229 3670 3440 3727 Chi-isto

1815 3774 1988 3828 esse,
2012 3777 2148 3816 vana
2170 3774 2255 3817 est
2283 3763 2330 3816 ei
2365 3761 2723 3817 nihilominus
2743 3765 2851 3817 vita
2887 3779 3148 3833 praesens.

1923 3855 2288 3910 Verumtamen
2313 3857 2367 3910 in
2398 3857 2623 3930 imagine
2652 3866 2676 3894 η
2708 3855 2808 3912 Dei
2838 3859 3122 3928 pertransit
3144 3857 3319 3927 hante,
3352 3861 3440 3912 sed

1843 3951 2038 4018 [rustra
2084 3946 2440 4002 conturbatur.
2474 3947 2665 4003 Omnis
2710 3948 2874 4003 homo
2913 3950 2981 4004 ad
3014 3951 3308 4022 imaginem
3343 3951 3436 4006 Dei

1841 4037 2016 4094 factus
2059 4050 2160 4094 est.
2209 4039 2264 4095 Si
2296 4054 2429 4111 ergo
2475 4040 2527 4095 in
2571 4057 2631 4095 ea
2674 4042 2954 4097 ambulare
2994 4043 3266 4109 videatur,
3300 4052 3354 4099 et
3389 4046 3439 4100 in

1842 4135 2044 4205 rapinis
2075 4145 2324 4191 versetur
2349 4146 2517 4206 atque
2548 4136 3012 4207 concupiscentiis
3037 4180 3051 4204 ,
3082 4139 3440 4195 conturbatur

1841 4233 1893 4282 in
1925 4230 2160 4283 actione.

1915 4319 2287 4385 Thesaurizat,
2329 4330 2375 4374 et
2424 4321 2630 4392 ignorat
2679 4322 2760 4376 cui
2799 4323 3129 4396 congregabit
3170 4341 3249 4378 ea.
3280 4323 3436 4394 Saepe

1840 4412 1986 4466 enim
2040 4411 2282 4482 plerique
2336 4411 2705 4467 thesaurizant
2759 4423 2812 4468 et
2858 4424 3192 4486 congregant
3243 4417 3433 4481 multa,

1841 4513 1961 4570 qua:
1989 4507 2082 4553 aut
2108 4501 2310 4555 desidia
2353 4501 2588 4555 filiorum
2615 4504 2837 4569 evertit,
2870 4516 2963 4558 aut
2988 4506 3151 4561 ﬁscus
3180 4518 3432 4575 occupat,

145 4604 422 4675 propheta
449 4619 463 4660 :
494 4602 584 4660 νω
612 4601 742 4659 mihi
768 4647 781 4671 ,
812 4599 935 4671 quia
965 4599 1106 4655 tacui
1141 4595 1296 4668 (Isai.
1330 4594 1541 4666 vr).Vel
1572 4592 1732 4648 illud:
1765 4595 1818 4657 D
1842 4599 1937 4645 aut
1971 4591 2236 4660 diripiunt
2274 4593 2456 4647 alieni.
2492 4593 2690 4650 Beatus
2717 4605 2903 4651 autem
2951 4598 3045 4652 ille
3074 4611 3197 4666 est,
3239 4602 3331 4669 qui
3364 4602 3432 4656 ibi

147 4694 446 4753 Adhterere
493 4697 692 4752 faciam
732 4695 969 4765 linguam
1022 4702 1168 4746 tuam
1212 4688 1392 4760 plato
1434 4698 1557 4752 tuo,
1611 4685 1736 4755 quia

149 4787 409 4845 Dominus
435 4804 772 4860 exasperans
795 4796 886 4844 est
902 4785 1114 4858 (Ezech.
1141 4782 1249 4856 tn).

215 4883 552 4940 Conculcaoit
587 4885 876 4938 cor'nteum-
910 4881 1054 4936 intra
1082 4895 1182 4933 me.
1218 4876 1358 4932 Dicit
1391 4873 1658 4931 Ecclesia.
1691 4872 1739 4928 Α

147 4976 524 5032 recordatione
563 4974 884 5032 delictorum
916 4972 1180 5044 priorum.
1212 4967 1280 5024 Et
1321 4969 1373 5022 in
1404 4967 1741 5022 meditatione

149 5081 260 5120 mea
287 5071 582 5123 exardescet
614 5069 766 5140 ignis.
802 5067 962 5134 Quid,
996 5064 1192 5135 inquis,
1227 5059 1625 5118 meditabaris?
1672 5059 1738 5114 Il-

147 5156 237 5214 Iud
279 5176 510 5233 nempe,
548 5163 776 5228 qualiter
808 5161 990 5231 ignem
1041 5158 1190 5213 illum
1221 5155 1462 5225 reperire
1499 5153 1732 5226 possim,

150 5245 240 5318 (Ιυὶ
274 5265 494 5322 peccata
535 5262 919 5312 oonsumeret,
964 5260 1197 5307 mentem
1248 5249 1612 5315 illuminaret,
1645 5245 1738 5318 qui

150 5352 235 5397 est
259 5343 494 5415 Spiritus
521 5355 760 5412 sanctus,
789 5345 855 5400 de
883 5358 990 5414 quo
1019 5342 1292 5412 Cleoplias
1313 5341 1367 5397 et
1396 5340 1486 5411 qui
1518 5355 1640 5395 cum
1672 5355 1737 5393 eo

151 5441 324 5505 erant,
356 5435 642 5498 dicebant:
679 5440 870 5494 Nonne
908 5453 1003 5493 cor
1033 5443 1272 5493 nostrum
1305 5435 1506 5491 ardens
1534 5442 1649 5490 erat
1682 5433 1734 5488 in

228 5651 250 5676 η
283 5643 388 5700 Vox
443 5647 534 5702 Dei
572 5654 673 5703 nec
702 5648 753 5703 in
789 5646 1013 5702 Ilehrteo
1053 5656 1133 5702 est.
1166 5657 1312 5702 textu
1337 5686 1351 5709 ,
1384 5660 1487 5701 nec
1514 5644 1732 5706 Grteco,

154 5719 256 5795 nec
274 5713 484 5795 demum
520 5720 570 5772 i'tt
596 5717 714 5795 Lat.
737 5719 876 5788 apud
900 5718 959 5773 S.
984 5717 1552 5795 Augusmlegiturz‘ae
1582 5714 1732 5795 vide:

156 5789 241 5834 tur
267 5787 478 5853 quidem
516 5805 579 5843 ex
630 5791 710 5844 liis
765 5787 1167 5844 commentariis
1221 5788 1403 5857 ipsave
1450 5787 1733 5857 Augustini

1842 4686 2170 4739 thesaurizat
2197 4725 2212 4751 ,
2254 4683 2345 4739 ubi
2380 4683 2528 4740 fures
2560 4701 2664 4739 non
2691 4686 2956 4742 eli‘odiunt
2981 4731 2995 4755 ,
3040 4705 3142 4745 nec
3188 4689 3433 4746 furantur

1843 4779 2069 4851 (Matth.
2111 4778 2242 4852 vr),
2295 4778 2383 4834 ubi
2437 4780 2626 4834 audire
2681 4789 3002 4839 mereatur:
3048 4783 3317 4850 Quamdiu
3357 4785 3432 4840 fe-

1842 4871 1993 4928 cistis
2033 4873 2122 4926 uni
2169 4885 2236 4927 ex
2281 4870 2516 4926 minimis
2558 4870 2716 4939 istis,
2765 4872 2896 4927 mihi
2948 4871 3153 4930 fecistis
3199 4875 3430 4949 (Matth.

1841 4971 1994 5038 xxvi

1919 5057 1988 5112 Et
2020 5075 2156 5112 nunc
2175 5075 2289 5124 quae
2316 5068 2390 5113 est
2419 5059 2729 5130 exspectatio
2761 5077 2870 5113 mea
2892 5103 2906 5128 ,
2941 5078 3107 5116 nonne
3137 5061 3388 5122 Dominus
3412 5067 3434 5119 ξ’

1846 5162 1893 5207 et
1923 5153 2211 5208 substantia
2243 5171 2354 5207 mea
2385 5156 2524 5226 apud
2565 5163 2613 5207 te
2649 5165 2744 5209 est.
2776 5153 3002 5210 Relictis
3029 5159 3309 5226 omnibus,
3346 5169 3396 5215 te
3419 5201 3432 5224 ,

1847 5245 2095 5315 Domine,
2153 5247 2532 5316 praestolabor,
2584 5247 2707 5316 quia
2754 5247 3053 5304 substantia
3108 5251 3234 5308 vitae
3279 5252 3432 5308 istius

1846 5355 1952 5396 non
1992 5351 2336 5411 comparatur
2381 5340 2445 5395 ad
2484 5341 2631 5396 illam
2693 5341 3079 5396 beatitudinem
3137 5344 3427 5415 setnpiter‘

1846 5450 1987 5489 nam.

1843 5640 2293 5768 ilittelrprelatione
2320 5640 2602 5709 irrepsisse
2635 5641 2686 5696 in
2721 5641 3019 5695 llomtnutn
3046 5682 3060 5707 ,
3108 5652 3165 5698 ut
3209 5656 3421 5711 vocant,

1887 5729 1942 5768 sa
1971 5725 2186 5767 tertnm.

1887 5725 2163 5768 ευιιεηιιιιι
2173 5749 2186 5763 ο
