4034 6308
578 306 685 363 ωδ

1371 296 1723 360 APPENDIX
1761 295 1853 354 AD
1896 295 2141 355 'rouuu
2179 293 2529 354 SEPTIMUM
2567 292 2628 351 s.
2668 262 3077 349 iusaonvin.

3764 274 3866 341 9M

650 423 729 477 Ab
765 423 1001 477 omnibus
1029 418 1384 493 iniquitatibus
1416 419 1543 474 meis
1573 433 1693 472 erue
1723 430 1821 471 me.
1850 412 2171 482 Prmtcrilis,
2202 414 2258 476 Α
2281 410 2625 483 splendorem
2675 408 3091 480 Evangeliorum
3119 445 3135 473 ,
3186 402 3241 458 in
3288 401 3482 474 quibus
3531 414 3622 458 me
3669 398 3861 456 illumi-

577 513 942 582 prtcsentibus
969 521 1022 567 et
1052 512 1267 567 futuris.
1305 507 1652 583 Opprobrium
1685 506 1963 579 insipienti.
1987 504 2172 559 dedisti
2273 503 2443 560 navit.

582 624 682 663 me.
710 606 844 662 Dum
874 613 1132 677 peccator
1177 604 1202 659 f
1237 606 1284 671 i,
1314 603 1661 675 Opprobrium
1691 601 1863 657 factus
1890 615 2009 656 sum
2039 597 2174 653 insi-
2204 634 2207 641 ι

590 700 762 771 picnti
786 699 1033 769 diabolo,
1061 700 1151 770 qui
1181 707 1267 754 est
1304 698 1544 753 omnium
1573 696 1887 763 criminum,
1913 703 1968 750 et
1991 693 2170 749 incen-

581 802 690 857 tor,
717 801 770 847 ct
798 800 1103 848 accusator.
1136 790 1266 848 ideo
1296 790 1513 862 purgari
1540 789 1703 860 cupio
1730 789 1787 844 in
1819 788 1922 843 hoc
1950 785 2173 856 sarculo,

581 900 652 941 ne
677 883 765 940 ille
794 899 880 939 me
908 890 1133 940 accuset
1158 885 1214 939 in
1235 881 1441 954 judicio
1471 892 1584 937 tuo.

655 976 903 1031 Obmutui
939 984 989 1031 et
1027 992 1131 1030 non
1173 975 1356 1047 aperui
1396 991 1455 1029 os
1493 989 1700 1039 meum,
1732 971 1977 1042 quoniam
2017 978 2072 1022 tu
2104 971 2178 1041 fe-

588 1072 727 1127 cisti.
766 1070 904 1126 Cum
934 1085 1020 1126 nte
1047 1067 1330 1137 conviciis,
1360 1066 1688 1134 iracundiis,
1719 1080 1784 1121 ac
1810 1061 2041 1118 diversis
2074 1062 2178 1115 im-

586 1163 862 1237 properiis
885 1163 1187 1218 lacesseret
1223 1178 1237 1215 :
1268 1158 1511 1231 cogitans
1532 1174 1620 1215 me
1658 1173 1686 1211 a
1713 1165 1768 1211 te
1796 1154 2020 1223 factum,
2045 1152 2181 1208 nihil

584 1258 651 1313 ad
682 1272 746 1313 ea
777 1270 899 1329 quae
930 1253 1335 1321 inferebantur,
1362 1250 1617 1323 respondi
1645 1268 1660 1307 :
1690 1249 1881 1304 Amove
1904 1263 1936 1301 a
1963 1261 2043 1301 me
2068 1244 2184 1318 pla-

580 1365 679 1421 gas
707 1359 840 1405 tuas.
872 1346 1009 1415 Quia
1032 1361 1119 1401 me
1141 1345 1318 1401 sentio
1341 1343 1712 1400 emendatum.

658 1440 701 1493 Α
750 1435 1059 1510 fortitudine
1097 1452 1280 1490 manus
1331 1442 1435 1491 tua:
1479 1450 1573 1505 ego
1612 1432 1798 1504 defeci.
1832 1428 2183 1486 Incumbente

597 1544 761 1584 manu
802 1526 1072 1597 vindictae,
1104 1526 1279 1581 virtus
1327 1524 1519 1581 deliCti
1548 1523 1742 1581 defecit
1768 1564 1783 1589 ,
1816 1511 1958 1579 sicut
1986 1519 2187 1576 Paulus

590 1619 869 1692 apostolus
907 1619 985 1674 ait
1028 1636 1043 1673 :
1081 1617 1216 1674 Cum
1256 1627 1437 1673 autem
1486 1616 1762 1683 intirmor,
1817 1624 1944 1669 tunc
1989 1618 2186 1683 potens

587 1729 707 1769 sum
739 1710 805 1786 (ll
834 1710 955 1767 Cor.
984 1709 1105 1782 xu).
1136 1713 1212 1765 Ab
1239 1709 1679 1781 increpationibus
1709 1716 1915 1780 prapter
1940 1703 2189 1776 iniquita-

2347 593 2416 649 Et
2461 594 2727 650 exaudivit
2780 608 2955 661 preces
3004 607 3165 647 meas.
3205 588 3341 659 Quia
3370 586 3661 660 prOphetis
3695 593 3758 642 et
3784 600 3869 653 pa-

2278 689 2532 745 triarchis
2574 703 2635 745 se
2682 686 2932 754 abdidit,
2986 686 3127 741 sicut
3180 684 3296 756 ipse
3329 680 3682 755 postmodum
3713 677 3867 734 dixit:

2278 780 2413 850 Quia
2446 779 2597 835 mulli
2641 776 2922 850 prophetae
2959 787 3014 834 et
3039 774 3171 846 justi
3215 774 3509 846 cupierunt
3543 772 3737 827 videre
3767 784 3871 840 qua:

2278 872 2505 938 videtis,
2546 881 2603 927 et
2626 885 2736 927 non
2763 869 3016 926 viderunt
3043 866 3200 940 (Luc.
3230 866 3311 938 x).
3342 865 3464 936 Ipse
3493 862 3628 919 mihi
3660 862 3716 917 in
3746 874 3872 917 novo

2280 969 2635 1026 Testamequ
2673 966 2925 1038 refulget.
2962 962 3028 1017 Et
3071 960 3251 1017 eduxit
3290 974 3371 1015 me
3399 957 3464 1012 de
3494 956 3618 1011 lacu
3642 954 3870 1020 miseriae,

2281 1061 2407 1117 etde
2427 1062 2536 1114 luto
2555 1059 2716 1131 (reris.
2745 1058 2803 1113 In
2825 1055 3026 1129 quibus
3052 1055 3347 1110 immersus
3367 1066 3542 1119 eram,
3566 1064 3695 1105 cum
3719 1047 3875 1103 simu-

2281 1154 2430 1210 lacra
2455 1160 2601 1208 muta
2628 1151 2935 1208 adorarem.
2965 1147 3085 1216 Vel,
3116 1148 3180 1203 de
3210 1148 3320 1203 luto
3349 1146 3526 1217 fiscis:
3557 1144 3681 1215 quia
3704 1141 3876 1199 adluc-

2283 1263 2464 1305 seram
2496 1247 2733 1304 terrenis
2760 1243 3069 1301 desideriis.
3410 1263 3415 1267 -

2358 1345 2554 1402 Statuit
2583 1360 2745 1414 supra
2785 1351 2985 1413 petram
3020 1340 3176 1415 pedes
3215 1354 3378 1396 meos.
3424 1337 3602 1410 Supra
3639 1346 3877 1407 petram:

2288 1439 2393 1494 hoc
2421 1446 2528 1507 est,
2562 1452 2726 1510 super
2752 1435 3052 1492 Christum.
3078 1433 3246 1489 Pedes
3272 1450 3441 1502 meos,
3473 1448 3671 1489 sensus
3699 1446 3874 1487 meos:

2288 1538 2347 1584 ut
2367 1528 2499 1585 illud
2521 1545 2533 1582 :
2558 1527 2717 1584 Petra
2745 1538 2924 1585 autem
2952 1534 3076 1584 erat
3098 1525 3350 1583 Christus
3379 1524 3424 1598 (ι
3448 1523 3573 1580 Cor.
3600 1525 3684 1596 x).
3713 1524 3769 1579 ln
3801 1538 3875 1592 se,

2286 1621 2377 1690 qui
2401 1620 2706 1676 eststabilis
2725 1627 2897 1691 petra,
2921 1617 3263 1675 confirmavit
3283 1632 3399 1674 me:
3425 1632 3492 1673 ne
3513 1617 3583 1672 ab
3602 1616 3763 1687 hujus
3785 1631 3877 1673 sa-

2288 1714 2395 1770 culi
2438 1721 2686 1770 nutarem
2738 1711 3081 1784 impulsibus.
3130 1711 3201 1766 Et
3245 1710 3440 1766 direxit
3485 1725 3701 1783 gressus
3726 1725 3874 1764 meos.

588 1817 689 1863 tem
741 1805 1039 1876 corripuisti
1083 1803 1364 1859 hominem.
1424 1802 1737 1873 lncrepatur
1789 1797 1972 1853 omnis
2020 1796 2187 1849 homo

2300 1804 2370 1861 Ne
2415 1804 2484 1861 ad
2536 1820 2660 1862 eum
2705 1805 2963 1874 veniens,
2997 1812 3118 1875 post
3163 1811 3375 1874 tergum
3429 1802 3787 1874 respicerem.
3816 1798 3878 1854 Et

588 1908 816 1971 propter
857 1896 1199 1968 iniquitatem
1227 1937 1243 1963 ,
1295 1910 1456 1967 quem
1507 1894 1735 1963 perdere
1781 1905 1889 1946 non
1931 1888 2049 1944 vult
2096 1886 2183 1943 di-

588 1993 714 2047 vina
742 1989 1018 2059 maiestas.
1054 1987 1325 2060 Flagellat
1364 1998 1545 2043 autem
1576 1998 1794 2043 omnem
1826 1982 1993 2038 ﬁlium
2024 1994 2183 2052 quem

584 2087 797 2158 recipit.

660 2180 940 2237 Tabesrere
968 2178 1137 2251 fecisti
1164 2176 1298 2231 sicut
1326 2189 1573 2230 araneam
1600 2172 1825 2228 animam
1850 2170 1986 2241 ejus.
2012 2165 2187 2222 Tabe-

589 2274 694 2331 scit
720 2273 901 2329 anima
928 2313 943 2340 ,
985 2287 1109 2327 eum
1140 2284 1270 2326 caro
1296 2284 1327 2324 a
1356 2269 1589 2323 lnxuriis
1627 2274 1684 2319 et
1725 2258 2188 2332 concupiscentiis

588 2366 915 2425 refrenatur.
946 2364 1061 2420 lloc
1080 2372 1164 2419 est
1185 2361 1498 2429 tabescere,
1523 2358 1913 2427 obstupescere
1942 2353 2012 2409 de
2034 2361 2190 2408 ante-

585 2458 829 2516 rioribus
852 2455 1089 2512 delictis.
1117 2453 1215 2510 ille
1237 2468 1372 2509 vero
1399 2454 1491 2521 qui
1520 2467 1583 2507 ea
1613 2449 1724 2522 agit
1749 2464 1869 2518 qua:
1894 2445 2190 2502 mundanae

590 2550 816 2607 vanitati
847 2556 977 2604 sunt
1013 2556 1171 2618 apta,
1205 2546 1341 2602 telas
1373 2544 1511 2600 texit
1537 2557 1776 2609 aranere,
1806 2540 1961 2612 juxta
1991 2538 2185 2594 Isaiam

588 2643 910 2718 prOphetam
936 2639 1093 2716 (Isai.
1110 2638 1245 2711 us):
1275 2640 1379 2694 hoc
1404 2646 1509 2702 est,
1532 2636 1620 2692 die
1648 2638 1923 2705 noctuque
1944 2633 1999 2687 in
2021 2645 2190 2702 opere

592 2753 741 2794 vano
770 2744 958 2803 vacat,
989 2740 1044 2790 et
1070 2747 1180 2788 non
1210 2730 1396 2796 utilia,
1426 2728 1525 2785 sed
1555 2724 1894 2784 dissolubilia
1922 2734 1976 2779 et
2006 2723 2185 2778 ineor-

590 2830 901 2903 ruptibilia,
929 2837 1211 2898 operatur.
1244 2824 1351 2881 Sed
1374 2823 1500 2895 quia
1528 2820 1793 2893 propheta
1823 2820 2057 2874 animam
2087 2831 2191 2873 ceu

591 2938 850 2981 nrancam
888 2922 1173 2976 tabescere
1199 2917 1337 2974 dicit
1365 2934 1379 2971 :
1410 2916 1514 2972 hoc
1556 2911 1967 2985 intelligendum
1995 2920 2099 2977 est,
2130 2916 2191 2964 ut

590 3022 660 3077 ad
690 3026 895 3076 tantam
919 3014 1275 3072 subtilitatem
1298 3026 1393 3081 per
1415 3007 1803 3065 abstinentiam
1829 3005 2186 3074 decoquatur,

593 3122 655 3168 ut
696 3110 764 3166 ad
795 3110 970 3164 instar
1009 3105 1224 3161 illorum
1262 3104 1481 3159 illorum
1521 3100 1857 3157 deducatur:
1891 3095 2104 3153 scilicet
2132 3102 2192 3148 ut

2290 1900 2476 1955 direxit
2515 1916 2723 1974 gressus
2771 1915 2910 1954 meos
2939 1914 2955 1952 :
2988 1899 3042 1954 id
3072 1907 3156 1954 est
3180 1941 3195 1968 ,
3227 1910 3423 1954 sensus
3449 1896 3727 1951 bonorum
3756 1906 3877 1964 ope-

2290 2010 2445 2051 rum:
2476 1993 2739 2050 Ecclesia:
2766 1991 2991 2064 dirigit:
3024 1992 3150 2064 quia
3171 1989 3547 2062 unusquisque
3570 2003 3671 2060 per
3696 2001 3760 2044 se
3778 1993 3880 2042 tor-

2291 2094 2480 2142 tuoSus
2520 2095 2627 2143 est.

2362 2177 2432 2233 Et
2468 2180 2683 2234 immisit
2720 2179 2776 2234 in
2818 2195 2877 2234 os
2912 2194 3081 2234 meum
3117 2178 3377 2233 canticum
3407 2191 3620 2233 nouum.
3651 2174 3877 2232 Laudem

2292 2273 2477 2345 utique
2498 2287 2650 2328 suam
2674 2291 2687 2327 :
2715 2274 2838 2344 quia
2869 2287 3040 2329 novus
3066 2273 3230 2329 homo
3247 2272 3394 2327 venit
3415 2270 3468 2327 iu
3488 2268 3777 2339 mundum,
3796 2285 3882 2325 no-

2295 2382 2418 2421 vam
2449 2366 2620 2439 legem
2651 2365 2804 2423 dedit
2834 2365 3060 2422 mundo.
3092 2364 3312 2422 Carmen
3343 2363 3454 2419 Deo
3496 2371 3681 2419 nostra
3704 2379 3725 2418 :
3750 2361 3881 2419 Lau-

2291 2459 2415 2516 dem
2457 2460 2572 2515 Deo
2603 2466 2824 2527 nostro,
2857 2468 2916 2514 ut
2940 2458 3053 2530 jam
3091 2473 3199 2515 non
3238 2472 3404 2514 sonos
3436 2465 3626 2528 turpes
3657 2466 3713 2512 et
3741 2456 3882 2512 thea-

2235 2624 2241 2629 _
2290 2555 2459 2609 trales
2498 2553 2785 2610 concinam
2815 2595 2831 2619 ,
2876 2553 2973 2609 sed
3014 2552 3068 2608 in
3118 2552 3213 2609 Dei
3256 2552 3495 2610 viventis
3538 2550 3763 2625 hymnis
3800 2566 3883 2624 per

2292 2645 2638 2701 harmoniam
2670 2646 2798 2701 novi
2828 2644 3168 2702 Testamenti
3197 2644 3463 2702 delecter.

2369 2738 2626 2793 Videbunt
2673 2739 2845 2795 multi.
2901 2741 3293 2795 Annnntiatum
3343 2739 3585 2796 venisse.
3628 2737 3701 2793 Et
3749 2739 3884 2793 time-

2293 2830 2438 2885 bunt.
2469 2829 2571 2899 Qui
2613 2844 2673 2887 se
2700 2830 3011 2902 intelligunt
3050 2841 3384 2902 peccatores.
3428 2829 3497 2885 Et
3526 2830 3807 2905 sperabunt
3835 2830 3882 2883 in

2291 2920 2539 2977 Domino.
2581 2921 2649 2978 Ut
2688 2923 2766 2978 eis
2806 2923 3036 2995 pristina
3084 2924 3431 2980 remittantur
3458 2922 3681 2979 delicta.

2362 3013 2554 3069 Beatus
2590 3015 2668 3069 vir
2692 3018 2845 3090 cujus
2872 3024 2947 3071 est
2986 3032 3172 3073 nomen
3214 3014 3428 3070 Domini
3467 3032 3583 3088 spes
3618 3015 3807 3087 ipsius.
3836 3013 3885 3069 In

2292 3122 2398 3178 qua
2424 3106 2581 3163 bonis
2605 3109 2858 3164 omnibus
2882 3107 3193 3179 impleatur.
3233 3106 3386 3164 Felix
3419 3107 3511 3163 illa
3539 3109 3747 3175 anima,
3773 3121 3885 3178 qua:

594 3204 729 3260 nihil
756 3214 1028 3263 crassum,
1058 3197 1368 3268 durumque
1398 3194 1611 3266 peccati
1639 3193 1938 3249 contineat.
1973 3188 2193 3245 Verum-
2217 3188 2264 3252 C
2297 3199 2459 3256 habet
2501 3200 2657 3256 "dem
2701 3200 2915 3256 ﬁrmam
2954 3209 3010 3256 ει
3054 3215 3209 3271 spem
3257 3200 3519 3256 directam
3561 3199 3617 3254 in
3655 3198 3884 3255 Chrisw.

596 3309 765 3354 tamen
792 3310 922 3349 vane
950 3293 1289 3348 conturbatur
1315 3289 1484 3345 omnis
1511 3286 1685 3342 homo.
1711 3284 1913 3341 Vivens
1957 3282 2012 3338 in
2041 3281 2195 3337 vani-

595 3391 796 3447 tatibus
819 3388 978 3459 hujus
999 3385 1208 3442 seeculi.
1233 3383 1341 3440 Sed
1363 3391 1417 3438 et
1440 3381 1530 3451 qui
1558 3380 1614 3435 in
1637 3379 1747 3433 Deo
1765 3377 1923 3444 vivit,
1945 3366 2083 3431 vana
2109 3381 2195 3431 est

595 3486 644 3541 ei
673 3481 881 3540 inutilis
908 3480 1026 3535 lucc
1056 3476 1330 3534 mundana
1355 3471 1732 3531 conturbatio.

671 3575 881 3632 Exaudi
907 3573 1198 3629 orationem
1226 3583 1412 3634 meam,
1440 3565 1684 3632 Domine,
1707 3573 1755 3618 et
1778 3562 2194 3633 deprecationem

600 3683 803 3727 meum:
831 3666 1046 3722 auribus
1071 3662 1278 3735 percipe
1307 3659 1569 3730 lacrymas
1598 3672 1759 3711 meas.
1800 3654 1909 3710 Pro
1955 3670 2024 3710 eo
2049 3653 2193 3725 quod

598 3780 628 3819 a
658 3771 712 3818 tc
740 3759 1075 3833 peregrinor,
1100 3764 1155 3812 et
1182 3752 1513 3810 desiderium
1548 3749 1726 3806 habeo
1756 3746 2015 3814 dissolvi,
2042 3755 2097 3803 et
2125 3745 2193 3801 ad

604 3867 658 3912 te
700 3853 951 3911 transire.

672 3946 759 4002 Ne
785 3947 957 4011 sileas,
1000 3942 1245 4014 quoniam
1287 3940 1487 3995 aduena
1513 3954 1631 3994 sum
1673 3935 1816 4007 apud
1846 3943 1894 3990 te
1915 3978 1930 4003 ,
1976 3941 2023 3989 et
2052 3947 2197 4003 pere-

600 4042 780 4115 grinus
805 4037 941 4092 sicut
976 4050 1148 4090 omnes
1184 4042 1358 4107 patres
1389 4031 1510 4086 mei.
1552 4028 1787 4084 lncolam
1825 4034 1989 4097 atque
2040 4037 2197 4095 pcre-

600 4134 819 4205 grinum
869 4144 932 4186 se
978 4128 1150 4194 dicit,
1197 4125 1341 4183 sicut
1389 4136 1581 4178 omnes
1628 4120 1801 4176 sancti
1843 4115 2014 4188 :quia
2054 4115 2198 4170 sicut

603 4233 656 4279 ct
681 4223 756 4279 illi
784 4221 909 4277 dum
934 4227 1089 4276 erant
1115 4219 1168 4273 in
1203 4230 1456 4288 corpore,
1487 4212 1864 4285 peregrinatur
1892 4207 2193 4275 abomino.

677 4317 899 4372 Remitte
928 4313 1054 4369 mihi
1080 4322 1133 4368 ut
1163 4312 1438 4382 refrigerer
1466 4308 1766 4380 priusquam
1795 4303 1995 4368 abeam,
2019 4310 2067 4357 et
2087 4316 2196 4355 am-

605 4412 741 4484 plius
771 4424 875 4463 non
899 4422 1006 4463 ero.
1040 4404 1140 4461 llic
1165 4402 1405 4468 remitte,
1439 4398 1688 4464 Domine,
1722 4398 1766 4452 si
1796 4394 1927 4467 quid
1956 4393 2195 4465 deliqui:

606 4503 733 4577 quia
762 4502 816 4559 iu
848 4501 1063 4559 inferno
1093 4498 1238 4555 nulla
1266 4505 1351 4552 est
1378 4492 1669 4551 remissio:
1698 4490 1822 4561 quia
1853 4502 1958 4553 nec
1982 4487 2196 4545 confes-

2298 3292 2366 3348 Et
2409 3310 2512 3349 non
2542 3295 2763 3367 respexit
2790 3295 2845 3350 in
2882 3294 3135 3350 vanitates
3156 3304 3204 3349 et
3230 3294 3463 3349 insanias
3494 3294 3681 3364 falsas.
3708 3293 3885 3350 Omnia

2296 3400 2417 3457 (pun
2445 3386 2499 3441 in
2546 3385 2751 3441 mundo
2778 3395 2938 3453 sunt,
2963 3386 3118 3457 juxta
3161 3386 3541 3456 Salomonem,
3573 3388 3792 3442 vanitas
3814 3393 3887 3441 est

2298 3474 2522 3549 (Eccles.
2556 3475 2618 3548 l).
2650 3477 2880 3534 Insania:
2904 3488 3082 3534 autem
3108 3478 3260 3534 fuisse
3290 3487 3446 3549 sunt,
3483 3479 3603 3545 irae,
3632 3479 3785 3545 τίη,
3814 3477 3889 3531 ili-

2297 3568 2611 3640 reptiones,
2641 3579 2697 3626 ct
2741 3570 2990 3642 reliqua:
3023 3571 3075 3626 in
3107 3570 3304 3642 quibus
3340 3570 3596 3628 homines
3620 3569 3887 3627 insaniunt

2300 3670 2355 3716 ut
2381 3670 2610 3733 peccent
2641 3679 2655 3716 :
2693 3679 2814 3734 qum
2852 3662 3151 3735 Apostolus
3190 3678 3357 3736 opera
3393 3663 3580 3721 carnis
3619 3678 3741 3721 esse
3766 3662 3888 3719 dicit

2301 3752 2502 3827 (Galal.
2532 3757 2598 3829 l).

2371 3847 2546 3904 Multa
2600 3846 2765 3922 fecisti
2808 3859 2900 3917 tu,
2956 3850 3178 3907 Domine
3214 3849 3361 3907 Deus
3422 3868 3587 3919 meus,
3637 3849 3887 3906 mirabilia

2298 3952 2424 4008 tua,
2452 3950 2502 3996 et
2529 3942 2933 4015 cogitationibus
2970 3945 3071 3999 tuis
3098 3960 3201 4000 non
3242 3953 3319 4000 est
3343 3944 3433 4016 qui
3457 3943 3653 4002 similis
3679 3945 3742 4002 sit
3774 3943 3883 3998 tibi.

2298 4034 2626 4090 Ostendistis
2648 4036 2895 4106 patribus
2912 4041 3113 4093 nostris
3139 4037 3410 4095 mirabilia
3442 4046 3532 4094 tua
3556 4022 3743 4106 multa,
3768 4051 3883 4109 qua:

2298 4142 2406 4183 non
2437 4126 2812 4184 crediderunt.
2839 4129 3112 4187 ltevelasti
3151 4132 3232 4187 eis
3271 4138 3325 4190 te
3348 4141 3642 4188 venturum
3673 4132 3724 4187 in
3750 4131 3878 4201 lege,

2299 4228 2354 4275 et
2401 4233 2507 4275 non
2558 4218 2985 4278 intellexerunt:
3030 4239 3131 4280 nos
3158 4238 3292 4280 vero
3329 4223 3685 4281 credidimus.
3711 4221 3877 4292 Usque

2299 4309 2406 4365 huc
2429 4309 2771 4368 credentium
2803 4313 3074 4384 populus:
3111 4313 3234 4370 hinc
3267 4314 3382 4385 ipse
3416 4313 3681 4372 Dominus
3704 4312 3767 4370 ad
3790 4311 3876 4369 Pa-

2302 4415 2438 4462 trem
2470 4405 2542 4461 ita
2571 4421 2803 4464 exorsus
2832 4416 2916 4465 est
2957 4426 2970 4462 :

2372 4498 2694 4555 Annuntiavi
2750 4509 2799 4555 et
2870 4499 3074 4557 locutus
3127 4518 3265 4558 sum.
3320 4502 3574 4559 Dicens:
3627 4500 3875 4560 Pteniten-

604 4601 688 4657 sio
710 4596 875 4653 valet.
903 4594 1004 4663 Qui
1035 4608 1134 4649 nos
1158 4592 1227 4648 ab
1256 4590 1416 4661 hujus
1441 4586 1625 4644 saeculi
1647 4593 1867 4657 ereptos
1885 4582 2196 4655 peregrina-
2224 4581 2276 4643 D
2303 4588 2430 4646 tiam
2470 4592 2614 4663 agite
2645 4633 2660 4659 ,
2704 4593 3162 4665 appropinquavit
3187 4595 3334 4652 enim
3378 4610 3609 4667 regnum
3637 4596 3872 4654 caelorum

600 4693 776 4755 tione,
804 4686 989 4744 facere
1017 4681 1257 4757 digneris
1279 4681 1426 4738 cives
1446 4688 1760 4735 sanctorum
1787 4684 1843 4733 et
1865 4675 2196 4731 domesucos

597 4784 697 4840 Dei
724 4782 1000 4850 Patris,ut
1020 4776 1270 4835 aedificati
1296 4790 1462 4847 super
1487 4772 1861 4829 firmissimum
1879 4769 2197 4826 fundamen-

600 4886 715 4933 tnm
738 4875 792 4931 iu
818 4873 1081 4945 templum
1108 4877 1380 4947 sanctum,
1398 4866 1540 4926 el’lici
1559 4879 1871 4923 mereamur
1885 4860 2198 4921 conformes

599 4972 815 5045 corpori
837 4970 1025 5042 gloria:
1057 4976 1183 5023 tuae.
1208 4965 1403 5022 Amen.

1085 5098 1406 5159 PSALMUS
1442 5096 1695 5155 XXXIX.

600 5244 667 5301 In
698 5246 873 5315 ﬁnem,
901 5240 1143 5315 Psalmus
1171 5237 1363 5315 Dauid.
1391 5235 1487 5292 llic
1508 5235 1753 5315 psalmus
1775 5233 1833 5315 in_
1853 5233 2078 5315 exordio
2097 5246 2193 5287 vo-

675 5304 797 5373 cem
839 5304 1004 5371 habet
1061 5304 1670 5383 popn|i_ex__geutibus
1699 5309 1771 5383 _in
1819 5304 2189 5362 haereditatem

667 5388 873 5453 vocati,
904 5385 1034 5440 inde
1063 5376 1238 5454 ipsius
1262 5376 1577 5436 Mediatoris
1604 5377 1671 5433 ad
1699 5376 1936 5433 Patrem.

673 5522 990 5593 Exspectans
1020 5517 1307 5592 exspectaui
1328 5513 1608 5571 Dominum
1631 5514 1723 5569 :ln
1736 5510 2190 5584 promissionibus

591 5615 1000 5686 prophetarum,
1039 5611 1093 5666 in
1114 5609 1313 5681 quibus
1342 5621 1431 5664 me
1455 5605 1777 5671 illuminavit
1802 5622 1814 5657 :
1838 5604 1966 5674 quia
1990 5601 2186 5672 pr:evi-

593 5703 761 5757 debat
825 5700 1085 5772 propheta
1137 5700 1413 5755 Christum
1469 5713 1567 5769 per
1620 5695 1885 5767 Spiritum
1941 5701 2186 5752 sanctum

597 5799 881 5846 venturum
938 5804 1061 5846 esse
1122 5792 1176 5845 in
1225 5804 1411 5847 carne.
1463 5788 1533 5845 Et
1598 5788 1823 5844 intendit
1879 5788 2029 5847 mihi.
2080 5787 2187 5845 Per

2300 4683 2519 4755 (Matth.
2541 4683 2649 4757 Ill).
2680 4682 3024 4755 Multiplicati
3065 4696 3187 4742 sunt
3221 4704 3379 4760 super
3403 4705 3696 4746 numerum.
3720 4684 3873 4744 iudici

2303 4784 2359 4840 in
2403 4784 2611 4839 malitia
2658 4799 2777 4840 sua.
2824 4783 2919 4841 Vel
2959 4824 2976 4851 ,
3030 4801 3188 4857 super
3228 4804 3505 4844 numerum
3534 4806 3555 4845 :
3621 4788 3719 4844 hoc
3764 4792 3872 4848 αι.

2303 4893 2619 4958 peccatores
2673 4900 2839 4957 super
2899 4901 3187 4944 numerum
3216 4928 3232 4956 ,
3305 4896 3362 4945 et
3420 4887 3558 4946 foris
3614 4898 3875 4946 numerum

2303 4991 2475 5040 sunt:
2533 4982 2659 5056 quia
2708 4999 2818 5041 non
2864 4993 2992 5041 sunt
3040 4984 3188 5057 digni
3241 4988 3518 5045 numerari
3568 4988 3623 5045 in
3671 4997 3877 5044 numero

2300 5083 2599 5156 iustorum.

2374 5188 2705 5260 Sacri/icium
2731 5199 2782 5247 et
2808 5189 3092 5247 oblationes
3124 5190 3370 5247 noluisti:
3398 5207 3556 5249 aures
3590 5199 3750 5248 autem
3769 5201 3878 5261 per-

2299 5291 2465 5363 fecisti
2495 5292 2643 5348 mihi.
2672 5291 3005 5349 Holocausta
3029 5303 3078 5349 et
3108 5310 3202 5365 pro
3228 5303 3439 5367 peccato
3459 5312 3567 5351 non
3601 5289 3874 5365 postulasti.

2297 5396 2502 5464 Aperte
2554 5394 2671 5452 lucc
2712 5395 3007 5467 Apostolus
3051 5396 3292 5454 declarat
3322 5416 3335 5452 :
3364 5398 3534 5470 quod,
3575 5395 3876 5455 adveniente

2296 5485 2560 5558 Domino,
2590 5488 2931 5547 cessaverint
2971 5490 3237 5547 sacrificia
3266 5490 3602 5549 Judasorum.
3631 5482 3874 5561 lmpossi.

2294 5587 2409 5645 bile
2446 5599 2551 5658 est,
2594 5591 2788 5663 inquit,
2833 5591 3101 5663 sanguine
3132 5591 3434 5663 hircorum,
3463 5604 3559 5650 aut
3586 5603 3867 5653 taurorum,

2293 5689 2497 5749 auferri
2530 5701 2751 5761 peccata
2784 5691 2975 5768 (Hebr.
3006 5692 3084 5766 χ).
3108 5692 3236 5750 Ideo
3261 5694 3581 5767 ingrediens
3606 5690 3870 5751 mundum.

2292 5789 2457 5846 dicit:
2501 5789 2741 5849 Hostiam
2770 5800 2826 5850 et
2854 5791 3189 5851 oblationem
3218 5792 3458 5864 noluisti,
3490 5808 3687 5867 corpus
3707 5798 3870 5848 autem
