4034 6294
187 261 290 321 ὒιεί

1156 261 1587 322 BRLVIARIUM
1625 261 1691 319 ΙΝ
1731 261 2068 322 PSALMOS.
2110 263 2359 322 PSALM.
2394 264 2507 320 XL.

3383 268 3491 325 946

190 376 381 448 optasti
434 373 598 432 mihi.
634 375 1028 432 llolocaustum
1066 385 1120 431 et
1154 391 1252 447 pro
1294 387 1516 447 peccato
1543 393 1651 435 non
1683 377 1778 434 tibi
1805 382 1856 442 Α
1886 377 2100 435 Veritas
2121 379 2300 436 reddit
2321 379 2615 450 unicuique
2635 378 2780 451 quod
2801 377 2949 436 fecit.
2971 379 3482 454 Comprehenderunt

195 469 428 542 placuit,
471 467 574 524 nisi
601 469 870 539 meipsum
909 484 1007 541 pro
1042 470 1211 526 totius
1239 471 1424 526 mundi
1455 470 1656 527 delicto
1695 471 1790 526 libi

199 562 526 619 sacriﬁcium
556 546 868 616 exhiberes.

273 655 416 710 Tunc
445 654 553 709 dixi
577 669 596 708 :
627 652 762 708 Ecce
791 654 959 709 venio.
996 653 1061 709 In
1089 657 1256 725 capite
1286 655 1407 710 libri
1435 654 1686 724 scriptum
1715 666 1788 710 est

201 748 263 803 de
291 764 389 802 me.
417 747 550 814 Quia
579 747 840 802 sacriticia
873 759 926 802 et
955 748 1312 803 caeremonias
1356 747 1667 803 Judazorum
1689 791 1704 815 ,
1735 758 1788 804 ct

199 839 456 906 sabbata,
483 846 539 894 et
570 839 988 909 superstitiones
1028 838 1188 910 Legis
1218 839 1453 905 veteris,
1493 838 1790 909 spiritualis

204 933 473 1002 Evangelii
497 930 760 1002 religione
777 933 1033 988 mutasti:
1060 941 1351 1003 propterea
1373 932 1528 986 hctus
1553 933 1605 986 in
1634 947 1791 986 mun-

201 1027 324 1083 dum
360 1026 553 1091 venio,
598 1033 655 1080 et
677 1025 747 1081 de
797 1041 888 1082 me
926 1026 1210 1082 scribitur:
1257 1025 1315 1080 In
1363 1025 1627 1097 principio
1673 1035 1790 1080 erat

202 1120 467 1188 Verbum,
498 1129 552 1174 et
583 1117 820 1174 Verbum
851 1128 970 1174 erat
995 1119 1138 1190 apud
1171 1120 1337 1174 Deum
1357 1161 1371 1185 ,
1417 1126 1474 1174 et
1505 1119 1646 1173 Deus
1675 1129 1792 1173 erat

203 1215 438 1272 Verbum
467 1211 646 1286 (Joan.
673 1213 735 1285 ι).
759 1211 904 1269 Tunc
925 1213 1057 1281 dixi,
1081 1213 1214 1268 Ecce
1242 1215 1410 1276 venio,
1434 1223 1491 1268 ut
1515 1227 1789 1268 assumam

204 1323 418 1364 carnem
455 1307 510 1362 in
539 1322 640 1378 qua
675 1308 869 1378 patiar.
902 1307 970 1362 In
1001 1309 1170 1379 capite
1199 1307 1320 1362 libri
1345 1308 1594 1379 scriptum
1623 1315 1699 1362 est
1729 1306 1792 1359 de

208 1416 304 1454 me.
325 1398 502 1470 Caput
534 1398 658 1454 libri
687 1397 1025 1454 Testamenti
1055 1402 1258 1454 veteris
1288 1399 1396 1454 tale
1426 1398 1589 1454 sumit
1631 1411 1792 1453 exor-

202 1494 388 1550 dium:
441 1493 498 1547 ln
550 1491 824 1564 principio
878 1492 1006 1548 fecit
1053 1493 1194 1548 Deus
1237 1491 1438 1548 caelum
1483 1501 1536 1547 et
1587 1501 1788 1546 terram

204 1584 355 1662 (Gen.
388 1585 458 1659 t):
492 1586 546 1641 id
576 1596 684 1654 est,
720 1586 772 1641 in
803 1585 1020 1641 Chrism
1048 1585 1301 1642 Domino.
1331 1586 1445 1640 lloc
1473 1585 1790 1656 mysterium

203 1687 258 1733 et
295 1677 539 1733 Joannes
580 1691 809 1732 cernens
836 1720 852 1743 ,
897 1677 975 1733 sic
1003 1675 1355 1747 Evangelium
1387 1675 1697 1732 inchoavit:
1729 1675 1786 1730 In

1893 487 1972 526 me
2003 473 2303 543 iniquitates
2327 487 2480 540 meat,
2509 481 2556 526 et
2595 488 2699 526 non
2741 473 2887 543 potui
2917 482 2971 527 ut
3005 474 3254 528 viderem.
3287 471 3343 528 ια
3372 481 3480 538 est,

1891 580 2075 636 genus
2097 566 2390 620 humanum
2422 565 2792 621 circumdatur
2824 566 3184 636 originalibus
3220 565 3484 637 peccatis,

1892 667 1946 712 et
1979 672 2090 712 non
2135 659 2285 727 potui
2318 667 2374 712 ut
2402 658 2642 713 viderem
2678 676 2692 714 :
2727 659 2851 728 quia
2882 660 3159 714 abstracta
3186 657 3363 714 fuerat
3393 657 3487 713 illa

1892 750 1986 805 lux
2011 751 2282 806 veritatis.
2309 750 2464 808 Unde
2486 751 2692 806 dictum
2721 760 2810 806 est
2841 771 2852 806 :
2887 751 2964 806 De
2992 759 3137 807 terra
3162 750 3483 808 excmcabe-

1889 843 1988 907 ris,
2018 851 2075 897 et
2101 843 2169 897 de
2197 852 2345 898 terra
2381 843 2806 898 illuminaberis.

1965 931 2336 1004 Multiplicata:
2361 939 2479 986 sunt
2504 948 2663 1002 super
2690 933 2912 1002 capillos
2933 934 3120 1002 capitis
3150 933 3272 986 mei.
3297 930 3352 985 ld
3376 940 3486 998 est,

1894 1027 2030 1095 ipsa:
2073 1027 2390 1096 iniquitates
2420 1041 2591 1096 super
2625 1042 2798 1098 genus
2827 1027 3145 1083 humanum.
3173 1027 3289 1099 {Cor
3315 1042 3489 1080 nteant

1893 1119 2167 1190 dereliquit
2195 1135 2297 1173 me.
2331 1118 2561 1186 Quando
2582 1113 2756 1176 homo
2793 1131 3015 1190 peccat,
3057 1136 3155 1176 cor
3183 1135 3339 1176 suum
3375 1135 3484 1174 non

1895 1209 2080 1265 habet.
2125 1210 2278 1266 Unde
2311 1211 2494 1278 David
2531 1211 2712 1267 dixit:
2743 1211 2952 1267 Invenit
2991 1227 3184 1268 servus
3227 1220 3352 1268 tuus
3391 1228 3488 1268 cor

1894 1319 2050 1359 suum
2079 1303 2147 1374 (ll
2170 1301 2299 1375 Reg.
2333 1304 2452 1377 vit).
2487 1303 2631 1376 Ergo
2647 1315 2806 1360 antea
2827 1304 3045 1376 quando
3075 1306 3356 1376 peccavit,
3376 1319 3484 1361 non

1894 1395 2082 1452 habuit
2115 1396 2269 1451 illud.

1967 1486 2300 1560 Complaceat
2329 1491 2443 1560 tibi,
2474 1491 2701 1546 Domine
2721 1533 2736 1559 ,
2777 1491 2938 1546 libera
2965 1508 3063 1556 me,
3103 1491 3346 1560 Domine,
3384 1491 3486 1546 Ec—

1895 1579 2058 1635 clesia
2091 1589 2248 1651 rogat
2275 1581 2341 1636 ad
2371 1579 2652 1638 Christum
2686 1600 2699 1636 :
2741 1583 2855 1638 lloc
2889 1583 2984 1639 tibi
3021 1585 3396 1655 complaceat,
3431 1597 3490 1641 ut

1899 1687 1987 1727 me
2028 1672 2248 1728 liberes.
2288 1672 2345 1728 In
2386 1673 2650 1729 auxilium
2694 1691 2876 1730 meum
2917 1677 3155 1747 respice.
3189 1675 3489 1730 Inlirinitas

203 1768 491 1839 principio,
517 1769 711 1840 inquit,
733 1777 851 1824 erat
871 1767 1127 1834 Verbum,
1153 1778 1206 1823 et
1227 1767 1460 1824 Verbum
1485 1777 1602 1823 erat
1627 1768 1788 1825 Deus.
1822 1769 1871 1830 Β
1897 1763 2243 1821 voluntatem
2308 1765 2471 1822 habet
2537 1767 2899 1838 impetrandi,
2975 1784 3087 1824 non
3160 1777 3489 1840 potestatem

204 1862 332 1920 Nam
367 1873 420 1920 et
458 1864 578 1934 ipse
616 1863 1078 1933 interrogantibus
1101 1861 1304 1918 iud-nis
1333 1861 1454 1933 quis
1492 1870 1657 1929 esset,
1706 1877 1792 1919 re-

174 1957 416 2030 ispondit
446 1978 456 2011 :
490 1959 825 2029 Principium
857 1957 1048 2031 (Joan.
1075 1957 1210 2027 vni).
1256 1954 1430 2028 Caput
1469 1972 1599 2028 ergo
1639 1957 1789 2026 libri,

201 2052 438 2124 intelligo
470 2052 822 2122 principium,
851 2055 995 2122 quod
1027 2060 1110 2107 est
1134 2048 1387 2106 Christus
1409 2049 1588 2117 Jesus,
1620 2049 1711 2121 qui
1735 2051 1790 2106 in

202 2143 300 2201 hoc
321 2144 444 2200 libri
472 2146 654 2216 capite
677 2145 959 2200 nuntiatus
981 2155 1085 2200 est.

271 2234 338 2290 Ut
366 2237 557 2306 faciam
583 2237 898 2292 voluntatem
919 2247 1090 2305 tuam,
1114 2236 1260 2292 Deus
1293 2255 1456 2307 meus,
1489 2238 1651 2294 volui.
1687 2238 1793 2295 De-

201 2327 382 2384 scendi
419 2329 573 2384 enim
621 2327 688 2383 de
721 2328 865 2383 caelo
899 2347 914 2384 :
956 2345 1067 2384 non
1111 2338 1169 2384 ut
1203 2329 1400 2385 faciam
1448 2329 1791 2387 voluntatem

200 2437 390 2490 meam,
414 2421 512 2480 sed
543 2431 712 2490 tuam,
739 2422 920 2479 Pater.
951 2421 1068 2478 Non
1091 2423 1344 2478 voluntas
1365 2433 1449 2480 est
1469 2425 1673 2489 carnis,
1695 2425 1790 2482 sed

201 2515 374 2574 Patris
401 2534 415 2572 :
449 2528 510 2573 ut
541 2532 640 2587 pro
667 2517 773 2572 vita
801 2516 1084 2573 hominum
1115 2518 1341 2576 moriar.
1374 2517 1444 2572 Et
1463 2518 1624 2591 legem
1647 2530 1790 2594 tuam

201 2610 249 2663 in
278 2611 444 2665 medio
485 2610 666 2665 cordis
704 2610 827 2664 mei.
875 2609 1046 2679 Quam
1088 2625 1196 2666 non
1237 2611 1364 2667 veni
1412 2612 1662 2679 solvere,
1694 2613 1790 2668 sed

199 2702 519 2774 adimplere.

263 2796 588 2852 Annuntiavi
607 2796 872 2867 justitiam
893 2804 1035 2851 tuam
1064 2798 1119 2851 in
1146 2795 1384 2852 Ecclesia
1412 2814 1621 2869 magna.
1651 2797 1792 2854 Gra-

200 2889 292 2946 tias
329 2891 422 2946 tibi
464 2904 598 2962 ago,
629 2890 880 2947 Salvator
910 2890 1131 2957 mundi,
1155 2892 1299 2963 quod
1328 2907 1578 2964 magnam
1608 2892 1790 2948 fecisti

199 2983 484 3041 Ecclesiam
531 2993 700 3052 tuam,
732 2999 762 3038 a
791 2993 1025 3055 quatuor
1056 2985 1243 3041 mundi
1277 2985 1522 3056 partibus
1555 3001 1791 3056 evange-

198 3077 293 3134 lica
323 3081 721 3151 praedicatione
747 3089 1019 3146 vocatam,
1051 3087 1142 3135 tua
1189 3082 1450 3151 passione
1472 3080 1784 3147 collectam,

1897 1860 2081 1916 habet.

1967 1953 2387 2026 Confundantur.
2420 1955 2476 2011 ln
2505 1956 2925 2027 cogitationibus
2955 1955 3168 2028 pravis,
3194 1965 3250 2011 ut
3282 1970 3345 2011 ea
3368 1970 3489 2028 quze

1895 2060 2021 2104 sunt
2063 2059 2234 2118 recta,
2275 2051 2583 2121 percipiant
2616 2069 2628 2105 :
2671 2050 2779 2105 Aut
2817 2049 2906 2106 hic
2941 2049 3260 2114 emendent,
3297 2058 3390 2104 aut
3431 2051 3488 2104 in

1895 2140 2097 2210 futuro,
2130 2150 2177 2197 et
2216 2153 2567 2198 revereantur.
2606 2143 2719 2198 lloc
2745 2151 2852 2212 est,
2892 2151 2954 2197 ut
2995 2141 3359 2198 reverentiam
3391 2143 3487 2195 ha-

1894 2233 2078 2289 beant.

1967 2329 2283 2385 Avertantur
2308 2321 2614 2386 retrorsum.
2646 2331 2751 2398 Qui
2784 2330 2987 2386 malum
3016 2344 3240 2386 cursum
3270 2328 3488 2391 ,hahnc-

1897 2433 2042 2478 ιιιηι.

1966 2513 2164 2571 Ferant
2203 2519 2478 2590 confestim
2520 2519 2874 2590 confusionem
2918 2534 3065 2574 suam
3116 2534 3134 2572 :
3179 2518 3266 2586 qui
3311 2516 3492 2570 dicunt

1894 2607 2045 2672 mihi,
2072 2608 2238 2681 Euge,
2265 2627 2408 2682 euge.
2432 2611 2856 2668 Misericorditer
2878 2625 2974 2667 eos
3007 2613 3330 2680 deprecatur
3358 2624 3496 2664 con-

1894 2699 2068 2767 fundi,
2117 2711 2177 2757 ut
2215 2705 2509 2761 confestim
2551 2712 2894 2776 cognoscant
2932 2704 3223 2776 justitiam.
3268 2703 3497 2758 Portent

1893 2793 2270 2868 confusionem
2310 2812 2490 2863 suam,
2540 2797 2632 2868 qui
2669 2812 2729 2853 se
2759 2813 2866 2852 non
2905 2795 3342 2852 emendaverint.
3391 2795 3495 2862 Qui

1895 2883 2073 2938 dicunt
2099 2886 2248 2953 milii,
2275 2887 2441 2959 Euge,
2470 2906 2618 2963 euge.
2639 2891 2783 2945 Duos
2810 2889 2997 2945 hostes
3022 2889 3185 2945 habet
3214 2888 3454 2946 Ecclesia
3475 2929 3491 2955 ,

1903 2977 2243 3036 adulationes
2264 2989 2320 3036 et
2342 2982 2867 3054 blasphemationes.

1966 3068 2244 3128 Exsulteut
2283 3083 2330 3129 et
2371 3075 2612 3131 (celentur
2655 3077 2746 3148 qui
2785 3075 2963 3131 volunt
2991 3075 3262 3147 justitiam
3300 3091 3488 3128 meam.

199 3181 279 3226 tua
308 3172 727 3230 resurrectione
755 3170 1098 3228 mandatam.
1133 3169 1201 3226 In
1226 3170 1469 3228 Ecclesia
1498 3189 1705 3246 magna,
1731 3175 1784 3230 in
1813 3162 1860 3226 C
1892 3159 2005 3216 Hoc
2033 3175 2140 3230 eSI.
2167 3164 2328 3221 ﬁdem
2360 3175 2417 3222 et
2436 3182 2622 3238 opera.
2658 3167 2724 3221 Et
2750 3167 2926 3222 dicant
2949 3165 3496 3238 semper,Magniﬁcc—

200 3275 305 3322 toto
335 3267 552 3322 mundo
580 3265 796 3323 diﬂ'usa.

264 3359 394 3415 Ecce
411 3360 556 3415 labia
577 3376 691 3414 mea
714 3375 816 3414 non
835 3359 1138 3432 prohibebo,
1159 3359 1399 3425 Domine,
1419 3368 1475 3413 tu
1492 3361 1655 3426 scisti,
1677 3369 1786 3416 etc.

201 3449 310 3508 Non
331 3453 476 3517 silui,
507 3451 653 3508 nihil
682 3455 818 3508 clam
849 3452 1068 3509 locutus
1097 3467 1238 3519 sum,
1267 3451 1362 3508 sed
1386 3467 1604 3507 omnem
1627 3454 1793 3507 virtu-

204 3551 303 3599 tem
335 3556 502 3611 tuam,
531 3544 682 3616 quod
707 3544 912 3614 justus,
953 3544 1100 3614 quod
1142 3559 1342 3608 verax,
1386 3543 1529 3614 quod
1566 3543 1788 3599 miseri-

204 3649 342 3702 cors,
365 3637 510 3708 quod
545 3635 702 3691 salus
740 3635 983 3691 omnium
1011 3650 1071 3690 es
1104 3653 1117 3688 ;
1151 3650 1260 3690 non
1289 3634 1467 3689 solum
1512 3635 1565 3688 in
1599 3635 1787 3690 Eccle-

205 3727 291 3782 siis
318 3729 645 3800 populorum
670 3773 686 3793 ,
719 3727 818 3783 sed
846 3727 1013 3783 etiam
1055 3726 1109 3782 in
1137 3728 1432 3798 synagogis
1471 3727 1788 3782 Iudaeorum

205 3819 600 3877 incessabiliter
631 3820 947 3891 prtedicavi.
980 3818 1120 3875 Ecce
1155 3819 1292 3874 labia
1335 3835 1448 3873 mea
1475 3835 1581 3873 non
1612 3818 1792 3890 prohi-

205 3911 338 3965 bebo.
370 3912 536 3968 Labia
569 3911 798 3978 Christi,
842 3913 1019 3966 sancti
1053 3922 1200 3967 sunt.
1230 3910 1345 3964 Non
1384 3909 1636 3980 prohibet
1666 3911 1792 3967 illos

205 4003 514 4070 praedicare,
541 4003 687 4059 sicut
713 4013 937 4058 sanctus
962 4002 1166 4058 Paulus
1206 4001 1341 4056 dicit
1373 4019 1385 4055 :
1421 4001 1657 4058 Verbum
1695 4002 1790 4057 Dei

205 4110 304 4151 non
332 4108 412 4153 est
438 4098 722 4168 alligatum
757 4096 824 4168 (ll
845 4095 981 4150 Tim.
1007 4097 1092 4168 ιι).
1120 4096 1200 4151 Τυ
1229 4096 1570 4167 cognovisti:
1599 4111 1653 4150 tu
1683 4095 1791 4151 scis

205 4192 338 4260 quod
369 4207 474 4247 non
503 4192 637 4260 feci,
670 4190 722 4245 id
764 4199 869 4256 est,
900 4205 1006 4244 non
1040 4189 1316 4259 prohibui.
1351 4189 1619 4244 Justitiam
1645 4197 1791 4242 tuam

207 4298 303 4337 non
331 4283 582 4339 abscondi
615 4284 668 4336 in
713 4283 866 4337 corde
906 4297 1042 4348 meo,
1087 4281 1190 4336 hoc
1229 4291 1336 4351 est,
1383 4280 1638 4336 mandata
1678 4289 1789 4334 tua.

213 4373 484 4432 Veritatem
509 4386 654 4431 tuam
685 4385 734 4429 et
783 4376 1018 4430 salutare
1046 4384 1189 4428 tuam
1218 4375 1352 4429 dixi.
1391 4373 1604 4429 Veritas
1625 4381 1685 4430 et
1709 4389 1796 4427 sa-

207 4467 392 4538 lutare,
425 4471 684 4526 Christus
708 4479 831 4525 est:
867 4469 969 4526 hoc
994 4470 1288 4541 praedicant
1325 4469 1522 4525 sancti.
1551 4467 1667 4523 Non
1699 4483 1792 4525 ce-

1894 3263 1982 3309 tur
2005 3254 2280 3310 Dominus.
2305 3257 2684 3329 Magniﬁcetur
2712 3259 2944 3330 populus
2965 3268 3306 3313 sanctorum.
3334 3255 3492 3313 Unde

1894 3349 2031 3405 dixit
2065 3369 2078 3406 ε
2113 3350 2347 3407 Videant
2370 3361 2555 3408 vestra
2583 3353 2727 3408 bona
2757 3367 2945 3422 opera,
2979 3360 3034 3405 et
3058 3350 3365 3422 gloriﬁcent
3390 3349 3491 3403 Pa-

1894 3451 2030 3499 trem
2063 3452 2304 3499 vestrum
2335 3447 2425 3516 qui
2455 3445 2507 3500 in
2547 3446 2705 3501 ctelis
2731 3453 2817 3499 est
2844 3445 2863 3518 (
2890 3443 3048 3499 Matt.
3075 3457 3108 3510 _v
3129 3441 3173 3514 ).
3225 3442 3328 3510 Qui
3358 3440 3490 3494 diti-

1893 3546 2021 3606 gunt
2051 3534 2282 3592 salutare
2305 3545 2470 3591 tuum.
2503 3536 2557 3592 ld
2581 3546 2688 3605 est,
2713 3535 2996 3592 Christum
3023 3544 3197 3590 tuum.
3221 3534 3348 3589 l-lzec
3374 3549 3495 3603 pro-

1895 3627 2056 3697 pheta
2081 3627 2212 3683 dicit
2233 3629 2302 3684 de
2323 3628 2430 3696 his,
2455 3630 2652 3700 quibus
2681 3630 2796 3698 ipse
2821 3629 3084 3685 Dominus
3111 3642 3212 3699 per
3238 3627 3488 3696 Evange-

1894 3719 2022 3775 lium
2054 3721 2131 3776 ait
2165 3740 2175 3776 :
2206 3721 2266 3777 Si
2309 3721 2617 3779 dilexeritis
2653 3738 2765 3788 me,
2795 3731 2850 3778 et
2881 3723 3044 3778 verba
3089 3736 3209 3776 mea
3236 3721 3290 3775 in
3323 3720 3478 3774 vobis

1896 3815 2216 3882 manserint,
2261 3817 2442 3870 omnia
2469 3803 2824 3886 qutccumque
2867 3814 3166 3886 petieritis,
3216 3813 3349 3868 [ient
3377 3825 3492 3867 vo-

1893 3904 1976 3960 bis
2004 3904 2182 3975 (Joan.
2220 3907 2344 3978 xv).

1971 3996 2084 4067 Ego
2116 4013 2232 4052 vero
2255 4014 2445 4071 egenus
2472 4007 2521 4053 et
2555 4015 2750 4070 pauper
2775 4016 2890 4054 sum
2930 4015 2948 4054 :
2979 3999 3142 4066 Deus,
3172 3999 3361 4069 adjuva
3387 4014 3490 4052 me.

1893 4087 2113 4158 Egenus
2145 4098 2200 4144 et
2233 4106 2440 4161 pauper
2466 4089 2716 4147 Christus
2750 4108 2764 4145 :
2796 4107 2921 4148 cum
2953 4090 3111 4147 dives
3151 4099 3324 4158 esset,
3358 4103 3486 4160 ege-

1895 4198 2002 4238 nus
2040 4183 2215 4239 factus
2255 4192 2359 4239 est.
2405 4183 2624 4253 Egenus
2665 4183 2864 4240 dicitur
2896 4184 2990 4255 qui
3045 4184 3253 4254 aliquid
3301 4182 3488 4250 habet,

1896 4287 1950 4333 et
1971 4277 2156 4348 aliquo
2179 4278 2401 4350 indiget.
2432 4279 2498 4333 Et
2523 4293 2731 4350 pauper
2753 4278 2980 4346 dicitur,
3006 4277 3098 4349 qui
3129 4276 3264 4333 nihil
3296 4275 3488 4332 habet.

1895 4369 2076 4440 inops.
2113 4369 2167 4424 id
2197 4382 2306 4436 est,
2334 4371 2453 4426 sine
2481 4386 2604 4442 ope.

1969 4462 2194 4534 Adjutor
2216 4472 2265 4516 et
2288 4463 2532 4517 liberator
2560 4479 2702 4518 mens
2724 4473 2852 4529 esto,
2875 4463 3132 4529 Domine;
3157 4460 3296 4516 Deus
3323 4475 3495 4519 meus.

207 4560 309 4617 lavi
346 4561 790 4619 misericordiam
819 4572 996 4628 tuam,
1033 4572 1090 4618 et
1119 4562 1404 4616 veritatem
1439 4571 1586 4615 tuam
1627 4574 1792 4631 syna-

1917 4567 1961 4604 te
1992 4550 2297 4605 tardaveris.
2329 4552 2400 4606 Et
2441 4553 2556 4607 haec
2586 4553 2653 4607 ad
2687 4553 3102 4622 trepidationem
3143 4550 3486 4621 corporalem

206 4667 350 4723 εοεαε
381 4657 593 4723 multm,
628 4655 679 4710 id
712 4665 822 4721 est,
851 4657 904 4710 in
939 4664 1052 4710 tota
1081 4654 1240 4726 plebe
1265 4654 1609 4710 annuntiavi.

273 4743 350 4799 Tu
367 4756 561 4814 autem,
584 4745 826 4813 Domine,
853 4762 915 4800 ne
936 4745 1087 4816 longe
1110 4745 1273 4818 facias
1294 4744 1656 4798 miserationes
1679 4753 1792 4797 tuas

210 4854 239 4892 a
263 4855 340 4893 me
376 4855 394 4895 :
419 4840 779 4895 misericordia
806 4848 896 4893 tua
925 4849 972 4894 et
997 4839 1186 4894 veritas
1217 4845 1308 4892 tua
1336 4853 1538 4910 semper
1558 4853 1795 4909 suscepe-

209 4939 326 4984 runt
367 4949 462 4988 me.
499 4932 764 5000 Quoniam
793 4931 1248 4986 circumdederunt
1287 4946 1367 4984 me
1402 4927 1547 4984 mala
1574 4945 1795 5000 quorum

212 5039 310 5078 non
337 5036 412 5080 est
454 5043 723 5082 numerus.
756 5024 915 5094 Quod
941 5023 1375 5080 misericordiam
1405 5022 1584 5079 Patris
1611 5030 1801 5091 postu-

213 5116 316 5186 lat,
345 5120 488 5190 quod
526 5137 558 5175 a
585 5118 792 5174 Judtcis
843 5132 904 5173 se
941 5103 1338 5172 circumdatum
1384 5124 1441 5171 et
1481 5113 1800 5184 iniquitates

213 5223 368 5280 super
393 5227 452 5267 se
494 5212 889 5281 multiplicatus
917 5209 1049 5264 dicit
1083 5227 1097 5263 :
1130 5207 1274 5278 quod
1317 5223 1347 5262 a
1371 5207 1537 5262 corde
1564 5207 1799 5262 derelic-

217 5309 318 5369 tus,
360 5318 576 5358 rursum
611 5303 790 5359 Patris
835 5301 1143 5373 praesidium
1177 5308 1434 5370 precatur
1465 5315 1478 5352 :
1521 5296 1702 5354 omnia
1731 5296 1798 5352 ad

217 5391 592 5452 inﬁrmitatem
623 5396 806 5452 Carnis
846 5403 976 5450 sunt
1017 5394 1332 5459 referenda,
1376 5390 1606 5446 utsicut
1641 5404 1802 5447 verus

220 5485 377 5552 Deus,
401 5488 477 5543 ita
507 5504 671 5545 verus
713 5489 878 5544 homo
909 5486 1184 5543 credatur.
1220 5483 1302 5540 Tu
1331 5494 1528 5550 autem,
1554 5482 1798 5552 Domine,

219 5593 277 5632 ne
305 5577 454 5652 longe
493 5582 654 5654 facias
685 5580 1071 5636 misericordias
1107 5588 1226 5633 tuas
1267 5595 1298 5631 a
1328 5593 1431 5632 me.
1464 5575 1580 5632 Non
1606 5577 1799 5647 longe,

219 5671 310 5727 Sed
339 5689 522 5746 prope.
557 5673 920 5731 Misericordia
949 5683 1039 5728 tua
1068 5681 1115 5727 et
1139 5672 1329 5726 veritas
1355 5678 1445 5724 tua
1467 5685 1668 5741 semper
1689 5684 1805 5723 sus-

221 5766 455 5831 ceperunt
492 5777 588 5821 me.
643 5763 1018 5824 Misericordia
1069 5764 1195 5821 facit
1240 5763 1461 5834 peccata
1502 5761 1801 5819 dimittere.

1898 4652 2023 4698 sunt
2050 4643 2357 4700 referenda.
2390 4644 2526 4700 Nam
2554 4645 2816 4700 divinitas
2843 4661 2966 4716 quae
2996 4647 3096 4699 fuit
3125 4646 3178 4700 in
3204 4651 3493 4712 assumpto

1899 4736 2142 4802 homine,
2169 4737 2303 4792 nulli
2333 4749 2414 4793 est
2440 4737 2672 4792 obnoxia
2703 4739 2964 4808 passioni,
2991 4735 3087 4793 sed
3111 4737 3163 4791 in
3185 4735 3374 4792 eadem
3400 4749 3493 4804 po-

1898 4828 2067 4883 tentia
2090 4842 2196 4898 qua
2218 4828 2341 4896 fuit,
2370 4836 2425 4885 et
2447 4838 2753 4899 permanet,
2778 4838 2829 4885 et
2857 4826 3217 4899 permanebit,
3244 4834 3299 4882 et
3322 4838 3487 4892 nunc,

1863 4911 1866 4918 ’
1900 4927 1955 4976 et
1985 4929 2110 4975 tunc
2135 4920 2190 4976 in
2220 4921 2418 4976 saecula
2449 4921 2801 4977 smculorum.
2834 4920 3032 4976 Amen.

2462 5038 2780 5097 PSALMUS
2809 5037 2923 5093 XL.

1903 5127 1971 5183 In
2002 5130 2179 5199 ﬁnem,
2209 5129 2454 5185 Psalmus
2476 5130 2668 5185 David.
2705 5131 2870 5186 Istum
2921 5127 3192 5199 psalmum,
3225 5124 3493 5199 prOphela

1977 5197 2072 5272 per
2092 5197 2357 5269 Spiritum
2387 5210 2633 5257 sanctum
2659 5203 2712 5257 in
2742 5197 2972 5272 persona
2994 5198 3196 5272 Christi
3221 5197 3488 5272 cantavit.

1975 5268 2224 5327 Psalmns
2251 5288 2438 5328 vocem
2458 5273 2700 5328 continet
2729 5268 3005 5343 prapliette
3030 5268 3492 5343 de_Ch_risto‘pr.o-

1977 5342 2281 5398 nuntiantis
2321 5345 2374 5398 in
2411 5345 2570 5399 initio
2605 5361 2617 5396 :
2649 5337 2848 5399 deinde
2877 5342 3046 5412 ipsius
3075 5339 3393 5412 Mediatoris
3419 5337 3502 5390 lo-

1977 5415 2194 5486 quentis
2219 5415 2286 5469 ad
2314 5415 2531 5472 Patrem
2562 5431 2576 5470 :
2605 5430 2727 5486 qua:
2756 5409 2996 5470 maxime
3021 5420 3150 5468 sunt
3171 5411 3224 5466 in
3246 5409 3494 5478 Evange-

1978 5485 2065 5539 liis
2092 5485 2333 5556 impleta.

1976 5577 2168 5633 Beatus
2209 5581 2298 5650 qui
2339 5579 2581 5651 intelligit
2625 5595 2778 5651 super
2824 5595 3040 5654 egenum
3091 5587 3138 5632 et
3189 5587 3492 5649 pauperem.

1906 5669 2008 5738 Qui
2038 5671 2325 5742 cognoscit
2355 5670 2627 5727 Christum
2659 5673 2711 5726 in
2738 5680 3017 5741 assumpta
3045 5683 3215 5726 carne
3253 5665 3494 5732 venisse,

1933 5781 1967 5820 n
1999 5779 2107 5837 oua
2137 5780 2239 5835 pro
2270 5765 2426 5824 nobis
2472 5778 2676 5838 pauper
2709 5765 2881 5824 tactus
2914 5771 2999 5822 est
3041 5772 3096 5821 et
3141 5771 3370 5836 egenus,
3414 5745 3510 5815 hic'
