3980 6286
498 252 599 307 9ίῖ

1288 233 1632 309 ΔΡΡΕΝΒιΧ
1677 232 1767 289 ΑΒ
1804 231 2053 297 ΤΟΜΗΠ
2084 228 2439 301 δβριιιιυιι
2476 228 2536 284 5.
2585 223 2993 282 lllERONYMI.

3682 217 3785 272 943

501 369 897 427 beatitudinum
926 363 1234 423 eielestinm
1264 374 1401 430 opes
1432 357 1601 427 capit.
1633 354 1755 425 ipse
1777 358 1959 417 autem
1991 349 2099 409 Do-
2122 353 2174 421 Α
2200 347 2424 414 bantur,
2450 353 2512 399 ιιι
2536 346 2945 413 exstinguerent
2979 337 3303 408 Ecclesium,
3327 345 3384 394 et
3412 333 3784 409 explorarent,

506 465 688 519 minus
720 459 896 515 laetus
924 464 1011 515 est
1044 467 1249 526 panper
1282 468 1294 504 :
1327 466 1451 509 cum
1479 464 1590 509 non
1620 447 1845 507 haberet
1879 442 1970 501 ubi
2007 456 2097 497 ca-

509 564 607 622 put
635 554 929 609 reclinaret
958 548 1113 621 (Luc.
1148 545 1254 617 ix).
1290 544 1527 613 Egeuus,
1557 555 1683 603 cum
1712 553 1772 595 se
1798 536 1852 597 in
1885 533 2093 605 egenti-

502 649 605 704 bus
636 646 786 702 reﬁci
813 640 1231 699 demonstravit.
1260 635 1453 694 Beatus
1475 635 1562 703 qui
1593 630 1855 701 intelligit.
1878 626 2094 693 Beatus,

505 751 559 796 et
587 738 744 807 felix,
767 737 855 807 qui
874 734 1115 805 intelligi!
1142 747 1294 803 super
1318 745 1532 801 eueniunt
1553 734 1600 787 et
1623 738 1915 796 pauperetu-
1942 716 2098 783 Chri’

505 843 624 888 slus
650 846 855 900 egenus
886 838 944 884 et
981 841 1188 898 panper
1216 826 1389 881 lactus
1416 831 1502 877 est
1530 836 1629 889 pro
1654 817 1833 882 nobis,
1862 825 1920 870 ut
1951 814 2097 871 illius

505 926 688 997 inopia
714 939 816 980 nos
834 923 1037 980 diuites
1060 921 1269 977 faceret
1300 939 1315 975 ι
1346 919 1449 984 Qui
1472 914 1735 985 intelligit,
1766 912 1822 971 id
1848 921 1955 978 est,
2003 910 2096 981 qui

504 1018 758 1086 intelligit
776 1016 930 1072 illum
951 1029 1138 1070 verum
1162 1015 1333 1069 Deum
1353 1018 1409 1075 et
1426 1022 1613 1065 verum
1639 1004 1917 1066 hominem
1950 1015 2092 1059 esse.

502 1111 571 1166 In
600 1113 685 1166 die
713 1111 855 1165 mala
880 1108 1113 1165 liberauit
1140 1122 1257 1163 eum
1285 1102 1567 1163 Dominus.
1596 1100 1653 1157 In
1683 1099 1774 1156 die
1796 1094 2011 1167 iudicii,
2041 1094 2097 1155 itt

500 1222 608 1275 qua
649 1204 870 1262 Judzeos
906 1219 1007 1259 nos
1047 1200 1173 1273 [AL
1222 1196 1372 1270 non]
1415 1196 1781 1266 intelligentes
1816 1190 2099 1248 damnabit

498 1293 768 1352 Chrlsms.
810 1294 1002 1351 Aderit
1042 1291 1137 1347 tibi
1175 1289 1293 1345 dies
1332 1288 1475 1344 ntala
1506 1304 1519 1342 :
1553 1286 1727 1342 sinon
1757 1281 2098 1341 intellexeris

504 1404 665 1456 super
696 1400 925 1457 egenum
955 1395 1010 1439 et
1033 1393 1347 1454 pauperem.

579 1480 833 1537 Dominus
854 1486 1118 1534 conservet
1144 1489 1286 1530 eum.
1311 1471 1392 1531 Ne
1415 1472 1487 1531 ab
1508 1472 1614 1531 hoc
1641 1469 1919 1529 intellectu
1943 1481 2098 1525 rece-

503 1575 595 1628 dat
636 1574 690 1628 in
728 1570 1004 1642 praesenti.
1039 1565 1108 1626 Et
1145 1567 1358 1637 viviﬁcet
1392 1581 1530 1621 eum.
1574 1563 1632 1620 In
1685 1564 1788 1619 hac
1827 1562 2097 1633 sapientia

505 1667 987 1735 perseverantem,
1042 1659 1335 1717 transierat
1383 1674 1411 1712 a
1462 1668 1637 1715 morte
1690 1655 1743 1712 in
1794 1654 1981 1712 vitam.
2025 1652 2096 1723 Et

2197 440 2338 495 sicut
2370 438 2569 498 Paulus
2609 436 2744 492 dicit
2775 454 2791 492 ς
2826 432 2967 497 ιιίιδί
2998 431 3195 497 fratres
3230 429 3325 501 qni
3353 428 3790 494 subintroiernnt

2198 533 2487 601 explorare
2529 530 2841 584 libertatem
2880 535 3123 581 nostram
3158 521 3359 597 (Galat.
3390 522 3481 595 ll).
3525 521 3675 579 Vana
3712 521 3786 585 lo-

2196 632 2383 683 cutum
2412 630 2499 678 est
2526 635 2623 677 cor
2650 635 2878 687 eorum,
2925 618 3111 688 lingua
3143 615 3270 673 ﬁcta
3300 615 3353 671 in
3381 611 3704 679 dilectione,
3734 619 3789 668 nt

2199 715 2331 781 illud
2362 731 2378 771 :
2406 712 2688 784 Magister,
2715 711 2921 769 scimus
2952 708 3078 781 quia
3108 722 3275 765 verax
3302 720 3387 778 es,
3416 715 3473 763 et
3513 706 3661 760 viam
3702 704 3787 762 Dei

2200 809 2256 871 in
2288 807 2519 865 veritate
2548 805 2714 861 doces
2746 802 2930 876 (Matt.
2962 800 3123 875 sxu).
3155 800 3271 865 Hoc
3298 814 3501 863 vanum
3522 807 3631 861 est.
3662 796 3790 855 Cos-

2198 908 2537 974 gregaverunt
2559 898 2878 971 iniquitatem
2893 895 3010 953 sibi.
3028 894 3343 961 Clamantes
3364 910 3377 946 :
3400 890 3544 967 Quid
3570 890 3641 949 ad
3664 890 3787 951 nos!

2200 993 2280 1052 'l'u
2311 994 2536 1057 videris.
2584 990 2816 1061 Sanguis
2855 988 2975 1061 ejus
3002 1001 3172 1059 super
3212 998 3315 1043 nos
3353 995 3411 1055 et
3456 998 3626 1058 super
3661 982 3791 1043 tilias

2200 1096 2439 1145 IIOSII‘OS.

2275 1179 2687 1254 Egrediebantur
2714 1181 2878 1251 foras.
2909 1173 3103 1239 Foras,
3131 1186 3257 1241 cum
3284 1170 3480 1234 Pilato.
3508 1168 3575 1237 Et
3614 1168 3792 1247 laquei

2200 1276 2388 1338 bantur
2434 1274 2489 1335 in
2518 1272 2765 1345 idipsum.
2807 1268 3092 1335 Adversum
3131 1281 3214 1325 me
3252 1263 3594 1329 susurrabant
3621 1278 3794 1327 omnes

2199 1370 2398 1427 inimici
2437 1368 2534 1431 mei
2582 1381 2602 1422 :
2647 1366 2924 1429 adversum
2970 1378 3051 1433 me
3098 1359 3391 1434 cogitabant
3447 1358 3590 1415 mala
3644 1358 3789 1419 milii.

2200 1460 2539 1525 Adhibentes
2569 1468 2739 1516 testes
2767 1458 2984 1527 iniquus
3010 1496 3028 1524 ,
3070 1463 3127 1511 et
3164 1460 3474 1527 quaerentes
3505 1465 3595 1513 me
3626 1450 3790 1505 inter-

2202 1554 2384 1619 licere.
2409 1552 2690 1611 Adversum
2717 1566 2796 1609 use
2831 1546 3176 1604 susurrabant
3208 1563 3221 1600 :
3253 1545 3306 1601 id
3346 1552 3453 1610 est,
3486 1556 3793 1609 murmura-

2202 1644 2353 1702 bant.
2389 1642 2578 1700 Omnes
2617 1642 2814 1701 inimici
2847 1641 2943 1701 nisi
2982 1638 3280 1712 cogitabant
3312 1637 3451 1695 mala
3485 1636 3616 1693 mihi
3646 1652 3665 1691 :
3705 1651 3791 1690 su-

505 1728 710 1813 beatum
736 1755 896 1827 faciat
923 1771 1059 1811 eum.
1094 1754 1228 1810 Cum
1255 1751 1465 1809 sanctis
1495 1750 1608 1805 suis
1638 1749 1694 1805 in
1726 1762 1897 1820 regno
1925 1746 2100 1804 (ιωιοτ
2133 1735 2174 1807 Β
2203 1735 2437 1809 pradicti
2480 1734 2676 1802 Judaei,
2722 1732 2804 1790 vel
2861 1732 3023 1789 modo
3071 1741 3262 1789 contra
3319 1730 3627 1789 Ecclesiam
3681 1728 3792 1784 ha:-

505 1866 648 1905 rnm.
690 1848 752 1903 In
784 1858 941 1902 terra.
978 1844 1035 1900 lo
1067 1857 1256 1900 sancta
1287 1841 1531 1899 Ecclesia
1563 1841 1648 1897 vel
1681 1840 1735 1895 in
1770 1839 1859 1894 die
1884 1839 2101 1897 a-terni-

507 1943 656 1997 tatis.
694 1939 756 1995 Et
785 1956 888 2001 non
928 1938 1103 1999 tradat
1134 1953 1255 1995 eum
1292 1936 1345 1991 in
1380 1951 1564 1997 manus
1597 1934 1931 1993 inimicorum
1963 1933 2097 2004 ejus.

507 2033 565 2091 ιιι
596 2041 700 2096 e.t,
737 2034 790 2087 in
837 2038 1111 2100 potestate
1147 2028 1373 2095 diaboli,
1418 2028 1510 2099 qui
1536 2026 1858 2105 credulitati
1899 2033 2102 2085 nostra:

504 2141 722 2198 semper
751 2126 1002 2187 inimicus
1030 2123 1267 2179 exsistit.

519 2216 529 2237 ’
584 2219 836 2272 Dominus
863 2231 1014 2285 op:m
1048 2214 1184 2284 [erat
1213 2214 1295 2269 illi
1323 2229 1478 2285 super
1517 2213 1707 2267 lectum
1733 2211 1930 2265 doloris
1960 2210 2101 2275 eius.

510 2315 624 2381 Ope
644 2331 675 2366 ιι
703 2312 838 2379 {erat
860 2309 939 2369 illi
974 2324 992 2364 :
1024 2309 1128 2367 hoc
1154 2317 1269 2372 est,
1302 2304 1637 2375 adiutorium
1667 2309 1893 2372 praestet
1918 2300 2018 2363 illi.
2044 2299 2102 2355 ιιι

506 2408 650 2460 lectu
680 2402 909 2469 doloris,
938 2402 991 2454 in
1022 2398 1340 2453 infirmitate
1371 2399 1575 2450 carnis.
1607 2392 1706 2448 Vel
1732 2392 1802 2449 de
1826 2388 1920 2447 illo
1948 2406 2104 2462 para-

510 2498 677 2569 lytico
710 2502 886 2562 potest
918 2490 1178 2559 intelligi,
1206 2488 1428 2560 quando
1460 2487 1726 2552 Dominus
1750 2486 1894 2553 dixit
1924 2503 1937 2551 ς
1970 2486 2104 2551 Sur-

508 2605 597 2657 ge,
630 2588 762 2649 tolle
793 2587 995 2649 lectum
1026 2593 1175 2649 tuum
1204 2581 1386 2655 (Matt.
1420 2579 1498 2653 ιι)
1527 2598 1539 2635 :
1571 2580 1698 2652 quia
1726 2593 1930 2653 corpus
1954 2576 2099 2650 quod

509 2682 902 2752 corrumpitur.
944 2686 1202 2749 aggravat
1230 2676 1466 2739 animam
1492 2715 1509 2740 ,
1541 2684 1598 2739 et
1628 2671 1956 2737 inhabitatio
1987 2679 2100 2751 ter:

506 2787 639 2831 rena
686 2769 940 2841 deprimit
978 2783 1196 2827 sensum
1240 2768 1410 2823 multa
1448 2764 1782 2837 cogitantem
1809 2764 1970 2834 (Sap.
1996 2764 2099 2836 ix),

506 2866 567 2923 In
614 2865 774 2936 hujus
801 2862 1047 2933 corporis
1097 2863 1453 2932 aegrotatione
1501 2860 1558 2915 in
1587 2874 1698 2928 qun
1740 2856 1919 2915 anima
1959 2867 2095 2915 tam-

504 2974 669 3029 quam
712 2958 765 3012 in
809 2955 1010 3012 lectulo
1054 2955 1373 3026 requiescit,
1415 2967 1522 3022 cpe
1562 2949 1830 3013 Dominici
1863 2951 2101 3021 praesidii

506 3049 844 3115 consoletur.
874 3047 1181 3111 Universum
1207 3055 1426 3113 stratum
1460 3048 1573 3120 ejus
1610 3044 1826 3105 versasti
1860 3044 1915 3103 in
1946 3042 2100 3112 inﬁr-

2204 1829 2384 1886 retici.

2284 1922 2507 1981 Verbum
2533 1921 2766 1993 iniquum
2804 1919 3182 1977 constituerunt
3215 1916 3459 1973 adversus
3504 1931 3606 1969 nte.
3636 1914 3799 1977 Aien-

2206 2028 2323 2076 tes:
2349 2018 2517 2077 Nobis
2542 2031 2652 2079 non
2675 2015 2806 2072 licet
2834 2013 3084 2070 occidere
3112 2026 3464 2085 quemquam,
3497 2008 3595 2065 sed
3625 2018 3684 2064 tu
3705 2022 3794 2063 ae-

2202 2115 2346 2183 cipe,
2390 2123 2446 2169 et
2490 2109 2748 2181 cruciﬁge
2790 2125 2909 2163 eum
2948 2105 3152 2180 (Joan.
3180 2104 3372 2177 xrttt).
3421 2103 3524 2167 Vel
3572 2101 3799 2175 quando

2204 2206 2460 2269 dixerunt
2491 2224 2505 2265 :
2533 2204 2589 2261 In
2622 2203 2929 2267 Beelzebub
2955 2201 3107 2273 ejicit
3135 2199 3405 2259 daemonia
3431 2197 3588 2269 (Luc.
3617 2198 3721 2271 ιι),
3742 2205 3797 2251 et

2207 2318 2314 2363 non
2343 2301 2522 2361 solum
2547 2314 2714 2370 super
2744 2297 2954 2367 vivum,
2988 2295 3085 2357 sed
3118 2292 3284 2357 etiam
3315 2307 3480 2363 super
3518 2302 3796 2359 mortuum

2205 2397 2374 2453 falsos
2404 2402 2569 2451 testes
2599 2393 2890 2451 miserunt.

2281 2487 2553 2559 Numquid
2580 2486 2667 2557 qui
2688 2484 2915 2551 dormit,
2946 2498 3053 2547 non
3078 2480 3289 2555 adjiciet
3317 2487 3371 2541 ut
3400 2478 3681 2549 resurgat?
3706 2476 3800 2539 Sic

2208 2598 2295 2645 tne
2339 2578 2645 2639 interﬁcere
2691 2576 3051 2647 festinabant,
3089 2572 3241 2649 quasi
3286 2580 3409 2644 post
3445 2578 3678 2631 mortem
3707 2584 3799 2626 re.

2192 2687 2429 2747 surgere
2463 2687 2569 2726 non
2602 2669 2884 2725 haberem.
2931 2666 3045 2723 Hoc
3075 2676 3155 2723 est
3198 2664 3383 2721 dicere
3417 2682 3429 2719 :
3462 2663 3559 2734 qui
3587 2664 3657 2723 ab
3686 2660 3795 2721 ini-

2204 2766 2327 2836 quis
2350 2763 2554 2835 injnste
2575 2776 2770 2819 somno
2789 2760 2983 2823 utortis
2998 2757 3355 2837 opprimitur,
3378 2770 3487 2823 non
3510 2753 3796 2826 resurget?

2204 2858 2358 2919 Sicut
2384 2858 2523 2913 alios
2552 2855 2815 2927 propheta
2844 2853 2983 2915 dixit
3016 2871 3029 2907 :
3055 2849 3329 2923 Numquid
3356 2850 3451 2925 qui
3481 2848 3651 2917 cadit,
3682 2863 3797 2909 non

2206 2960 2444 3023 resurget
2492 2946 2722 3023 (larem.
2755 2944 2929 3021 rut)?
2966 2942 3179 3007 Cecidit
3207 2944 3357 2999 enim
3396 2956 3624 3017 granum
3673 2938 3797 3001 tru-

2207 3044 2398 3113 menti,
2428 3052 2484 3101 et
2512 3041 2710 3099 messis
2741 3042 2961 3111 copiosa
2990 3037 3254 3101 surrexit,

505 3143 687 3201 mittite
706 3144 840 3211 ejus.
858 3141 1097 3211 Corpus,
1114 3119 1611 3211 utdiximus,qnnd
1636 3151 1736 3209 pro
1757 3144 1933 3197 strato
1951 3135 2102 3197 uccie-
2126 3119 2172 3179 C
2279 3136 2483 3195 Etenim
2508 3132 2661 3189 homo
2689 3132 2832 3207 pacis
2858 3147 2985 3187 mea
3008 3130 3064 3187 in
3092 3144 3196 3205 quo
3224 3125 3459 3201 sperari,
3489 3124 3579 3196 qui
3615 3122 3801 3189 edebat

506 3235 677 3306 pitur,
711 3236 763 3293 in
792 3232 1034 3293 diversis
1060 3231 1505 3295 tribulationibus
1530 3227 1868 3311 inquietasti,
1894 3238 1951 3287 ιιι
1975 3241 2103 3298 pro-

506 3329 693 3385 batum
727 3337 892 3400 atque
921 3327 990 3385 ab
1043 3325 1315 3387 illecebris
1338 3332 1730 3397 expurgatum,
1760 3335 2097 3387 assumeret.

507 3420 609 3477 Hic
638 3420 902 3499 propheta
943 3419 1199 3483 immutat
1234 3417 1523 3490 ordinem,
1562 3425 1620 3479 et
1659 3416 1866 3487 prolert
1910 3428 2100 3482 vocem

510 3513 784 3579 Dominici
814 3511 1053 3575 hominis
1077 3511 1346 3577 dicentis;

582 3606 695 3677 Ego
741 3604 888 3671 diei,
938 3601 1190 3671 Donatius,
1230 3602 1475 3663 miserere
1507 3602 1605 3657 mei
1647 3616 1667 3657 :
1702 3617 1834 3661 sana
1863 3602 2100 3665 animum

506 3713 697 3760 ιιιωιιι,
718 3695 843 3767 quin
874 3694 1079 3765 peccavi
1107 3693 1220 3755 tibi,
1254 3694 1386 3763 Quae
1423 3698 1617 3753 intesta
1647 3707 1824 3763 usque
1855 3692 1921 3747 ad
1958 3708 2105 3749 mor-

504 3799 616 3845 tem
648 3807 661 3842 :
692 3802 802 3844 non
833 3788 901 3844 ab
928 3784 1473 3857 originaligfacinore,
1501 3784 1599 3840 sed
1633 3800 1728 3854 pro
1757 3783 1978 3847 delictis
2005 3799 2104 3854 po-

502 3879 620 3950 puli
650 3880 1024 3934 contristatur.
1061 3876 1177 3939 Vel,
1211 3877 1452 3931 miserere
1480 3877 1603 3947 mei,
1642 3876 1885 3933 Ecclesia
1916 3876 2054 3941 dicit
2084 3894 2101 3941 ;

505 3970 637 4043 quia
668 3968 823 4033 inulti
856 3979 982 4031 sunt
1016 3969 1109 4039 qui
1144 3978 1365 4037 peccata
1393 3968 1770 4032 eninmittnnt,
1802 3968 1900 4025 sed
1933 3967 2102 4024 verba

506 4060 879 4119 excusationis
906 4062 1270 4133 praetendunt.
1313 4060 1467 4121 Unde
1500 4061 1745 4123 Ecclesia
1773 4060 1913 4123 dicit
1939 4078 1955 4119 :
1986 4060 2103 4132 Ege

505 4168 598 4209 me
625 4167 825 4208 accuso
853 4168 951 4222 pro
982 4153 1119 4209 meis
1144 4154 1403 4222 peccatis,
1426 4154 1555 4222 quia
1577 4166 1679 4224 ego
1708 4152 1957 4222 peccavi,

579 4243 794 4303 Inimici
821 4244 920 4311 mei
951 4244 1193 4301 dixerunt
1220 4244 1360 4307 mala
1398 4241 1527 4311 mihi
1559 4259 1576 4296 :
1603 4241 1826 4315 Quando
1854 4242 2104 4309 morietur

506 4346 558 4390 et
584 4336 772 4406 peribit
800 4352 987 4391 nomen
1009 4338 1122 4408 ejus
1134 4336 1160 4390 ?
1178 4334 1405 4405 Quando
1422 4334 1677 4401 videbant
1701 4350 1877 4395 caecos
1902 4336 2107 4403 illumi-

506 4427 658 4499 nari,
692 4428 939 4498 leprosos
967 4427 1241 4499 mandari,
1274 4428 1503 4487 sabbata
1528 4428 1791 4497 dissolvi,
1832 4429 2099 4493 Lazarum

503 4519 842 4589 resuscitari,
888 4519 1110 4593 quando
1156 4520 1457 4581 dicebant:
1499 4521 1641 4589 Ecce
1685 4522 1923 4587 mundus
1952 4531 2102 4587 totus

500 4621 627 4683 post
656 4626 779 4671 eum
802 4610 937 4677 abiit
968 4609 1150 4685 (Joan.
1183 4612 1291 4685 xtv)
1328 4630 1342 4669 :
1375 4611 1507 4685 quid
1539 4612 1684 4671 aliud
1723 4622 1976 4689 poterant
2005 4628 2103 4677 co-

500 4708 700 4778 gitare,
728 4706 856 4777 nisi,
888 4714 948 4775 ut
966 4714 1143 4771 morte
1172 4706 1220 4762 ei
1247 4705 1365 4763 haec
1390 4708 1564 4763 virtus
1591 4706 1931 4777 eriperetur?
1963 4705 2099 4775 Nam

500 4809 557 4854 et
582 4814 720 4858 unus
746 4813 817 4855 ex
840 4798 976 4866 illis,
1006 4797 1243 4869 llaipltas
1273 4798 1520 4867 nomine,
1542 4798 1670 4859 licet
1699 4798 1951 4861 nesciens
1978 4811 2100 4869 qua;

501 4889 743 4957 diceret,
774 4889 956 4946 aiebat
983 4907 997 4944 :
1028 4888 1264 4965 Expedit
1296 4899 1353 4949 ut
1388 4903 1532 4947 unus
1571 4888 1841 4961 moriatur
1868 4903 1972 4961 pro
2000 4905 2103 4961 νοτ

497 4981 654 5052 pulo,
705 4992 762 5036 nt
789 4996 900 5038 non
942 4990 1054 5037 tota
1090 4995 1227 5053 gens
1275 4991 1480 5059 pereat.
1534 4980 1758 5055 Quando
1803 4982 2101 5037 morietur?

498 5071 617 5128 Hoc
637 5083 721 5129 est
742 5072 890 5147 quod
918 5071 972 5128 in
1000 5072 1277 5157 Evangelii
1300 5072 1559 5149 parabola
1587 5071 1866 5145 scribitur,
1886 5072 2098 5133 colonis

498 5162 811 5239 dicentibus
854 5178 870 5220 :
925 5163 1038 5231 Iste
1087 5171 1175 5219 est
1218 5162 1421 5236 haeres,
1470 5165 1674 5245 venite,
1700 5163 2097 5231 interﬁciamns

496 5269 623 5313 eum
658 5274 673 5310 :
710 5267 768 5313 et
806 5265 997 5313 nostra
1023 5256 1134 5321 erit
1174 5255 1499 5324 hereditas,
1529 5266 1586 5317 et
1612 5272 1722 5317 non
1749 5266 2094 5317 metueretur

496 5363 696 5404 nomen
719 5348 838 5433 ejus
865 5349 1101 5420 amplius
1128 5348 1325 5422 (Mare.
1358 5349 1480 5422 xu).

571 5441 643 5495 Et
676 5444 721 5497 si
759 5443 1180 5515 ingrediebantur
1220 5453 1277 5499 ut
1310 5444 1570 5513 viderent,
1613 5460 1748 5505 uana
1788 5444 2091 5521 loquebatur

496 5551 586 5590 eor
608 5551 812 5597 eorum,
861 5534 1207 5601 [ntrocnntes
1246 5538 1585 5619 prattorium,
1619 5536 1981 5607 loquebantur
2016 5537 2088 5603 de

495 5625 662 5693 corde
710 5628 882 5694 malo,
916 5625 1207 5695 dicentes:
1245 5627 1435 5691 Omnis
1473 5630 1655 5700 quise
1694 5628 1826 5695 («mit
1873 5644 2087 5705 regem,

493 5716 816 5783 contradicit
842 5717 1049 5783 Qtesal‘i
1078 5716 1261 5797 (Joan.
1289 5719 1425 5794 ιιι).
1453 5719 1547 5787 Vel
1576 5720 1644 5781 ad
1673 5720 1779 5781 hoc
1809 5721 2089 5797 ingrediet-

2206 3245 2364 3298 punes
2403 3242 2564 3291 meos,
2598 3224 2951 3299 magni/ienuit
2994 3238 3150 3295 super
3189 3237 3268 3277 me
3292 3218 3795 3293 supplantationem.

2204 3318 2648 3379 Manifestissime
2675 3317 2766 3379 bie
2792 3316 2985 3375 indum
3014 3316 3299 3377 denuntiat
3325 3312 3689 3393 proditorem,
3720 3310 3802 3365 si-

2204 3422 2297 3475 cut
2322 3412 2444 3483 ipse
2472 3411 2732 3475 Dominus
2765 3409 2816 3465 in
2857 3407 3155 3480 Evangelio
3184 3407 3261 3469 ait
3292 3424 3305 3462 :
3334 3403 3433 3467 Cui
3472 3420 3572 3475 ego
3599 3418 3802 3475 panem

2206 3506 2494 3569 intinctum
2513 3504 2741 3568 dedero,
2772 3504 2887 3574 ipse
2915 3513 2999 3558 cst
3030 3501 3214 3571 (Joon.
3241 3499 3394 3573 xm);
3423 3510 3477 3563 et
3497 3498 3667 3555 alibi:
3693 3497 3802 3555 [λθ-

2203 3598 2354 3657 vabit
2396 3597 2685 3658 adversum
2736 3614 2821 3661 me
2866 3597 3208 3655 calcaneurn.
3250 3592 3408 3669 Quod
3449 3602 3632 3655 autem
3672 3594 3793 3651 ait:

2208 3693 2312 3765 Qui
2361 3691 2544 3753 edebat
2576 3707 2594 3746 :
2626 3692 2728 3746 hoc
2755 3698 2871 3761 est,
2902 3691 2993 3761 qui
3040 3690 3321 3747 cmlestem
3362 3687 3544 3752 cibum
3567 3729 3581 3755 ,
3628 3688 3798 3745 vitam

2205 3785 2333 3849 huic
2361 3783 2562 3845 mundo
2587 3787 2832 3853 dantem,
2860 3782 3135 3851 sumebat,
3162 3790 3221 3841 et
3254 3782 3377 3843 aliis
3405 3779 3797 3853 distribuebat,

2204 3895 2328 3939 eum
2366 3889 2516 3943 esset
2553 3878 2867 3950 apostolus:
2900 3876 3018 3953 ipse
3050 3875 3193 3939 hanc
3233 3876 3402 3935 vitam
3448 3874 3641 3942 morti,
3671 3887 3800 3945 pro.

2206 3985 2326 4046 pter
2354 3973 2668 4045 cupiditatis
2691 3974 2948 4044 pretium,
2978 3969 3293 4035 destinarit.

2276 4065 2357 4123 Tu
2384 4076 2577 4131 autem,
2603 4064 2849 4135 Domine,
2870 4065 3110 4121 miserere
3145 4063 3269 4131 mei,
3322 4072 3372 4116 et
3411 4060 3666 4122 resuscita
3693 4076 3796 4133 me,

2205 4167 2255 4215 et
2282 4156 2563 4219 retribuam
2588 4158 2682 4214 eis.
2733 4156 3113 4213 Resuscitatus
3163 4166 3248 4211 est
3293 4151 3557 4217 Dominus
3610 4161 3799 4209 noster

2205 4248 2406 4304 virtute
2435 4257 2679 4318 paterna,
2705 4246 2776 4307 ad
2804 4245 2960 4319 cujus
2979 4247 3264 4311 dexteram
3292 4244 3467 4301 sedet.
3493 4242 3799 4315 Antequam

2204 4354 2535 4417 resurgeret,
2584 4344 2904 4415 anticipavit
2948 4343 3086 4403 ultio
3132 4342 3351 4411 Judam,
3406 4355 3532 4405 cum
3559 4353 3687 4394 eum
3714 4337 3802 4394 in-

2207 4442 2404 4507 tertius
2426 4438 2646 4505 debitus
2685 4439 3017 4510 suggillavit.
3043 4437 3200 4506 Quod
3246 4447 3427 4493 autem
3457 4434 3536 4489 ait
3568 4450 3582 4491 :
3622 4431 3800 4488 Retri-

2208 4536 2369 4601 buam
2393 4534 2498 4600 illi,
2529 4532 2773 4595 futurum
2802 4533 2852 4589 ei
2875 4531 3144 4603 indicium
3171 4528 3557 4589 comminatur.

2276 4625 2343 4681 In
2374 4627 2469 4681 hoc
2488 4625 2701 4698 cognovi
2748 4624 2997 4696 quoniam
3044 4622 3253 4679 voluisti
3291 4636 3390 4677 me.
3440 4616 3799 4681 Besnscitaus

2204 4733 2313 4779 me.
2347 4716 2610 4785 Quoniam
2632 4733 2733 4779 non
2755 4714 3000 4789 gaudebit
3038 4714 3283 4773 inimicus
3322 4727 3467 4768 meus
3510 4727 3670 4781 super
3698 4725 3793 4765 me.

2206 4809 2463 4875 Diabolus
2493 4826 2506 4862 :
2534 4808 2697 4879 cuius
2727 4807 2991 4871 instinctu
3023 4806 3143 4875 haec
3177 4804 3351 4869 Judaei
3380 4810 3512 4864 sunt
3537 4801 3747 4875 operati
3780 4817 3797 4857 :

2206 4915 2311 4965 ηριι
2333 4908 2419 4959 est
2439 4899 2662 4971 gauisus
2680 4889 2808 4963 eum
2840 4899 3130 4963 retinendo
3150 4896 3205 4954 in
3237 4892 3454 4963 inferis.

2278 4990 2366 5049 Me
2386 5001 2561 5055 autem
2588 5001 2803 5064 propter
2821 4992 3172 5051 innocentiam
3204 4989 3500 5061 suscepisti,
3536 4997 3587 5045 et
3604 4986 3797 5057 ρωπρμ

2206 5084 2361 5147 musti
2380 5100 2460 5150 me
2478 5085 2533 5139 in
2553 5094 2824 5157 conspectu
2846 5084 3011 5145 tuoin
3024 5091 3292 5151 internum.
3312 5080 3546 5147 Ilaxitna
3571 5090 3656 5143 est
3683 5079 3797 5133 hac

2203 5177 2539 5248 innocentia,
2566 5192 2692 5241 cum
2718 5178 2898 5247 justus
2923 5190 3021 5248 pro
3039 5174 3223 5246 impiis
3251 5174 3483 5233 maritur
3512 5190 3526 5229 ι
3560 5172 3655 5247 qui
3687 5186 3791 5233 non

2202 5281 2322 5339 sua,
2349 5267 2448 5333 sed
2472 5276 2660 5324 nostra
2695 5278 2918 5338 peccata
2964 5266 3221 5339 portavit.
3252 5265 3491 5338 Propter
3518 5280 3684 5337 quam
3714 5264 3794 5321 in-

2204 5362 2539 5430 noeeatiam,
2565 5370 2619 5416 et
2647 5374 2678 5416 a
2711 5360 2871 5426 Patre
2896 5360 3121 5423 devicta
3144 5368 3344 5428 morte,
3364 5373 3491 5427 eum
3511 5363 3791 5429 assumpta

2199 5466 2365 5514 carne
2388 5461 2678 5524 susceptus
2706 5461 2793 5513 est
2816 5451 2870 5507 in
2888 5450 3231 5517 emlestibns,

2269 5540 2583 5605 Benedictus
2606 5541 2861 5601 Dominus
2883 5539 3029 5603 Deus
3059 5541 3226 5601 Israel
3252 5557 3287 5603 α
3307 5539 3605 5609 saeculo,“
3634 5554 3789 5619 tum

2196 5636 2251 5695 in
2270 5634 2520 5703 saculqu
2555 5635 2673 5706 fiat,
2696 5635 2812 5707 ﬁet.
2837 5635 2942 5699 Pro
2972 5635 3085 5706 ﬁat,
3124 5635 3239 5706 ﬁat,
3278 5633 3336 5697 in
3368 5632 3609 5693 Hebrum
3649 5631 3785 5697 seri-

2198 5726 2347 5791 bitur
2363 5744 2541 5798 amen.
2558 5743 2737 5802 me,
2763 5728 2912 5802 quod
2931 5726 3152 5803 Aquila.
3169 5729 3562 5801 πωιηομινῶς
3579 5725 3663 5795 :id
3686 5733 3795 5803 est.
