4034 6294
182 273 282 330 949

1132 267 1566 326 BREVIARIUM
1606 267 1671 326 IN
1712 267 2046 332 l‘SALMOS.
2089 267 2332 328 PSALM.
2374 271 2508 328 XLI.

3371 280 3474 336 95-.)

173 411 301 459 vere,
331 391 450 446 sive
479 389 725 460 ﬁdeliter,
767 389 1064 445 transtulit.
1111 389 1177 444 Et
1213 387 1498 444 sciendum
1542 389 1771 459 primum
1798 391 1847 450 Α
1887 463 1896 474 _
1952 387 2082 444 Hac
2107 390 2404 444 recordatus
2428 398 2633 458 sunt,et
2660 387 2822 460 eludi
2847 389 2900 443 in
2936 406 3014 446 me
3033 392 3262 446 animum
3284 407 3470 447 meam.

180 485 375 540 librum
415 480 668 537 Psalterii
710 481 796 536 hic
845 497 966 537 esse
997 480 1226 535 finitum.
1278 481 1588 536 Secundum
1640 495 1772 538 vero

185 574 796 645 esseaquadragesimo
839 575 1036 643 prium,
1085 589 1258 644 usque
1309 573 1377 628 ad
1429 575 1772 644 septuagesi-

189 685 330 723 mum
372 668 626 738 primum.
673 665 916 722 Tertium
968 681 996 720 a
1047 668 1452 736 septuagesimo
1506 663 1768 732 secundo,

191 775 357 830 usque
387 761 439 813 in
471 758 872 828 octogesimum
894 765 1168 812 octavum.
1195 759 1462 823 Quartum
1500 756 1569 812 ab
1617 767 1774 813 octo-

188 856 394 926 gesimo
421 867 584 915 nono,
618 866 788 922 usque
813 852 865 906 in
887 845 1247 907 centesimum
1283 851 1556 921 quintum.
1598 850 1773 919 Quin-

188 955 298 1001 tum
319 959 450 999 vero
478 958 508 998 a
535 942 841 1000 centesimo
869 952 1045 1008 sexto,
1081 955 1253 1012 usque
1277 940 1346 996 ad
1370 941 1550 996 ﬁnem.

723 1077 1043 1134 PSALMUS
1081 1077 1217 1133 XLI.

190 1176 253 1231 ln
279 1175 434 1244 ﬁnem
459 1173 746 1228 intellectus
789 1173 912 1243 ﬁliis
948 1172 1099 1238 Core,
1125 1170 1391 1227 Psalmns.
1430 1172 1496 1226 In
1520 1173 1694 1241 ﬁnem,
1721 1172 1775 1228 itt

257 1246 473 1302 Christo
509 1261 522 1297 :
554 1244 886 1298 intellectus:
948 1246 1048 1298 hoc
1095 1255 1199 1307 est,
1249 1244 1562 1300 intellectus
1612 1244 1777 1312 Spiri-

258 1318 439 1374 tualis.
476 1314 635 1370 Fitiis
661 1314 826 1370 Core:
855 1315 906 1369 id
947 1323 1050 1377 est,
1105 1315 1231 1368 ﬁliis
1278 1313 1502 1377 Christi.
1530 1317 1622 1384 qui
1653 1323 1780 1371 sunt

257 1389 564 1444 credentes.
636 1385 882 1440 Psalmus
928 1401 1118 1440 vocem
1169 1384 1409 1442 continet
1461 1387 1725 1442 Ecclesiae
1758 1429 1774 1455 ,

259 1463 370 1515 sive
416 1459 591 1514 ﬁdelis
613 1459 716 1512 viri
741 1459 914 1512 Deum
941 1455 1326 1512 desiderantis.

261 1595 709 1662 Quemadmodum
729 1593 988 1648 desiderat
1013 1609 1190 1648 cervus
1211 1593 1280 1646 ad
1300 1596 1470 1665 fontes
1488 1609 1745 1663 aquarum
1758 1609 1778 1649 :

196 1689 268 1742 ita
297 1687 558 1742 desiderat
585 1688 761 1740 anima
787 1702 898 1740 mea
941 1685 1010 1738 ad
1058 1694 1126 1751 te,
1155 1684 1315 1740 Deus.
1363 1685 1603 1740 Primum
1632 1686 1778 1740 enim

1879 477 2012 536 Dum
2040 481 2143 536 hoc
2173 481 2564 551 improperium
2600 482 2846 552 quotidie
2876 483 3152 540 sustinens
3199 499 3472 542 memora-

1875 587 2012 641 rem,
2043 573 2331 644 liquefacta
2363 585 2447 629 est
2488 575 2542 628 in
2585 590 2671 629 me
2723 578 2902 630 anima
2946 591 3086 642 mea,
3143 585 3201 632 et
3230 577 3382 634 tabui
3413 578 3472 634 in

1875 674 2107 720 tractatu
2139 684 2152 721 :
2182 683 2304 722 cum
2355 683 2532 738 neque
2582 671 2634 724 in
2676 671 2820 726 ctelo
2867 684 3044 740 neque
3102 679 3248 726 terra
3299 671 3469 727 Deum

1874 770 2054 812 meum
2109 771 2333 813 cernere
2381 773 2594 830 possem
2664 760 2975 830 visibiliter,
3031 761 3128 818 sed
3177 762 3467 820 inveniens

1876 862 2000 904 eum
2030 849 2084 904 in
2121 859 2306 905 mente
2332 865 2452 905 mea
2480 851 2877 922 gubernantem
2916 869 3003 910 me
3032 869 3096 910 ae
3141 854 3475 926 dirigentem

1877 940 1930 996 in
1979 941 2072 997 illo
2127 941 2483 997 tabernaculo
2527 946 2905 1015 sempiterno,
2953 945 3023 1002 de
3063 962 3172 1018 quo
3227 949 3465 1019 loquor:

1881 1034 2142 1101 Quoniam
2166 1033 2396 1089 transibo
2447 1036 2501 1089 in
2548 1035 2721 1091 locum
2776 1039 3100 1094 tabernaculi
3145 1041 3474 1098 admirabilis

1880 1144 2039 1199 usque
2084 1129 2154 1184 ad
2182 1129 2393 1183 domum
2421 1128 2538 1184 Dei.
2569 1131 2996 1188 Tabernaculum
3040 1133 3160 1202 Dei,
3222 1135 3469 1190 Ecclesia

1878 1230 1981 1289 est,
2015 1237 2138 1291 qua:
2173 1221 2351 1276 adhuc
2381 1223 2763 1291 peregrinatur
2789 1239 2819 1290 a_
2849 1225 3120 1281 Domino:
3163 1241 3260 1298 per
3303 1244 3471 1299 quam

1879 1312 1945 1366 ad
1973 1321 2175 1367 reterns
2206 1312 2580 1380 tabernacula,
2613 1314 2666 1368 id
2699 1324 2806 1379 est,
2827 1318 2892 1370 ad
2917 1317 3198 1373 ccelestem
3250 1320 3476 1376 Jerusa-

1882 1406 2156 1476 |em,qu:e
2203 1415 2288 1462 est
2336 1416 2511 1462 mater
2553 1408 2798 1464 omnium
2833 1422 3103 1476 nostrum,
3154 1413 3393 1468 venitur.
3420 1414 3480 1469 In

1880 1513 1987 1569 qua
2023 1509 2150 1554 sunt
2182 1498 2337 1555 multi
2364 1499 2710 1556 admirabiles
2741 1511 2794 1556 et
2832 1501 3126 1558 virtutibus
3155 1505 3328 1560 sacris
3363 1506 3479 1574 pol-

1883 1590 2058 1648 lentes
2088 1609 2101 1645 :
2129 1593 2253 1663 quia
2275 1592 2526 1648 tediﬁcati
2558 1608 2724 1663 super
2745 1592 3160 1651 fundamentum
3189 1597 3474 1667 apostolo-

1884 1698 2024 1751 rum,
2055 1694 2328 1756 tamquam
2353 1701 2457 1741 una
2485 1686 2682 1742 domus
2738 1687 3030 1745 habentur.
3087 1689 3146 1745 In
3167 1706 3331 1762 quam
3375 1692 3479 1748 iste

191 1779 601 1851 intelligendum
627 1789 734 1846 est,
757 1795 950 1849 quare,
985 1779 1071 1834 vel
1095 1779 1334 1849 qualiter
1358 1777 1635 1836 desiderat
1659 1794 1776 1834 cer-
1808 1775 1853 1835 B
1881 1787 2062 1832 mente
2112 1779 2442 1849 ingrediens,
2521 1781 2632 1851 qui,
2704 1780 2896 1837 relicta
2968 1782 3305 1853 idololatria,
3360 1787 3478 1856 jam

195 1889 286 1929 vus
308 1873 372 1929 ad
402 1874 587 1929 fontes
613 1889 898 1945 aquarum.
930 1882 955 1910 ³
986 1872 1102 1928 Mos
1131 1883 1216 1928 est
1243 1872 1389 1928 enim
1417 1872 1560 1943 ejus.
1595 1882 1651 1930 ut
1696 1873 1777 1928 in-

191 1977 404 2022 ventum
454 1975 766 2038 serpentem
826 1965 1050 2023 naribus
1102 1965 1337 2034 hauriat,
1387 1975 1443 2021 et
1493 1975 1614 2036 post
1661 1965 1777 2022 hinc

193 2060 576 2126 exardescens,
607 2058 917 2129 exstinguat
951 2058 1117 2112 sitim.
1151 2057 1295 2127 Ergo
1316 2057 1478 2112 homo
1497 2057 1775 2126 Ecclesiaa,

192 2152 277 2220 qui
310 2151 399 2207 diu
424 2152 478 2206 in
507 2163 633 2206 actu
665 2165 938 2206 venenosa
967 2149 1219 2220 degebat,
1271 2149 1364 2206 ubi
1403 2164 1462 2204 se
1514 2150 1778 2220 perspicit

192 2257 344 2300 caeno
394 2243 816 2311 fornicationis,
873 2241 1198 2297 idololatriae
1243 2242 1417 2297 fetore
1469 2240 1775 2312 repletum:

193 2335 459 2393 desiderat
496 2337 684 2393 venire
709 2337 775 2392 ad
797 2336 1097 2402 Christum,
1125 2335 1175 2390 in
1207 2351 1316 2404 quo
1342 2343 1427 2390 est
1453 2337 1575 2390 fons
1617 2333 1778 2390 lumi-

197 2431 298 2498 nis,
328 2439 404 2497 ut,
434 2431 659 2485 ablutus
684 2429 980 2500 baptismo,
1004 2427 1240 2495 accipiat
1261 2427 1464 2483 donum
1497 2429 1778 2482 remissio-

197 2522 294 2578 nis.
325 2522 437 2578 Scit
459 2522 637 2589 enim,
663 2522 784 2590 quia
811 2521 915 2576 nisi
940 2519 1060 2591 quis
1092 2528 1316 2574 renattts
1346 2518 1515 2574 fuerit
1553 2535 1618 2574 ex
1642 2533 1780 2591 aqua

196 2624 247 2669 et
267 2615 466 2685 Spiritu
502 2624 712 2682 sancto,
743 2629 846 2668 non
876 2612 1095 2668 habebit
1121 2613 1283 2666 vitam
1302 2620 1560 2668 mternam
1589 2610 1778 2684 (Joan.

200 2710 295 2780 ιιι).
327 2709 430 2764 Sed
462 2716 526 2764 et
551 2709 597 2762 si
637 2707 760 2778 quis
790 2707 953 2762 hodie
983 2717 1253 2774 nostrum,
1285 2706 1572 2761 exstinctis
1608 2705 1778 2774 vitiis,

198 2800 428 2869 ignescat
454 2800 518 2855 in
541 2799 870 2854 desiderium
923 2799 1220 2854 Dominica:
1277 2797 1778 2868 contemplationis,

200 2899 365 2960 potest
387 2901 439 2946 et
467 2891 596 2961 ipse
616 2891 804 2946 dicere
832 2907 844 2945 :
873 2890 996 2960 quia
1026 2889 1305 2946 desiderat
1336 2891 1515 2945 anima
1568 2906 1683 2945 mea
1713 2888 1782 2945 ad

199 2993 247 3039 te
276 2984 445 3040 Deus:
511 2984 615 3039 hoc
668 2994 776 3050 est,
815 2984 1005 3039 relicto
1053 2983 1279 3050 sarculo,
1322 2983 1388 3038 ad
1434 2993 1486 3040 te
1523 2980 1784 3040 desidero

197 3077 429 3132 transire.

1879 1878 2208 1937 Cognoverat
2244 1871 2497 1942 baptismi
2540 1884 2906 1939 sacramenta,
2940 1874 3220 1932 admirans
3249 1878 3477 1933 harmo-

1881 1965 2025 2016 niam
2053 1960 2263 2018 Cantici
2293 1965 2616 2033 spiritualis,
2640 1980 2739 2038 per
2760 1968 3082 2023 suavitatem
3112 1979 3334 2025 aeternae
3355 1970 3480 2026 dul-

1880 2055 2108 2120 cedinis,
2161 2058 2393 2114 accessit
2440 2057 2508 2114 ad
2545 2059 2769 2115 domum
2814 2059 2932 2128 Dei,
2980 2061 3127 2132 quod
3156 2071 3242 2118 est
3275 2062 3477 2119 Sancta

1879 2159 2214 2206 sanctorum.
2242 2152 2310 2208 Et
2337 2153 2489 2222 quasi
2519 2153 2796 2210 diceretur
2823 2155 2874 2210 ei
2905 2174 2919 2211 :
2952 2156 3086 2224 Quis
3130 2164 3183 2212 te
3233 2156 3338 2213 huc
3379 2158 3474 2214 ad-

1880 2241 2031 2297 duxit
2057 2260 2071 2300 :
2100 2242 2210 2309 vel,
2241 2243 2482 2314 qualiter
2509 2245 2615 2301 huc
2642 2246 2837 2302 venisti
2876 2266 2889 2304 :
2918 2249 3028 2315 vel,
3047 2264 3157 2320 quo
3171 2249 3480 2308 delectatus

1882 2347 1962 2401 es,
1997 2342 2055 2387 ut
2085 2333 2189 2388 huc
2215 2334 2541 2392 accederes?
2571 2335 2912 2407 Respondit:

1957 2423 2020 2478 In
2038 2442 2158 2480 voce
2180 2425 2541 2481 exsultationis
2560 2437 2606 2482 et
2637 2431 3001 2500 confessionis,
3025 2448 3180 2489 sonus
3197 2433 3478 2506 epulantis.

1885 2517 2213 2588 Exsultatio,
2253 2518 2528 2577 confessio
2571 2531 2628 2578 et
2664 2523 2913 2592 epulatio
2945 2523 3080 2594 haec,
3119 2541 3224 2580 non
3256 2526 3481 2582 musicis

1885 2612 2091 2668 artibus
2137 2613 2524 2684 adimplentur,
2557 2630 2734 2686 neque
2783 2614 3128 2688 inchoantur,
3156 2627 3212 2673 et
3247 2630 3477 2688 praeter-

1885 2714 2047 2770 eunt;
2098 2706 2192 2760 sed
2237 2705 2439 2777 jugiter
2479 2707 2742 2779 angelicis
2785 2708 3011 2764 vocibus
3059 2717 3116 2765 et
3159 2718 3477 2768 sanctorum

1885 2799 2242 2852 concentibus
2291 2797 2656 2856 celebrantur.
2711 2800 2866 2868 Quod
2914 2801 3041 2857 dum
3084 2801 3188 2858 iste
3217 2804 3395 2860 adhuc
3423 2805 3478 2863 in

1886 2889 2086 2943 saeculo
2112 2889 2344 2959 positus,
2380 2899 2563 2946 mente
2592 2893 2896 2960 suspiceret
2925 2911 2937 2948 :
2992 2893 3355 2964 ingemiscens
3382 2911 3483 2953 cur

1885 2982 1954 3037 ab
1975 2995 2041 3036 eo
2065 2981 2181 3036 haec
2208 2979 2457 3037 differtur
2488 2981 2781 3051 habitatio,
2812 2994 3018 3040 maesta:
3043 2985 3239 3041 animae
3265 2987 3342 3041 ait
3373 3004 3387 3040 :

1963 3073 2138 3141 Quare
2159 3075 2319 3129 tristis
2338 3091 2409 3141 cs,
2435 3075 2611 3129 anima
2639 3091 2770 3140 mea,
2800 3084 2846 3130 et
2867 3092 3026 3147 quare
3056 3077 3332 3132 conturbas
3355 3095 3433 3134 me
3455 3081 3480 3133 ?

260 3167 428 3223 Sitivit
467 3168 654 3223 anima
697 3184 808 3221 mea
827 3167 897 3220 ad
926 3166 1090 3222 Deum
1118 3168 1306 3238 fortem
1350 3167 1539 3220 uiuum.
1567 3165 1684 3221 Non
1713 3165 1780 3222 ad
1809 3163 1854 3226 C
1887 3168 2044 3237 Quia,
2077 3168 2268 3239 inquit,
2312 3168 2636 3224 suavitatem
2672 3169 2811 3223 hanc
2856 3183 3098 3239 praesens
3121 3169 3361 3224 nondum
3391 3185 3485 3225 ac-

197 3272 396 3316 mortua
427 3262 750 3327 simulacra,
779 3260 876 3315 Sed
895 3261 960 3315 ad
987 3261 1136 3315 illum
1167 3259 1258 3332 qui
1285 3259 1423 3316 dixit
1454 3278 1468 3315 :
1505 3260 1636 3315 Vivo
1658 3275 1778 3331 ego,

195 3352 318 3409 dicit
368 3353 637 3410 Dominus
687 3370 699 3407 :
754 3355 884 3424 quia
917 3355 1064 3410 'milti
1121 3352 1374 3410 ﬂectetur
1421 3368 1581 3409 omne
1637 3368 1782 3423 genu

201 3446 380 3514 (Nam.
416 3446 551 3517 inv).
582 3446 770 3513 Vivus,
804 3447 928 3515 quia
959 3447 1077 3516 ipse
1106 3445 1239 3501 dicit
1283 3463 1296 3500 :
1334 3445 1486 3502 Sicut
1520 3444 1670 3501 misit
1699 3460 1785 3503 me

203 3539 386 3594 vivens
410 3539 597 3605 Pater,
632 3549 686 3594 et
713 3555 814 3610 ego
857 3541 978 3593 vivo
1027 3546 1250 3609 propter
1297 3538 1535 3605 Patrem,
1591 3550 1643 3596 et
1691 3539 1782 3609 qui

201 3633 363 3688 credit
388 3634 438 3688 in
473 3647 582 3699 me,
615 3641 673 3688 et
719 3634 832 3702 ipse
879 3635 1021 3689 vivet
1059 3644 1284 3704 propter
1330 3649 1416 3689 tne
1456 3632 1640 3704 (Joan.
1678 3635 1781 3704 Vl).

204 3722 412 3789 Quando
442 3725 646 3784 veniam
689 3735 737 3778 et
774 3725 1031 3796 apparebo
1053 3736 1171 3780 ante
1202 3725 1392 3796 faciem
1425 3723 1524 3782 Dei
1547 3725 1682 3780 mei?
1706 3725 1786 3784 Ac

199 3815 241 3869 si
271 3817 508 3873 diceret:
551 3816 784 3886 Quando
830 3820 932 3872 erit
980 3828 1212 3887 tempus,
1242 3830 1298 3875 ut
1346 3820 1436 3876 illa
1470 3821 1639 3892 gloria
1680 3836 1783 3892 qua

198 3910 492 3967 efﬁciuntur
515 3913 691 3969 sancti
723 3912 1034 3968 conformes
1057 3914 1246 3983 gloria:
1271 3925 1397 3982 tum,
1435 3930 1539 3985 ego
1591 3917 1646 3970 in
1673 3917 1786 3972 cla-

202 4001 349 4058 ritate
393 4020 518 4060 cum
570 4004 676 4059 illis
722 4005 1047 4075 appaream?
1081 4004 1200 4072 Vel,
1231 4008 1442 4076 quando
1481 4009 1701 4076 veniam,
1731 4008 1785 4066 id

199 4110 299 4169 est,
349 4101 574 4172 quando
603 4101 714 4156 erit
755 4101 886 4156 illud
941 4111 1175 4172 tempus,
1221 4117 1331 4172 quo
1385 4103 1623 4160 Ecclesia
1673 4104 1788 4161 vult

202 4191 411 4248 dissolvi
463 4211 493 4250 a
535 4209 765 4265 corpore
803 4203 858 4249 et
911 4209 1034 4250 esse
1073 4210 1193 4250 cum
1223 4195 1568 4252 Christo‘lEt
1597 4197 1787 4265 parebo

200 4296 307 4339 ante
335 4285 522 4355 {aciem
552 4283 655 4340 Dei
679 4287 818 4339 mei:
847 4285 898 4340 id
927 4295 1035 4352 est,
1085 4299 1212 4343 ante
1260 4302 1615 4359 conspectum
1649 4288 1788 4346 divi-

203 4376 407 4448 nitatis,
435 4388 492 4434 et
515 4388 651 4434 tunc
675 4378 980 4434 videbimus
1010 4393 1134 4434 eum
1168 4381 1327 4436 sicuti
1358 4392 1463 4438 est.

271 4466 499 4524 Fuerunt
548 4467 678 4524 mihi
723 4471 966 4541 lacryma:
1000 4486 1129 4526 mete
1177 4488 1338 4540 panes
1385 4472 1470 4527 die
1510 4488 1570 4526 ac
1619 4482 1784 4528 nocte.

1885 3261 2028 3330 cepi,
2057 3271 2112 3317 et
2135 3260 2421 3316 insidiator
2465 3276 2618 3316 meus
2666 3261 2846 3316 adhuc
2899 3272 3086 3318 contra
3133 3279 3222 3318 me
3270 3263 3479 3334 vigilat,

1884 3354 2062 3409 adhuc
2109 3354 2240 3409 mihi
2290 3353 2512 3426 laqueos
2555 3353 2811 3410 intendit.
2846 3355 2909 3409 Et
2937 3355 3029 3410 ille
3059 3353 3269 3425 inquit:
3305 3355 3479 3425 Spera

1885 3449 1939 3502 in
1989 3446 2232 3502 Domino.
2264 3446 2371 3503 Per
2401 3447 2715 3518 patientiam
2770 3447 3001 3502 sustine.
3056 3445 3171 3514 Vel,
3224 3461 3374 3516 spera
3421 3446 3479 3501 in

1888 3540 2018 3595 Deo.
2047 3540 2240 3597 Anima
2265 3543 2615 3611 semetipsam
2646 3541 2891 3596 hortatur
2921 3557 2934 3594 :
2960 3540 3043 3595 vel
3070 3539 3300 3594 interior
3323 3540 3488 3595 homo

1889 3635 2139 3690 hortatur
2169 3635 2519 3690 exteriorem.
2556 3633 2812 3700 Quoniam
2845 3633 3019 3687 adhuc
3044 3632 3326 3702 confitebor
3378 3630 3484 3699 illi,

1885 3730 2116 3784 salutare
2139 3728 2310 3783 vultus
2338 3731 2458 3794 ntei,
2483 3738 2530 3782 et
2563 3727 2700 3782 Deus
2721 3743 2883 3782 meus.
2913 3724 3211 3781 Confessus
3232 3741 3350 3782 sum
3370 3725 3484 3794 jam

1887 3821 2086 3876 delicta
2115 3841 2127 3874 :
2159 3820 2464 3877 conﬁtebor
2517 3819 2713 3877 deinde
2762 3818 2975 3875 Iaudem
3017 3818 3159 3890 ejus,
3196 3834 3292 3890 per
3322 3832 3483 3888 quam

1891 3930 1976 3969 me
1997 3915 2225 3968 sahavit
2247 3930 2275 3967 a
2310 3925 2484 3968 morte
2510 3915 2832 3983 perituram,
2864 3912 2947 3966 vel
2980 3911 3138 3966 illicit
3161 3911 3229 3967 ad
3258 3919 3478 3966 :rterna.

1961 4006 2041 4062 Ad
2066 4023 2145 4060 me
2168 4014 2341 4078 ipsum
2369 4006 2543 4060 aninta
2574 4022 2685 4060 mea
2709 4003 3017 4059 conturbata
3053 4011 3145 4057 est.
3178 4001 3261 4058 Ob
3292 4017 3483 4056 recor-

1889 4101 2169 4156 dationem
2198 4097 2521 4155 delictorum
2549 4097 2814 4167 priorum.
2845 4095 3131 4168 PrOpterea
3160 4111 3355 4149 memor
3399 4109 3486 4148 ero

1891 4195 1965 4250 tui
1991 4195 2055 4248 de
2077 4202 2215 4248 terra
2241 4191 2516 4262 Iordanis,
2545 4201 2593 4246 et
2624 4190 2976 4258 Hermoniint,
3005 4209 3035 4246 a
3060 4197 3232 4244 ntonte
3258 4189 3485 4242 modico.

1889 4286 2145 4343 Jordanis
2166 4303 2262 4358 pro
2288 4287 2556 4356 baptismo
2584 4284 2853 4355 accipitur
2880 4283 3175 4350 :l-lermon,
3193 4281 3486 4338 anathema

1891 4379 2298 4450 interpretatur.
2334 4379 2499 4449 Igitur
2531 4377 2634 4433 iste
2663 4375 2756 4448 qui
2786 4384 2904 4432 erat
2927 4385 3206 4448 peccator,
3237 4375 3327 4445 qui
3347 4375 3491 4428 sicut

1890 4489 2083 4528 cervus
2113 4471 2457 4528 desiderabat
2488 4470 2666 4525 fontes
2709 4485 2996 4541 aquarum,
3047 4483 3256 4524 memor
3285 4463 3387 4522 fuit
3433 4467 3488 4521 in

203 4555 480 4624 Quomodo
515 4570 695 4633 potest
734 4561 799 4617 de
851 4563 1108 4636 lacrymis
1155 4562 1311 4632 panis
1361 4563 1520 4620 fieri?
1548 4563 1736 4620 Potest
1770 4582 1784 4622 :
1825 4547 1868 4606 ί)
1895 4563 2202 4620 humilitate
2221 4561 2576 4633 pmnitentiae,
2610 4569 2666 4615 et
2707 4560 2965 4628 baptismi
3013 4560 3288 4615 ablutione
3319 4555 3492 4612 abluit

203 4651 319 4719 quia
347 4651 486 4709 sicut
513 4669 714 4726 corpus
743 4654 970 4711 satiatur
997 4655 1067 4711 de
1093 4670 1251 4726 pane,
1285 4655 1356 4712 ita
1387 4656 1567 4712 anima
1599 4656 1666 4713 de
1708 4656 1788 4713 la-

202 4743 418 4812 crymis,
443 4747 571 4816 quia
621 4745 819 4802 exinde
871 4751 1056 4817 sperat
1101 4749 1483 4804 remissionem
1536 4757 1788 4819 peccato-

207 4850 316 4891 rum
348 4836 573 4896 habere.
600 4839 788 4894 Fletus
817 4855 880 4894 ac
910 4842 1143 4912 gemitus
1195 4852 1353 4897 erant
1404 4843 1534 4897 mihi
1587 4856 1650 4897 ac
1701 4843 1784 4898 la-

209 4931 484 4998 mentatio,
509 4931 582 4985 ob
609 4931 938 4987 desiderium
969 4933 1068 4987 tui.
1101 4931 1236 4986 Dum
1257 4933 1449 4988 dicitur
1491 4933 1618 4988 milii
1657 4949 1788 5004 quo-

207 5021 367 5081 tidie:
394 5021 493 5077 Ubi
519 5033 593 5077 est
620 5021 765 5077 Deus
794 5034 934 5080 tuus.
964 5023 1244 5095 Siquidem
1279 5029 1463 5096 pagani
1496 5026 1627 5080 deos
1662 5039 1792 5083 suos

209 5114 370 5186 digito
399 5116 722 5184 ostendunt,
751 5125 806 5174 et
845 5119 916 5173 ob
943 5117 1049 5175 hoc
1093 5119 1344 5188 ingerunt
1397 5119 1526 5172 milii
1586 5120 1793 5196 improf

211 5210 372 5278 peria.
401 5211 559 5268 Unde
601 5212 800 5281 sciant,
853 5215 978 5285 quia
1028 5227 1128 5284 ego
1179 5223 1361 5269 mente
1408 5213 1575 5267 Deum
1610 5228 1791 5270 meum

210 5303 543 5359 reconditum
568 5312 750 5374 teneo,
781 5315 836 5362 et
865 5321 964 5378 per
991 5305 1308 5364 interiorem
1341 5304 1621 5362 hominem
1663 5321 1788 5362 cum

211 5392 320 5461 ipso
350 5396 554 5452 habito.

279 5560 305 5589 ³
341 5554 490 5621 Quod
544 5556 724 5610 cervis
776 5567 1146 5627 comparatum
1178 5564 1262 5610 est
1304 5568 1332 5607 a
1383 5563 1592 5627 natura,
1647 5554 1699 5608 id
1721 5554 1791 5610 ad

216 5627 464 5679 moralem
495 5640 718 5699 sensum
734 5623 988 5699 torquent
1011 5629 1256 5698 plerique
1277 5635 1520 5682 veterum
1539 5624 1786 5699 Patrum,

216 5704 264 5746 et
301 5697 1092 5771 cumprimisEpiphanius’in
1144 5697 1626 5771 Physiologo,_ubi
1663 5710 1787 5771 cer-

217 5779 350 5835 vum,
373 5768 722 5839 serpentibus
750 5769 920 5826 halitu
946 5785 1044 5826 suo
1069 5768 1472 5842 excitis,iisque
1494 5768 1786 5835 devoratis,

1895 4662 2075 4708 vetera
2105 4653 2298 4708 delicta
2327 4671 2339 4705 :
2365 4651 2846 4707 anathematizavit
2882 4659 3104 4719 peccata
3141 4663 3262 4713 sua,
3295 4656 3348 4700 et
3379 4661 3488 4700 non

1895 4762 1953 4802 se
1983 4745 2173 4802 extulit
2198 4759 2452 4816 magnum
2479 4743 2792 4818 gloriando,
2824 4743 2920 4799 sed
2961 4741 3144 4798 eﬁ'ecit
3201 4738 3490 4811 parvulum

1896 4837 2236 4911 ptenitendo.

1968 4931 2198 5004 Abyssus
2227 4929 2470 5001 abyssum
2505 4930 2728 4983 invocat.
2791 4927 2974 4982 Multa:
3009 4933 3137 4980 sunt
3181 4923 3248 4980 de
3296 4923 3494 4995 abysso

1902 5026 2349 5095 Opiniones,quaa
2377 5021 2704 5094 opportunis
2724 5021 2858 5076 locis
2886 5019 3343 5088 explanabuntur.
3361 5015 3497 5070 Nam

1902 5120 2010 5186 hic,
2038 5117 2254 5190 abyssus
2283 5115 2524 5187 abyssum
2554 5118 2757 5169 invocat
2775 5132 2794 5182 ,°
2825 5131 2946 5170 cum
2988 5113 3075 5169 Vt'l
3103 5121 3258 5166 vetus
3305 5110 3496 5165 Testa-

1897 5221 2136 5267 mentum
2172 5223 2372 5263 ttovum
2405 5209 2722 5272 annuntiat;
2749 5207 2836 5261 vel
2861 5221 3061 5260 novum
3083 5212 3237 5258 vetus
3265 5205 3318 5256 in
3347 5200 3498 5257 testi-

1897 5304 2136 5359 monium
2167 5309 2348 5357 vocat.
2381 5298 2552 5356 Vetus
2597 5299 2883 5354 annuntiat
2926 5313 3148 5364 novum,
3198 5311 3320 5351 cum
3367 5292 3499 5348 dicit

1897 5398 2106 5470 Moyses
2135 5414 2147 5451 :
2181 5394 2511 5467 Pr0phetam
2537 5391 2697 5447 vobis
2721 5391 3008 5446 suscitabit
3037 5390 3178 5446 Deus
3220 5387 3288 5444 tle
3319 5386 3499 5442 fratri-

1897 5555 2197 5617 obitnrnm,
2255 5551 2354 5613 ait,
2399 5555 2652 5610 mortem,
2716 5545 2817 5599 nisi
2843 5559 3141 5617 venenum
3180 5552 3306 5596 ante
3334 5539 3498 5594 trium

1896 5625 2153 5680 horarum
2185 5614 2790 5692 'spatiutnrpraavertat.
2841 5614 3063 5692 Noster_
3087 5615 3180 5692 hic
3215 5620 3404 5666 auctor
3431 5625 3499 5664 ex

1897 5697 1993 5752 illo
2018 5685 2306 5767 Epiphanii
2340 5685 2656 5747 testimonio
2689 5685 2988 5757 sumpsisse
3015 5685 3284 5742 videatur.
