3980 6296
526 266 623 322 931

1309 261 1654 321 ΑΡΡΕΝΒΙΧ
1693 260 1786 319 AD
1824 259 2068 319 TOMUM
2107 257 2460 322 SEPTIMUM
2498 258 2560 318 S.
2602 259 3006 319 HIEBONYMI.

3721 269 3847 324 952

523 379 627 435 hus
671 379 868 437 vestris
938 379 1120 450 (Deut.
1170 377 1345 448 xvm).
1418 375 1627 432 Novum
1675 391 1806 434 vero
1854 383 2011 434 vetus
2060 377 2114 431 in
2141 379 2190 440 Α
2219 392 2324 430 non
2353 383 2552 431 sancta.
2587 375 2794 447 Expeto
2820 376 3084 446 judicium
3127 387 3316 449 tuum,
3345 383 3470 453 quia
3500 381 3845 443 misericors

523 471 898 527 testimonium
926 479 1088 528 vocat
1117 484 1280 525 :cum
1305 467 1438 524 dicit
1469 469 1669 524 Paulus
1698 487 1712 523 :
1755 469 2016 525 Bibebant
2046 466 2116 524 de

525 565 779 635 sequenti
802 573 955 635 petra
983 583 994 617 :
1024 573 1172 632 petra
1198 572 1376 621 autem
1405 571 1522 618 erat
1541 561 1789 618 Christus
1811 561 1865 635 (1
1887 561 2007 617 Cor.
2025 560 2113 632 ι).

524 654 760 725 Propter
785 653 1210 725 profunditatem
1240 655 1388 712 enim
1417 654 1812 725 intelligentiae,
1860 653 2115 708 dicuntur

523 746 776 818 abyssus.
811 744 878 799 In
902 762 1023 801 voce
1037 757 1423 800 cataractarum
1461 755 1690 800 tuarum.
1721 745 1778 800 In
1822 760 1955 800 voce
1988 759 2117 816 pro-

521 836 835 907 phetarum,
867 853 990 910 qua:
1017 839 1313 894 adventum
1349 839 1560 894 Domini
1594 837 1954 892 annuntiavit.
1990 837 2118 893 Ideo

524 931 669 984 enim
703 938 992 987 cataracta:
1015 931 1293 996 dicuntur,
1324 931 1468 1001 ,quia
1499 930 1768 986 obscurus
1820 931 1872 984 in
1928 944 2116 985 eorum

523 1023 807 1094 prophetia
835 1024 1104 1080 adventus
1134 1025 1344 1079 Domini
1393 1023 1513 1090 fuit,
1561 1039 1664 1080 nec
1711 1039 1742 1078 a
1783 1022 1988 1079 Judaais
2036 1032 2122 1078 est

521 1116 861 1173 intellectus.
885 1117 1190 1172 Annuntiat
1219 1118 1366 1173 enim
1396 1116 1513 1172 haec
1544 1131 1647 1171 vox
1675 1116 1943 1187 judicium
1975 1117 2119 1171 futu-

522 1227 668 1278 rum,
724 1212 809 1267 vel
853 1212 923 1267 de
979 1212 1267 1268 beatorum
1316 1209 1553 1277 meritis,
1586 1211 1673 1266 vel
1714 1210 1784 1266 de
1836 1209 2121 1282 suppliciis

529 1303 848 1374 impiorum.

598 1397 788 1453 Omnia
809 1398 1012 1454 excelsa
1035 1407 1216 1467 tua,et
1237 1401 1430 1471 fluctus
1461 1399 1535 1452 tui
1567 1414 1724 1468 super
1766 1414 1846 1453 me
1895 1399 2120 1453 transie-

522 1499 667 1544 runt.
697 1489 944 1544 Excelsae
975 1499 1102 1544 sunt
1132 1499 1294 1560 atque
1347 1499 1597 1560 potentes
1643 1489 1727 1544 hze
1786 1489 1973 1557 minae,
2023 1504 2122 1560 per

530 1599 665 1654 quas
692 1586 885 1638 mortis
906 1583 1169 1654 judicium
1220 1583 1561 1638 minabaris:
1604 1583 1729 1654 quia
1780 1598 1886 1638 non
1941 1585 2121 1637 statim

526 1676 788 1732 decidunt
803 1686 1030 1748 propter
1048 1678 1366 1732 immensam
1381 1677 1696 1747 patientiam
1715 1687 1878 1732 tuam.
1898 1675 2124 1732 Fluctus

2218 481 2299 523 es.
2329 467 2408 521 Tu
2437 477 2620 522 autem
2647 467 2901 524 discerne
2935 485 3021 526 me
3045 485 3074 524 a
3102 471 3273 541 paleis
3304 473 3448 530 inter
3477 489 3618 546 quas
3637 475 3700 530 in
3729 475 3846 534 hoc

2218 562 2422 617 szeculo
2449 562 2778 633 iugemisco,
2819 565 3173 634 supervestiri
3202 567 3431 638 cupiens
3467 586 3481 622 :
3515 579 3575 623 ut
3624 569 3840 626 absoro

2219 654 2414 711 bentur
2440 655 2586 726 quod
2626 656 2859 712 mortale
2889 665 2976 713 est
3004 673 3034 712 a
3065 659 3194 714 vita.
3223 659 3332 716 Sed
3360 670 3424 716 et.
3446 661 3671 718 Domini
3727 678 3841 717 vox

2221 756 2339 815 est,
2385 745 2580 819 quibus
2618 748 2768 819 prius
2795 748 3040 817 dixerat,
3065 750 3248 806 Sancti
3291 763 3470 810 estote
3495 797 3510 822 ,
3555 757 3836 825 quoniam

2221 855 2324 912 ego
2369 849 2592 896 sanctus
2622 857 2739 896 sum
2773 840 2961 911 (Leuit.
2996 844 3093 913 xx)
3120 861 3133 898 :
3166 852 3222 899 et
3254 861 3359 900 non
3407 846 3794 917 impleverunt
3827 866 3841 902 :

2223 932 2300 987 Ab
2325 933 2532 987 liomine
2558 933 2738 1003 iniquo
2766 942 2814 988 et
2835 934 3018 989 doloso
3045 952 3165 990 erue
3186 953 3283 992 me.
3314 936 3485 992 Nemo
3515 940 3704 1011 magis
3735 941 3846 996 ini-

2223 1039 2361 1095 quus
2408 1034 2573 1093 atque
2602 1023 2863 1091 dolosus,
2895 1041 3056 1098 quam
3091 1027 3180 1083 ille
3228 1027 3319 1098 qui
3379 1029 3694 1101 iniquitatis
3754 1032 3844 1085 in-

2224 1127 2419 1172 ventor
2446 1125 2609 1187 atque
2644 1118 2933 1174 aemulator
2962 1129 3050 1175 est
3078 1120 3384 1176 sanctitatis
3417 1139 3430 1174 :
3465 1121 3518 1176 id
3553 1132 3641 1178 est
3664 1164 3681 1187 ,
3719 1123 3846 1178 dia-

2224 1207 2412 1274 bolus,
2457 1211 2546 1280 qui
2580 1209 2817 1266 introivit
2864 1211 2918 1266 in
2964 1227 3062 1267 cor
3088 1211 3245 1268 Juda:
3276 1222 3334 1268 ut
3368 1213 3612 1269 traderet
3658 1213 3843 1270 Clui-

2224 1313 2392 1362 stum.
2423 1304 2531 1361 Sed
2561 1315 2612 1362 et
2643 1305 2807 1362 homo
2843 1305 2935 1364 ille
2966 1306 3138 1363 fidelis
3179 1322 3338 1379 quem
3370 1309 3528 1380 prius
3553 1308 3844 1378 diximus,

2230 1399 2347 1455 hate
2373 1400 2449 1455 ait
2482 1417 2494 1453 :
3115 1465 3120 1470 _

2302 1491 2438 1558 Quia
2461 1502 2515 1545 tu
2535 1508 2617 1557 es,
2644 1491 2782 1548 Deus
2799 1535 2814 1560 ,
2839 1493 3093 1564 fortitudo
3119 1510 3252 1549 mea.
3276 1495 3401 1551 Scio
3427 1509 3515 1550 me
3545 1493 3845 1551 infirmum

2228 1594 2282 1641 et
2323 1585 2565 1658 fragilem
2598 1604 2610 1639 :
2647 1601 2747 1642 nec
2773 1587 2954 1643 sentio
2985 1603 3071 1643 me
3100 1588 3339 1659 aliquam
3373 1588 3576 1645 habere
3612 1589 3847 1646 fortitu-

2228 1679 2412 1734 dinem
2462 1681 2514 1734 iu
2564 1695 2666 1750 qua
2697 1695 2880 1747 eruar,
2929 1681 3034 1736 nisi
3067 1690 3122 1736 tu
3167 1682 3483 1737 salvaveris.
3530 1682 3718 1750 Quare
3761 1699 3847 1738 me

527 1778 711 1825 autem
740 1778 902 1825 sunt:
933 1769 1062 1825 dum
1085 1785 1149 1826 ea
1181 1768 1493 1838 adveniunt,
1534 1785 1656 1841 quae
1709 1768 1926 1825 fuerunt
1973 1783 2120 1825 com-
2155 1775 2200 1834 Β
2228 1773 2506 1844 repulisti?
2543 1773 2826 1831 Fortitudo
2866 1786 3051 1830 nostra
3095 1773 3347 1832 Christus
3374 1786 3460 1832 est
3493 1795 3505 1830 :
3553 1777 3652 1846 qui
3709 1786 3843 1832 tunc

505 1863 751 1918 .minata.
775 1861 904 1919 Ideo
932 1863 1034 1918 iste
1061 1863 1193 1918 dicit
1219 1879 1282 1920 ea
1327 1879 1490 1934 super
1536 1877 1597 1919 se
1653 1863 1936 1934 ingressa:
1997 1877 2122 1918 cum

524 1954 579 2008 in
611 1954 898 2012 desideriis
922 1956 1242 2012 mortalibus
1274 1957 1498 2028 degens,
1556 1956 1878 2013 verberatus
1929 1955 2122 2027 plagis,

527 2047 773 2104 eruditus
796 2057 899 2114 est,
929 2059 987 2104 ut
1015 2049 1292 2106 desideret
1319 2049 1581 2106 Dominus
1606 2048 1811 2104 vivum.

600 2140 669 2196 In
718 2143 802 2196 dic
851 2145 1114 2198 mandarit
1177 2142 1434 2199 Dominus
1483 2143 1900 2200 misericordiam
1949 2158 2116 2198 suam.

529 2242 667 2308 Quia
696 2254 792 2309 per
830 2240 1005 2294 lucem
1037 2252 1156 2293 eam
1183 2237 1588 2306 Scripturarum
1641 2240 1954 2289 sanctarum
2007 2247 2124 2304 pro-

527 2334 699 2390 misit.
729 2331 798 2386 Et
825 2342 976 2387 nocte
1002 2331 1257 2386 canticum
1278 2335 1410 2405 ejus.
1459 2329 1516 2385 In
1539 2325 1981 2385 tribulationibus
2033 2343 2128 2400 po-

525 2431 635 2488 sito
663 2444 783 2485 eam
815 2429 1076 2486 ostendit.

603 2524 758 2595 Apud
798 2540 878 2578 me
902 2524 1070 2577 oratio
1101 2538 1237 2578 mea.
1265 2521 1332 2577 Et
1360 2537 1468 2576 non
1501 2529 1660 2577 extra
1706 2535 1816 2576 me.
1871 2518 1982 2574 Deo
2012 2521 2128 2575 vim:

527 2635 679 2674 mete.
706 2617 776 2675 Ut
805 2616 857 2674 ei
889 2631 1102 2672 merear
1125 2616 1266 2672 liber
1293 2615 1362 2670 ab
1399 2614 1504 2670 hoc
1550 2613 1752 2669 stecnlo
1799 2611 2128 2684 quandoque

532 2712 818 2783 conjungi.
848 2711 1033 2765 Dicam
1056 2708 1188 2778 Deo,
1214 2718 1480 2777 susceptor
1501 2724 1646 2764 meus
1668 2723 1742 2762 es.
1775 2705 1931 2762 Licet
1952 2707 2006 2760 iu
2032 2707 2128 2761 tri-

530 2805 906 2862 bulationibus
951 2818 1262 2860 exercear:
1309 2816 1527 2874 semper
1583 2810 1759 2858 tamen
1809 2815 1839 2855 a
1891 2808 1944 2856 te
2001 2807 2127 2868 peto

534 2899 747 2970 protegi
779 2913 840 2953 ac
865 2897 1105 2953 defendi.

612 2993 788 3062 Quare
816 2993 1008 3048 oblitus
1029 3008 1081 3047 es
1101 2991 1240 3047 mei?
1278 2990 1346 3046 Et
1371 3004 1540 3060 quare
1569 3003 1654 3043 me
1685 2985 1969 3057 repulisti?
2016 2982 2126 3040 Cur

529 3099 640 3145 tam
667 3089 758 3144 diu
792 3087 996 3153 diﬂ'ers,
1029 3096 1086 3141 nt
1116 3101 1220 3140 non
1267 3083 1496 3141 inducas
1545 3097 1632 3160 me
1675 3082 1726 3136 in
1758 3080 1908 3136 illum
1941 3080 2123 3134 locum

2230 1881 2331 1923 nos
2387 1866 2631 1937 repellit,
2677 1881 2800 1922 eum
2843 1870 3278 1939 peccaverimus.
3317 1868 3493 1937 Quare
3540 1869 3708 1924 tristis
3759 1870 3844 1923 iu-

2227 1962 2351 2016 cedo
2371 2001 2387 2029 ,
2434 1962 2556 2015 dum
2599 1962 2777 2035 afﬂigit
2805 1979 2883 2017 me
2930 1963 3206 2018 inimicus?
3230 1963 3427 2019 Tristis
3457 1978 3578 2018 sum
3610 1973 3842 2034 prepter

2231 2061 2452 2125 peccata
2485 2069 2602 2109 mea
2627 2095 2641 2121 ,
2672 2063 2730 2108 et
2753 2053 2879 2110 ideo
2909 2053 3121 2127 afﬂigar
3152 2055 3204 2110 in
3237 2054 3639 2110 tentationibus
3666 2056 3840 2109 variis

2227 2149 2298 2204 ab
2328 2149 2446 2218 ipso
2492 2147 2715 2204 inimico
2737 2191 2751 2218 ,
2799 2149 2893 2220 qui
2923 2148 3174 2219 superius
3203 2147 3366 2203 homo
3397 2148 3621 2219 iniquus
3652 2147 3836 2202 dictu;

2228 2249 2331 2297 est.
2362 2239 2517 2297 Unde
2542 2240 2671 2312 quia
2699 2255 2786 2295 me
2815 2240 3143 2295 conturbant
3179 2239 3422 2297 tenebrae
3449 2249 3830 2310 peccatorum,

2227 2333 2296 2389 ad
2330 2344 2410 2400 te,
2435 2334 2525 2404 qui
2552 2334 2642 2388 lux
2671 2348 2730 2388 es
2756 2333 2974 2400 mundi,
3006 2332 3261 2404 confugio
3288 2332 3540 2404 supplex.

2302 2425 2497 2483 Emitte
2531 2427 2697 2482 lucem
2744 2437 2888 2483 tuam
2926 2436 2974 2483 et
3004 2427 3265 2483 veritatem
3309 2437 3470 2482 tuam.
3501 2427 3585 2484 Tu
3615 2443 3678 2484 es
3712 2427 3832 2494 lux,

2228 2519 2320 2590 qui
2346 2519 2570 2576 dixisti:
2602 2521 2717 2591 Ego
2745 2537 2865 2578 sum
2902 2521 2992 2576 lux
3035 2521 3222 2576 mundi
3251 2519 3433 2593 (Joan.
3477 2523 3622 2593 vui).
3661 2522 3744 2577 Tu
3775 2536 3835 2577 es

2229 2613 2428 2668 veritas
2452 2613 2543 2683 qui
2582 2613 2767 2668 dixisti
2795 2631 2809 2669 :
2845 2614 2956 2684 Ego
2983 2630 3102 2669 sum
3135 2613 3238 2680 via,
3263 2614 3463 2669 veritas
3494 2623 3550 2670 et
3581 2615 3715 2680 vita,
3740 2617 3831 2684 qui

2231 2719 2332 2759 nos
2357 2704 2669 2760 illuminare
2696 2704 2932 2776 digneris
2959 2723 2970 2759 :
3000 2713 3060 2759 ut
3084 2704 3458 2774 relinquentes
3482 2705 3829 2761 mendacium

2231 2796 2474 2864 diaboli,
2503 2812 2797 2868 sequamur
2827 2796 3106 2854 veritatem
3161 2808 3329 2852 tuam.
3374 2795 3503 2865 Ipsa
3533 2814 3614 2852 me
3667 2797 3830 2851 dedu-

2229 2900 2436 2944 xerunt.
2471 2891 2555 2946 Ab
2583 2905 2775 2946 errore
2805 2890 3035 2960 peccati.
3067 2888 3136 2944 Et
3160 2889 3490 2944 adduxerunt
3519 2891 3572 2943 in
3602 2901 3826 2946 montem

2229 2991 2462 3037 sanctum
2488 2992 2652 3036 tuum.
2680 2983 2738 3038 In
2768 2982 3071 3038 Ecclesium
3108 2991 3280 3036 luam.
3322 2979 3388 3034 In
3430 2981 3826 3036 tabernaculum

2232 3083 2401 3132 tuum.
2449 3075 2506 3130 In
2556 3077 2705 3131 illam
2734 3076 3016 3132 caelestem
3055 3074 3360 3130 Jerusalem
3383 3117 3397 3138 ,
3429 3075 3498 3130 de
3525 3091 3631 3145 qua
3687 3077 3824 3132 alius

531 3183 868 3240 tabernaculi
899 3179 1274 3236 admirabilis?
1321 3178 1495 3244 Quare
1538 3157 1872 3231 contristatae
1917 3173 2118 3237 incedo,
2154 3157 2199 3222 C
2233 3167 2472 3238 psalmus
2501 3168 2576 3223 ait
2609 3167 2724 3240 (Ps.
2758 3167 2987 3239 Lxxxut)
3016 3165 3223 3236 :Quam
3257 3166 3452 3224 dilecta
3490 3177 3621 3224 sunt
3647 3169 3824 3226 taber-

532 3275 657 3331 dum
686 3274 877 3347 afﬂigit
903 3289 983 3327 me
1008 3273 1252 3326 inimicus
1275 3272 1297 3325 ?
1321 3269 1600 3335 Diabolus,
1627 3266 1720 3338 qui
1767 3266 1966 3321 multas
1992 3263 2124 3320 mihi

535 3367 768 3424 tetendit
796 3365 1050 3431 insidias,
1081 3363 1166 3419 vel
1190 3370 1570 3433 persecutores
1602 3359 1889 3414 Ecclesiae.

602 3462 745 3517 Dum
768 3462 1169 3530 confringantur
1216 3472 1334 3510 ossa
1380 3471 1512 3508 mea.
1568 3453 1703 3506 Dum
1738 3451 1995 3506 fortiores
2024 3448 2128 3504 Ec-

530 3555 715 3611 clesiae
757 3550 1030 3607 scandatis
1085 3563 1148 3603 ae
1199 3545 1436 3600 diversis
1479 3543 1673 3614 jurgiis
1713 3542 1911 3598 cedere
1944 3541 2120 3599 video,

531 3647 632 3704 Vel
662 3660 811 3710 ossa,
835 3645 1066 3698 virtutes
1097 3639 1376 3701 Ecclesiae,
1400 3638 1555 3707 quasi
1587 3635 2006 3705 confrioguntur
2028 3649 2128 3704 per

533 3742 658 3798 illas
681 3737 1088 3802 tribulationes,
1114 3748 1250 3805 quas
1276 3731 1554 3786 sustinent
1593 3733 1792 3785 sancti.
1828 3728 2128 3801 Exprobre-

531 3842 713 3887 rerum
737 3847 817 3885 me
840 3827 1035 3884 inimici
1065 3827 1183 3880 mei.
1218 3823 1318 3880 Vel
1342 3822 1400 3877 in
1426 3821 1784 3894 martyribus,
1817 3821 1898 3876 vel
1929 3822 1980 3875 in
2003 3821 2126 3876 aliis

533 3922 966 3979 confessoribus.

599 4014 740 4069 Dum
766 4015 958 4068 dicitur
1004 4013 1132 4066 mihi
1164 4028 1254 4084 per
1298 4009 1531 4082 singulos
1571 4009 1682 4064 dies
1711 4025 1728 4063 .°
1755 4008 1854 4065 Ubi
1877 4020 1950 4064 est
1984 4008 2126 4064 Deus

534 4105 851 4164 tuus?Cum
874 4119 975 4176 ego
1007 4115 1059 4159 te
1107 4119 1202 4174 per
1238 4104 1617 4173 paenitentiam
1661 4112 1715 4157 et
1764 4103 2121 4158 afflictionem

527 4201 776 4271 corporis
819 4199 1126 4266 animmque
1173 4197 1391 4268 placare
1445 4194 1816 4250 desiderarem
1863 4213 1873 4249 :
1917 4196 2122 4251 inimici

524 4295 658 4358 mei,
684 4293 836 4364 quasi
867 4293 1144 4347 incassum
1179 4290 1292 4345 hzee
1311 4290 1567 4353 facerem,
1599 4288 1856 4344 dicebant
1882 4306 1896 4343 :
1928 4288 2026 4344 Ubi
2047 4300 2122 4344 est

525 4386 670 4441 Deus
697 4394 816 4440 tuus
839 4385 865 4438 ?
913 4381 1222 4438 nescientes
1253 4381 1344 4436 illa
1371 4381 1583 4436 occulta
1622 4396 1744 4450 qua:
1796 4383 2122 4450 praeparavit

523 4479 672 4536 Deus
701 4477 1052 4548 diligentibus
1083 4493 1162 4531 se.
1193 4476 1363 4542 Quare
1389 4475 1552 4528 tristis
1580 4491 1656 4542 es,
1690 4477 1869 4530 anima
1897 4491 2030 4543 mea,
2073 4485 2120 4530 et

2233 3261 2425 3316 uacula
2471 3267 2599 3326 tua,
2635 3261 2890 3316 Domine!

2310 3353 2540 3409 lntroibo
2573 3354 2643 3407 ad
2669 3355 2834 3409 altare
2870 3353 2986 3408 Dei.
3025 3343 3127 3408 Mei
3154 3395 3168 3418 ,
3209 3353 3301 3408 ubi
3335 3369 3441 3408 non
3465 3353 3590 3424 ’jarr
3627 3354 3821 3410 vitulos

2230 3457 2284 3503 et
2315 3447 2546 3514 arietes,
2576 3446 2670 3503 sed
2721 3446 2985 3516 meipsum
3032 3445 3318 3500 exhibeam
3367 3447 3598 3501 hostiam
3649 3449 3819 3502 vivam

2235 3541 2541 3610 placentem
2597 3539 2696 3594 illi.
2751 3538 2834 3592 Ad
2883 3537 3047 3593 Deum
3088 3539 3175 3608 qui
3227 3537 3458 3607 lmiﬁcat
3503 3541 3818 3609 jurentutem

2231 3649 2416 3690 meam.
2450 3633 2585 3688 Cum
2632 3641 2931 3703 expurgato
2959 3632 3228 3687 fermento
3270 3631 3440 3686 veteri
3470 3631 3523 3686 in
3565 3646 3704 3688 novo
3734 3648 3819 3689 me

2233 3728 2452 3784 homine
2479 3737 2732 3798 tanquam
2755 3726 3108 3798 juvenculum
3133 3725 3466 3780 consolatur.

2303 3822 2610 3892 Conﬁtebor'
2645 3821 2736 3875 tibi
2781 3821 2835 3875 in
2884 3821 3118 3885 cithara,
3173 3819 3308 3874 Deus
3343 3817 3480 3872 Deus
3510 3835 3668 3874 meus.
3713 3818 3816 3874 Per

2229 3915 2702 3970 mortificationem
2745 3915 2926 3969 carnis
2975 3931 2989 3966 :
3031 3913 3153 3984 quia
3200 3912 3496 3968 crucifixus
3549 3922 3633 3969 est
3685 3914 3811 3969 mihi

2230 4007 2492 4074 mundus,
2524 4017 2579 4062 et
2605 4023 2707 4076 ego
2739 4005 2964 4062 mundo.
2991 4005 3164 4071 Quare
3186 4007 3346 4059 tristis
3368 4021 3453 4070 es,
3478 4007 3654 4060 anima
3680 4023 3807 4072 mea,

2229 4111 2276 4156 et
2315 4117 2475 4172 quare
2498 4099 2777 4155 conturbas
2819 4101 2936 4156 me?
2963 4098 3102 4166 Quia
3132 4097 3384 4154 desidero
3412 4099 3601 4155 videre
3629 4099 3676 4154 in
3704 4115 3807 4168 quo

2228 4208 2378 4264 spem
2413 4193 2588 4262 posui.

2301 4283 2471 4353 Spera
2495 4285 2547 4338 in
2589 4283 2731 4350 Deo,
2761 4285 3005 4353 quoniam
3050 4284 3220 4338 adhuc
3246 4285 3532 4351 confitebor
3556 4283 3663 4351 illi,
3697 4292 3799 4339 etc.

2228 4376 2410 4445 Ipsum
2451 4375 2748 4431 confitetur
2788 4395 2800 4430 :
2842 4378 2909 4433 ab
2948 4378 3067 4446 ipso
3096 4386 3316 4447 peccata
3342 4391 3438 4430 sua
3471 4376 3665 4431 dimitti
3687 4391 3799 4446 pos-

2229 4471 2381 4524 tulat.
2416 4470 2592 4540 Ipsum
2637 4470 2879 4526 salutare
2913 4471 3095 4526 vultus
3127 4470 3210 4524 sui
3243 4469 3374 4524 dicit
3406 4489 3419 4525 :
3450 4469 3630 4540 ipsum
3654 4467 3798 4524 inro-

520 4587 679 4644 quare
701 4570 980 4627 conturbas
1010 4572 1131 4626 me?
1151 4569 1291 4640 Quia
1321 4584 1500 4626 meum
1542 4569 1873 4626 desiderium
1899 4571 2122 4640 prolon-
2147 4561 2201 4622 D
2225 4573 2312 4619 cat
2341 4572 2397 4619 et
2425 4562 2633 4618 adorat.
2658 4563 2829 4629 Quem
2860 4573 2915 4618 et
2945 4576 3044 4618 nos
3071 4561 3396 4618 confitentes
3427 4563 3793 4632 exposcimus:

515 4674 698 4738 gatur.

592 4760 762 4831 Spera
787 4763 839 4814 in
872 4758 1002 4838 Deo,
1025 4759 1269 4828 quoniam
1299 4759 1582 4830 conﬁtebor
1625 4760 1706 4815 illi
1731 4761 1964 4815 salutare
2008 4758 2118 4813 vnl-

519 4865 604 4909 tus
630 4856 728 4910 mei
749 4864 794 4908 et
819 4853 960 4908 Deus
989 4870 1149 4908 meus.
1174 4853 1230 4909 lu
1262 4852 1381 4923 ipso
1409 4861 1591 4908 nostra
1633 4853 1703 4908 sit
1730 4867 1854 4922 spes
1898 4867 2115 4922 semper

517 4955 773 5004 attenta:
811 4948 928 5017 ipse
974 4961 1163 5002 omnes
1212 4945 1408 5002 ﬂuctus
1450 4945 1702 5016 mitiget:
1739 4945 1856 5014 ipse
1901 4959 2000 5000 nos
2055 4944 2109 5000 in

515 5041 906 5096 tentationibus
929 5049 1249 5094 conservet:
1280 5039 1397 5109 ipse
1424 5039 1568 5093 sitim
1599 5047 1840 5093 nostram
1863 5055 1957 5094 sua
1975 5053 2106 5093 con-

515 5132 871 5202 templatione
901 5132 1087 5196 satist,
1127 5145 1333 5202 nosque
1356 5131 1536 5186 vultus
1565 5132 1649 5186 sui
1696 5131 1926 5187 salutari
1976 5130 2111 5186 vivi-

513 5223 662 5280 licet.

1051 5316 1366 5375 PSALMUS
1411 5316 1570 5373 XLII.

507 5450 755 5505 Psalmus
802 5450 993 5505 David.
1042 5452 1151 5506 Iste
1203 5450 1470 5521 psalmus,
1533 5450 1658 5506 licet
1713 5450 1766 5504 iu
1829 5449 2096 5519 aliquibus

578 5522 862 5577 versiculis
916 5522 1224 5591 passionem
1277 5521 1610 5576 Dominicam
1659 5522 1864 5590 signet,
1917 5531 2096 5575 tamen

572 5607 763 5646 vocem
790 5593 950 5648 habet
981 5594 1175 5646 anime
1233 5592 1430 5656 fidelis,
1457 5593 1631 5648 lucem
1687 5593 1847 5661 hujus
1885 5591 2092 5657 mundi,

577 5663 629 5718 id
652 5671 738 5716 est
765 5661 1063 5728 Christum,
1091 5663 1478 5719 desiderantis.

574 5793 765 5848 Indica
789 5813 886 5863 me,
920 5797 1078 5862 Deus,
1109 5809 1156 5852 et
1185 5799 1417 5852 discerne
1438 5816 1646 5854 causam
1669 5815 1832 5854 meam
1856 5801 1918 5856 de
1943 5809 2096 5871 gente

2230 4666 2286 4712 ut
2317 4672 2620 4712 mereamur
2645 4656 2763 4726 ejus
2793 4656 2913 4711 luce
2956 4655 3281 4720 illuminari,
3313 4653 3401 4708 via
3431 4653 3632 4724 dirigi,
3659 4653 3792 4708 veri-

2226 4759 2337 4805 tate
2376 4749 2612 4819 corrigi,
2646 4749 2754 4804 vita
2800 4747 3162 4819 locupletari:
3196 4746 3327 4814 Vel,
3358 4747 3592 4801 salutare
3637 4746 3789 4799 cultus

2223 4844 2322 4898 mei
2345 4842 2483 4896 Deus
2505 4859 2666 4896 meus.
2695 4842 2931 4898 Salvatio
2961 4842 3155 4896 anima:
3179 4855 3314 4896 mea:
3348 4841 3489 4896 Deus
3515 4855 3665 4895 meus
3691 4849 3786 4903 est.

2221 4946 2278 4992 et
2308 4937 2484 4992 vultus
2504 4981 2518 5006 ,
2542 4936 2645 4992 hoc
2674 4947 2760 4992 est
2781 4977 2795 5003 ,
2829 4945 3077 5007 aspectus
3097 4936 3290 4990 anima:
3317 4949 3451 4990 mete
3481 4921 3624 4991 Deus
3649 4948 3782 4990 meus

2217 5039 2322 5088 es"
2743 5100 3064 5204 P§ALMUS
3100 5099 3287 5156 xun.

2216 5235 2281 5292 In
2313 5237 2499 5308 ﬁnem,
2525 5253 2622 5308 pro
2647 5237 2769 5306 filiis
2795 5235 2946 5302 Core,
2979 5237 3291 5291 intellectus.
3332 5236 3508 5304 Core,
3540 5236 3780 5304 interpre-

2288 5307 2430 5362 téatnr
2475 5307 2537 5361 de
2563 5307 2836 5372 Calvario,
2870 5318 2925 5361 et
2957 5308 3214 5362 Dominus
3240 5309 3290 5361 in
3320 5317 3508 5362 monte
3536 5308 3778 5364 Calvarite

2281 5381 2380 5436 fuit
2430 5379 2748 5435 crucilixus.
2804 5377 2923 5432 Filii
2975 5377 3153 5439 Core.
3203 5377 3296 5434 ﬁlii
3319 5378 3524 5434 Christi
3577 5378 3769 5433 :sancti

2284 5452 2539 5519 apostoli,
2555 5451 2639 5504 vel
2664 5459 2931 5521 martyres
2952 5461 3072 5504 sunt
3087 5490 3100 5504 .
3117 5448 3268 5505 [lude
3290 5449 3496 5521 dictum
3528 5460 3612 5521 est
3640 5467 3650 5501 :
3675 5449 3768 5504 Non

2273 5532 2501 5591 possunt
2526 5521 2619 5591 lilii
2669 5520 2853 5588 sponsi
2888 5521 3106 5591 lugere,
3133 5520 3390 5588 quamdiu
3417 5536 3539 5576 eum
3574 5520 3675 5576 illis
3702 5527 3770 5574 est

2274 5589 2506 5663 sponsus
2533 5590 2756 5662 (Matth.
2789 5593 2889 5657 Ix).
2919 5589 3222 5646 Intellectus
3253 5607 3272 5646 :
3302 5593 3402 5646 hoc
3431 5602 3532 5650 est.
3553 5605 3608 5646 ut
3637 5593 3768 5646 intel-

2275 5665 2503 5733 ligamus
2532 5665 2713 5728 illum,
2740 5663 2830 5733 qui
2856 5664 3064 5716 initium
3089 5663 3319 5732 sumpsit
3349 5663 3644 5718 secundum
3669 5678 3766 5718 car-

2273 5749 2397 5788 nem
2429 5750 2497 5788 ex
2529 5745 2772 5803 tempore
2793 5776 2807 5800 ,
2830 5743 2884 5788 et
2910 5744 3034 5787 ante
3061 5737 3258 5790 smcula
3285 5747 3367 5788 est
3397 5735 3629 5804 genitus.
3661 5733 3754 5792 Vel.

2273 5804 2577 5860 intellectus
2621 5815 2704 5860 est
2748 5813 2849 5858 :ut
2896 5804 3260 5876 intelligamus
3308 5805 3376 5860 de
3423 5807 3758 5876 prosperitate
