4034 6316
243 327 340 385 953

1183 327 1612 386 BREVIARIL'M
1653 325 1719 384 IN
1760 323 2097 387 PSALMOS.
2141 330 2386 389 PSALM.
2430 331 2612 389 XLIII.

3435 331 3537 386 954

307 441 572 511 praesenti
605 451 978 521 pecgtorttm,
1011 451 1066 497 et
1089 442 1158 499 de
1190 443 1538 521 tribulatione
1578 441 1835 521 praesenti
1863 446 1920 506 Α
2015 445 2082 503 In
2112 447 2222 504 Deo
2253 449 2582 504 laudabimur
2605 460 2714 505 tota
2749 450 2853 505 die.
2900 449 3033 520 Quia
3064 449 3178 521 ipse
3208 458 3291 505 est
3330 448 3447 504 laus
3485 459 3541 505 et

310 521 658 568 sanctorum.
715 513 961 568 Psalmns
1010 530 1116 567 non
1148 516 1417 568 anteriora
1453 517 1590 569 tacta
1640 517 1836 578 docet,

312 584 407 638 sed
453 584 766 639 Eeelesiam
815 586 868 638 in
897 584 1118 640 Christo
1158 585 1366 640 renasci
1399 585 1741 655 pronuntiat,
1775 599 1839 638 ac

315 655 504 709 ﬁdeles
535 655 590 710 in
642 672 703 710 ea
735 666 996 725 provocat
1024 657 1089 709 ad
1119 671 1376 726 agonem,
1407 657 1700 713 ostendens
1741 671 1838 710 ne-

313 728 524 780 minem
574 741 738 792 posse
759 769 775 791 ,
807 728 906 780 nisi
955 727 1047 796 qui
1081 728 1317 798 legitime
1347 730 1658 786 certaverit.
1683 743 1840 782 coro-

317 800 435 850 nari
484 798 580 850 :in
631 811 743 866 quo
771 799 934 854 etiam
986 800 1302 871 plerumque
1336 814 1497 854 voces
1542 807 1839 871 martyrum

317 869 698 921 proferuntur.

317 877 698 941 proteruntur.

318 1002 492 1071 Deus,
525 1005 739 1058 auribus
779 1005 971 1059 nostris
1016 1006 1327 1060 audiuimus.
1361 1005 1466 1062 Per
1499 1005 1834 1076 spiritualem

245 1111 469 1153 sensum
501 1098 888 1168 cognovimus,
917 1098 1067 1166 juxta
1098 1098 1226 1152 illud
1257 1098 1469 1154 Domini
1500 1116 1512 1152 :
1547 1098 1647 1166 Qui
1677 1097 1839 1152 habet

245 1203 410 1246 aures
440 1189 732 1257 audiendi,
783 1190 970 1245 audiat
995 1189 1153 1262 (Luc.
1190 1190 1330 1262 vm).
1362 1189 1428 1246 Et
1453 1201 1625 1262 patres
1653 1192 1836 1246 nostri.

243 1284 494 1354 Apostoli
540 1296 594 1341 et
627 1285 937 1356 propheta,
967 1300 1202 1356 quorum
1245 1285 1630 1354 praedicatione
1664 1283 1840 1339 renati

242 1390 433 1432 smnus
471 1379 540 1434 ad
590 1379 781 1434 vitam.
826 1380 1277 1434 Annuntiaverunt
1332 1380 1477 1434 nobis
1524 1396 1652 1449 apus
1697 1380 1838 1450 quod

241 1481 484 1544 aperatus
524 1489 577 1527 es
625 1473 678 1526 in
723 1473 907 1527 diebus
952 1489 1163 1537 coruus,
1194 1482 1240 1527 et
1283 1473 1336 1525 in
1371 1472 1547 1526 diebus
1590 1472 1834 1541 antiquis.

242 1565 720 1620 Annuntiaverunt
769 1563 1044 1634 propheta:
1072 1580 1193 1635 qua:
1242 1574 1367 1619 sunt
1420 1571 1574 1634 gesta
1621 1562 1835 1617 illorum

243 1665 514 1726 tempore.
549 1657 1028 1711 Annuntiaveruut
1052 1655 1322 1726 apostoli,
1353 1670 1473 1726 quae
1507 1663 1557 1710 te
1584 1653 1840 1710 viderunt

240 1761 584 1819 eperantem.

1945 541 2113 611 gloria
2164 552 2368 598 nostra.
2403 541 2470 596 Et
2518 545 2570 598 in
2603 544 2808 599 nomine
2845 553 2931 598 tuo
2979 544 3340 614 conﬁtebimur
3367 544 3458 598 tibi
3484 544 3536 598 in

1942 637 2212 691 sa’culum.
2242 635 2398 703 Quod
2426 651 2456 690 a
2488 646 2538 693 te
2562 636 2808 704 Christo,
2838 636 3132 693 Christiani
3178 652 3460 692 vocamur.

2019 725 2173 780 Nunc
2203 737 2371 781 autem
2419 728 2655 798 repuliin
2684 737 2730 782 et
2775 728 3056 800 confudisti
3103 744 3213 781 nos.
3243 726 3376 782 Cum
3417 728 3527 795 ait,

1944 836 2111 887 nunc,
2146 836 2385 892 przeseus
2427 830 2646 892 tempus
2693 823 2956 880 ostendit.
2991 823 3132 896 Ergo
3174 824 3228 879 in
3274 825 3532 895 prmsenti

1945 920 2191 981 tempore
2235 913 2302 969 ad
2335 916 2780 970 exercitationem
2813 916 3149 988 repellimttr,
3179 926 3236 972 ut
3275 917 3328 972 in
3367 926 3532 972 teter-

1947 1021 2075 1060 num
2121 1006 2506 1076 gloriﬁcemur.
2553 1009 2709 1079 Stepe
2739 1010 2883 1065 enim
2927 1019 2982 1066 et
3007 1021 3271 1083 martyres
3313 1010 3364 1066 in
3395 1019 3532 1066 tem-

1947 1115 2077 1170 pore
2105 1099 2291 1153 dicunt
2321 1117 2333 1153 :
2381 1099 2447 1153 Et
2486 1117 2586 1154 non
2613 1101 2911 1171 egredieris,
2965 1101 3128 1165 Deus,
3175 1103 3226 1156 in
3258 1102 3530 1156 virtutibus

1946 1191 2157 1246 nostris.
2201 1188 2273 1246 Ut
2303 1205 2402 1246 nos
2446 1189 2501 1245 in
2532 1203 2808 1262 posterum
2838 1203 3092 1265 perpetua
3119 1193 3318 1250 virtute
3347 1208 3536 1251 corro-

1947 1285 2077 1341 hora
2086 1301 2197 1340 res.

2017 1378 2262 1432 At-ertisti
2291 1395 2383 1434 nos
2408 1387 2690 1434 retrorsum
2721 1388 2830 1450 post
2854 1380 3087 1435 inimicos
3115 1392 3336 1438 nostros.
3366 1381 3456 1439 Sic
3481 1393 3541 1440 et

1944 1471 2166 1528 Petrum
2200 1473 2464 1529 Dominus
2493 1485 2798 1529 retrorsum
2826 1475 3127 1541 convertit,
3171 1484 3230 1531 ut
3261 1476 3311 1530 in
3342 1478 3533 1533 melius

1948 1575 2250 1636 repararet.
2283 1565 2426 1637 Ergo
2456 1577 2508 1622 et
2538 1581 2636 1622 nos
2661 1567 2917 1623 debemus
2949 1579 3248 1625 retrorsum
3271 1574 3535 1640 converti,

1945 1675 2012 1713 ne
2044 1657 2096 1713 in
2120 1658 2223 1714 viis
2249 1659 2434 1728 pravis
2463 1657 2722 1729 perduret
2751 1659 2855 1715 iter
2885 1671 3152 1717 neSIrum.
3176 1662 3445 1720 Debemus
3483 1674 3540 1721 et

1945 1750 2199 1805 inimicos
2227 1759 2446 1805 nostros
2474 1758 2598 1806 ante
2626 1765 2727 1805 nos
2769 1749 2996 1819 habere,
3032 1762 3090 1807 ut
3127 1753 3368 1810 sciamus
3402 1755 3533 1826 quid

319 1841 512 1897 Manus
540 1851 631 1896 tua
669 1853 841 1915 gentes
865 1844 1203 1916 disperdidit,
1230 1853 1278 1898 et
1301 1844 1553 1914 plautasti
1577 1859 1683 1898 eos.
1713 1842 1835 1897 Dis-
1868 1848 1914 1910 Β
1944 1857 2141 1898 cavere
2161 1842 2473 1898 debeamus.
2504 1842 2658 1909 Quod
2687 1853 2738 1898 et
2767 1843 2966 1914 si,post
2996 1843 3271 1901 Christum
3301 1863 3532 1904 conver-

240 1933 531 2008 perdidisti
562 1935 632 1990 ab
664 1935 906 1992 Ecclesia
960 1951 1125 1991 onera
1161 1937 1419 1991 vitiorum
1443 1977 1456 2000 ,
1490 1944 1543 1992 et
1589 1935 1839 2006 plantasti

239 2039 566 2084 ornamenta
602 2029 863 2084 virtutum
898 2045 912 2082 :
948 2030 999 2083 id
1048 2044 1168 2094 εει,
1222 2029 1471 2086 homines
1512 2030 1719 2100 justos,
1748 2030 1839 2100 qui

239 2119 480 2176 fructum
525 2121 820 2178 exhibeant
861 2122 1188 2177 sanctitatis.
1222 2122 1460 2193 Aﬂlixisti
1511 2123 1761 2194 populos,
1792 2131 1840 2176 et

239 2213 493 2283 expulisti
537 2229 643 2268 eos.
677 2212 823 2280 Illos,
857 2213 973 2284 qui,
1016 2221 1068 2269 te
1099 2212 1325 2282 relicto,
1354 2215 1419 2269 ad
1468 2213 1836 2270 idololatriatn

241 2306 619 2363 declinabant.

317 2401 439 2456 Non
477 2403 615 2458 enim
641 2404 697 2457 in
717 2403 897 2472 gladio
922 2419 1016 2458 suo
1040 2405 1380 2474 possederunt
1411 2413 1622 2460 terram.
1649 2404 1756 2462 Sed
1783 2406 1838 2460 in

239 2494 664 2552 mansuetudine
709 2497 908 2551 mentis
960 2498 1136 2568 :quia
1182 2496 1328 2552 beati
1385 2499 1684 2563 mansueti,
1736 2499 1839 2570 ipsi

236 2587 649 2645 ltzrreditabunt
695 2589 996 2646 viventium
1031 2600 1232 2647 terram
1267 2591 1485 2662 (Matth.
1511 2592 1587 2664 v).
1621 2591 1690 2646 Et
1719 2593 1839 2648 bra-

237 2683 416 2737 chium
443 2700 621 2740 eorum
671 2701 773 2738 non
825 2686 1044 2738 salvabit
1093 2702 1178 2740 eos
1208 2702 1227 2740 .'
1266 2687 1354 2740 sed
1382 2686 1593 2741 dextera
1637 2697 1758 2754 tua,
1792 2697 1838 2741 et

237 2775 510 2832 brachium
557 2787 733 2845 tuum,
786 2789 835 2833 et
881 2778 1198 2834 illuminatio
1239 2781 1402 2848 faciei.
1439 2791 1559 2835 tuae.
1603 2780 1837 2837 Dextera

236 2868 451 2937 Patris,
492 2869 750 2926 Christus
779 2881 864 2927 est
900 2889 915 2926 :
946 2881 1003 2926 ut
1052 2871 1229 2927 illud:
1267 2873 1500 2929 Dextera
1543 2875 1686 2928 enim
1739 2889 1834 2929 sua

236 2963 500 3019 exaltavit
528 2979 628 3019 nos
678 2981 692 3018 :
743 2964 794 3018 id
833 2974 951 3032 est,
988 2965 1272 3020 brachium
1307 2982 1320 3019 :
1354 2966 1496 3020 sicut
1527 2965 1655 3022 alibi
1705 2981 1719 3020 :
1771 2965 1838 3021 Et

233 3055 520 3111 brachium
549 3055 764 3111 Domini
807 3058 894 3112 cui
927 3057 1224 3114 revelatum
1254 3068 1334 3112 est
1365 3057 1520 3129 (Isai.
1557 3057 1697 3127 Lm)?
1721 3059 1839 3128 Ipse

235 3157 296 3204 et
341 3149 672 3204 illuminatio
719 3159 830 3206 :ut
874 3150 945 3206 ibi
995 3150 1099 3206 :ln
1132 3150 1338 3205 lumine
1388 3159 1481 3204 tuo
1532 3150 1836 3206 videbimus

1944 1935 2107 1991 timur
2143 1946 2200 1990 ut
2227 1935 2442 1998 Petrus,
2477 1936 2738 1991 habentes
2767 1951 2888 1992 eum
2915 1947 3040 1993 ante
3070 1953 3193 2008 nos,
3227 1940 3360 1996 nihil
3385 1942 3528 1996 ultra

1945 2037 2270 2082 metuemus.
2303 2025 2366 2081 Et
2390 2027 2479 2099 qui
2503 2017 2865 2093 oderunt'nos,
2890 2030 3199 2100 diripiebant
3215 2031 3332 2086 sibi.
3361 2032 3531 2103 Prop-

1947 2131 2030 2176 ter
2065 2134 2263 2175 nomen
2292 2120 2435 2175 enim
2470 2130 2618 2176 tuum
2648 2120 2977 2192 diripiebant
3003 2137 3103 2178 nos
3130 2141 3142 2177 :
3176 2139 3301 2179 eum
3330 2124 3382 2179 in
3413 2138 3534 2180 car-

1944 2213 2160 2269 ceribus
2180 2255 2194 2278 ,
2225 2213 2275 2266 in
2308 2211 2476 2282 plagis
2499 2255 2513 2277 ,
2545 2213 2598 2267 in
2632 2213 2855 2284 reliquis
2881 2229 2979 2269 nos
3003 2225 3261 2272 vexarent
3292 2226 3531 2272 tormen-
3595 2287 3598 2289 Α

1945 2305 2032 2360 tis.
2067 2303 2174 2360 Sed
2205 2319 2316 2360 non
2357 2318 2456 2361 nos
2482 2305 2755 2376 separavit
2781 2319 2810 2361 a
2835 2305 3097 2364 charitate
3125 2316 3214 2364 tua
3237 2308 3331 2364 illa
3363 2307 3535 2370 tribu:

1944 2398 2096 2454 latio.

2015 2491 2221 2547 Dedisti
2246 2511 2338 2549 nos
2366 2503 2630 2567 tamquam
2657 2511 2770 2550 aves
2791 2511 3045 2551 escarum.
3069 2496 3222 2553 Sicut
3248 2497 3392 2553 enim
3427 2498 3532 2553 Do-

1943 2586 2122 2640 minus
2171 2596 2442 2657 tamquam
2475 2589 2595 2642 ovis
2637 2587 2702 2642 ad
2734 2589 3065 2646 occisionem
3111 2589 3339 2657 ductus,
3371 2591 3532 2648 datus

1941 2690 2026 2736 est
2072 2696 2198 2736 esea
2231 2683 2476 2753 populis,
2508 2699 2630 2740 cum
2665 2683 2794 2740 dicit
2828 2702 2842 2740 :
2899 2686 3011 2741 Nisi
3064 2686 3527 2747 manducaveritis

1940 2788 2159 2828 carnem
2192 2773 2315 2829 Filii
2364 2776 2618 2838 hominis.
2653 2793 2760 2832 non
2791 2776 3063 2835 habebitis
3092 2780 3256 2835 vitam
3288 2780 3526 2836 in'vobis

1944 2867 2124 2939 (Joan.
2155 2867 2229 2940 γι)
2273 2885 2287 2922 :
2319 2869 2388 2923 ita
2420 2877 2475 2923 et
2521 2871 2731 2935 sancti,
2763 2871 2904 2926 sicut
2951 2871 3206 2941 superius
3249 2871 3486 2928 diximus
3511 2913 3526 2939 ,

1941 2961 1994 3016 in
2026 2960 2211 3016 multis
2261 2961 2700 3016 tribulationibus
2737 2962 2884 3030 dati,
2917 2962 3044 3018 facti
3094 2973 3221 3018 sunt
3269 2963 3526 3034 pabulum

1938 3057 2188 3127 gentibus
2215 3074 2226 3110 :
2254 3056 2340 3111 vel
2366 3071 2487 3110 eum
2510 3055 2763 3111 alimenta
2784 3065 3006 3111 teternte
3029 3056 3154 3112 vita:
3182 3055 3527 3115 ministrant:

1941 3147 2027 3201 vel
2057 3145 2184 3201 dum
2231 3145 2584 3217 rapacitatem
2618 3161 2804 3201 eorum
2849 3146 2916 3201 de
2947 3136 3062 3202 suis
3089 3147 3345 3203 trrnmnis
3368 3163 3528 3204 exsa-

234 3241 424 3299 lumen
459 3240 636 3312 (Psal.
678 3241 820 3314 LIII).
871 3243 970 3299 llic
1021 3249 1106 3300 est
1152 3243 1318 3314 igitur
1362 3243 1560 3297 missus
1589 3260 1618 3297 a
1654 3243 1832 3311 Patre,
1865 3249 1912 3314 ο
1945 3241 2096 3296 tiant.
2127 3240 2194 3296 Et
2235 3242 2288 3295 in
2320 3242 2618 3296 nationibus
2644 3241 2930 3314 dispersisti
2959 3258 3070 3298 nos.
3107 3241 3177 3298 Ut
3213 3240 3280 3297 ad
3312 3251 3528 3315 tempus

235 3346 298 3392 ut
326 3337 587 3393 liberaret
631 3353 783 3394 suos.
834 3339 898 3393 Et
929 3355 1027 3394 our
1077 3353 1173 3393 eos
1206 3333 1560 3400 liberaverit,
1593 3337 1829 3407 adjecit:

239 3429 504 3498 Quoniam
551 3430 916 3503 complacuiin
963 3432 1016 3484 in
1050 3431 1143 3485 eis.
1189 3430 1317 3486 Vult
1351 3431 1496 3485 enim
1541 3430 1682 3486 Deus
1725 3441 1834 3488 :ut

232 3523 381 3578 sicut
428 3522 479 3579 ei
527 3523 929 3594 beneplacitum
956 3535 1042 3580 est
1074 3525 1124 3578 in
1155 3522 1329 3590 Filio,
1359 3523 1430 3578 ita
1461 3531 1516 3578 et
1541 3537 1639 3578 nos
1667 3523 1834 3578 bene-

230 3615 518 3688 placentes
541 3616 715 3698 sitnus
746 3617 798 3672 in
833 3617 986 3688 ipso,
1017 3617 1060 3672 si
1092 3617 1345 3672 volumus
1376 3616 1624 3672 liberari.

309 3707 388 3763 Tu
414 3725 466 3764 es
511 3711 624 3780 ipse
666 3725 762 3764 rea;
801 3725 965 3764 meus.
1014 3709 1114 3776 Qui
1167 3709 1220 3763 in
1251 3710 1348 3764 me
1380 3725 1610 3780 regnas,
1641 3717 1697 3764 et
1723 3724 1830 3764 non

233 3809 545 3872 peccatum.
572 3799 639 3855 Et
662 3798 803 3855 Deus
843 3817 1008 3854 meus.
1034 3802 1078 3856 A
1102 3815 1208 3871 quo
1232 3815 1351 3854 sum
1385 3801 1697 3869 acquisitus.
1732 3799 1833 3867 Qui

234 3892 460 3945 mandas
483 3891 680 3946 salutes
707 3888 887 3944 Iacob.
924 3889 1037 3945 lloc
1083 3899 1194 3958 est,
1233 3891 1430 3960 pepulo
1476 3889 1782 3946 Christiano
1815 3907 1829 3948 :

233 3984 330 4054 qui
391 3985 741 4054 supplantato
799 3983 1055 4051 seniore,
1109 3985 1420 4038 mandatum
1481 3984 1672 4038 salutis
1737 3999 1833 4054 per

233 4075 547 4132 doctrinam
584 4074 954 4146 prephetieam
984 4085 1146 4146 atque
1185 4076 1534 4145 apostolicam
1567 4079 1827 4148 suscepit.

311 4169 339 4223 Ι
350 4187 381 4222 n
415 4178 464 4223 te
502 4171 640 4225 enim
669 4169 907 4222 inimicos
930 4178 1136 4222 nostros
1165 4169 1518 4227 t'enlilabimus
1552 4186 1742 4236 cornu,
1786 4182 1833 4224 et

233 4265 290 4318 in
318 4265 528 4317 nomine
575 4275 662 4318 tuo
693 4279 994 4335 spernentus
1023 4265 1344 4336 insurgentes
1373 4265 1426 4318 in
1459 4267 1625 4320 nobis.
1650 4265 1697 4320 Α
1718 4281 1836 4320 cor-

232 4358 397 4413 nibus
441 4357 646 4428 aliquid
695 4357 1011 4424 ventilatur,
1069 4367 1127 4411 ut
1155 4357 1488 4422 Sedechias,
1536 4360 1626 4427 qui
1680 4358 1832 4414 lat-tis

232 4449 450 4504 duobus
495 4447 691 4505 ferreis
721 4449 981 4504 cornibus
1021 4432 1236 4504 dicebat
1272 4467 1284 4502 :
1317 4451 1405 4505 Sic
1431 4451 1724 4505 ventilabis
1754 4459 1834 4505 to-

238 4553 349 4598 tam
381 4541 594 4613 Syriam
641 4541 737 4614 (111
768 4541 899 4614 Reg.
947 4542 1083 4614 xxi).
1131 4541 1310 4596 Cornu
1364 4555 1497 4596 vero
1551 4550 1828 4607 nostrum,

1939 3333 2352 3389 dominarentur
2377 3333 2570 3389 nostri.

2019 3428 2250 3483 Vendisti
2273 3429 2520 3500 pepulum
2549 3438 2689 3483 tuum
2716 3429 2826 3483 sine
2848 3430 3028 3498 pretio.
3052 3427 3273 3500 'Usque
3295 3443 3435 3485 nunc
3463 3429 3532 3486 de

1936 3537 1996 3578 se
2028 3521 2193 3578 locuti
2214 3531 2342 3577 sunt
2372 3531 2636 3596 martyres
2663 3539 2676 3576 :
2704 3537 2847 3577 nunc
2867 3522 2935 3578 de
2961 3521 3273 3579 Judceorum
3321 3523 3524 3595 populo

1937 3614 2157 3683 dicitur,
2189 3615 2380 3685 quibus
2407 3614 2612 3669 dictum
2644 3624 2725 3670 est
2761 3633 2773 3669 :
2807 3615 2866 3670 In
2898 3615 3136 3686 peccatis
3170 3616 3365 3671 vestris
3395 3631 3525 3670 ven-

1936 3707 2034 3763 diti
2066 3708 2198 3762 estis
2225 3707 2376 3775 (Isai.
2410 3706 2487 3778 1.).
2514 3705 2582 3762 Et
2611 3707 2732 3762 ideo
2759 3707 2877 3762 sine
2906 3706 3083 3776 pretio
3109 3723 3122 3760 :
3154 3707 3276 3778 quia
3306 3721 3412 3761 non
3442 3716 3528 3762 est

1937 3798 2140 3855 eﬂ'usus
2170 3798 2309 3870 Agni
2340 3799 2558 3866 sanguis
2605 3813 2700 3868 pro
2732 3797 2833 3853 eis.
2865 3797 2932 3852 Et
2971 3815 3072 3852 non
3119 3799 3219 3869 fuit
3249 3797 3527 3852 multitudo

1937 3894 1991 3946 in
2042 3893 2527 3947 commutationibus
2579 3893 2786 3947 nostris.
2832 3891 3001 3946 Vilior
3030 3900 3146 3946 erat
3173 3907 3383 3948 merces
3406 3909 3527 3961 qua:

1937 3986 2039 4041 fuit
2085 3985 2298 4040 vendita
2333 4003 2346 4040 :
2381 3985 2503 4040 ideo
2533 4000 2638 4040 non
2668 3995 2749 4040 est
2775 3986 3128 4040 commutatio
3176 3986 3336 4040 facta.
3389 3985 3522 4041 Nam

1937 4080 2203 4136 Dominus
2237 4079 2489 4150 pupulum
2529 4095 2688 4148 quem
2733 4079 2882 4148 emit,
2917 4094 3022 4135 non
3061 4094 3196 4135 auro
3225 4096 3400 4150 neque
3440 4097 3529 4137 ar-

1937 4183 2100 4243 gento
2123 4214 2136 4237 ,
2168 4172 2261 4227 sed
2311 4172 2548 4241 pretioso
2581 4185 2642 4226 ae
2667 4172 2888 4242 pr0prio
2918 4188 3039 4227 eum
3071 4173 3342 4243 sanguine
3369 4187 3519 4229 com-

1940 4267 2151 4336 paravit
2197 4265 2376 4320 :sicut
2401 4265 2475 4319 ait
2498 4265 2684 4320 Petrus
2713 4264 2994 4332 apostolus
3016 4263 3058 4336 (Ι
3092 4263 3236 4319 Petr.
3261 4267 3323 4335 ι).

2012 4356 2243 4414 Posuisti
2285 4377 2375 4413 nos
2405 4359 2736 4431 opprobrium
2760 4359 2940 4412 vicinis
2970 4358 3159 4412 nostris
3191 4373 3209 4413 :
3240 4359 3528 4413 subsanna-

1940 4451 2133 4504 tionem
2173 4459 2220 4504 et
2247 4451 2472 4504 derisum
2502 4451 2581 4504 his
2610 4450 2695 4520 qui
2722 4450 2777 4504 in
2809 4449 3027 4504 circuitu
3060 4460 3238 4504 nostro
3267 4459 3410 4505 sunt.
3440 4449 3535 4506 Vi-

1939 4545 2044 4598 cini
2069 4544 2196 4598 dicti
2222 4553 2622 4612 persecutores,
2647 4552 2863 4611 pmpter
2889 4543 3349 4598 cohabitationem
3375 4559 3530 4598 mun-

235 4635 487 4694 Cbristus
513 4644 615 4690 est.
651 4636 799 4692 Idem
840 4646 895 4691 et
943 4650 1140 4691 nomen
1168 4634 1370 4701 Panis,
1417 4635 1469 4689 in
1506 4650 1612 4705 quo
1641 4635 1827 4690 adver-
1856 4617 1909 4677 Ῑ)
1935 4636 2157 4700 danam,
2203 4637 2292 4706 qui
2322 4650 2467 4705 smpe
2513 4634 2867 4705 exprobrant]
2893 4634 3199 4702 irridendo,
3235 4635 3480 4690 dicentes
3513 4653 3527 4689 :

233 4729 366 4785 sarii
399 4729 606 4792 nostri,
636 4728 721 4782 vel
750 4728 1106 4794 vcntilantur,
1145 4725 1232 4780 Vel
1261 4737 1616 4795 spernuntur.

309 4819 434 4874 Non
460 4820 597 4874 enim
625 4820 677 4872 in
694 4835 819 4872 arcu
840 4834 954 4872 meo
983 4817 1202 4887 sperabo
1225 4859 1240 4886 ,
1263 4828 1311 4870 et
1333 4818 1542 4890 gladius
1564 4835 1704 4874 meus
1729 4834 1830 4873 non

229 4911 450 4967 salvebit
479 4927 579 4964 me.
611 4908 721 4966 Sed
743 4911 916 4965 virtus
954 4919 1069 4965 tua.

305 5004 535 5060 Salvasti
566 5005 700 5058 enim
723 5019 816 5058 nos
841 5021 871 5056 ll
891 4997 1388 5058 tribulantibus’nos.
1414 5003 1551 5070 Quia
1574 5001 1630 5058 in
1662 5003 1830 5058 armis

229 5099 369 5156 meis
419 5111 646 5169 sperare
691 5111 799 5151 non
848 5095 1074 5153 debeam
1106 5114 1120 5157 ;
1156 5095 1272 5151 hate
1320 5111 1482 5151 causa
1513 5104 1632 5161 est,
1680 5097 1825 5166 quod

227 5193 452 5250 salvasti
507 5207 607 5247 nos
639 5205 858 5260 semper
902 5203 933 5244 a
982 5190 1470 5260 persequentibus,
1521 5199 1576 5244 et
1623 5189 1829 5256 absque

227 5298 414 5345 nostra
444 5287 648 5343 virtute
668 5326 682 5350 ,
713 5294 1012 5354 nostroque
1043 5282 1226 5355 gladio
1253 5281 1562 5338 custodisti.
1601 5281 1830 5339 Saluasti

229 5381 361 5437 enim
408 5397 503 5434 nos
533 5379 598 5433 de
626 5376 966 5449 aﬂligentibus
1005 5393 1098 5430 nos
1135 5417 1149 5440 ,
1182 5385 1228 5430 et
1251 5375 1480 5429 odienles
1524 5391 1616 5429 nos
1643 5377 1831 5447 confu-

228 5473 352 5527 disti
375 5489 395 5526 :
433 5484 645 5526 aversas
689 5477 816 5524 sunt
847 5476 1182 5538 potestates,
1229 5468 1431 5539 quibus
1480 5467 1756 5536 confusis,
1796 5485 1824 5523 a

226 5565 441 5622 Christo
477 5563 713 5621 Domino
740 5561 956 5618 liberati
977 5577 1186 5618 sumus.
1556 5633 1563 5640 ο

298 5693 320 5720 α
363 5683 570 5739 Locum
614 5680 762 5734 hunc
789 5677 1051 5734 Servatus
1084 5678 1265 5748 Lupus
1294 5678 1348 5732 in
1389 5675 1715 5733 Collectaneo
1759 5682 1821 5736 de

227 5757 382 5810 tribus
405 5751 786 5826 quwslionilms
809 5792 823 5815 ,
852 5750 956 5826 sub
981 5752 1140 5826 linem
1165 5749 1366 5826 recitat
1389 5749 1610 5804 totidem
1641 5751 1820 5826 verbis

228 5820 500 5900 lamqttam
528 5838 595 5882 cx
640 5821 957 5891 Hieronymi
1004 5820 1435 5890 Commentario,
1468 5821 1818 5894 quemadmoa

1936 4727 2133 4784 Veniat
2162 4728 2306 4782 Deus
2332 4737 2544 4792 vester,
2593 4735 2647 4782 et
2676 4735 2828 4788 eruat
2882 4739 2982 4780 vos
3012 4725 3079 4780 de
3126 4725 3379 4781 manibus
3424 4740 3522 4780 no-

1933 4822 2062 4876 stris
2091 4819 2158 4889 (ll
2194 4818 2322 4873 Par.
2357 4817 2550 4890 xxxtt).

2008 4911 2239 4967 Posuisti
2269 4929 2362 4966 nos
2384 4911 2437 4964 in
2466 4910 2856 4964 similitudinem
2881 4908 3135 4981 gentibus.
3166 4907 3223 4963 In
3248 4915 3392 4963 tuam
3418 4908 3525 4963 uti-

1933 5023 2038 5079 que
2069 5005 2479 5062 similitudinem
2512 5021 2526 5057 :
2556 5013 2614 5058 ut
2659 5003 2798 5060 sicut
2831 5013 2881 5059 te
2912 5001 3145 5058 mundus
3174 5002 3301 5056 odio
3333 5000 3525 5058 habuit

1936 5085 2114 5172 prius,
2145 5099 2218 5154 ita
2251 5107 2306 5155 et
2334 5112 2432 5152 nos
2457 5095 2711 5168 deinceps
2756 5095 2954 5151 odiret.
2988 5093 3390 5149 Commotionent
3439 5109 3528 5147 ca-

1933 5193 2055 5266 pitis
2108 5192 2162 5246 in
2211 5188 2434 5262 pepulis.
2483 5188 2630 5243 Sient
2669 5188 2812 5243 enim
2854 5188 2904 5242 in
2940 5187 3188 5257 passione
3221 5194 3307 5239 tua
3341 5195 3520 5240 trans-

1932 5293 2126 5340 euntes
2165 5282 2452 5338 movebant
2482 5281 2654 5351 capita
2703 5295 2830 5347 sua,
2873 5280 2944 5334 ita
2983 5287 3038 5333 et
3083 5277 3137 5333 in
3187 5277 3526 5350 martyribus

1931 5377 2038 5432 tuis
2090 5375 2311 5430 faciunt.
2341 5373 2446 5430 Sed
2492 5383 2546 5429 et
2573 5375 2618 5430 si
2668 5375 2788 5443 quis
2828 5388 2973 5428 nunc
3003 5373 3055 5428 in
3085 5380 3138 5427 te
3185 5371 3271 5443 pie
3296 5370 3532 5426 voluerit

1932 5472 2164 5528 vivere:
2199 5470 2439 5542 protinus
2480 5467 2647 5540 iniqui
2674 5469 3058 5542 blasphemant
3099 5484 3224 5526 cum
3273 5467 3526 5526 irrisione

1929 5565 2015 5621 vel
2057 5566 2250 5637 capitis
2280 5567 2663 5622 commotione.

1922 5682 2136 5756 dumet
2164 5699 2324 5752 supra
2367 5686 2420 5739 in
2458 5684 2651 5755 psalm.
2689 5684 2922 5756 primum
2947 5683 3112 5741 alium
3140 5683 3364 5754 hujusce
3388 5681 3517 5738 Breo

1922 5755 2077 5828 viarii
2105 5754 2294 5813 “locum
2334 5754 2699 5826 describens,
2724 5756 3055 5828 Hieronymo
3103 5765 3386 5827 acceptum
3430 5769 3516 5811 re-

1919 5825 2052 5882 fert.
