  <div class='ocr_page' id='page_1' title='image "/cluster/home/n/w/nwhite01/storage/ocr_20150623/26/uva.x000826568/485.png"; bbox 0 0 4034 6298; ppageno 0'>
   <div class='ocr_carea' id='block_1_1' title="bbox 527 271 632 323">
    <p class='ocr_par' dir='ltr' id='par_1_1' title="bbox 527 271 632 323">
     <span class='ocr_line' id='line_1_1' title="bbox 527 271 632 323; baseline 0.019 -2"><span class='ocrx_word' id='word_1_1' title='bbox 527 271 632 323; x_wconf 75' lang='lat'><strong>953</strong></span> 
     </span>
    </p>
   </div>
   <div class='ocr_carea' id='block_1_2' title="bbox 1312 267 3011 337">
    <p class='ocr_par' dir='ltr' id='par_1_2' title="bbox 1312 267 3011 337">
     <span class='ocr_line' id='line_1_2' title="bbox 1312 267 3011 337; baseline 0.007 -16"><span class='ocrx_word' id='word_1_2' title='bbox 1312 267 1659 326; x_wconf 77' lang='lat' dir='ltr'><strong>APPENDIX</strong></span> <span class='ocrx_word' id='word_1_3' title='bbox 1697 269 1789 324; x_wconf 83' lang='lat' dir='ltr'><strong>AD</strong></span> <span class='ocrx_word' id='word_1_4' title='bbox 1829 268 2072 326; x_wconf 72' lang='grc' dir='ltr'><strong>ἰ’οΜοΜ</strong></span> <span class='ocrx_word' id='word_1_5' title='bbox 2109 267 2464 332; x_wconf 68' lang='lat' dir='ltr'><strong>SEPTIMUM</strong></span> <span class='ocrx_word' id='word_1_6' title='bbox 2504 275 2562 332; x_wconf 87' lang='lat' dir='ltr'><strong>S.</strong></span> <span class='ocrx_word' id='word_1_7' title='bbox 2606 275 3011 337; x_wconf 76' lang='lat' dir='ltr'><strong>HIEBONYMI.</strong></span> 
     </span>
    </p>
   </div>
   <div class='ocr_carea' id='block_1_3' title="bbox 3712 284 3819 342">
    <p class='ocr_par' dir='ltr' id='par_1_3' title="bbox 3712 284 3819 342">
     <span class='ocr_line' id='line_1_3' title="bbox 3712 284 3819 342; baseline 0.009 -1"><span class='ocrx_word' id='word_1_8' title='bbox 3712 284 3819 342; x_wconf 82' lang='lat'><strong>956</strong></span> 
     </span>
    </p>
   </div>
   <div class='ocr_carea' id='block_1_4' title="bbox 599 381 3818 466">
    <p class='ocr_par' dir='ltr' id='par_1_4' title="bbox 599 381 3818 466">
     <span class='ocr_line' id='line_1_4' title="bbox 599 381 3818 466; baseline 0.006 -31"><span class='ocrx_word' id='word_1_9' title='bbox 599 382 729 435; x_wconf 87' lang='lat' dir='ltr'><strong>Tota</strong></span> <span class='ocrx_word' id='word_1_10' title='bbox 773 382 854 434; x_wconf 85' lang='lat' dir='ltr'><strong>die</strong></span> <span class='ocrx_word' id='word_1_11' title='bbox 886 381 1191 437; x_wconf 85' lang='lat' dir='ltr'><strong>verecundia</strong></span> <span class='ocrx_word' id='word_1_12' title='bbox 1211 399 1324 438; x_wconf 86' lang='lat' dir='ltr'><strong>mea</strong></span> <span class='ocrx_word' id='word_1_13' title='bbox 1357 393 1536 438; x_wconf 87' lang='lat' dir='ltr'><strong>contra</strong></span> <span class='ocrx_word' id='word_1_14' title='bbox 1562 401 1640 438; x_wconf 90' lang='lat' dir='ltr'><strong>me</strong></span> <span class='ocrx_word' id='word_1_15' title='bbox 1659 395 1733 442; x_wconf 86' lang='lat' dir='ltr'><strong>est</strong></span> <span class='ocrx_word' id='word_1_16' title='bbox 1754 427 1768 450; x_wconf 93' lang='lat'><strong>,</strong></span> <span class='ocrx_word' id='word_1_17' title='bbox 1802 394 1850 438; x_wconf 87' lang='lat' dir='ltr'><strong>et</strong></span> <span class='ocrx_word' id='word_1_18' title='bbox 1877 385 2112 453; x_wconf 78' lang='lat' dir='ltr'><strong>confusio</strong></span> <span class='ocrx_word' id='word_1_19' title='bbox 2143 387 2190 445; x_wconf 79' lang='grc' dir='ltr'><strong>Α</strong></span> <span class='ocrx_word' id='word_1_20' title='bbox 2287 386 2544 464; x_wconf 71' lang='lat' dir='ltr'><strong>Exsurge,</strong></span> <span class='ocrx_word' id='word_1_21' title='bbox 2586 389 2828 459; x_wconf 77' lang='lat' dir='ltr'><strong>Domine,</strong></span> <span class='ocrx_word' id='word_1_22' title='bbox 2875 394 3070 466; x_wconf 79' lang='lat' dir='ltr'><strong>adjuva</strong></span> <span class='ocrx_word' id='word_1_23' title='bbox 3105 411 3219 458; x_wconf 87' lang='lat' dir='ltr'><strong>nos,</strong></span> <span class='ocrx_word' id='word_1_24' title='bbox 3251 404 3299 450; x_wconf 92' lang='lat' dir='ltr'><strong>et</strong></span> <span class='ocrx_word' id='word_1_25' title='bbox 3334 395 3529 449; x_wconf 64' lang='lat' dir='ltr'><strong>redime</strong></span> <span class='ocrx_word' id='word_1_26' title='bbox 3559 412 3655 452; x_wconf 84' lang='lat' dir='ltr'><strong>nos</strong></span> <span class='ocrx_word' id='word_1_27' title='bbox 3699 415 3818 466; x_wconf 80' lang='lat' dir='ltr'><strong>pro-</strong></span> 
     </span>
    </p>
   </div>
   <div class='ocr_carea' id='block_1_5' title="bbox 531 475 2121 546">
    <p class='ocr_par' dir='ltr' id='par_1_5' title="bbox 531 475 2121 546">
     <span class='ocr_line' id='line_1_5' title="bbox 531 475 2121 546; baseline 0.001 -18"><span class='ocrx_word' id='word_1_28' title='bbox 531 475 682 544; x_wconf 78' lang='lat' dir='ltr'><strong>{aciei</strong></span> <span class='ocrx_word' id='word_1_29' title='bbox 708 490 830 527; x_wconf 80' lang='lat' dir='ltr'><strong>mea:</strong></span> <span class='ocrx_word' id='word_1_30' title='bbox 855 476 1124 542; x_wconf 76' lang='lat' dir='ltr'><strong>cooperuit</strong></span> <span class='ocrx_word' id='word_1_31' title='bbox 1168 491 1266 528; x_wconf 92' lang='lat' dir='ltr'><strong>me.</strong></span> <span class='ocrx_word' id='word_1_32' title='bbox 1298 475 1557 530; x_wconf 79' lang='lat' dir='ltr'><strong>Dominus</strong></span> <span class='ocrx_word' id='word_1_33' title='bbox 1588 477 1702 529; x_wconf 60' lang='lat' dir='ltr'><strong>haec</strong></span> <span class='ocrx_word' id='word_1_34' title='bbox 1750 477 1802 530; x_wconf 94' lang='lat' dir='ltr'><strong>in</strong></span> <span class='ocrx_word' id='word_1_35' title='bbox 1847 485 2121 546; x_wconf 86' lang='lat' dir='ltr'><strong>assumpta</strong></span> 
     </span>
    </p>
   </div>
   <div class='ocr_carea' id='block_1_6' title="bbox 535 565 2122 638">
    <p class='ocr_par' dir='ltr' id='par_1_6' title="bbox 535 565 2122 638">
     <span class='ocr_line' id='line_1_6' title="bbox 535 565 2122 638; baseline 0.002 -19"><span class='ocrx_word' id='word_1_36' title='bbox 535 565 774 635; x_wconf 91' lang='lat' dir='ltr'><strong>loquitur</strong></span> <span class='ocrx_word' id='word_1_37' title='bbox 814 581 1008 631; x_wconf 84' lang='lat' dir='ltr'><strong>carne,</strong></span> <span class='ocrx_word' id='word_1_38' title='bbox 1039 568 1128 637; x_wconf 90' lang='lat' dir='ltr'><strong>qui</strong></span> <span class='ocrx_word' id='word_1_39' title='bbox 1153 583 1249 637; x_wconf 90' lang='lat' dir='ltr'><strong>pro</strong></span> <span class='ocrx_word' id='word_1_40' title='bbox 1291 567 1448 621; x_wconf 91' lang='lat' dir='ltr'><strong>nobis</strong></span> <span class='ocrx_word' id='word_1_41' title='bbox 1479 567 1866 624; x_wconf 91' lang='lat' dir='ltr'><strong>verecundiam</strong></span> <span class='ocrx_word' id='word_1_42' title='bbox 1902 567 2122 638; x_wconf 87' lang='lat' dir='ltr'><strong>patitur,</strong></span> 
     </span>
    </p>
   </div>
   <div class='ocr_carea' id='block_1_7' title="bbox 537 659 2117 732">
    <p class='ocr_par' dir='ltr' id='par_1_7' title="bbox 537 659 2117 732">
     <span class='ocr_line' id='line_1_7' title="bbox 537 659 2117 732; baseline 0.001 -18"><span class='ocrx_word' id='word_1_43' title='bbox 537 659 916 724; x_wconf 88' lang='lat' dir='ltr'><strong>maledicitur,</strong></span> <span class='ocrx_word' id='word_1_44' title='bbox 969 670 1131 731; x_wconf 87' lang='lat' dir='ltr'><strong>atque</strong></span> <span class='ocrx_word' id='word_1_45' title='bbox 1179 659 1548 729; x_wconf 82' lang='lat' dir='ltr'><strong>confunditur,</strong></span> <span class='ocrx_word' id='word_1_46' title='bbox 1604 676 1775 731; x_wconf 90' lang='lat' dir='ltr'><strong>usque</strong></span> <span class='ocrx_word' id='word_1_47' title='bbox 1823 659 1891 715; x_wconf 90' lang='lat' dir='ltr'><strong>ad</strong></span> <span class='ocrx_word' id='word_1_48' title='bbox 1942 662 2117 732; x_wconf 81' lang='lat' dir='ltr'><strong>ipsum</strong></span> 
     </span>
    </p>
   </div>
   <div class='ocr_carea' id='block_1_8' title="bbox 534 751 1263 820">
    <p class='ocr_par' dir='ltr' id='par_1_8' title="bbox 534 751 1263 820">
     <span class='ocr_line' id='line_1_8' title="bbox 534 751 1263 820; baseline -0.003 -13"><span class='ocrx_word' id='word_1_49' title='bbox 534 751 697 807; x_wconf 83' lang='lat' dir='ltr'><strong>etiam</strong></span> <span class='ocrx_word' id='word_1_50' title='bbox 725 751 1025 820; x_wconf 78' lang='lat' dir='ltr'><strong>patibulum</strong></span> <span class='ocrx_word' id='word_1_51' title='bbox 1051 751 1263 806; x_wconf 81' lang='lat' dir='ltr'><strong>Crucis.</strong></span> 
     </span>
    </p>
   </div>
   <div class='ocr_carea' id='block_1_9' title="bbox 610 846 2128 918">
    <p class='ocr_par' dir='ltr' id='par_1_9' title="bbox 610 846 2128 918">
     <span class='ocr_line' id='line_1_9' title="bbox 610 846 2128 918; baseline 0.003 -19"><span class='ocrx_word' id='word_1_52' title='bbox 610 846 652 899; x_wconf 83' lang='grc' dir='ltr'><em>Α</em></span> <span class='ocrx_word' id='word_1_53' title='bbox 688 862 804 900; x_wconf 86' lang='lat' dir='ltr'><strong>voce</strong></span> <span class='ocrx_word' id='word_1_54' title='bbox 829 846 1192 916; x_wconf 75' lang='lat' dir='ltr'><strong>exprobrantis</strong></span> <span class='ocrx_word' id='word_1_55' title='bbox 1220 855 1267 899; x_wconf 90' lang='lat' dir='ltr'><strong>et</strong></span> <span class='ocrx_word' id='word_1_56' title='bbox 1295 847 1637 918; x_wconf 82' lang='lat' dir='ltr'><strong>obloquentis.</strong></span> <span class='ocrx_word' id='word_1_57' title='bbox 1668 846 1804 902; x_wconf 91' lang='lat' dir='ltr'><strong>Cum</strong></span> <span class='ocrx_word' id='word_1_58' title='bbox 1839 847 1888 902; x_wconf 89' lang='lat' dir='ltr'><strong>ei</strong></span> <span class='ocrx_word' id='word_1_59' title='bbox 1917 847 2128 903; x_wconf 85' lang='lat' dir='ltr'><strong>dicere-</strong></span> 
     </span>
    </p>
   </div>
   <div class='ocr_carea' id='block_1_10' title="bbox 537 939 2123 1012">
    <p class='ocr_par' dir='ltr' id='par_1_10' title="bbox 537 939 2123 1012">
     <span class='ocr_line' id='line_1_10' title="bbox 537 939 2123 1012; baseline -0.001 -17"><span class='ocrx_word' id='word_1_60' title='bbox 537 948 624 995; x_wconf 92' lang='lat' dir='ltr'><strong>tur</strong></span> <span class='ocrx_word' id='word_1_61' title='bbox 645 958 657 993; x_wconf 93' lang='lat'><strong>:</strong></span> <span class='ocrx_word' id='word_1_62' title='bbox 677 940 731 995; x_wconf 90' lang='lat' dir='ltr'><strong>Si</strong></span> <span class='ocrx_word' id='word_1_63' title='bbox 760 940 923 993; x_wconf 79' lang='lat' dir='ltr'><strong>Filius</strong></span> <span class='ocrx_word' id='word_1_64' title='bbox 947 939 1038 994; x_wconf 89' lang='lat' dir='ltr'><strong>Dei</strong></span> <span class='ocrx_word' id='word_1_65' title='bbox 1063 955 1143 1004; x_wconf 67' lang='lat' dir='ltr'><strong>es,</strong></span> <span class='ocrx_word' id='word_1_66' title='bbox 1167 939 1442 995; x_wconf 84' lang='lat' dir='ltr'><strong>descende</strong></span> <span class='ocrx_word' id='word_1_67' title='bbox 1462 939 1530 995; x_wconf 91' lang='lat' dir='ltr'><strong>de</strong></span> <span class='ocrx_word' id='word_1_68' title='bbox 1552 954 1711 994; x_wconf 82' lang='lat' dir='ltr'><strong>cruce</strong></span> <span class='ocrx_word' id='word_1_69' title='bbox 1736 939 1914 1012; x_wconf 87' lang='lat' dir='ltr'><strong>(Matt.</strong></span> <span class='ocrx_word' id='word_1_70' title='bbox 1932 941 2123 1011; x_wconf 79' lang='lat' dir='ltr'><strong>xxvu).</strong></span> 
     </span>
    </p>
   </div>
   <div class='ocr_carea' id='block_1_11' title="bbox 538 1032 2125 1105">
    <p class='ocr_par' dir='ltr' id='par_1_11' title="bbox 538 1032 2125 1105">
     <span class='ocr_line' id='line_1_11' title="bbox 538 1032 2125 1105; baseline 0.002 -18"><span class='ocrx_word' id='word_1_71' title='bbox 538 1035 577 1087; x_wconf 78' lang='grc' dir='ltr'><em>Α</em></span> <span class='ocrx_word' id='word_1_72' title='bbox 602 1035 734 1105; x_wconf 80' lang='lat' dir='ltr'><strong>facie</strong></span> <span class='ocrx_word' id='word_1_73' title='bbox 755 1034 982 1088; x_wconf 86' lang='lat' dir='ltr'><strong>inimici:</strong></span> <span class='ocrx_word' id='word_1_74' title='bbox 1004 1033 1174 1089; x_wconf 66' lang='lat' dir='ltr'><strong>ludat.</strong></span> <span class='ocrx_word' id='word_1_75' title='bbox 1203 1032 1270 1088; x_wconf 77' lang='lat' dir='ltr'><strong>Et</strong></span> <span class='ocrx_word' id='word_1_76' title='bbox 1301 1035 1667 1104; x_wconf 83' lang='lat' dir='ltr'><strong>persequentis.</strong></span> <span class='ocrx_word' id='word_1_77' title='bbox 1686 1034 1873 1104; x_wconf 87' lang='lat' dir='ltr'><strong>Populi</strong></span> <span class='ocrx_word' id='word_1_78' title='bbox 1894 1034 2125 1090; x_wconf 83' lang='lat' dir='ltr'><strong>Judaici.</strong></span> 
     </span>
    </p>
   </div>
   <div class='ocr_carea' id='block_1_12' title="bbox 615 1125 2124 1192">
    <p class='ocr_par' dir='ltr' id='par_1_12' title="bbox 615 1125 2124 1192">
     <span class='ocr_line' id='line_1_12' title="bbox 615 1125 2124 1192; baseline 0.001 -13"><span class='ocrx_word' id='word_1_79' title='bbox 615 1125 741 1179; x_wconf 67' lang='lat' dir='ltr'><strong>Ha’c</strong></span> <span class='ocrx_word' id='word_1_80' title='bbox 767 1127 941 1179; x_wconf 84' lang='lat' dir='ltr'><strong><em>omnia</em></strong></span> <span class='ocrx_word' id='word_1_81' title='bbox 967 1134 1208 1180; x_wconf 82' lang='lat' dir='ltr'><strong>venerunt</strong></span> <span class='ocrx_word' id='word_1_82' title='bbox 1230 1142 1384 1192; x_wconf 82' lang='lat' dir='ltr'><strong>super</strong></span> <span class='ocrx_word' id='word_1_83' title='bbox 1405 1143 1498 1180; x_wconf 90' lang='lat' dir='ltr'><strong>nos</strong></span> <span class='ocrx_word' id='word_1_84' title='bbox 1521 1167 1532 1192; x_wconf 90' lang='lat'><strong>,</strong></span> <span class='ocrx_word' id='word_1_85' title='bbox 1563 1142 1654 1179; x_wconf 90' lang='lat' dir='ltr'><strong>nec</strong></span> <span class='ocrx_word' id='word_1_86' title='bbox 1677 1125 1822 1180; x_wconf 91' lang='lat' dir='ltr'><strong>obliti</strong></span> <span class='ocrx_word' id='word_1_87' title='bbox 1850 1143 2026 1180; x_wconf 90' lang='lat' dir='ltr'><strong>sumus</strong></span> <span class='ocrx_word' id='word_1_88' title='bbox 2055 1135 2124 1180; x_wconf 92' lang='lat' dir='ltr'><strong>te.</strong></span> 
     </span>
    </p>
   </div>
   <div class='ocr_carea' id='block_1_13' title="bbox 539 1219 2126 1291">
    <p class='ocr_par' dir='ltr' id='par_1_13' title="bbox 539 1219 2126 1291">
     <span class='ocr_line' id='line_1_13' title="bbox 539 1219 2126 1291; baseline -0.001 -16"><span class='ocrx_word' id='word_1_89' title='bbox 539 1219 806 1291; x_wconf 77' lang='lat' dir='ltr'><strong>Martyres</strong></span> <span class='ocrx_word' id='word_1_90' title='bbox 851 1221 951 1274; x_wconf 89' lang='lat' dir='ltr'><strong>ista</strong></span> <span class='ocrx_word' id='word_1_91' title='bbox 997 1219 1179 1274; x_wconf 85' lang='lat' dir='ltr'><strong>dicunt</strong></span> <span class='ocrx_word' id='word_1_92' title='bbox 1213 1237 1226 1272; x_wconf 85' lang='lat'><strong>:</strong></span> <span class='ocrx_word' id='word_1_93' title='bbox 1256 1219 1380 1289; x_wconf 85' lang='lat' dir='ltr'><strong>quia</strong></span> <span class='ocrx_word' id='word_1_94' title='bbox 1412 1221 1594 1274; x_wconf 85' lang='lat' dir='ltr'><strong>omnia</strong></span> <span class='ocrx_word' id='word_1_95' title='bbox 1625 1235 1743 1287; x_wconf 63' lang='lat' dir='ltr'><strong>quae</strong></span> <span class='ocrx_word' id='word_1_96' title='bbox 1789 1227 1868 1284; x_wconf 92' lang='lat' dir='ltr'><strong>tu,</strong></span> <span class='ocrx_word' id='word_1_97' title='bbox 1902 1220 2126 1274; x_wconf 80' lang='lat' dir='ltr'><strong>Domine</strong></span> 
     </span>
    </p>
   </div>
   <div class='ocr_carea' id='block_1_14' title="bbox 539 1311 2131 1382">
    <p class='ocr_par' dir='ltr' id='par_1_14' title="bbox 539 1311 2131 1382">
     <span class='ocr_line' id='line_1_14' title="bbox 539 1311 2131 1382; baseline -0.001 -13"><span class='ocrx_word' id='word_1_98' title='bbox 539 1313 690 1380; x_wconf 88' lang='lat' dir='ltr'><strong>Jesu,</strong></span> <span class='ocrx_word' id='word_1_99' title='bbox 743 1312 1036 1381; x_wconf 73' lang='lat' dir='ltr'><strong>pertulisti,</strong></span> <span class='ocrx_word' id='word_1_100' title='bbox 1087 1321 1141 1366; x_wconf 92' lang='lat' dir='ltr'><strong>et</strong></span> <span class='ocrx_word' id='word_1_101' title='bbox 1184 1329 1283 1367; x_wconf 89' lang='lat' dir='ltr'><strong>nos</strong></span> <span class='ocrx_word' id='word_1_102' title='bbox 1331 1312 1521 1368; x_wconf 90' lang='lat' dir='ltr'><strong>eadem</strong></span> <span class='ocrx_word' id='word_1_103' title='bbox 1576 1313 1918 1382; x_wconf 88' lang='lat' dir='ltr'><strong>pertulimus,</strong></span> <span class='ocrx_word' id='word_1_104' title='bbox 1950 1311 2043 1366; x_wconf 91' lang='lat' dir='ltr'><strong>sed</strong></span> <span class='ocrx_word' id='word_1_105' title='bbox 2077 1319 2131 1367; x_wconf 88' lang='lat' dir='ltr'><strong>te</strong></span> 
     </span>
    </p>
   </div>
   <div class='ocr_carea' id='block_1_15' title="bbox 541 1405 2132 1478">
    <p class='ocr_par' dir='ltr' id='par_1_15' title="bbox 541 1405 2132 1478">
     <span class='ocr_line' id='line_1_15' title="bbox 541 1405 2132 1478; baseline -0.003 -14"><span class='ocrx_word' id='word_1_106' title='bbox 541 1424 761 1478; x_wconf 88' lang='lat' dir='ltr'><strong>semper</strong></span> <span class='ocrx_word' id='word_1_107' title='bbox 782 1407 1016 1462; x_wconf 76' lang='lat' dir='ltr'><strong>Confessi</strong></span> <span class='ocrx_word' id='word_1_108' title='bbox 1050 1423 1256 1462; x_wconf 90' lang='lat' dir='ltr'><strong>sumus.</strong></span> <span class='ocrx_word' id='word_1_109' title='bbox 1292 1405 1360 1459; x_wconf 88' lang='lat' dir='ltr'><strong>Et</strong></span> <span class='ocrx_word' id='word_1_110' title='bbox 1388 1407 1560 1475; x_wconf 88' lang='lat' dir='ltr'><strong>inique</strong></span> <span class='ocrx_word' id='word_1_111' title='bbox 1591 1423 1692 1459; x_wconf 91' lang='lat' dir='ltr'><strong>non</strong></span> <span class='ocrx_word' id='word_1_112' title='bbox 1721 1407 1917 1478; x_wconf 80' lang='lat' dir='ltr'><strong>egimus</strong></span> <span class='ocrx_word' id='word_1_113' title='bbox 1947 1406 2000 1459; x_wconf 90' lang='lat' dir='ltr'><strong>in</strong></span> <span class='ocrx_word' id='word_1_114' title='bbox 2032 1413 2132 1459; x_wconf 89' lang='lat' dir='ltr'><strong>tes-</strong></span> 
     </span>
    </p>
   </div>
   <div class='ocr_carea' id='block_1_16' title="bbox 541 1497 2132 1571">
    <p class='ocr_par' dir='ltr' id='par_1_16' title="bbox 541 1497 2132 1571">
     <span class='ocr_line' id='line_1_16' title="bbox 541 1497 2132 1571; baseline -0.001 -17"><span class='ocrx_word' id='word_1_115' title='bbox 541 1511 766 1556; x_wconf 88' lang='lat' dir='ltr'><strong>tamento</strong></span> <span class='ocrx_word' id='word_1_116' title='bbox 798 1511 904 1554; x_wconf 85' lang='lat' dir='ltr'><strong>tuo.</strong></span> <span class='ocrx_word' id='word_1_117' title='bbox 935 1500 1041 1556; x_wconf 88' lang='lat' dir='ltr'><strong>Sed</strong></span> <span class='ocrx_word' id='word_1_118' title='bbox 1073 1501 1339 1555; x_wconf 80' lang='lat' dir='ltr'><strong>veraciter</strong></span> <span class='ocrx_word' id='word_1_119' title='bbox 1366 1511 1415 1557; x_wconf 90' lang='lat' dir='ltr'><strong>te</strong></span> <span class='ocrx_word' id='word_1_120' title='bbox 1457 1501 1891 1571; x_wconf 71' lang='lat' dir='ltr'><strong>prmdicavimus.</strong></span> <span class='ocrx_word' id='word_1_121' title='bbox 1929 1497 1997 1552; x_wconf 86' lang='lat' dir='ltr'><strong>Et</strong></span> <span class='ocrx_word' id='word_1_122' title='bbox 2029 1517 2132 1554; x_wconf 89' lang='lat' dir='ltr'><strong>non</strong></span> 
     </span>
    </p>
   </div>
   <div class='ocr_carea' id='block_1_17' title="bbox 541 1591 2132 1651">
    <p class='ocr_par' dir='ltr' id='par_1_17' title="bbox 541 1591 2132 1651">
     <span class='ocr_line' id='line_1_17' title="bbox 541 1591 2132 1651; baseline -0.001 -1"><span class='ocrx_word' id='word_1_123' title='bbox 541 1597 745 1651; x_wconf 85' lang='lat' dir='ltr'><strong>recessit</strong></span> <span class='ocrx_word' id='word_1_124' title='bbox 771 1605 908 1649; x_wconf 87' lang='lat' dir='ltr'><strong>retro</strong></span> <span class='ocrx_word' id='word_1_125' title='bbox 951 1613 1038 1650; x_wconf 83' lang='lat' dir='ltr'><strong>cor</strong></span> <span class='ocrx_word' id='word_1_126' title='bbox 1062 1607 1310 1650; x_wconf 85' lang='lat' dir='ltr'><strong>nostrum.</strong></span> <span class='ocrx_word' id='word_1_127' title='bbox 1350 1594 1419 1650; x_wconf 97' lang='lat' dir='ltr'><strong>Ut</strong></span> <span class='ocrx_word' id='word_1_128' title='bbox 1450 1609 1669 1649; x_wconf 85' lang='lat' dir='ltr'><strong>errores</strong></span> <span class='ocrx_word' id='word_1_129' title='bbox 1697 1593 1961 1648; x_wconf 85' lang='lat' dir='ltr'><strong>fanaticos</strong></span> <span class='ocrx_word' id='word_1_130' title='bbox 1989 1591 2132 1648; x_wconf 87' lang='lat' dir='ltr'><strong>unde</strong></span> 
     </span>
    </p>
   </div>
   <div class='ocr_carea' id='block_1_18' title="bbox 541 1688 2132 1761">
    <p class='ocr_par' dir='ltr' id='par_1_18' title="bbox 541 1688 2132 1761">
     <span class='ocr_line' id='line_1_18' title="bbox 541 1688 2132 1761; baseline -0.003 -15"><span class='ocrx_word' id='word_1_131' title='bbox 541 1691 773 1761; x_wconf 81' lang='lat' dir='ltr'><strong>digressi</strong></span> <span class='ocrx_word' id='word_1_132' title='bbox 811 1690 1046 1759; x_wconf 88' lang='lat' dir='ltr'><strong>fuimus,</strong></span> <span class='ocrx_word' id='word_1_133' title='bbox 1095 1705 1467 1760; x_wconf 86' lang='lat' dir='ltr'><strong>sequeremur.</strong></span> <span class='ocrx_word' id='word_1_134' title='bbox 1501 1689 1567 1742; x_wconf 78' lang='lat' dir='ltr'><strong>Et</strong></span> <span class='ocrx_word' id='word_1_135' title='bbox 1613 1688 1885 1743; x_wconf 85' lang='lat' dir='ltr'><strong>declinasti</strong></span> <span class='ocrx_word' id='word_1_136' title='bbox 1927 1688 2132 1742; x_wconf 87' lang='lat' dir='ltr'><strong>semitas</strong></span> 
     </span>
    </p>
   </div>
   <div class='ocr_carea' id='block_1_19' title="bbox 544 1778 2206 1850">
    <p class='ocr_par' dir='ltr' id='par_1_19' title="bbox 544 1778 2206 1850">
     <span class='ocr_line' id='line_1_19' title="bbox 544 1778 2206 1850; baseline -0.003 -13"><span class='ocrx_word' id='word_1_137' title='bbox 544 1793 745 1838; x_wconf 86' lang='lat' dir='ltr'><strong>nostras</strong></span> <span class='ocrx_word' id='word_1_138' title='bbox 771 1802 803 1838; x_wconf 96' lang='lat' dir='ltr'><strong>a</strong></span> <span class='ocrx_word' id='word_1_139' title='bbox 827 1785 909 1838; x_wconf 97' lang='lat' dir='ltr'><strong>via</strong></span> <span class='ocrx_word' id='word_1_140' title='bbox 937 1793 1047 1839; x_wconf 87' lang='lat' dir='ltr'><strong>tua.</strong></span> <span class='ocrx_word' id='word_1_141' title='bbox 1079 1782 1236 1839; x_wconf 85' lang='lat' dir='ltr'><strong>Actio</strong></span> <span class='ocrx_word' id='word_1_142' title='bbox 1268 1790 1448 1837; x_wconf 81' lang='lat' dir='ltr'><strong>nostra</strong></span> <span class='ocrx_word' id='word_1_143' title='bbox 1478 1796 1583 1838; x_wconf 93' lang='lat' dir='ltr'><strong>non</strong></span> <span class='ocrx_word' id='word_1_144' title='bbox 1615 1790 1698 1837; x_wconf 89' lang='lat' dir='ltr'><strong>est</strong></span> <span class='ocrx_word' id='word_1_145' title='bbox 1723 1797 1752 1835; x_wconf 90' lang='lat' dir='ltr'><strong>a</strong></span> <span class='ocrx_word' id='word_1_146' title='bbox 1800 1781 1907 1835; x_wconf 89' lang='lat' dir='ltr'><strong>tuis</strong></span> <span class='ocrx_word' id='word_1_147' title='bbox 1931 1778 2131 1850; x_wconf 85' lang='lat' dir='ltr'><strong>justil‘t-</strong></span> <span class='ocrx_word' id='word_1_148' title='bbox 2165 1779 2206 1840; x_wconf 88' lang='grc' dir='ltr'><strong>Β</strong></span> 
     </span>
    </p>
   </div>
   <div class='ocr_carea' id='block_1_20' title="bbox 542 1878 1147 1944">
    <p class='ocr_par' dir='ltr' id='par_1_20' title="bbox 542 1878 1147 1944">
     <span class='ocr_line' id='line_1_20' title="bbox 542 1878 1147 1944; baseline -0.002 -13"><span class='ocrx_word' id='word_1_149' title='bbox 542 1878 850 1932; x_wconf 88' lang='lat' dir='ltr'><strong>catiouibus</strong></span> <span class='ocrx_word' id='word_1_150' title='bbox 878 1885 1147 1944; x_wconf 88' lang='lat' dir='ltr'><strong>separata.</strong></span> 
     </span>
    </p>
   </div>
   <div class='ocr_carea' id='block_1_21' title="bbox 615 1965 2132 2040">
    <p class='ocr_par' dir='ltr' id='par_1_21' title="bbox 615 1965 2132 2040">
     <span class='ocr_line' id='line_1_21' title="bbox 615 1965 2132 2040; baseline -0.005 -15"><span class='ocrx_word' id='word_1_151' title='bbox 615 1971 870 2038; x_wconf 83' lang='lat' dir='ltr'><strong>Quoniam</strong></span> <span class='ocrx_word' id='word_1_152' title='bbox 898 1969 1184 2025; x_wconf 87' lang='lat' dir='ltr'><strong>humiliasti</strong></span> <span class='ocrx_word' id='word_1_153' title='bbox 1216 1986 1306 2024; x_wconf 91' lang='lat' dir='ltr'><strong>nos</strong></span> <span class='ocrx_word' id='word_1_154' title='bbox 1334 1969 1528 2040; x_wconf 46' lang='lat' dir='ltr'><strong>in.loco</strong></span> <span class='ocrx_word' id='word_1_155' title='bbox 1556 1966 1887 2037; x_wconf 72' lang='lat' dir='ltr'><strong>afflictionis.</strong></span> <span class='ocrx_word' id='word_1_156' title='bbox 1925 1965 1982 2020; x_wconf 91' lang='lat' dir='ltr'><strong>In</strong></span> <span class='ocrx_word' id='word_1_157' title='bbox 2010 1979 2132 2020; x_wconf 61' lang='lat' dir='ltr'><strong>coro</strong></span> 
     </span>
    </p>
   </div>
   <div class='ocr_carea' id='block_1_22' title="bbox 542 2058 2127 2133">
    <p class='ocr_par' dir='ltr' id='par_1_22' title="bbox 542 2058 2127 2133">
     <span class='ocr_line' id='line_1_22' title="bbox 542 2058 2127 2133; baseline -0.004 -15"><span class='ocrx_word' id='word_1_158' title='bbox 542 2078 677 2133; x_wconf 89' lang='lat' dir='ltr'><strong>pore</strong></span> <span class='ocrx_word' id='word_1_159' title='bbox 709 2063 848 2129; x_wconf 90' lang='lat' dir='ltr'><strong>isto,</strong></span> <span class='ocrx_word' id='word_1_160' title='bbox 882 2063 934 2117; x_wconf 93' lang='lat' dir='ltr'><strong>in</strong></span> <span class='ocrx_word' id='word_1_161' title='bbox 963 2078 1070 2133; x_wconf 91' lang='lat' dir='ltr'><strong>quo</strong></span> <span class='ocrx_word' id='word_1_162' title='bbox 1099 2076 1380 2117; x_wconf 79' lang='lat' dir='ltr'><strong>versamur</strong></span> <span class='ocrx_word' id='word_1_163' title='bbox 1406 2070 1462 2116; x_wconf 89' lang='lat' dir='ltr'><strong>et</strong></span> <span class='ocrx_word' id='word_1_164' title='bbox 1490 2058 1780 2130; x_wconf 75' lang='lat' dir='ltr'><strong>afﬂigimur</strong></span> <span class='ocrx_word' id='word_1_165' title='bbox 1810 2068 2032 2127; x_wconf 90' lang='lat' dir='ltr'><strong>pr0pter</strong></span> <span class='ocrx_word' id='word_1_166' title='bbox 2056 2067 2127 2112; x_wconf 89' lang='lat' dir='ltr'><strong>te.</strong></span> 
     </span>
    </p>
   </div>
   <div class='ocr_carea' id='block_1_23' title="bbox 542 2147 2130 2225">
    <p class='ocr_par' dir='ltr' id='par_1_23' title="bbox 542 2147 2130 2225">
     <span class='ocr_line' id='line_1_23' title="bbox 542 2147 2130 2225; baseline -0.006 -16"><span class='ocrx_word' id='word_1_167' title='bbox 542 2152 609 2209; x_wconf 89' lang='lat' dir='ltr'><strong>Et</strong></span> <span class='ocrx_word' id='word_1_168' title='bbox 640 2155 854 2225; x_wconf 81' lang='lat' dir='ltr'><strong>aperuit</strong></span> <span class='ocrx_word' id='word_1_169' title='bbox 882 2171 975 2208; x_wconf 88' lang='lat' dir='ltr'><strong>nos</strong></span> <span class='ocrx_word' id='word_1_170' title='bbox 1024 2155 1203 2208; x_wconf 87' lang='lat' dir='ltr'><strong>umbra</strong></span> <span class='ocrx_word' id='word_1_171' title='bbox 1231 2153 1425 2206; x_wconf 88' lang='lat' dir='ltr'><strong>mortis.</strong></span> <span class='ocrx_word' id='word_1_172' title='bbox 1461 2151 1606 2205; x_wconf 90' lang='lat' dir='ltr'><strong>Bene</strong></span> <span class='ocrx_word' id='word_1_173' title='bbox 1634 2150 1823 2204; x_wconf 86' lang='lat' dir='ltr'><strong>umbra</strong></span> <span class='ocrx_word' id='word_1_174' title='bbox 1854 2147 2045 2202; x_wconf 92' lang='lat' dir='ltr'><strong>mortis</strong></span> <span class='ocrx_word' id='word_1_175' title='bbox 2078 2148 2130 2200; x_wconf 90' lang='lat' dir='ltr'><strong>in</strong></span> 
     </span>
    </p>
   </div>
   <div class='ocr_carea' id='block_1_24' title="bbox 543 2239 2134 2316">
    <p class='ocr_par' dir='ltr' id='par_1_24' title="bbox 543 2239 2134 2316">
     <span class='ocr_line' id='line_1_24' title="bbox 543 2239 2134 2316; baseline -0.006 -14"><span class='ocrx_word' id='word_1_176' title='bbox 543 2248 647 2302; x_wconf 90' lang='lat' dir='ltr'><strong>hoc</strong></span> <span class='ocrx_word' id='word_1_177' title='bbox 677 2247 878 2302; x_wconf 63' lang='lat' dir='ltr'><strong>saeculo</strong></span> <span class='ocrx_word' id='word_1_178' title='bbox 907 2247 1194 2316; x_wconf 82' lang='lat' dir='ltr'><strong>Opprimit,</strong></span> <span class='ocrx_word' id='word_1_179' title='bbox 1229 2253 1286 2299; x_wconf 88' lang='lat' dir='ltr'><strong>et</strong></span> <span class='ocrx_word' id='word_1_180' title='bbox 1314 2258 1419 2298; x_wconf 92' lang='lat' dir='ltr'><strong>non</strong></span> <span class='ocrx_word' id='word_1_181' title='bbox 1450 2243 1562 2312; x_wconf 90' lang='lat' dir='ltr'><strong>ipsa</strong></span> <span class='ocrx_word' id='word_1_182' title='bbox 1607 2255 1756 2294; x_wconf 89' lang='lat' dir='ltr'><strong>mors</strong></span> <span class='ocrx_word' id='word_1_183' title='bbox 1789 2257 1802 2292; x_wconf 89' lang='lat'>:</span> <span class='ocrx_word' id='word_1_184' title='bbox 1833 2239 1956 2310; x_wconf 91' lang='lat' dir='ltr'><strong>quia</strong></span> <span class='ocrx_word' id='word_1_185' title='bbox 1991 2253 2134 2292; x_wconf 85' lang='lat' dir='ltr'><strong>mar-</strong></span> 
     </span>
    </p>
   </div>
   <div class='ocr_carea' id='block_1_25' title="bbox 545 2331 2135 2412">
    <p class='ocr_par' dir='ltr' id='par_1_25' title="bbox 545 2331 2135 2412">
     <span class='ocr_line' id='line_1_25' title="bbox 545 2331 2135 2412; baseline -0.006 -19"><span class='ocrx_word' id='word_1_186' title='bbox 545 2348 724 2412; x_wconf 89' lang='lat' dir='ltr'><strong>tyres,</strong></span> <span class='ocrx_word' id='word_1_187' title='bbox 757 2339 839 2392; x_wconf 86' lang='lat' dir='ltr'><strong>vel</strong></span> <span class='ocrx_word' id='word_1_188' title='bbox 879 2337 1076 2406; x_wconf 86' lang='lat' dir='ltr'><strong>reliqui</strong></span> <span class='ocrx_word' id='word_1_189' title='bbox 1100 2336 1297 2402; x_wconf 91' lang='lat' dir='ltr'><strong>sancti,</strong></span> <span class='ocrx_word' id='word_1_190' title='bbox 1335 2345 1387 2389; x_wconf 88' lang='lat' dir='ltr'><strong>et</strong></span> <span class='ocrx_word' id='word_1_191' title='bbox 1413 2337 1456 2387; x_wconf 91' lang='lat' dir='ltr'><strong>si</strong></span> <span class='ocrx_word' id='word_1_192' title='bbox 1481 2332 1813 2402; x_wconf 77' lang='lat' dir='ltr'><strong>affliguntur,</strong></span> <span class='ocrx_word' id='word_1_193' title='bbox 1839 2340 1893 2385; x_wconf 88' lang='lat' dir='ltr'><strong>et</strong></span> <span class='ocrx_word' id='word_1_194' title='bbox 1917 2331 1960 2385; x_wconf 87' lang='lat' dir='ltr'><strong>si</strong></span> <span class='ocrx_word' id='word_1_195' title='bbox 1989 2345 2135 2384; x_wconf 91' lang='lat' dir='ltr'><strong>mor-</strong></span> 
     </span>
    </p>
   </div>
   <div class='ocr_carea' id='block_1_26' title="bbox 547 2426 2133 2498">
    <p class='ocr_par' dir='ltr' id='par_1_26' title="bbox 547 2426 2133 2498">
     <span class='ocr_line' id='line_1_26' title="bbox 547 2426 2133 2498; baseline -0.005 -12"><span class='ocrx_word' id='word_1_196' title='bbox 547 2433 585 2486; x_wconf 89' lang='lat' dir='ltr'><strong>ti</strong></span> <span class='ocrx_word' id='word_1_197' title='bbox 639 2432 1014 2498; x_wconf 84' lang='lat' dir='ltr'><strong>deStinantur,</strong></span> <span class='ocrx_word' id='word_1_198' title='bbox 1072 2431 1255 2483; x_wconf 86' lang='lat' dir='ltr'><strong>vivunt</strong></span> <span class='ocrx_word' id='word_1_199' title='bbox 1289 2437 1474 2496; x_wconf 71' lang='lat' dir='ltr'><strong>tamen</strong></span> <span class='ocrx_word' id='word_1_200' title='bbox 1535 2427 1686 2493; x_wconf 90' lang='lat' dir='ltr'><strong>Deo,</strong></span> <span class='ocrx_word' id='word_1_201' title='bbox 1739 2437 1793 2482; x_wconf 90' lang='lat' dir='ltr'><strong>et</strong></span> <span class='ocrx_word' id='word_1_202' title='bbox 1837 2426 1954 2481; x_wconf 63' lang='lat' dir='ltr'><strong>haec</strong></span> <span class='ocrx_word' id='word_1_203' title='bbox 1986 2439 2133 2480; x_wconf 90' lang='lat' dir='ltr'><strong>mors</strong></span> 
     </span>
    </p>
   </div>
   <div class='ocr_carea' id='block_1_27' title="bbox 544 2519 1677 2588">
    <p class='ocr_par' dir='ltr' id='par_1_27' title="bbox 544 2519 1677 2588">
     <span class='ocr_line' id='line_1_27' title="bbox 544 2519 1677 2588; baseline -0.006 -9"><span class='ocrx_word' id='word_1_204' title='bbox 544 2523 733 2579; x_wconf 88' lang='lat' dir='ltr'><strong>umbra</strong></span> <span class='ocrx_word' id='word_1_205' title='bbox 764 2524 847 2578; x_wconf 91' lang='lat' dir='ltr'><strong>eis</strong></span> <span class='ocrx_word' id='word_1_206' title='bbox 877 2530 960 2576; x_wconf 85' lang='lat' dir='ltr'><strong>est</strong></span> <span class='ocrx_word' id='word_1_207' title='bbox 983 2565 995 2588; x_wconf 96' lang='lat'><strong>,</strong></span> <span class='ocrx_word' id='word_1_208' title='bbox 1019 2531 1076 2577; x_wconf 89' lang='lat' dir='ltr'><strong>et</strong></span> <span class='ocrx_word' id='word_1_209' title='bbox 1107 2537 1210 2576; x_wconf 90' lang='lat' dir='ltr'><strong>non</strong></span> <span class='ocrx_word' id='word_1_210' title='bbox 1245 2522 1441 2575; x_wconf 87' lang='lat' dir='ltr'><strong>veritas</strong></span> <span class='ocrx_word' id='word_1_211' title='bbox 1467 2519 1677 2576; x_wconf 90' lang='lat' dir='ltr'><strong>mortis.</strong></span> 
     </span>
    </p>
   </div>
   <div class='ocr_carea' id='block_1_28' title="bbox 612 2609 2134 2680">
    <p class='ocr_par' dir='ltr' id='par_1_28' title="bbox 612 2609 2134 2680">
     <span class='ocr_line' id='line_1_28' title="bbox 612 2609 2134 2680; baseline -0.005 -9"><span class='ocrx_word' id='word_1_212' title='bbox 612 2614 674 2671; x_wconf 89' lang='lat' dir='ltr'><strong>Si</strong></span> <span class='ocrx_word' id='word_1_213' title='bbox 701 2614 846 2669; x_wconf 82' lang='lat' dir='ltr'><strong>obliti</strong></span> <span class='ocrx_word' id='word_1_214' title='bbox 872 2631 1049 2668; x_wconf 88' lang='lat' dir='ltr'><strong>sumus</strong></span> <span class='ocrx_word' id='word_1_215' title='bbox 1076 2629 1260 2668; x_wconf 85' lang='lat' dir='ltr'><strong>nomen</strong></span> <span class='ocrx_word' id='word_1_216' title='bbox 1291 2611 1387 2666; x_wconf 90' lang='lat' dir='ltr'><strong>Dei</strong></span> <span class='ocrx_word' id='word_1_217' title='bbox 1410 2613 1591 2666; x_wconf 82' lang='lat' dir='ltr'><strong>nostri.</strong></span> <span class='ocrx_word' id='word_1_218' title='bbox 1618 2611 1674 2666; x_wconf 74' lang='grc' dir='ltr'><strong>ιιι</strong></span> <span class='ocrx_word' id='word_1_219' title='bbox 1697 2621 1803 2675; x_wconf 89' lang='lat' dir='ltr'><strong>est,</strong></span> <span class='ocrx_word' id='word_1_220' title='bbox 1827 2609 2134 2680; x_wconf 87' lang='lat' dir='ltr'><strong>Christum,</strong></span> 
     </span>
    </p>
   </div>
   <div class='ocr_carea' id='block_1_29' title="bbox 542 2704 2130 2780">
    <p class='ocr_par' dir='ltr' id='par_1_29' title="bbox 542 2704 2130 2780">
     <span class='ocr_line' id='line_1_29' title="bbox 542 2704 2130 2780; baseline -0.004 -16"><span class='ocrx_word' id='word_1_221' title='bbox 542 2709 612 2764; x_wconf 88' lang='lat' dir='ltr'><strong>Et</strong></span> <span class='ocrx_word' id='word_1_222' title='bbox 637 2711 680 2764; x_wconf 91' lang='lat' dir='ltr'><strong>si</strong></span> <span class='ocrx_word' id='word_1_223' title='bbox 727 2708 1072 2780; x_wconf 74' lang='lat' dir='ltr'><strong>expandimus</strong></span> <span class='ocrx_word' id='word_1_224' title='bbox 1111 2723 1294 2768; x_wconf 86' lang='lat' dir='ltr'><strong>manus</strong></span> <span class='ocrx_word' id='word_1_225' title='bbox 1340 2717 1537 2760; x_wconf 87' lang='lat' dir='ltr'><strong>nostras</strong></span> <span class='ocrx_word' id='word_1_226' title='bbox 1579 2707 1647 2759; x_wconf 85' lang='lat' dir='ltr'><strong>ad</strong></span> <span class='ocrx_word' id='word_1_227' title='bbox 1685 2704 1841 2760; x_wconf 88' lang='lat' dir='ltr'><strong>deum</strong></span> <span class='ocrx_word' id='word_1_228' title='bbox 1877 2704 2130 2759; x_wconf 87' lang='lat' dir='ltr'><strong>alienum.</strong></span> 
     </span>
    </p>
   </div>
   <div class='ocr_carea' id='block_1_30' title="bbox 542 2801 883 2857">
    <p class='ocr_par' dir='ltr' id='par_1_30' title="bbox 542 2801 883 2857">
     <span class='ocr_line' id='line_1_30' title="bbox 542 2801 883 2857; baseline -0.003 0"><span class='ocrx_word' id='word_1_229' title='bbox 542 2802 622 2857; x_wconf 86' lang='lat' dir='ltr'><strong>Ad</strong></span> <span class='ocrx_word' id='word_1_230' title='bbox 657 2801 883 2856; x_wconf 85' lang='lat' dir='ltr'><strong>idolum.</strong></span> 
     </span>
    </p>
   </div>
   <div class='ocr_carea' id='block_1_31' title="bbox 617 2889 2138 2966">
    <p class='ocr_par' dir='ltr' id='par_1_31' title="bbox 617 2889 2138 2966">
     <span class='ocr_line' id='line_1_31' title="bbox 617 2889 2138 2966; baseline -0.003 -17"><span class='ocrx_word' id='word_1_231' title='bbox 617 2894 805 2949; x_wconf 84' lang='lat' dir='ltr'><strong>Nonne</strong></span> <span class='ocrx_word' id='word_1_232' title='bbox 837 2892 978 2948; x_wconf 89' lang='lat' dir='ltr'><strong>Deus</strong></span> <span class='ocrx_word' id='word_1_233' title='bbox 1006 2894 1224 2966; x_wconf 77' lang='lat' dir='ltr'><strong>requiret</strong></span> <span class='ocrx_word' id='word_1_234' title='bbox 1252 2893 1399 2948; x_wconf 84' lang='lat' dir='ltr'><strong>ista?</strong></span> <span class='ocrx_word' id='word_1_235' title='bbox 1443 2893 1552 2964; x_wconf 88' lang='lat' dir='ltr'><strong>ipse</strong></span> <span class='ocrx_word' id='word_1_236' title='bbox 1576 2893 1713 2947; x_wconf 89' lang='lat' dir='ltr'><strong>enim</strong></span> <span class='ocrx_word' id='word_1_237' title='bbox 1743 2891 1883 2948; x_wconf 83' lang='lat' dir='ltr'><strong>novit</strong></span> <span class='ocrx_word' id='word_1_238' title='bbox 1920 2889 2138 2946; x_wconf 87' lang='lat' dir='ltr'><strong>abscon-</strong></span> 
     </span>
    </p>
   </div>
   <div class='ocr_carea' id='block_1_32' title="bbox 543 2983 2132 3056">
    <p class='ocr_par' dir='ltr' id='par_1_32' title="bbox 543 2983 2132 3056">
     <span class='ocr_line' id='line_1_32' title="bbox 543 2983 2132 3056; baseline -0.001 -16"><span class='ocrx_word' id='word_1_239' title='bbox 543 2988 651 3041; x_wconf 86' lang='lat' dir='ltr'><strong>dita</strong></span> <span class='ocrx_word' id='word_1_240' title='bbox 676 2987 869 3045; x_wconf 82' lang='lat' dir='ltr'><strong>cordis.</strong></span> <span class='ocrx_word' id='word_1_241' title='bbox 902 2986 1054 3052; x_wconf 89' lang='lat' dir='ltr'><strong>Quod</strong></span> <span class='ocrx_word' id='word_1_242' title='bbox 1085 2995 1378 3056; x_wconf 85' lang='lat' dir='ltr'><strong>c0gnoscat</strong></span> <span class='ocrx_word' id='word_1_243' title='bbox 1401 2985 1540 3040; x_wconf 89' lang='lat' dir='ltr'><strong>Deus</strong></span> <span class='ocrx_word' id='word_1_244' title='bbox 1567 2985 1930 3054; x_wconf 81' lang='lat' dir='ltr'><strong>cogitationes</strong></span> <span class='ocrx_word' id='word_1_245' title='bbox 1954 2983 2132 3039; x_wconf 89' lang='lat' dir='ltr'><strong>homi-</strong></span> 
     </span>
    </p>
   </div>
   <div class='ocr_carea' id='block_1_33' title="bbox 544 3077 2130 3152">
    <p class='ocr_par' dir='ltr' id='par_1_33' title="bbox 544 3077 2130 3152">
     <span class='ocr_line' id='line_1_33' title="bbox 544 3077 2130 3152; baseline -0.004 -16"><span class='ocrx_word' id='word_1_246' title='bbox 544 3099 696 3150; x_wconf 92' lang='lat' dir='ltr'><strong>num,</strong></span> <span class='ocrx_word' id='word_1_247' title='bbox 727 3082 840 3152; x_wconf 90' lang='lat' dir='ltr'><strong>ipse</strong></span> <span class='ocrx_word' id='word_1_248' title='bbox 867 3081 919 3135; x_wconf 88' lang='lat' dir='ltr'><strong>itt</strong></span> <span class='ocrx_word' id='word_1_249' title='bbox 947 3080 1244 3149; x_wconf 79' lang='lat' dir='ltr'><strong>Evangelia</strong></span> <span class='ocrx_word' id='word_1_250' title='bbox 1277 3081 1452 3150; x_wconf 84' lang='lat' dir='ltr'><strong>prodit</strong></span> <span class='ocrx_word' id='word_1_251' title='bbox 1480 3079 1546 3132; x_wconf 91' lang='lat' dir='ltr'><strong>ad</strong></span> <span class='ocrx_word' id='word_1_252' title='bbox 1579 3077 1886 3133; x_wconf 69' lang='lat' dir='ltr'><strong>Pharisazos</strong></span> <span class='ocrx_word' id='word_1_253' title='bbox 1913 3078 2130 3132; x_wconf 91' lang='lat' dir='ltr'><strong>dicens:</strong></span> 
     </span>
    </p>
   </div>
   <div class='ocr_carea' id='block_1_34' title="bbox 545 3167 2208 3247">
    <p class='ocr_par' dir='ltr' id='par_1_34' title="bbox 545 3167 2208 3247">
     <span class='ocr_line' id='line_1_34' title="bbox 545 3167 2208 3247; baseline -0.002 -17"><span class='ocrx_word' id='word_1_254' title='bbox 545 3175 686 3243; x_wconf 86' lang='lat' dir='ltr'><strong>Quid</strong></span> <span class='ocrx_word' id='word_1_255' title='bbox 716 3176 970 3247; x_wconf 75' lang='lat' dir='ltr'><strong>cogitatis</strong></span> <span class='ocrx_word' id='word_1_256' title='bbox 1003 3189 1235 3246; x_wconf 81' lang='lat' dir='ltr'><strong>nequam</strong></span> <span class='ocrx_word' id='word_1_257' title='bbox 1265 3176 1314 3229; x_wconf 91' lang='lat' dir='ltr'><strong>in</strong></span> <span class='ocrx_word' id='word_1_258' title='bbox 1342 3173 1596 3230; x_wconf 86' lang='lat' dir='ltr'><strong>cordibus</strong></span> <span class='ocrx_word' id='word_1_259' title='bbox 1635 3171 1828 3227; x_wconf 79' lang='lat' dir='ltr'><strong>vestris</strong></span> <span class='ocrx_word' id='word_1_260' title='bbox 1859 3171 2010 3243; x_wconf 84' lang='lat' dir='ltr'><strong>(Luc.</strong></span> <span class='ocrx_word' id='word_1_261' title='bbox 2044 3169 2134 3242; x_wconf 81' lang='lat' dir='ltr'><strong>v)?</strong></span> <span class='ocrx_word' id='word_1_262' title='bbox 2163 3167 2208 3230; x_wconf 90' lang='lat' dir='ltr'><strong>C</strong></span> 
     </span>
    </p>
   </div>
   <div class='ocr_carea' id='block_1_35' title="bbox 545 3262 2135 3340">
    <p class='ocr_par' dir='ltr' id='par_1_35' title="bbox 545 3262 2135 3340">
     <span class='ocr_line' id='line_1_35' title="bbox 545 3262 2135 3340; baseline -0.001 -16"><span class='ocrx_word' id='word_1_263' title='bbox 545 3269 635 3324; x_wconf 89' lang='lat' dir='ltr'><strong>Sic</strong></span> <span class='ocrx_word' id='word_1_264' title='bbox 658 3279 712 3324; x_wconf 89' lang='lat' dir='ltr'><strong>et</strong></span> <span class='ocrx_word' id='word_1_265' title='bbox 741 3265 1010 3340; x_wconf 76' lang='lat' dir='ltr'><strong>martyres</strong></span> <span class='ocrx_word' id='word_1_266' title='bbox 1039 3270 1224 3322; x_wconf 87' lang='lat' dir='ltr'><strong>dicunt</strong></span> <span class='ocrx_word' id='word_1_267' title='bbox 1258 3287 1271 3320; x_wconf 91' lang='lat'>:</span> <span class='ocrx_word' id='word_1_268' title='bbox 1300 3267 1354 3324; x_wconf 88' lang='lat' dir='ltr'><strong>Si</strong></span> <span class='ocrx_word' id='word_1_269' title='bbox 1379 3266 1575 3322; x_wconf 85' lang='lat' dir='ltr'><strong>alicubi</strong></span> <span class='ocrx_word' id='word_1_270' title='bbox 1607 3266 1948 3320; x_wconf 81' lang='lat' dir='ltr'><strong>excessimus</strong></span> <span class='ocrx_word' id='word_1_271' title='bbox 1978 3279 2004 3316; x_wconf 90' lang='lat' dir='ltr'><strong>a</strong></span> <span class='ocrx_word' id='word_1_272' title='bbox 2030 3262 2135 3322; x_wconf 86' lang='lat' dir='ltr'><strong>viis</strong></span> 
     </span>
    </p>
   </div>
   <div class='ocr_carea' id='block_1_36' title="bbox 545 3358 1880 3433">
    <p class='ocr_par' dir='ltr' id='par_1_36' title="bbox 545 3358 1880 3433">
     <span class='ocr_line' id='line_1_36' title="bbox 545 3358 1880 3433; baseline -0.004 -17"><span class='ocrx_word' id='word_1_273' title='bbox 545 3362 671 3433; x_wconf 80' lang='lat' dir='ltr'><strong>Dei,</strong></span> <span class='ocrx_word' id='word_1_274' title='bbox 705 3364 820 3432; x_wconf 89' lang='lat' dir='ltr'><strong>ipse</strong></span> <span class='ocrx_word' id='word_1_275' title='bbox 850 3362 940 3433; x_wconf 87' lang='lat' dir='ltr'><strong>qui</strong></span> <span class='ocrx_word' id='word_1_276' title='bbox 973 3377 1173 3417; x_wconf 89' lang='lat' dir='ltr'><strong>arcana</strong></span> <span class='ocrx_word' id='word_1_277' title='bbox 1205 3361 1390 3416; x_wconf 91' lang='lat' dir='ltr'><strong>cordis</strong></span> <span class='ocrx_word' id='word_1_278' title='bbox 1420 3361 1588 3426; x_wconf 88' lang='lat' dir='ltr'><strong>novit,</strong></span> <span class='ocrx_word' id='word_1_279' title='bbox 1623 3358 1880 3432; x_wconf 86' lang='lat' dir='ltr'><strong>inquirat.</strong></span> 
     </span>
    </p>
   </div>
   <div class='ocr_carea' id='block_1_37' title="bbox 620 3449 2131 3527">
    <p class='ocr_par' dir='ltr' id='par_1_37' title="bbox 620 3449 2131 3527">
     <span class='ocr_line' id='line_1_37' title="bbox 620 3449 2131 3527; baseline -0.003 -19"><span class='ocrx_word' id='word_1_280' title='bbox 620 3457 879 3524; x_wconf 87' lang='lat' dir='ltr'><strong>Quoniam</strong></span> <span class='ocrx_word' id='word_1_281' title='bbox 900 3466 1107 3527; x_wconf 81' lang='lat' dir='ltr'><strong>propter</strong></span> <span class='ocrx_word' id='word_1_282' title='bbox 1139 3466 1185 3508; x_wconf 89' lang='lat' dir='ltr'><strong>te</strong></span> <span class='ocrx_word' id='word_1_283' title='bbox 1213 3455 1584 3525; x_wconf 82' lang='lat' dir='ltr'><strong>mortiﬁcamur</strong></span> <span class='ocrx_word' id='word_1_284' title='bbox 1605 3461 1710 3506; x_wconf 91' lang='lat' dir='ltr'><strong>tota</strong></span> <span class='ocrx_word' id='word_1_285' title='bbox 1738 3452 1840 3506; x_wconf 84' lang='lat' dir='ltr'><strong>die.</strong></span> <span class='ocrx_word' id='word_1_286' title='bbox 1868 3449 1925 3508; x_wconf 85' lang='lat' dir='ltr'><strong>In</strong></span> <span class='ocrx_word' id='word_1_287' title='bbox 1950 3449 2131 3505; x_wconf 68' lang='lat' dir='ltr'><strong>divero</strong></span> 
     </span>
    </p>
   </div>
   <div class='ocr_carea' id='block_1_38' title="bbox 546 3545 2136 3618">
    <p class='ocr_par' dir='ltr' id='par_1_38' title="bbox 546 3545 2136 3618">
     <span class='ocr_line' id='line_1_38' title="bbox 546 3545 2136 3618; baseline -0.002 -16"><span class='ocrx_word' id='word_1_288' title='bbox 546 3548 621 3602; x_wconf 89' lang='lat' dir='ltr'><strong>sis</strong></span> <span class='ocrx_word' id='word_1_289' title='bbox 644 3547 1082 3603; x_wconf 82' lang='lat' dir='ltr'><strong>tribulationibus</strong></span> <span class='ocrx_word' id='word_1_290' title='bbox 1105 3547 1459 3618; x_wconf 65' lang='lat' dir='ltr'><strong>opprimimur</strong></span> <span class='ocrx_word' id='word_1_291' title='bbox 1483 3557 1701 3614; x_wconf 81' lang='lat' dir='ltr'><strong>propter</strong></span> <span class='ocrx_word' id='word_1_292' title='bbox 1725 3554 1798 3610; x_wconf 85' lang='lat' dir='ltr'><strong>le,</strong></span> <span class='ocrx_word' id='word_1_293' title='bbox 1824 3545 1916 3598; x_wconf 81' lang='lat' dir='ltr'><strong>sed</strong></span> <span class='ocrx_word' id='word_1_294' title='bbox 1940 3553 2136 3612; x_wconf 81' lang='lat' dir='ltr'><strong>Sponte</strong></span> 
     </span>
    </p>
   </div>
   <div class='ocr_carea' id='block_1_39' title="bbox 545 3637 2136 3711">
    <p class='ocr_par' dir='ltr' id='par_1_39' title="bbox 545 3637 2136 3711">
     <span class='ocr_line' id='line_1_39' title="bbox 545 3637 2136 3711; baseline -0.003 -16"><span class='ocrx_word' id='word_1_295' title='bbox 545 3641 851 3711; x_wconf 73' lang='lat' dir='ltr'><strong>prmbemus</strong></span> <span class='ocrx_word' id='word_1_296' title='bbox 903 3641 1040 3694; x_wconf 90' lang='lat' dir='ltr'><strong>colla</strong></span> <span class='ocrx_word' id='word_1_297' title='bbox 1092 3638 1445 3692; x_wconf 62' lang='lat' dir='ltr'><strong>caedentibus.</strong></span> <span class='ocrx_word' id='word_1_298' title='bbox 1499 3637 1773 3690; x_wconf 77' lang='lat' dir='ltr'><strong>.Estimati</strong></span> <span class='ocrx_word' id='word_1_299' title='bbox 1817 3652 2029 3703; x_wconf 89' lang='lat' dir='ltr'><strong>sumus,</strong></span> <span class='ocrx_word' id='word_1_300' title='bbox 2080 3646 2136 3696; x_wconf 85' lang='lat' dir='ltr'><strong>ut</strong></span> 
     </span>
    </p>
   </div>
   <div class='ocr_carea' id='block_1_40' title="bbox 544 3729 2135 3806">
    <p class='ocr_par' dir='ltr' id='par_1_40' title="bbox 544 3729 2135 3806">
     <span class='ocr_line' id='line_1_40' title="bbox 544 3729 2135 3806; baseline -0.003 -15"><span class='ocrx_word' id='word_1_301' title='bbox 544 3753 658 3792; x_wconf 90' lang='lat' dir='ltr'><strong>oves</strong></span> <span class='ocrx_word' id='word_1_302' title='bbox 690 3735 961 3789; x_wconf 80' lang='lat' dir='ltr'><strong>occisionis</strong></span> <span class='ocrx_word' id='word_1_303' title='bbox 986 3733 1212 3806; x_wconf 87' lang='lat' dir='ltr'><strong>(Matth.</strong></span> <span class='ocrx_word' id='word_1_304' title='bbox 1239 3733 1328 3804; x_wconf 85' lang='lat' dir='ltr'><strong>x).</strong></span> <span class='ocrx_word' id='word_1_305' title='bbox 1359 3733 1578 3786; x_wconf 80' lang='lat' dir='ltr'><strong>Dixeras</strong></span> <span class='ocrx_word' id='word_1_306' title='bbox 1616 3731 1786 3798; x_wconf 90' lang='lat' dir='ltr'><strong>enim,</strong></span> <span class='ocrx_word' id='word_1_307' title='bbox 1819 3729 1963 3801; x_wconf 89' lang='lat' dir='ltr'><strong>quod</strong></span> <span class='ocrx_word' id='word_1_308' title='bbox 1998 3731 2135 3786; x_wconf 89' lang='lat' dir='ltr'><strong>mis-</strong></span> 
     </span>
    </p>
   </div>
   <div class='ocr_carea' id='block_1_41' title="bbox 548 3823 2126 3896">
    <p class='ocr_par' dir='ltr' id='par_1_41' title="bbox 548 3823 2126 3896">
     <span class='ocr_line' id='line_1_41' title="bbox 548 3823 2126 3896; baseline -0.004 -12"><span class='ocrx_word' id='word_1_309' title='bbox 548 3845 706 3884; x_wconf 86' lang='lat' dir='ltr'><strong>surus</strong></span> <span class='ocrx_word' id='word_1_310' title='bbox 739 3844 839 3881; x_wconf 87' lang='lat' dir='ltr'><strong>nos</strong></span> <span class='ocrx_word' id='word_1_311' title='bbox 878 3842 1030 3882; x_wconf 88' lang='lat' dir='ltr'><strong>esses</strong></span> <span class='ocrx_word' id='word_1_312' title='bbox 1076 3835 1348 3896; x_wconf 82' lang='lat' dir='ltr'><strong>tamquam</strong></span> <span class='ocrx_word' id='word_1_313' title='bbox 1393 3839 1518 3880; x_wconf 81' lang='lat' dir='ltr'><strong>oves</strong></span> <span class='ocrx_word' id='word_1_314' title='bbox 1565 3825 1618 3878; x_wconf 91' lang='lat' dir='ltr'><strong>in</strong></span> <span class='ocrx_word' id='word_1_315' title='bbox 1649 3823 1826 3879; x_wconf 89' lang='lat' dir='ltr'><strong>medio</strong></span> <span class='ocrx_word' id='word_1_316' title='bbox 1875 3823 2126 3894; x_wconf 90' lang='lat' dir='ltr'><strong>luporum</strong></span> 
     </span>
    </p>
   </div>
   <div class='ocr_carea' id='block_1_42' title="bbox 553 3915 2136 3989">
    <p class='ocr_par' dir='ltr' id='par_1_42' title="bbox 553 3915 2136 3989">
     <span class='ocr_line' id='line_1_42' title="bbox 553 3915 2136 3989; baseline 0.001 -16"><span class='ocrx_word' id='word_1_317' title='bbox 553 3922 570 3989; x_wconf 85' lang='lat'><strong>(</strong></span> <span class='ocrx_word' id='word_1_318' title='bbox 595 3919 782 3973; x_wconf 84' lang='lat' dir='ltr'><strong>Matth.</strong></span> <span class='ocrx_word' id='word_1_319' title='bbox 820 3920 976 3988; x_wconf 86' lang='lat' dir='ltr'><strong>vm):</strong></span> <span class='ocrx_word' id='word_1_320' title='bbox 1002 3917 1153 3973; x_wconf 85' lang='lat' dir='ltr'><strong>Nunc</strong></span> <span class='ocrx_word' id='word_1_321' title='bbox 1179 3928 1360 3972; x_wconf 83' lang='lat' dir='ltr'><strong>autem</strong></span> <span class='ocrx_word' id='word_1_322' title='bbox 1393 3918 1513 3988; x_wconf 87' lang='lat' dir='ltr'><strong>quia</strong></span> <span class='ocrx_word' id='word_1_323' title='bbox 1543 3917 1609 3970; x_wconf 86' lang='lat' dir='ltr'><strong>ab</strong></span> <span class='ocrx_word' id='word_1_324' title='bbox 1632 3918 1714 3972; x_wconf 81' lang='lat' dir='ltr'><strong>his</strong></span> <span class='ocrx_word' id='word_1_325' title='bbox 1743 3915 2136 3974; x_wconf 72' lang='lat' dir='ltr'><strong>mutationibus</strong></span> 
     </span>
    </p>
   </div>
   <div class='ocr_carea' id='block_1_43' title="bbox 551 4008 2136 4079">
    <p class='ocr_par' dir='ltr' id='par_1_43' title="bbox 551 4008 2136 4079">
     <span class='ocr_line' id='line_1_43' title="bbox 551 4008 2136 4079; baseline 0.002 -19"><span class='ocrx_word' id='word_1_326' title='bbox 551 4012 837 4079; x_wconf 63' lang='lat' dir='ltr'><strong>elOngatus</strong></span> <span class='ocrx_word' id='word_1_327' title='bbox 869 4025 951 4074; x_wconf 90' lang='lat' dir='ltr'><strong>es,</strong></span> <span class='ocrx_word' id='word_1_328' title='bbox 986 4017 1041 4062; x_wconf 91' lang='lat' dir='ltr'><strong>et</strong></span> <span class='ocrx_word' id='word_1_329' title='bbox 1071 4023 1343 4079; x_wconf 86' lang='lat' dir='ltr'><strong>tamquam</strong></span> <span class='ocrx_word' id='word_1_330' title='bbox 1375 4010 1416 4062; x_wconf 92' lang='lat' dir='ltr'><strong>si</strong></span> <span class='ocrx_word' id='word_1_331' title='bbox 1447 4011 1498 4062; x_wconf 93' lang='lat' dir='ltr'><strong>in</strong></span> <span class='ocrx_word' id='word_1_332' title='bbox 1531 4009 1648 4062; x_wconf 87' lang='lat' dir='ltr'><strong>navi</strong></span> <span class='ocrx_word' id='word_1_333' title='bbox 1690 4008 1997 4075; x_wconf 86' lang='lat' dir='ltr'><strong>dOrmiens,</strong></span> <span class='ocrx_word' id='word_1_334' title='bbox 2029 4022 2136 4063; x_wconf 87' lang='lat' dir='ltr'><strong>non</strong></span> 
     </span>
    </p>
   </div>
   <div class='ocr_carea' id='block_1_44' title="bbox 557 4098 2169 4171">
    <p class='ocr_par' dir='ltr' id='par_1_44' title="bbox 557 4098 2169 4171">
     <span class='ocr_line' id='line_1_44' title="bbox 557 4098 2169 4171; baseline -0.001 -16"><span class='ocrx_word' id='word_1_335' title='bbox 557 4115 657 4155; x_wconf 92' lang='lat' dir='ltr'><strong>nos</strong></span> <span class='ocrx_word' id='word_1_336' title='bbox 697 4115 726 4154; x_wconf 89' lang='lat' dir='ltr'><strong>a</strong></span> <span class='ocrx_word' id='word_1_337' title='bbox 767 4106 1092 4171; x_wconf 88' lang='lat' dir='ltr'><strong>tempestate</strong></span> <span class='ocrx_word' id='word_1_338' title='bbox 1140 4098 1410 4168; x_wconf 82' lang='lat' dir='ltr'><strong>defendis,</strong></span> <span class='ocrx_word' id='word_1_339' title='bbox 1440 4099 1741 4154; x_wconf 79' lang='lat' dir='ltr'><strong>excitamus</strong></span> <span class='ocrx_word' id='word_1_340' title='bbox 1768 4107 1844 4166; x_wconf 88' lang='lat' dir='ltr'><strong>te,</strong></span> <span class='ocrx_word' id='word_1_341' title='bbox 1883 4098 2134 4165; x_wconf 90' lang='lat' dir='ltr'><strong>Domine,</strong></span> <span class='ocrx_word' id='word_1_342' title='bbox 2161 4129 2169 4136; x_wconf 66' lang='grc' dir='ltr'><strong>ιι</strong></span> 
     </span>
    </p>
   </div>
   <div class='ocr_carea' id='block_1_45' title="bbox 551 4191 1566 4262">
    <p class='ocr_par' dir='ltr' id='par_1_45' title="bbox 551 4191 1566 4262">
     <span class='ocr_line' id='line_1_45' title="bbox 551 4191 1566 4262; baseline 0.003 -16"><span class='ocrx_word' id='word_1_343' title='bbox 551 4191 899 4247; x_wconf 86' lang='lat' dir='ltr'><strong>confessione</strong></span> <span class='ocrx_word' id='word_1_344' title='bbox 935 4191 1165 4262; x_wconf 89' lang='lat' dir='ltr'><strong>supplici</strong></span> <span class='ocrx_word' id='word_1_345' title='bbox 1191 4191 1566 4262; x_wconf 84' lang='lat' dir='ltr'><strong>deprecantes.</strong></span> 
     </span>
    </p>
   </div>
   <div class='ocr_carea' id='block_1_46' title="bbox 623 4281 2140 4356">
    <p class='ocr_par' dir='ltr' id='par_1_46' title="bbox 623 4281 2140 4356">
     <span class='ocr_line' id='line_1_46' title="bbox 623 4281 2140 4356; baseline 0.001 -19"><span class='ocrx_word' id='word_1_346' title='bbox 623 4281 883 4353; x_wconf 72' lang='lat' dir='ltr'><strong>Exsurge,</strong></span> <span class='ocrx_word' id='word_1_347' title='bbox 917 4299 1079 4352; x_wconf 85' lang='lat' dir='ltr'><strong>quare</strong></span> <span class='ocrx_word' id='word_1_348' title='bbox 1124 4283 1408 4348; x_wconf 84' lang='lat' dir='ltr'><strong>obdormis,</strong></span> <span class='ocrx_word' id='word_1_349' title='bbox 1455 4281 1711 4339; x_wconf 85' lang='lat' dir='ltr'><strong>Domine?</strong></span> <span class='ocrx_word' id='word_1_350' title='bbox 1751 4299 1971 4356; x_wconf 77' lang='lat' dir='ltr'><strong>exsurge</strong></span> <span class='ocrx_word' id='word_1_351' title='bbox 1999 4292 2047 4338; x_wconf 89' lang='lat' dir='ltr'><strong>et</strong></span> <span class='ocrx_word' id='word_1_352' title='bbox 2075 4298 2140 4338; x_wconf 82' lang='lat' dir='ltr'><strong>ne</strong></span> 
     </span>
    </p>
   </div>
   <div class='ocr_carea' id='block_1_47' title="bbox 552 4376 2143 4450">
    <p class='ocr_par' dir='ltr' id='par_1_47' title="bbox 552 4376 2143 4450">
     <span class='ocr_line' id='line_1_47' title="bbox 552 4376 2143 4450; baseline 0.003 -20"><span class='ocrx_word' id='word_1_353' title='bbox 552 4376 772 4445; x_wconf 75' lang='lat' dir='ltr'><strong>repellas</strong></span> <span class='ocrx_word' id='word_1_354' title='bbox 800 4378 852 4430; x_wconf 90' lang='lat' dir='ltr'><strong>in</strong></span> <span class='ocrx_word' id='word_1_355' title='bbox 896 4376 1074 4446; x_wconf 84' lang='lat' dir='ltr'><strong>ﬁnem.</strong></span> <span class='ocrx_word' id='word_1_356' title='bbox 1110 4376 1180 4432; x_wconf 87' lang='lat' dir='ltr'><strong>Ut</strong></span> <span class='ocrx_word' id='word_1_357' title='bbox 1224 4377 1312 4448; x_wconf 93' lang='lat' dir='ltr'><strong>qui</strong></span> <span class='ocrx_word' id='word_1_358' title='bbox 1361 4388 1603 4432; x_wconf 89' lang='lat' dir='ltr'><strong>mortuus</strong></span> <span class='ocrx_word' id='word_1_359' title='bbox 1634 4394 1693 4450; x_wconf 81' lang='lat' dir='ltr'><strong>es</strong></span> <span class='ocrx_word' id='word_1_360' title='bbox 1731 4395 1829 4449; x_wconf 90' lang='lat' dir='ltr'><strong>pro</strong></span> <span class='ocrx_word' id='word_1_361' title='bbox 1876 4379 2053 4448; x_wconf 90' lang='lat' dir='ltr'><strong>nobis,</strong></span> <span class='ocrx_word' id='word_1_362' title='bbox 2085 4387 2143 4436; x_wconf 89' lang='lat' dir='ltr'><strong>et</strong></span> 
     </span>
    </p>
   </div>
   <div class='ocr_carea' id='block_1_48' title="bbox 559 4470 2142 4542">
    <p class='ocr_par' dir='ltr' id='par_1_48' title="bbox 559 4470 2142 4542">
     <span class='ocr_line' id='line_1_48' title="bbox 559 4470 2142 4542; baseline 0.001 -17"><span class='ocrx_word' id='word_1_363' title='bbox 559 4470 913 4526; x_wconf 75' lang='lat' dir='ltr'><strong>resurrexisti</strong></span> <span class='ocrx_word' id='word_1_364' title='bbox 957 4489 968 4524; x_wconf 91' lang='lat'>:</span> <span class='ocrx_word' id='word_1_365' title='bbox 1002 4470 1260 4526; x_wconf 82' lang='lat' dir='ltr'><strong>exciteris</strong></span> <span class='ocrx_word' id='word_1_366' title='bbox 1302 4471 1356 4525; x_wconf 92' lang='lat' dir='ltr'><strong>in</strong></span> <span class='ocrx_word' id='word_1_367' title='bbox 1398 4470 1648 4526; x_wconf 90' lang='lat' dir='ltr'><strong>cordibus</strong></span> <span class='ocrx_word' id='word_1_368' title='bbox 1687 4486 1899 4541; x_wconf 91' lang='lat' dir='ltr'><strong>eorum,</strong></span> <span class='ocrx_word' id='word_1_369' title='bbox 1947 4471 2037 4542; x_wconf 89' lang='lat' dir='ltr'><strong>qui</strong></span> <span class='ocrx_word' id='word_1_370' title='bbox 2089 4480 2142 4528; x_wconf 89' lang='lat' dir='ltr'><strong>te</strong></span> 
     </span>
    </p>
   </div>
   <div class='ocr_carea' id='block_1_49' title="bbox 2221 484 3810 551">
    <p class='ocr_par' dir='ltr' id='par_1_49' title="bbox 2221 484 3810 551">
     <span class='ocr_line' id='line_1_49' title="bbox 2221 484 3810 551; baseline 0.01 -20"><span class='ocrx_word' id='word_1_371' title='bbox 2221 490 2332 551; x_wconf 79' lang='lat' dir='ltr'><strong>pter</strong></span> <span class='ocrx_word' id='word_1_372' title='bbox 2362 499 2544 537; x_wconf 82' lang='lat' dir='ltr'><strong>nomen</strong></span> <span class='ocrx_word' id='word_1_373' title='bbox 2564 494 2730 539; x_wconf 83' lang='lat' dir='ltr'><strong>tuum.</strong></span> <span class='ocrx_word' id='word_1_374' title='bbox 2766 484 2883 540; x_wconf 83' lang='lat' dir='ltr'><strong>Jam</strong></span> <span class='ocrx_word' id='word_1_375' title='bbox 2909 497 3059 541; x_wconf 88' lang='lat' dir='ltr'><strong>tuum</strong></span> <span class='ocrx_word' id='word_1_376' title='bbox 3093 487 3145 542; x_wconf 91' lang='lat' dir='ltr'><strong>in</strong></span> <span class='ocrx_word' id='word_1_377' title='bbox 3179 488 3628 545; x_wconf 81' lang='lat' dir='ltr'><strong>tribulationibus</strong></span> <span class='ocrx_word' id='word_1_378' title='bbox 3658 494 3810 546; x_wconf 82' lang='lat' dir='ltr'><strong>auxi-</strong></span> 
     </span>
    </p>
   </div>
   <div class='ocr_carea' id='block_1_50' title="bbox 2225 571 3818 648">
    <p class='ocr_par' dir='ltr' id='par_1_50' title="bbox 2225 571 3818 648">
     <span class='ocr_line' id='line_1_50' title="bbox 2225 571 3818 648; baseline 0.01 -24"><span class='ocrx_word' id='word_1_379' title='bbox 2225 571 2352 626; x_wconf 88' lang='lat' dir='ltr'><strong>lium</strong></span> <span class='ocrx_word' id='word_1_380' title='bbox 2382 589 2705 640; x_wconf 83' lang='lat' dir='ltr'><strong>mereatnur,</strong></span> <span class='ocrx_word' id='word_1_381' title='bbox 2742 587 2801 631; x_wconf 88' lang='lat' dir='ltr'><strong>ut</strong></span> <span class='ocrx_word' id='word_1_382' title='bbox 2833 577 3132 632; x_wconf 83' lang='lat' dir='ltr'><strong>liberemur</strong></span> <span class='ocrx_word' id='word_1_383' title='bbox 3155 578 3223 633; x_wconf 85' lang='lat' dir='ltr'><strong>ab</strong></span> <span class='ocrx_word' id='word_1_384' title='bbox 3249 578 3333 632; x_wconf 88' lang='lat' dir='ltr'><strong>his</strong></span> <span class='ocrx_word' id='word_1_385' title='bbox 3373 581 3646 648; x_wconf 77' lang='lat' dir='ltr'><strong>pressaris</strong></span> <span class='ocrx_word' id='word_1_386' title='bbox 3673 599 3688 635; x_wconf 90' lang='lat'><strong>:</strong></span> <span class='ocrx_word' id='word_1_387' title='bbox 3715 597 3818 640; x_wconf 90' lang='lat' dir='ltr'><strong>non</strong></span> 
     </span>
    </p>
   </div>
   <div class='ocr_carea' id='block_1_51' title="bbox 2225 669 3817 741">
    <p class='ocr_par' dir='ltr' id='par_1_51' title="bbox 2225 669 3817 741">
     <span class='ocr_line' id='line_1_51' title="bbox 2225 669 3817 741; baseline 0.008 -24"><span class='ocrx_word' id='word_1_388' title='bbox 2225 674 2446 736; x_wconf 89' lang='lat' dir='ltr'><strong>propter</strong></span> <span class='ocrx_word' id='word_1_389' title='bbox 2471 669 2720 722; x_wconf 91' lang='lat' dir='ltr'><strong>meritum</strong></span> <span class='ocrx_word' id='word_1_390' title='bbox 2750 679 3019 735; x_wconf 88' lang='lat' dir='ltr'><strong>nostrum,</strong></span> <span class='ocrx_word' id='word_1_391' title='bbox 3044 669 3142 726; x_wconf 82' lang='lat' dir='ltr'><strong>sed</strong></span> <span class='ocrx_word' id='word_1_392' title='bbox 3168 678 3391 741; x_wconf 88' lang='lat' dir='ltr'><strong>propter</strong></span> <span class='ocrx_word' id='word_1_393' title='bbox 3415 687 3616 727; x_wconf 90' lang='lat' dir='ltr'><strong>nomen</strong></span> <span class='ocrx_word' id='word_1_394' title='bbox 3644 682 3817 730; x_wconf 89' lang='lat' dir='ltr'><strong>tuum.</strong></span> 
     </span>
    </p>
   </div>
   <div class='ocr_carea' id='block_1_52' title="bbox 2754 802 3292 859">
    <p class='ocr_par' dir='ltr' id='par_1_52' title="bbox 2754 802 3292 859">
     <span class='ocr_line' id='line_1_52' title="bbox 2754 802 3292 859; baseline 0.004 -3"><span class='ocrx_word' id='word_1_395' title='bbox 2754 802 3070 859; x_wconf 76' lang='lat' dir='ltr'><strong>PSALMUS</strong></span> <span class='ocrx_word' id='word_1_396' title='bbox 3106 802 3292 858; x_wconf 79' lang='lat' dir='ltr'><strong>XLIV.</strong></span> 
     </span>
    </p>
   </div>
   <div class='ocr_carea' id='block_1_53' title="bbox 2231 888 3820 965">
    <p class='ocr_par' dir='ltr' id='par_1_53' title="bbox 2231 888 3820 965">
     <span class='ocr_line' id='line_1_53' title="bbox 2231 888 3820 965; baseline 0.005 -23"><span class='ocrx_word' id='word_1_397' title='bbox 2231 888 2501 965; x_wconf 80' lang='lat' dir='ltr'><strong>Inﬁuem,</strong></span> <span class='ocrx_word' id='word_1_398' title='bbox 2543 911 2636 964; x_wconf 68' lang='lat' dir='ltr'><strong>pro</strong></span> <span class='ocrx_word' id='word_1_399' title='bbox 2668 895 2747 947; x_wconf 87' lang='lat' dir='ltr'><strong>his</strong></span> <span class='ocrx_word' id='word_1_400' title='bbox 2776 894 2866 964; x_wconf 87' lang='lat' dir='ltr'><strong>qui</strong></span> <span class='ocrx_word' id='word_1_401' title='bbox 2895 895 3378 956; x_wconf 82' lang='lat' dir='ltr'><strong>commutabuntur,</strong></span> <span class='ocrx_word' id='word_1_402' title='bbox 3407 895 3531 965; x_wconf 83' lang='lat' dir='ltr'><strong>ﬁliis</strong></span> <span class='ocrx_word' id='word_1_403' title='bbox 3560 893 3720 963; x_wconf 87' lang='lat' dir='ltr'><strong>Core,</strong></span> <span class='ocrx_word' id='word_1_404' title='bbox 3758 895 3820 950; x_wconf 82' lang='lat' dir='ltr'><strong>ad</strong></span> 
     </span>
    </p>
   </div>
   <div class='ocr_carea' id='block_1_54' title="bbox 2302 963 3818 1036">
    <p class='ocr_par' dir='ltr' id='par_1_54' title="bbox 2302 963 3818 1036">
     <span class='ocr_line' id='line_1_54' title="bbox 2302 963 3818 1036; baseline 0.005 -21"><span class='ocrx_word' id='word_1_405' title='bbox 2302 963 2636 1036; x_wconf 80' lang='lat' dir='ltr'><strong>intellectum,</strong></span> <span class='ocrx_word' id='word_1_406' title='bbox 2661 963 2931 1036; x_wconf 79' lang='lat' dir='ltr'><strong>Canticum</strong></span> <span class='ocrx_word' id='word_1_407' title='bbox 2969 982 3061 1036; x_wconf 79' lang='lat' dir='ltr'><strong>pro</strong></span> <span class='ocrx_word' id='word_1_408' title='bbox 3089 965 3298 1020; x_wconf 80' lang='lat' dir='ltr'><strong>dilecto.</strong></span> <span class='ocrx_word' id='word_1_409' title='bbox 3334 963 3437 1020; x_wconf 83' lang='lat' dir='ltr'><strong>Pro</strong></span> <span class='ocrx_word' id='word_1_410' title='bbox 3475 981 3581 1034; x_wconf 92' lang='lat' dir='ltr'><strong>quo</strong></span> <span class='ocrx_word' id='word_1_411' title='bbox 3625 967 3680 1020; x_wconf 89' lang='lat' dir='ltr'><strong>in</strong></span> <span class='ocrx_word' id='word_1_412' title='bbox 3717 967 3818 1022; x_wconf 84' lang='lat' dir='ltr'><strong>lle-</strong></span> 
     </span>
    </p>
   </div>
   <div class='ocr_carea' id='block_1_55' title="bbox 2302 1033 3820 1102">
    <p class='ocr_par' dir='ltr' id='par_1_55' title="bbox 2302 1033 3820 1102">
     <span class='ocr_line' id='line_1_55' title="bbox 2302 1033 3820 1102; baseline 0.002 -15"><span class='ocrx_word' id='word_1_413' title='bbox 2302 1033 2450 1088; x_wconf 65' lang='grc' dir='ltr'>ιιι-ιεο</span> <span class='ocrx_word' id='word_1_414' title='bbox 2479 1035 2550 1088; x_wconf 88' lang='lat' dir='ltr'><strong>ita</strong></span> <span class='ocrx_word' id='word_1_415' title='bbox 2576 1038 2755 1098; x_wconf 87' lang='lat' dir='ltr'><strong>habet,</strong></span> <span class='ocrx_word' id='word_1_416' title='bbox 2784 1033 3117 1102; x_wconf 83' lang='lat' dir='ltr'><strong>Lamanasse,</strong></span> <span class='ocrx_word' id='word_1_417' title='bbox 3143 1039 3196 1090; x_wconf 93' lang='lat' dir='ltr'><strong>al</strong></span> <span class='ocrx_word' id='word_1_418' title='bbox 3226 1033 3666 1092; x_wconf 79' lang='lat' dir='ltr'><strong>sosannimlabne</strong></span> <span class='ocrx_word' id='word_1_419' title='bbox 3694 1038 3820 1091; x_wconf 85' lang='lat' dir='ltr'><strong>Core</strong></span> 
     </span>
    </p>
   </div>
   <div class='ocr_carea' id='block_1_56' title="bbox 2304 1106 3823 1178">
    <p class='ocr_par' dir='ltr' id='par_1_56' title="bbox 2304 1106 3823 1178">
     <span class='ocr_line' id='line_1_56' title="bbox 2304 1106 3823 1178; baseline 0.004 -22"><span class='ocrx_word' id='word_1_420' title='bbox 2304 1106 2479 1158; x_wconf 83' lang='lat' dir='ltr'><strong>mescil</strong></span> <span class='ocrx_word' id='word_1_421' title='bbox 2507 1108 2581 1178; x_wconf 75' lang='lat' dir='ltr'><strong>sir</strong></span> <span class='ocrx_word' id='word_1_422' title='bbox 2610 1107 2859 1161; x_wconf 86' lang='lat' dir='ltr'><strong>Jedidoth</strong></span> <span class='ocrx_word' id='word_1_423' title='bbox 2890 1125 2910 1162; x_wconf 88' lang='lat'><strong><em>:</em></strong></span> <span class='ocrx_word' id='word_1_424' title='bbox 2943 1108 3088 1178; x_wconf 88' lang='lat' dir='ltr'><strong>quod</strong></span> <span class='ocrx_word' id='word_1_425' title='bbox 3131 1123 3231 1162; x_wconf 84' lang='lat' dir='ltr'><strong>nos</strong></span> <span class='ocrx_word' id='word_1_426' title='bbox 3263 1109 3611 1178; x_wconf 18' lang='lat' dir='ltr'><strong>inihatinttm</strong></span> <span class='ocrx_word' id='word_1_427' title='bbox 3660 1108 3823 1164; x_wconf 82' lang='lat' dir='ltr'><strong>verti-</strong></span> 
     </span>
    </p>
   </div>
   <div class='ocr_carea' id='block_1_57' title="bbox 2305 1177 3817 1250">
    <p class='ocr_par' dir='ltr' id='par_1_57' title="bbox 2305 1177 3817 1250">
     <span class='ocr_line' id='line_1_57' title="bbox 2305 1177 3817 1250; baseline 0.002 -21"><span class='ocrx_word' id='word_1_428' title='bbox 2305 1191 2466 1229; x_wconf 86' lang='lat' dir='ltr'><strong>mus:</strong></span> <span class='ocrx_word' id='word_1_429' title='bbox 2507 1177 2700 1232; x_wconf 85' lang='lat' dir='ltr'><strong>Victori</strong></span> <span class='ocrx_word' id='word_1_430' title='bbox 2741 1194 2833 1250; x_wconf 85' lang='lat' dir='ltr'><strong>pro</strong></span> <span class='ocrx_word' id='word_1_431' title='bbox 2878 1177 2998 1244; x_wconf 80' lang='lat' dir='ltr'><strong>ﬁliis</strong></span> <span class='ocrx_word' id='word_1_432' title='bbox 3042 1179 3272 1233; x_wconf 87' lang='lat' dir='ltr'><strong>liliorum</strong></span> <span class='ocrx_word' id='word_1_433' title='bbox 3313 1177 3464 1244; x_wconf 85' lang='lat' dir='ltr'><strong>Core,</strong></span> <span class='ocrx_word' id='word_1_434' title='bbox 3512 1180 3817 1232; x_wconf 77' lang='lat' dir='ltr'><strong>eruditionis</strong></span> 
     </span>
    </p>
   </div>
   <div class='ocr_carea' id='block_1_58' title="bbox 2305 1250 3826 1318">
    <p class='ocr_par' dir='ltr' id='par_1_58' title="bbox 2305 1250 3826 1318">
     <span class='ocr_line' id='line_1_58' title="bbox 2305 1250 3826 1318; baseline 0.002 -19"><span class='ocrx_word' id='word_1_435' title='bbox 2305 1250 2564 1302; x_wconf 88' lang='lat' dir='ltr'><strong>canticum</strong></span> <span class='ocrx_word' id='word_1_436' title='bbox 2607 1252 3044 1318; x_wconf 82' lang='lat' dir='ltr'><strong>amantissimum.</strong></span> <span class='ocrx_word' id='word_1_437' title='bbox 3069 1250 3222 1318; x_wconf 85' lang='lat' dir='ltr'><strong>Quod</strong></span> <span class='ocrx_word' id='word_1_438' title='bbox 3264 1261 3442 1306; x_wconf 84' lang='lat' dir='ltr'><strong>autem</strong></span> <span class='ocrx_word' id='word_1_439' title='bbox 3486 1252 3582 1312; x_wconf 89' lang='lat' dir='ltr'><strong>ait,</strong></span> <span class='ocrx_word' id='word_1_440' title='bbox 3607 1267 3703 1318; x_wconf 85' lang='lat' dir='ltr'><strong>pro</strong></span> <span class='ocrx_word' id='word_1_441' title='bbox 3738 1252 3826 1303; x_wconf 71' lang='lat' dir='ltr'><strong>tli~</strong></span> 
     </span>
    </p>
   </div>
   <div class='ocr_carea' id='block_1_59' title="bbox 2304 1312 3827 1390">
    <p class='ocr_par' dir='ltr' id='par_1_59' title="bbox 2304 1312 3827 1390">
     <span class='ocr_line' id='line_1_59' title="bbox 2304 1312 3827 1390; baseline 0.004 -22"><span class='ocrx_word' id='word_1_442' title='bbox 2304 1318 2458 1390; x_wconf 75' lang='lat' dir='ltr'><strong>lecto,</strong></span> <span class='ocrx_word' id='word_1_443' title='bbox 2493 1331 2636 1374; x_wconf 82' lang='lat' dir='ltr'><strong>toms</strong></span> <span class='ocrx_word' id='word_1_444' title='bbox 2667 1323 2901 1390; x_wconf 85' lang='lat' dir='ltr'><strong>psalmus</strong></span> <span class='ocrx_word' id='word_1_445' title='bbox 2927 1312 3159 1376; x_wconf 72' lang='lat' dir='ltr'><strong>refertur</strong></span> <span class='ocrx_word' id='word_1_446' title='bbox 3185 1322 3250 1376; x_wconf 91' lang='lat' dir='ltr'><strong>ad</strong></span> <span class='ocrx_word' id='word_1_447' title='bbox 3278 1320 3554 1376; x_wconf 82' lang='lat' dir='ltr'><strong>Christum</strong></span> <span class='ocrx_word' id='word_1_448' title='bbox 3583 1312 3689 1376; x_wconf 54' lang='lat' dir='ltr'><strong>z&#39;de</strong></span> <span class='ocrx_word' id='word_1_449' title='bbox 3718 1335 3827 1390; x_wconf 89' lang='lat' dir='ltr'><strong>quo</strong></span> 
     </span>
    </p>
   </div>
   <div class='ocr_carea' id='block_1_60' title="bbox 2309 1389 3826 1462">
    <p class='ocr_par' dir='ltr' id='par_1_60' title="bbox 2309 1389 3826 1462">
     <span class='ocr_line' id='line_1_60' title="bbox 2309 1389 3826 1462; baseline 0.003 -21"><span class='ocrx_word' id='word_1_450' title='bbox 2309 1389 2473 1462; x_wconf 69' lang='lat' dir='ltr'><strong>Pater</strong></span> <span class='ocrx_word' id='word_1_451' title='bbox 2504 1389 2742 1461; x_wconf 81' lang='lat' dir='ltr'><strong>loquitur</strong></span> <span class='ocrx_word' id='word_1_452' title='bbox 2781 1393 2832 1446; x_wconf 91' lang='lat' dir='ltr'><strong>in</strong></span> <span class='ocrx_word' id='word_1_453' title='bbox 2871 1392 3164 1462; x_wconf 84' lang='lat' dir='ltr'><strong>Evangelio</strong></span> <span class='ocrx_word' id='word_1_454' title='bbox 3195 1411 3208 1445; x_wconf 89' lang='lat'>:</span> <span class='ocrx_word' id='word_1_455' title='bbox 3243 1393 3337 1447; x_wconf 87' lang='lat' dir='ltr'><strong>llic</strong></span> <span class='ocrx_word' id='word_1_456' title='bbox 3367 1391 3534 1446; x_wconf 85' lang='lat' dir='ltr'><strong>Filius</strong></span> <span class='ocrx_word' id='word_1_457' title='bbox 3562 1402 3646 1446; x_wconf 90' lang='lat' dir='ltr'><strong>est</strong></span> <span class='ocrx_word' id='word_1_458' title='bbox 3675 1389 3826 1445; x_wconf 85' lang='lat' dir='ltr'><strong>meus</strong></span> 
     </span>
    </p>
   </div>
   <div class='ocr_carea' id='block_1_61' title="bbox 2305 1460 3825 1532">
    <p class='ocr_par' dir='ltr' id='par_1_61' title="bbox 2305 1460 3825 1532">
     <span class='ocr_line' id='line_1_61' title="bbox 2305 1460 3825 1532; baseline 0.003 -18"><span class='ocrx_word' id='word_1_459' title='bbox 2305 1460 2535 1532; x_wconf 66' lang='lat' dir='ltr'><strong>dilectus</strong></span> <span class='ocrx_word' id='word_1_460' title='bbox 2580 1460 2638 1516; x_wconf 83' lang='lat' dir='ltr'><strong>in</strong></span> <span class='ocrx_word' id='word_1_461' title='bbox 2682 1477 2790 1532; x_wconf 91' lang='lat' dir='ltr'><strong>quo</strong></span> <span class='ocrx_word' id='word_1_462' title='bbox 2849 1463 2977 1516; x_wconf 91' lang='lat' dir='ltr'><strong>mihi</strong></span> <span class='ocrx_word' id='word_1_463' title='bbox 3025 1460 3324 1531; x_wconf 83' lang='lat' dir='ltr'><strong>complacui</strong></span> <span class='ocrx_word' id='word_1_464' title='bbox 3372 1462 3603 1532; x_wconf 73' lang='lat' dir='ltr'><strong>(Matth.</strong></span> <span class='ocrx_word' id='word_1_465' title='bbox 3651 1464 3825 1528; x_wconf 81' lang='lat' dir='ltr'><strong>xvn).</strong></span> 
     </span>
    </p>
   </div>
   <div class='ocr_carea' id='block_1_62' title="bbox 2306 1530 3826 1602">
    <p class='ocr_par' dir='ltr' id='par_1_62' title="bbox 2306 1530 3826 1602">
     <span class='ocr_line' id='line_1_62' title="bbox 2306 1530 3826 1602; baseline 0 -16"><span class='ocrx_word' id='word_1_466' title='bbox 2306 1530 2402 1586; x_wconf 85' lang='lat' dir='ltr'><strong>Vel</strong></span> <span class='ocrx_word' id='word_1_467' title='bbox 2434 1535 2675 1602; x_wconf 89' lang='lat' dir='ltr'><strong>psalmus</strong></span> <span class='ocrx_word' id='word_1_468' title='bbox 2701 1530 3065 1601; x_wconf 82' lang='lat' dir='ltr'><strong>spiritualium</strong></span> <span class='ocrx_word' id='word_1_469' title='bbox 3103 1530 3409 1601; x_wconf 86' lang='lat' dir='ltr'><strong>nuptiarum</strong></span> <span class='ocrx_word' id='word_1_470' title='bbox 3451 1536 3698 1589; x_wconf 83' lang='lat' dir='ltr'><strong>continet</strong></span> <span class='ocrx_word' id='word_1_471' title='bbox 3729 1534 3826 1589; x_wconf 89' lang='lat' dir='ltr'><strong>Sa-</strong></span> 
     </span>
    </p>
   </div>
   <div class='ocr_carea' id='block_1_63' title="bbox 2306 1603 3818 1673">
    <p class='ocr_par' dir='ltr' id='par_1_63' title="bbox 2306 1603 3818 1673">
     <span class='ocr_line' id='line_1_63' title="bbox 2306 1603 3818 1673; baseline 0 -15"><span class='ocrx_word' id='word_1_472' title='bbox 2306 1613 2640 1659; x_wconf 87' lang='lat' dir='ltr'><strong>cramentum</strong></span> <span class='ocrx_word' id='word_1_473' title='bbox 2676 1606 2766 1660; x_wconf 87' lang='lat' dir='ltr'><strong>:id</strong></span> <span class='ocrx_word' id='word_1_474' title='bbox 2814 1617 2918 1667; x_wconf 89' lang='lat' dir='ltr'><strong>est,</strong></span> <span class='ocrx_word' id='word_1_475' title='bbox 2951 1607 3399 1673; x_wconf 88' lang='lat' dir='ltr'><strong>conjunctionem</strong></span> <span class='ocrx_word' id='word_1_476' title='bbox 3446 1603 3653 1660; x_wconf 89' lang='lat' dir='ltr'><strong>Christi</strong></span> <span class='ocrx_word' id='word_1_477' title='bbox 3698 1619 3818 1660; x_wconf 92' lang='lat' dir='ltr'><strong>cum</strong></span> 
     </span>
    </p>
   </div>
   <div class='ocr_carea' id='block_1_64' title="bbox 2310 1675 3518 1747">
    <p class='ocr_par' dir='ltr' id='par_1_64' title="bbox 2310 1675 3518 1747">
     <span class='ocr_line' id='line_1_64' title="bbox 2310 1675 3518 1747; baseline 0.002 -20"><span class='ocrx_word' id='word_1_478' title='bbox 2310 1675 2571 1730; x_wconf 80' lang='lat' dir='ltr'><strong>Ecclesia.</strong></span> <span class='ocrx_word' id='word_1_479' title='bbox 2604 1675 2848 1730; x_wconf 88' lang='lat' dir='ltr'><strong>lnitiutur</strong></span> <span class='ocrx_word' id='word_1_480' title='bbox 2874 1691 3004 1747; x_wconf 80' lang='lat' dir='ltr'><strong>ergo</strong></span> <span class='ocrx_word' id='word_1_481' title='bbox 3033 1691 3063 1730; x_wconf 89' lang='lat' dir='ltr'><strong>a</strong></span> <span class='ocrx_word' id='word_1_482' title='bbox 3095 1691 3228 1739; x_wconf 69' lang='lat' dir='ltr'><strong>voce</strong></span> <span class='ocrx_word' id='word_1_483' title='bbox 3273 1687 3518 1747; x_wconf 88' lang='lat' dir='ltr'><strong>paterna.</strong></span> 
     </span>
    </p>
   </div>
   <div class='ocr_carea' id='block_1_65' title="bbox 2304 1788 3826 1858">
    <p class='ocr_par' dir='ltr' id='par_1_65' title="bbox 2304 1788 3826 1858">
     <span class='ocr_line' id='line_1_65' title="bbox 2304 1788 3826 1858; baseline -0.001 -14"><span class='ocrx_word' id='word_1_484' title='bbox 2304 1788 2569 1844; x_wconf 84' lang='lat' dir='ltr'><strong>Eructavit</strong></span> <span class='ocrx_word' id='word_1_485' title='bbox 2599 1806 2688 1844; x_wconf 89' lang='lat' dir='ltr'><strong>cor</strong></span> <span class='ocrx_word' id='word_1_486' title='bbox 2710 1807 2877 1844; x_wconf 87' lang='lat' dir='ltr'><strong>meum</strong></span> <span class='ocrx_word' id='word_1_487' title='bbox 2897 1789 3100 1845; x_wconf 82' lang='lat' dir='ltr'><strong>verbum</strong></span> <span class='ocrx_word' id='word_1_488' title='bbox 3124 1790 3330 1845; x_wconf 89' lang='lat' dir='ltr'><strong>bonum.</strong></span> <span class='ocrx_word' id='word_1_489' title='bbox 3362 1789 3482 1846; x_wconf 86' lang='lat' dir='ltr'><strong>Non</strong></span> <span class='ocrx_word' id='word_1_490' title='bbox 3506 1789 3575 1844; x_wconf 90' lang='lat' dir='ltr'><strong>de</strong></span> <span class='ocrx_word' id='word_1_491' title='bbox 3604 1790 3826 1858; x_wconf 80' lang='lat' dir='ltr'><strong>conjun-</strong></span> 
     </span>
    </p>
   </div>
   <div class='ocr_carea' id='block_1_66' title="bbox 2235 1880 3821 1952">
    <p class='ocr_par' dir='ltr' id='par_1_66' title="bbox 2235 1880 3821 1952">
     <span class='ocr_line' id='line_1_66' title="bbox 2235 1880 3821 1952; baseline -0.001 -15"><span class='ocrx_word' id='word_1_492' title='bbox 2235 1883 2416 1938; x_wconf 86' lang='lat' dir='ltr'><strong>ctione</strong></span> <span class='ocrx_word' id='word_1_493' title='bbox 2461 1897 2752 1952; x_wconf 83' lang='lat' dir='ltr'><strong>corporea,</strong></span> <span class='ocrx_word' id='word_1_494' title='bbox 2783 1881 2879 1937; x_wconf 85' lang='lat' dir='ltr'><strong>sed</strong></span> <span class='ocrx_word' id='word_1_495' title='bbox 2918 1882 2986 1937; x_wconf 88' lang='lat' dir='ltr'><strong>de</strong></span> <span class='ocrx_word' id='word_1_496' title='bbox 3031 1881 3196 1938; x_wconf 86' lang='lat' dir='ltr'><strong>corde</strong></span> <span class='ocrx_word' id='word_1_497' title='bbox 3225 1883 3445 1951; x_wconf 89' lang='lat' dir='ltr'><strong>protulit</strong></span> <span class='ocrx_word' id='word_1_498' title='bbox 3480 1881 3692 1952; x_wconf 63' lang='lat' dir='ltr'><strong>aequale</strong></span> <span class='ocrx_word' id='word_1_499' title='bbox 3722 1880 3821 1936; x_wconf 87' lang='lat' dir='ltr'><strong>sibi</strong></span> 
     </span>
    </p>
   </div>
   <div class='ocr_carea' id='block_1_67' title="bbox 2235 1975 3826 2048">
    <p class='ocr_par' dir='ltr' id='par_1_67' title="bbox 2235 1975 3826 2048">
     <span class='ocr_line' id='line_1_67' title="bbox 2235 1975 3826 2048; baseline -0.001 -16"><span class='ocrx_word' id='word_1_500' title='bbox 2235 1975 2468 2032; x_wconf 84' lang='lat' dir='ltr'><strong>Verbum</strong></span> <span class='ocrx_word' id='word_1_501' title='bbox 2497 1992 2592 2046; x_wconf 90' lang='lat' dir='ltr'><strong>per</strong></span> <span class='ocrx_word' id='word_1_502' title='bbox 2613 1975 2753 2048; x_wconf 91' lang='lat' dir='ltr'><strong>quod</strong></span> <span class='ocrx_word' id='word_1_503' title='bbox 2779 1976 2914 2031; x_wconf 82' lang='lat' dir='ltr'><strong>facta</strong></span> <span class='ocrx_word' id='word_1_504' title='bbox 2937 1986 3065 2031; x_wconf 90' lang='lat' dir='ltr'><strong>sunt</strong></span> <span class='ocrx_word' id='word_1_505' title='bbox 3089 1977 3272 2032; x_wconf 87' lang='lat' dir='ltr'><strong>omnia</strong></span> <span class='ocrx_word' id='word_1_506' title='bbox 3301 1993 3314 2032; x_wconf 90' lang='lat'><strong>:</strong></span> <span class='ocrx_word' id='word_1_507' title='bbox 3342 1976 3549 2030; x_wconf 89' lang='lat' dir='ltr'><strong>Bonum</strong></span> <span class='ocrx_word' id='word_1_508' title='bbox 3578 1983 3665 2030; x_wconf 90' lang='lat' dir='ltr'><strong>est</strong></span> <span class='ocrx_word' id='word_1_509' title='bbox 3685 1975 3826 2030; x_wconf 89' lang='lat' dir='ltr'><strong>enim</strong></span> 
     </span>
    </p>
   </div>
   <div class='ocr_carea' id='block_1_68' title="bbox 2235 2068 3825 2142">
    <p class='ocr_par' dir='ltr' id='par_1_68' title="bbox 2235 2068 3825 2142">
     <span class='ocr_line' id='line_1_68' title="bbox 2235 2068 3825 2142; baseline -0.001 -18"><span class='ocrx_word' id='word_1_510' title='bbox 2235 2073 2337 2126; x_wconf 91' lang='lat' dir='ltr'><strong>hoc</strong></span> <span class='ocrx_word' id='word_1_511' title='bbox 2369 2070 2602 2127; x_wconf 87' lang='lat' dir='ltr'><strong>Verbum</strong></span> <span class='ocrx_word' id='word_1_512' title='bbox 2630 2089 2642 2125; x_wconf 90' lang='lat'>:</span> <span class='ocrx_word' id='word_1_513' title='bbox 2676 2075 2798 2142; x_wconf 84' lang='lat' dir='ltr'><strong>quia</strong></span> <span class='ocrx_word' id='word_1_514' title='bbox 2843 2071 2986 2141; x_wconf 91' lang='lat' dir='ltr'><strong>quod</strong></span> <span class='ocrx_word' id='word_1_515' title='bbox 3019 2069 3220 2126; x_wconf 87' lang='lat' dir='ltr'><strong>factum</strong></span> <span class='ocrx_word' id='word_1_516' title='bbox 3253 2079 3339 2126; x_wconf 88' lang='lat' dir='ltr'><strong>est</strong></span> <span class='ocrx_word' id='word_1_517' title='bbox 3374 2068 3429 2125; x_wconf 91' lang='lat' dir='ltr'><strong>in</strong></span> <span class='ocrx_word' id='word_1_518' title='bbox 3474 2085 3566 2139; x_wconf 91' lang='lat' dir='ltr'><strong>eo,</strong></span> <span class='ocrx_word' id='word_1_519' title='bbox 3604 2070 3715 2123; x_wconf 90' lang='lat' dir='ltr'><strong>vita</strong></span> <span class='ocrx_word' id='word_1_520' title='bbox 3745 2077 3825 2123; x_wconf 89' lang='lat' dir='ltr'><strong>est</strong></span> 
     </span>
    </p>
   </div>
   <div class='ocr_carea' id='block_1_69' title="bbox 2235 2159 3822 2235">
    <p class='ocr_par' dir='ltr' id='par_1_69' title="bbox 2235 2159 3822 2235">
     <span class='ocr_line' id='line_1_69' title="bbox 2235 2159 3822 2235; baseline 0 -19"><span class='ocrx_word' id='word_1_521' title='bbox 2235 2160 2468 2233; x_wconf 71' lang='lat' dir='ltr'><strong>(leam).</strong></span> <span class='ocrx_word' id='word_1_522' title='bbox 2494 2161 2624 2216; x_wconf 88' lang='lat' dir='ltr'><strong>Dico</strong></span> <span class='ocrx_word' id='word_1_523' title='bbox 2647 2178 2742 2235; x_wconf 86' lang='lat' dir='ltr'><strong>ego</strong></span> <span class='ocrx_word' id='word_1_524' title='bbox 2769 2179 2923 2235; x_wconf 86' lang='lat' dir='ltr'><strong>apera</strong></span> <span class='ocrx_word' id='word_1_525' title='bbox 2949 2178 3060 2216; x_wconf 88' lang='lat' dir='ltr'><strong>mea</strong></span> <span class='ocrx_word' id='word_1_526' title='bbox 3085 2162 3232 2234; x_wconf 86' lang='lat' dir='ltr'><strong>Regi.</strong></span> <span class='ocrx_word' id='word_1_527' title='bbox 3263 2161 3479 2234; x_wconf 88' lang='lat' dir='ltr'><strong>Loquor</strong></span> <span class='ocrx_word' id='word_1_528' title='bbox 3499 2161 3604 2234; x_wconf 91' lang='lat' dir='ltr'><strong>ipsi</strong></span> <span class='ocrx_word' id='word_1_529' title='bbox 3627 2159 3822 2226; x_wconf 84' lang='lat' dir='ltr'><strong>Verbo,</strong></span> 
     </span>
    </p>
   </div>
   <div class='ocr_carea' id='block_1_70' title="bbox 2235 2256 3228 2326">
    <p class='ocr_par' dir='ltr' id='par_1_70' title="bbox 2235 2256 3228 2326">
     <span class='ocr_line' id='line_1_70' title="bbox 2235 2256 3228 2326; baseline 0.001 -16"><span class='ocrx_word' id='word_1_530' title='bbox 2235 2257 2350 2326; x_wconf 77' lang='lat' dir='ltr'><strong>regi</strong></span> <span class='ocrx_word' id='word_1_531' title='bbox 2379 2257 2508 2321; x_wconf 91' lang='lat' dir='ltr'><strong>lilio,</strong></span> <span class='ocrx_word' id='word_1_532' title='bbox 2541 2263 2597 2311; x_wconf 86' lang='lat' dir='ltr'><strong>et</strong></span> <span class='ocrx_word' id='word_1_533' title='bbox 2626 2266 2815 2308; x_wconf 77' lang='lat' dir='ltr'><strong>cuncta</strong></span> <span class='ocrx_word' id='word_1_534' title='bbox 2850 2256 3228 2324; x_wconf 81' lang='lat' dir='ltr'><strong>perﬁciuntur.</strong></span> 
     </span>
    </p>
   </div>
   <div class='ocr_carea' id='block_1_71' title="bbox 2304 2346 3824 2420">
    <p class='ocr_par' dir='ltr' id='par_1_71' title="bbox 2304 2346 3824 2420">
     <span class='ocr_line' id='line_1_71' title="bbox 2304 2346 3824 2420; baseline -0.001 -19"><span class='ocrx_word' id='word_1_535' title='bbox 2304 2347 2509 2420; x_wconf 86' lang='lat' dir='ltr'><strong>Lingua</strong></span> <span class='ocrx_word' id='word_1_536' title='bbox 2565 2365 2678 2403; x_wconf 79' lang='lat' dir='ltr'><strong>utea</strong></span> <span class='ocrx_word' id='word_1_537' title='bbox 2725 2348 2958 2402; x_wconf 88' lang='lat' dir='ltr'><strong>calamus</strong></span> <span class='ocrx_word' id='word_1_538' title='bbox 3011 2348 3194 2404; x_wconf 81' lang='lat' dir='ltr'><strong>scriba:</strong></span> <span class='ocrx_word' id='word_1_539' title='bbox 3241 2347 3484 2402; x_wconf 88' lang='lat' dir='ltr'><strong>velociter</strong></span> <span class='ocrx_word' id='word_1_540' title='bbox 3534 2346 3824 2401; x_wconf 85' lang='lat' dir='ltr'><strong>scribentis.</strong></span> 
     </span>
    </p>
   </div>
   <div class='ocr_carea' id='block_1_72' title="bbox 2237 2437 3830 2512">
    <p class='ocr_par' dir='ltr' id='par_1_72' title="bbox 2237 2437 3830 2512">
     <span class='ocr_line' id='line_1_72' title="bbox 2237 2437 3830 2512; baseline -0.005 -12"><span class='ocrx_word' id='word_1_541' title='bbox 2237 2441 2388 2500; x_wconf 83' lang='lat' dir='ltr'><strong>Sicut</strong></span> <span class='ocrx_word' id='word_1_542' title='bbox 2412 2443 2556 2498; x_wconf 90' lang='lat' dir='ltr'><strong>enim</strong></span> <span class='ocrx_word' id='word_1_543' title='bbox 2587 2459 2705 2512; x_wconf 74' lang='lat' dir='ltr'><strong>quae</strong></span> <span class='ocrx_word' id='word_1_544' title='bbox 2733 2442 3046 2496; x_wconf 91' lang='lat' dir='ltr'><strong>scribuntur</strong></span> <span class='ocrx_word' id='word_1_545' title='bbox 3077 2456 3185 2496; x_wconf 91' lang='lat' dir='ltr'><strong>non</strong></span> <span class='ocrx_word' id='word_1_546' title='bbox 3214 2451 3340 2494; x_wconf 90' lang='lat' dir='ltr'><strong>sunt</strong></span> <span class='ocrx_word' id='word_1_547' title='bbox 3376 2439 3515 2495; x_wconf 86' lang='lat' dir='ltr'><strong>levia</strong></span> <span class='ocrx_word' id='word_1_548' title='bbox 3543 2454 3728 2510; x_wconf 91' lang='lat' dir='ltr'><strong>neque</strong></span> <span class='ocrx_word' id='word_1_549' title='bbox 3758 2437 3830 2492; x_wconf 89' lang='lat' dir='ltr'><strong>fa-</strong></span> 
     </span>
    </p>
   </div>
   <div class='ocr_carea' id='block_1_73' title="bbox 2235 2533 3822 2606">
    <p class='ocr_par' dir='ltr' id='par_1_73' title="bbox 2235 2533 3822 2606">
     <span class='ocr_line' id='line_1_73' title="bbox 2235 2533 3822 2606; baseline -0.002 -16"><span class='ocrx_word' id='word_1_550' title='bbox 2235 2535 2382 2603; x_wconf 87' lang='lat' dir='ltr'><strong>cilia,</strong></span> <span class='ocrx_word' id='word_1_551' title='bbox 2411 2535 2505 2590; x_wconf 80' lang='lat' dir='ltr'><strong>sed</strong></span> <span class='ocrx_word' id='word_1_552' title='bbox 2536 2535 2684 2591; x_wconf 73' lang='grc' dir='ltr'>ιιιιιὶίι</span> <span class='ocrx_word' id='word_1_553' title='bbox 2726 2546 2888 2606; x_wconf 90' lang='lat' dir='ltr'><strong>atque</strong></span> <span class='ocrx_word' id='word_1_554' title='bbox 2911 2535 3147 2590; x_wconf 85' lang='lat' dir='ltr'><strong>salubria</strong></span> <span class='ocrx_word' id='word_1_555' title='bbox 3179 2552 3191 2587; x_wconf 91' lang='lat'>:</span> <span class='ocrx_word' id='word_1_556' title='bbox 3219 2535 3298 2588; x_wconf 90' lang='lat' dir='ltr'><strong>sic</strong></span> <span class='ocrx_word' id='word_1_557' title='bbox 3323 2542 3376 2588; x_wconf 88' lang='lat' dir='ltr'><strong>et</strong></span> <span class='ocrx_word' id='word_1_558' title='bbox 3408 2533 3504 2588; x_wconf 91' lang='lat' dir='ltr'><strong>Dei</strong></span> <span class='ocrx_word' id='word_1_559' title='bbox 3536 2533 3822 2604; x_wconf 88' lang='lat' dir='ltr'><strong>eloquium</strong></span> 
     </span>
    </p>
   </div>
   <div class='ocr_carea' id='block_1_74' title="bbox 2237 2624 3826 2700">
    <p class='ocr_par' dir='ltr' id='par_1_74' title="bbox 2237 2624 3826 2700">
     <span class='ocr_line' id='line_1_74' title="bbox 2237 2624 3826 2700; baseline 0 -21"><span class='ocrx_word' id='word_1_560' title='bbox 2237 2635 2506 2700; x_wconf 86' lang='lat' dir='ltr'><strong>tamquam</strong></span> <span class='ocrx_word' id='word_1_561' title='bbox 2530 2629 2817 2697; x_wconf 79' lang='lat' dir='ltr'><strong>scribatur,</strong></span> <span class='ocrx_word' id='word_1_562' title='bbox 2842 2629 2914 2684; x_wconf 90' lang='lat' dir='ltr'><strong>ita</strong></span> <span class='ocrx_word' id='word_1_563' title='bbox 2937 2627 3230 2697; x_wconf 84' lang='lat' dir='ltr'><strong>perﬁcitur.</strong></span> <span class='ocrx_word' id='word_1_564' title='bbox 3258 2624 3334 2682; x_wconf 91' lang='lat' dir='ltr'><strong>De</strong></span> <span class='ocrx_word' id='word_1_565' title='bbox 3357 2627 3654 2682; x_wconf 87' lang='lat' dir='ltr'><strong>velocitate</strong></span> <span class='ocrx_word' id='word_1_566' title='bbox 3681 2641 3826 2693; x_wconf 89' lang='lat' dir='ltr'><strong>vero,</strong></span> 
     </span>
    </p>
   </div>
   <div class='ocr_carea' id='block_1_75' title="bbox 2239 2717 3828 2790">
    <p class='ocr_par' dir='ltr' id='par_1_75' title="bbox 2239 2717 3828 2790">
     <span class='ocr_line' id='line_1_75' title="bbox 2239 2717 3828 2790; baseline 0 -18"><span class='ocrx_word' id='word_1_567' title='bbox 2239 2719 2340 2775; x_wconf 87' lang='lat' dir='ltr'><strong>hoc</strong></span> <span class='ocrx_word' id='word_1_568' title='bbox 2369 2732 2476 2789; x_wconf 90' lang='lat' dir='ltr'><strong>est,</strong></span> <span class='ocrx_word' id='word_1_569' title='bbox 2509 2721 2651 2790; x_wconf 88' lang='lat' dir='ltr'><strong>quod</strong></span> <span class='ocrx_word' id='word_1_570' title='bbox 2686 2737 2793 2775; x_wconf 85' lang='lat' dir='ltr'><strong>non</strong></span> <span class='ocrx_word' id='word_1_571' title='bbox 2824 2719 3107 2774; x_wconf 86' lang='lat' dir='ltr'><strong>tardantur</strong></span> <span class='ocrx_word' id='word_1_572' title='bbox 3137 2735 3257 2788; x_wconf 75' lang='lat' dir='ltr'><strong>qua:</strong></span> <span class='ocrx_word' id='word_1_573' title='bbox 3299 2717 3522 2784; x_wconf 78' lang='lat' dir='ltr'><strong>dixerit,</strong></span> <span class='ocrx_word' id='word_1_574' title='bbox 3557 2718 3654 2773; x_wconf 89' lang='lat' dir='ltr'><strong>sed</strong></span> <span class='ocrx_word' id='word_1_575' title='bbox 3688 2717 3828 2772; x_wconf 89' lang='lat' dir='ltr'><strong>velo-</strong></span> 
     </span>
    </p>
   </div>
   <div class='ocr_carea' id='block_1_76' title="bbox 2237 2808 3827 2883">
    <p class='ocr_par' dir='ltr' id='par_1_76' title="bbox 2237 2808 3827 2883">
     <span class='ocr_line' id='line_1_76' title="bbox 2237 2808 3827 2883; baseline -0.001 -16"><span class='ocrx_word' id='word_1_576' title='bbox 2237 2813 2374 2868; x_wconf 89' lang='lat' dir='ltr'><strong>citer</strong></span> <span class='ocrx_word' id='word_1_577' title='bbox 2399 2813 2785 2883; x_wconf 88' lang='lat' dir='ltr'><strong>adimplentur,</strong></span> <span class='ocrx_word' id='word_1_578' title='bbox 2833 2813 2957 2868; x_wconf 90' lang='lat' dir='ltr'><strong>ideo</strong></span> <span class='ocrx_word' id='word_1_579' title='bbox 2987 2813 3231 2869; x_wconf 88' lang='lat' dir='ltr'><strong>calamus</strong></span> <span class='ocrx_word' id='word_1_580' title='bbox 3280 2812 3435 2866; x_wconf 87' lang='lat' dir='ltr'><strong>dicit.</strong></span> <span class='ocrx_word' id='word_1_581' title='bbox 3488 2811 3556 2866; x_wconf 84' lang='lat' dir='ltr'><strong>Et</strong></span> <span class='ocrx_word' id='word_1_582' title='bbox 3606 2809 3675 2866; x_wconf 90' lang='lat' dir='ltr'><strong>ad</strong></span> <span class='ocrx_word' id='word_1_583' title='bbox 3705 2808 3827 2881; x_wconf 88' lang='lat' dir='ltr'><strong>quid</strong></span> 
     </span>
    </p>
   </div>
   <div class='ocr_carea' id='block_1_77' title="bbox 2243 2904 3829 2977">
    <p class='ocr_par' dir='ltr' id='par_1_77' title="bbox 2243 2904 3829 2977">
     <span class='ocr_line' id='line_1_77' title="bbox 2243 2904 3829 2977; baseline -0.001 -15"><span class='ocrx_word' id='word_1_584' title='bbox 2243 2908 2476 2977; x_wconf 89' lang='lat' dir='ltr'><strong>pertinet</strong></span> <span class='ocrx_word' id='word_1_585' title='bbox 2499 2907 2779 2962; x_wconf 85' lang='lat' dir='ltr'><strong>calamus?</strong></span> <span class='ocrx_word' id='word_1_586' title='bbox 2803 2907 2910 2962; x_wconf 87' lang='lat' dir='ltr'><strong>Aut</strong></span> <span class='ocrx_word' id='word_1_587' title='bbox 2935 2906 3207 2976; x_wconf 88' lang='lat' dir='ltr'><strong>quomodo</strong></span> <span class='ocrx_word' id='word_1_588' title='bbox 3229 2912 3579 2975; x_wconf 85' lang='lat' dir='ltr'><strong>comparatur</strong></span> <span class='ocrx_word' id='word_1_589' title='bbox 3600 2904 3829 2960; x_wconf 82' lang='lat' dir='ltr'><strong>calamus</strong></span> 
     </span>
    </p>
   </div>
   <div class='ocr_carea' id='block_1_78' title="bbox 2235 2995 3826 3070">
    <p class='ocr_par' dir='ltr' id='par_1_78' title="bbox 2235 2995 3826 3070">
     <span class='ocr_line' id='line_1_78' title="bbox 2235 2995 3826 3070; baseline -0.003 -14"><span class='ocrx_word' id='word_1_590' title='bbox 2235 3000 2482 3056; x_wconf 87' lang='lat' dir='ltr'><strong>Christo?</strong></span> <span class='ocrx_word' id='word_1_591' title='bbox 2511 3001 2644 3066; x_wconf 79' lang='lat' dir='ltr'><strong>Quia</strong></span> <span class='ocrx_word' id='word_1_592' title='bbox 2675 3001 2815 3057; x_wconf 79' lang='lat' dir='ltr'><strong>sicut</strong></span> <span class='ocrx_word' id='word_1_593' title='bbox 2843 3001 3078 3070; x_wconf 88' lang='lat' dir='ltr'><strong>pertinet</strong></span> <span class='ocrx_word' id='word_1_594' title='bbox 3109 3009 3256 3067; x_wconf 88' lang='lat' dir='ltr'><strong>petra</strong></span> <span class='ocrx_word' id='word_1_595' title='bbox 3295 2998 3360 3052; x_wconf 90' lang='lat' dir='ltr'><strong>ad</strong></span> <span class='ocrx_word' id='word_1_596' title='bbox 3389 2995 3697 3060; x_wconf 90' lang='lat' dir='ltr'><strong>Christum,</strong></span> <span class='ocrx_word' id='word_1_597' title='bbox 3727 2997 3826 3064; x_wconf 89' lang='lat' dir='ltr'><strong>leo,</strong></span> 
     </span>
    </p>
   </div>
   <div class='ocr_carea' id='block_1_79' title="bbox 2237 3092 3823 3164">
    <p class='ocr_par' dir='ltr' id='par_1_79' title="bbox 2237 3092 3823 3164">
     <span class='ocr_line' id='line_1_79' title="bbox 2237 3092 3823 3164; baseline -0.003 -16"><span class='ocrx_word' id='word_1_598' title='bbox 2237 3093 2446 3163; x_wconf 79' lang='lat' dir='ltr'><strong>dextra,</strong></span> <span class='ocrx_word' id='word_1_599' title='bbox 2464 3110 2642 3164; x_wconf 89' lang='lat' dir='ltr'><strong>m0ns,</strong></span> <span class='ocrx_word' id='word_1_600' title='bbox 2661 3096 2743 3150; x_wconf 85' lang='lat' dir='ltr'><strong>vel</strong></span> <span class='ocrx_word' id='word_1_601' title='bbox 2769 3095 2872 3150; x_wconf 92' lang='lat' dir='ltr'><strong>alia</strong></span> <span class='ocrx_word' id='word_1_602' title='bbox 2898 3096 2981 3149; x_wconf 91' lang='lat' dir='ltr'><strong>his</strong></span> <span class='ocrx_word' id='word_1_603' title='bbox 3002 3095 3200 3150; x_wconf 84' lang='lat' dir='ltr'><strong>similia</strong></span> <span class='ocrx_word' id='word_1_604' title='bbox 3224 3094 3332 3148; x_wconf 91' lang='lat' dir='ltr'><strong>:sic</strong></span> <span class='ocrx_word' id='word_1_605' title='bbox 3364 3093 3604 3163; x_wconf 86' lang='lat' dir='ltr'><strong>pertinet</strong></span> <span class='ocrx_word' id='word_1_606' title='bbox 3623 3092 3823 3146; x_wconf 83' lang='lat' dir='ltr'><strong>ctcala—</strong></span> 
     </span>
    </p>
   </div>
   <div class='ocr_carea' id='block_1_80' title="bbox 2241 3182 3821 3260">
    <p class='ocr_par' dir='ltr' id='par_1_80' title="bbox 2241 3182 3821 3260">
     <span class='ocr_line' id='line_1_80' title="bbox 2241 3182 3821 3260; baseline -0.005 -16"><span class='ocrx_word' id='word_1_607' title='bbox 2241 3203 2381 3258; x_wconf 86' lang='lat' dir='ltr'><strong>mus,</strong></span> <span class='ocrx_word' id='word_1_608' title='bbox 2421 3189 2630 3244; x_wconf 87' lang='lat' dir='ltr'><strong>scilicet</strong></span> <span class='ocrx_word' id='word_1_609' title='bbox 2657 3188 2781 3260; x_wconf 86' lang='lat' dir='ltr'><strong>quia</strong></span> <span class='ocrx_word' id='word_1_610' title='bbox 2814 3195 3161 3243; x_wconf 86' lang='lat' dir='ltr'><strong>mensurator</strong></span> <span class='ocrx_word' id='word_1_611' title='bbox 3185 3196 3240 3241; x_wconf 91' lang='lat' dir='ltr'><strong>et</strong></span> <span class='ocrx_word' id='word_1_612' title='bbox 3265 3183 3502 3254; x_wconf 87' lang='lat' dir='ltr'><strong>scriptor</strong></span> <span class='ocrx_word' id='word_1_613' title='bbox 3529 3193 3635 3239; x_wconf 89' lang='lat' dir='ltr'><strong>est.</strong></span> <span class='ocrx_word' id='word_1_614' title='bbox 3672 3182 3821 3239; x_wconf 88' lang='lat' dir='ltr'><strong>Unde</strong></span> 
     </span>
    </p>
   </div>
   <div class='ocr_carea' id='block_1_81' title="bbox 2239 3278 3827 3350">
    <p class='ocr_par' dir='ltr' id='par_1_81' title="bbox 2239 3278 3827 3350">
     <span class='ocr_line' id='line_1_81' title="bbox 2239 3278 3827 3350; baseline -0.005 -10"><span class='ocrx_word' id='word_1_615' title='bbox 2239 3281 2377 3340; x_wconf 80' lang='lat' dir='ltr'><strong>dixit</strong></span> <span class='ocrx_word' id='word_1_616' title='bbox 2404 3283 2458 3336; x_wconf 93' lang='lat' dir='ltr'><strong>in</strong></span> <span class='ocrx_word' id='word_1_617' title='bbox 2488 3280 2754 3350; x_wconf 88' lang='lat' dir='ltr'><strong>Propheta</strong></span> <span class='ocrx_word' id='word_1_618' title='bbox 2783 3299 2794 3334; x_wconf 93' lang='lat'>:</span> <span class='ocrx_word' id='word_1_619' title='bbox 2820 3279 3017 3349; x_wconf 81' lang='lat' dir='ltr'><strong>Surge,</strong></span> <span class='ocrx_word' id='word_1_620' title='bbox 3042 3290 3097 3335; x_wconf 92' lang='lat' dir='ltr'><strong>et</strong></span> <span class='ocrx_word' id='word_1_621' title='bbox 3116 3279 3302 3349; x_wconf 89' lang='lat' dir='ltr'><strong>accipe</strong></span> <span class='ocrx_word' id='word_1_622' title='bbox 3325 3278 3623 3344; x_wconf 82' lang='lat' dir='ltr'><strong>calamum,</strong></span> <span class='ocrx_word' id='word_1_623' title='bbox 3649 3286 3702 3332; x_wconf 90' lang='lat' dir='ltr'><strong>et</strong></span> <span class='ocrx_word' id='word_1_624' title='bbox 3723 3290 3827 3332; x_wconf 85' lang='lat' dir='ltr'><strong>me-</strong></span> 
     </span>
    </p>
   </div>
   <div class='ocr_carea' id='block_1_82' title="bbox 2242 3367 3826 3444">
    <p class='ocr_par' dir='ltr' id='par_1_82' title="bbox 2242 3367 3826 3444">
     <span class='ocr_line' id='line_1_82' title="bbox 2242 3367 3826 3444; baseline -0.003 -16"><span class='ocrx_word' id='word_1_625' title='bbox 2242 3377 2343 3430; x_wconf 87' lang='lat' dir='ltr'><strong>tire</strong></span> <span class='ocrx_word' id='word_1_626' title='bbox 2399 3376 2659 3444; x_wconf 89' lang='lat' dir='ltr'><strong>templum</strong></span> <span class='ocrx_word' id='word_1_627' title='bbox 2705 3383 2760 3430; x_wconf 90' lang='lat' dir='ltr'><strong>et</strong></span> <span class='ocrx_word' id='word_1_628' title='bbox 2810 3367 3087 3429; x_wconf 80' lang='lat' dir='ltr'><strong>civitatem</strong></span> <span class='ocrx_word' id='word_1_629' title='bbox 3135 3371 3360 3444; x_wconf 80' lang='lat' dir='ltr'><strong>(Ezech.</strong></span> <span class='ocrx_word' id='word_1_630' title='bbox 3409 3371 3533 3440; x_wconf 76' lang='lat' dir='ltr'><strong>XL).</strong></span> <span class='ocrx_word' id='word_1_631' title='bbox 3593 3371 3826 3426; x_wconf 80' lang='lat' dir='ltr'><strong>Calamus</strong></span> 
     </span>
    </p>
   </div>
   <div class='ocr_carea' id='block_1_83' title="bbox 2239 3465 3829 3540">
    <p class='ocr_par' dir='ltr' id='par_1_83' title="bbox 2239 3465 3829 3540">
     <span class='ocr_line' id='line_1_83' title="bbox 2239 3465 3829 3540; baseline -0.003 -18"><span class='ocrx_word' id='word_1_632' title='bbox 2239 3469 2424 3524; x_wconf 73' lang='lat' dir='ltr'><strong>scriba:</strong></span> <span class='ocrx_word' id='word_1_633' title='bbox 2448 3487 2466 3524; x_wconf 93' lang='lat'><strong><em>:</em></strong></span> <span class='ocrx_word' id='word_1_634' title='bbox 2491 3469 2678 3528; x_wconf 89' lang='lat' dir='ltr'><strong>Scriba</strong></span> <span class='ocrx_word' id='word_1_635' title='bbox 2704 3469 2820 3540; x_wconf 91' lang='lat' dir='ltr'><strong>ipse</strong></span> <span class='ocrx_word' id='word_1_636' title='bbox 2842 3478 2922 3524; x_wconf 87' lang='lat' dir='ltr'><strong>est</strong></span> <span class='ocrx_word' id='word_1_637' title='bbox 2947 3467 3221 3522; x_wconf 91' lang='lat' dir='ltr'><strong>Christus.</strong></span> <span class='ocrx_word' id='word_1_638' title='bbox 3248 3465 3402 3522; x_wconf 89' lang='lat' dir='ltr'><strong>Unde</strong></span> <span class='ocrx_word' id='word_1_639' title='bbox 3423 3465 3558 3520; x_wconf 79' lang='lat' dir='ltr'><strong>dixit</strong></span> <span class='ocrx_word' id='word_1_640' title='bbox 3591 3466 3642 3520; x_wconf 92' lang='lat' dir='ltr'><strong>in</strong></span> <span class='ocrx_word' id='word_1_641' title='bbox 3669 3465 3829 3518; x_wconf 80' lang='lat' dir='ltr'><strong>Evan-</strong></span> 
     </span>
    </p>
   </div>
   <div class='ocr_carea' id='block_1_84' title="bbox 2238 3553 3827 3632">
    <p class='ocr_par' dir='ltr' id='par_1_84' title="bbox 2238 3553 3827 3632">
     <span class='ocr_line' id='line_1_84' title="bbox 2238 3553 3827 3632; baseline -0.004 -17"><span class='ocrx_word' id='word_1_642' title='bbox 2238 3561 2380 3632; x_wconf 81' lang='lat' dir='ltr'><strong>gelio</strong></span> <span class='ocrx_word' id='word_1_643' title='bbox 2415 3579 2426 3614; x_wconf 90' lang='lat'>:</span> <span class='ocrx_word' id='word_1_644' title='bbox 2460 3561 2648 3616; x_wconf 89' lang='lat' dir='ltr'><strong>Omnis</strong></span> <span class='ocrx_word' id='word_1_645' title='bbox 2678 3560 2860 3615; x_wconf 87' lang='lat' dir='ltr'><strong>scriba</strong></span> <span class='ocrx_word' id='word_1_646' title='bbox 2912 3559 3108 3614; x_wconf 90' lang='lat' dir='ltr'><strong>doctus</strong></span> <span class='ocrx_word' id='word_1_647' title='bbox 3141 3560 3192 3612; x_wconf 91' lang='lat' dir='ltr'><strong>in</strong></span> <span class='ocrx_word' id='word_1_648' title='bbox 3237 3571 3404 3627; x_wconf 84' lang='lat' dir='ltr'><strong>regno</strong></span> <span class='ocrx_word' id='word_1_649' title='bbox 3443 3556 3734 3623; x_wconf 67' lang='lat' dir='ltr'><strong>caelorum,</strong></span> <span class='ocrx_word' id='word_1_650' title='bbox 3762 3553 3827 3608; x_wconf 85' lang='lat' dir='ltr'><strong>si-</strong></span> 
     </span>
    </p>
   </div>
   <div class='ocr_carea' id='block_1_85' title="bbox 2240 3647 3824 3724">
    <p class='ocr_par' dir='ltr' id='par_1_85' title="bbox 2240 3647 3824 3724">
     <span class='ocr_line' id='line_1_85' title="bbox 2240 3647 3824 3724; baseline -0.004 -16"><span class='ocrx_word' id='word_1_651' title='bbox 2240 3653 2386 3708; x_wconf 89' lang='lat' dir='ltr'><strong>milis</strong></span> <span class='ocrx_word' id='word_1_652' title='bbox 2416 3662 2502 3709; x_wconf 87' lang='lat' dir='ltr'><strong>est</strong></span> <span class='ocrx_word' id='word_1_653' title='bbox 2533 3651 2915 3724; x_wconf 85' lang='lat' dir='ltr'><strong>patrifamilias</strong></span> <span class='ocrx_word' id='word_1_654' title='bbox 2942 3653 2958 3719; x_wconf 97' lang='lat'>(</span> <span class='ocrx_word' id='word_1_655' title='bbox 2984 3650 3176 3706; x_wconf 80' lang='lat' dir='ltr'><strong>Matth.</strong></span> <span class='ocrx_word' id='word_1_656' title='bbox 3205 3648 3350 3722; x_wconf 85' lang='lat' dir='ltr'><strong>xm).</strong></span> <span class='ocrx_word' id='word_1_657' title='bbox 3401 3649 3666 3704; x_wconf 75' lang='lat' dir='ltr'><strong>Velociter</strong></span> <span class='ocrx_word' id='word_1_658' title='bbox 3705 3647 3824 3702; x_wconf 81' lang='lat' dir='ltr'><strong>scri-</strong></span> 
     </span>
    </p>
   </div>
   <div class='ocr_carea' id='block_1_86' title="bbox 2241 3740 3824 3813">
    <p class='ocr_par' dir='ltr' id='par_1_86' title="bbox 2241 3740 3824 3813">
     <span class='ocr_line' id='line_1_86' title="bbox 2241 3740 3824 3813; baseline -0.004 -14"><span class='ocrx_word' id='word_1_659' title='bbox 2241 3746 2425 3801; x_wconf 89' lang='lat' dir='ltr'><strong>bentis.</strong></span> <span class='ocrx_word' id='word_1_660' title='bbox 2458 3746 2595 3813; x_wconf 88' lang='lat' dir='ltr'><strong>Quia</strong></span> <span class='ocrx_word' id='word_1_661' title='bbox 2621 3747 2799 3802; x_wconf 89' lang='lat' dir='ltr'><strong>nullus</strong></span> <span class='ocrx_word' id='word_1_662' title='bbox 2830 3753 2940 3799; x_wconf 90' lang='lat' dir='ltr'><strong>tam</strong></span> <span class='ocrx_word' id='word_1_663' title='bbox 2970 3747 3080 3800; x_wconf 90' lang='lat' dir='ltr'><strong>cito</strong></span> <span class='ocrx_word' id='word_1_664' title='bbox 3108 3743 3319 3809; x_wconf 87' lang='lat' dir='ltr'><strong>scribit,</strong></span> <span class='ocrx_word' id='word_1_665' title='bbox 3345 3745 3483 3800; x_wconf 90' lang='lat' dir='ltr'><strong>sicut</strong></span> <span class='ocrx_word' id='word_1_666' title='bbox 3516 3744 3638 3812; x_wconf 89' lang='lat' dir='ltr'><strong>ipse</strong></span> <span class='ocrx_word' id='word_1_667' title='bbox 3664 3740 3824 3796; x_wconf 83' lang='lat' dir='ltr'><strong>Domi-</strong></span> 
     </span>
    </p>
   </div>
   <div class='ocr_carea' id='block_1_87' title="bbox 2242 3830 3825 3902">
    <p class='ocr_par' dir='ltr' id='par_1_87' title="bbox 2242 3830 3825 3902">
     <span class='ocr_line' id='line_1_87' title="bbox 2242 3830 3825 3902; baseline -0.005 -8"><span class='ocrx_word' id='word_1_668' title='bbox 2242 3853 2343 3894; x_wconf 90' lang='lat' dir='ltr'><strong>nus</strong></span> <span class='ocrx_word' id='word_1_669' title='bbox 2372 3839 2426 3896; x_wconf 87' lang='lat' dir='ltr'><strong>in</strong></span> <span class='ocrx_word' id='word_1_670' title='bbox 2458 3838 2716 3894; x_wconf 84' lang='lat' dir='ltr'><strong>cordibus</strong></span> <span class='ocrx_word' id='word_1_671' title='bbox 2742 3846 3052 3893; x_wconf 88' lang='lat' dir='ltr'><strong>sanctorum</strong></span> <span class='ocrx_word' id='word_1_672' title='bbox 3078 3836 3287 3892; x_wconf 88' lang='lat' dir='ltr'><strong>scribit.</strong></span> <span class='ocrx_word' id='word_1_673' title='bbox 3320 3835 3456 3902; x_wconf 86' lang='lat' dir='ltr'><strong>Quid</strong></span> <span class='ocrx_word' id='word_1_674' title='bbox 3487 3836 3700 3898; x_wconf 90' lang='lat' dir='ltr'><strong>scribit,</strong></span> <span class='ocrx_word' id='word_1_675' title='bbox 3732 3830 3825 3888; x_wconf 84' lang='lat' dir='ltr'><strong>nisi</strong></span> 
     </span>
    </p>
   </div>
   <div class='ocr_carea' id='block_1_88' title="bbox 2242 3927 3826 4001">
    <p class='ocr_par' dir='ltr' id='par_1_88' title="bbox 2242 3927 3826 4001">
     <span class='ocr_line' id='line_1_88' title="bbox 2242 3927 3826 4001; baseline -0.004 -15"><span class='ocrx_word' id='word_1_676' title='bbox 2242 3931 2425 3997; x_wconf 83' lang='lat' dir='ltr'><strong>fidem,</strong></span> <span class='ocrx_word' id='word_1_677' title='bbox 2455 3945 2608 4001; x_wconf 90' lang='lat' dir='ltr'><strong>spem</strong></span> <span class='ocrx_word' id='word_1_678' title='bbox 2641 3941 2694 3986; x_wconf 91' lang='lat' dir='ltr'><strong>et</strong></span> <span class='ocrx_word' id='word_1_679' title='bbox 2733 3930 3056 3986; x_wconf 86' lang='lat' dir='ltr'><strong>cltaritatem</strong></span> <span class='ocrx_word' id='word_1_680' title='bbox 3090 3944 3265 3994; x_wconf 90' lang='lat' dir='ltr'><strong>suam,</strong></span> <span class='ocrx_word' id='word_1_681' title='bbox 3309 3928 3531 3984; x_wconf 84' lang='lat' dir='ltr'><strong>verbum</strong></span> <span class='ocrx_word' id='word_1_682' title='bbox 3579 3927 3826 4000; x_wconf 76' lang='lat' dir='ltr'><strong>praedica-</strong></span> 
     </span>
    </p>
   </div>
   <div class='ocr_carea' id='block_1_89' title="bbox 2245 4021 2670 4078">
    <p class='ocr_par' dir='ltr' id='par_1_89' title="bbox 2245 4021 2670 4078">
     <span class='ocr_line' id='line_1_89' title="bbox 2245 4021 2670 4078; baseline 0 -2"><span class='ocrx_word' id='word_1_683' title='bbox 2245 4022 2413 4078; x_wconf 89' lang='lat' dir='ltr'><strong>tionis</strong></span> <span class='ocrx_word' id='word_1_684' title='bbox 2445 4021 2670 4076; x_wconf 87' lang='lat' dir='ltr'><strong>tribuit?</strong></span> 
     </span>
    </p>
   </div>
   <div class='ocr_carea' id='block_1_90' title="bbox 2313 4110 3821 4188">
    <p class='ocr_par' dir='ltr' id='par_1_90' title="bbox 2313 4110 3821 4188">
     <span class='ocr_line' id='line_1_90' title="bbox 2313 4110 3821 4188; baseline -0.005 -18"><span class='ocrx_word' id='word_1_685' title='bbox 2313 4115 2593 4188; x_wconf 84' lang='lat' dir='ltr'><strong>Speciosus</strong></span> <span class='ocrx_word' id='word_1_686' title='bbox 2642 4117 2815 4186; x_wconf 78' lang='lat' dir='ltr'><strong>[arma</strong></span> <span class='ocrx_word' id='word_1_687' title='bbox 2847 4131 2956 4185; x_wconf 75' lang='lat' dir='ltr'><strong>pra:</strong></span> <span class='ocrx_word' id='word_1_688' title='bbox 2997 4113 3123 4184; x_wconf 79' lang='lat' dir='ltr'><strong>ﬁliis</strong></span> <span class='ocrx_word' id='word_1_689' title='bbox 3172 4113 3459 4168; x_wconf 89' lang='lat' dir='ltr'><strong>hominum.</strong></span> <span class='ocrx_word' id='word_1_690' title='bbox 3507 4110 3576 4168; x_wconf 88' lang='lat' dir='ltr'><strong>Ut</strong></span> <span class='ocrx_word' id='word_1_691' title='bbox 3623 4127 3724 4166; x_wconf 91' lang='lat' dir='ltr'><strong>non</strong></span> <span class='ocrx_word' id='word_1_692' title='bbox 3763 4123 3821 4164; x_wconf 79' lang='lat' dir='ltr'><strong>ex</strong></span> 
     </span>
    </p>
   </div>
   <div class='ocr_carea' id='block_1_91' title="bbox 2241 4204 3823 4278">
    <p class='ocr_par' dir='ltr' id='par_1_91' title="bbox 2241 4204 3823 4278">
     <span class='ocr_line' id='line_1_91' title="bbox 2241 4204 3823 4278; baseline -0.006 -14"><span class='ocrx_word' id='word_1_693' title='bbox 2241 4224 2417 4278; x_wconf 63' lang='lat' dir='ltr'><strong>aequo,</strong></span> <span class='ocrx_word' id='word_1_694' title='bbox 2441 4218 2500 4264; x_wconf 87' lang='lat' dir='ltr'><strong>ttt</strong></span> <span class='ocrx_word' id='word_1_695' title='bbox 2523 4209 2664 4264; x_wconf 90' lang='lat' dir='ltr'><strong>alius</strong></span> <span class='ocrx_word' id='word_1_696' title='bbox 2694 4209 2881 4276; x_wconf 91' lang='lat' dir='ltr'><strong>homo,</strong></span> <span class='ocrx_word' id='word_1_697' title='bbox 2915 4209 3010 4265; x_wconf 90' lang='lat' dir='ltr'><strong>sed</strong></span> <span class='ocrx_word' id='word_1_698' title='bbox 3034 4224 3157 4264; x_wconf 92' lang='lat' dir='ltr'><strong>cum</strong></span> <span class='ocrx_word' id='word_1_699' title='bbox 3186 4208 3410 4263; x_wconf 86' lang='lat' dir='ltr'><strong>homine</strong></span> <span class='ocrx_word' id='word_1_700' title='bbox 3441 4207 3532 4262; x_wconf 87' lang='lat' dir='ltr'><strong>Dei</strong></span> <span class='ocrx_word' id='word_1_701' title='bbox 3563 4205 3730 4260; x_wconf 87' lang='lat' dir='ltr'><strong>Filius</strong></span> <span class='ocrx_word' id='word_1_702' title='bbox 3752 4204 3823 4256; x_wconf 91' lang='lat' dir='ltr'><strong>in-</strong></span> 
     </span>
    </p>
   </div>
   <div class='ocr_carea' id='block_1_92' title="bbox 2245 4294 3822 4373">
    <p class='ocr_par' dir='ltr' id='par_1_92' title="bbox 2245 4294 3822 4373">
     <span class='ocr_line' id='line_1_92' title="bbox 2245 4294 3822 4373; baseline -0.006 -17"><span class='ocrx_word' id='word_1_703' title='bbox 2245 4301 2542 4373; x_wconf 78' lang='lat' dir='ltr'><strong>telligatur,</strong></span> <span class='ocrx_word' id='word_1_704' title='bbox 2577 4310 2632 4356; x_wconf 92' lang='lat' dir='ltr'><strong>et</strong></span> <span class='ocrx_word' id='word_1_705' title='bbox 2672 4302 2796 4360; x_wconf 84' lang='lat' dir='ltr'><strong>ideo</strong></span> <span class='ocrx_word' id='word_1_706' title='bbox 2829 4301 3112 4373; x_wconf 89' lang='lat' dir='ltr'><strong>pulchrior</strong></span> <span class='ocrx_word' id='word_1_707' title='bbox 3141 4299 3342 4356; x_wconf 90' lang='lat' dir='ltr'><strong>dicitur</strong></span> <span class='ocrx_word' id='word_1_708' title='bbox 3391 4313 3504 4370; x_wconf 73' lang='lat' dir='ltr'><strong>pra:</strong></span> <span class='ocrx_word' id='word_1_709' title='bbox 3551 4296 3674 4352; x_wconf 87' lang='lat' dir='ltr'><strong>aliis</strong></span> <span class='ocrx_word' id='word_1_710' title='bbox 3714 4294 3822 4348; x_wconf 62' lang='lat' dir='ltr'><strong>ﬁliis</strong></span> 
     </span>
    </p>
   </div>
   <div class='ocr_carea' id='block_1_93' title="bbox 2243 4394 3823 4466">
    <p class='ocr_par' dir='ltr' id='par_1_93' title="bbox 2243 4394 3823 4466">
     <span class='ocr_line' id='line_1_93' title="bbox 2243 4394 3823 4466; baseline -0.007 -15"><span class='ocrx_word' id='word_1_711' title='bbox 2243 4397 2546 4454; x_wconf 89' lang='lat' dir='ltr'><strong>hominum.</strong></span> <span class='ocrx_word' id='word_1_712' title='bbox 2580 4395 2777 4452; x_wconf 86' lang='lat' dir='ltr'><strong>Forma</strong></span> <span class='ocrx_word' id='word_1_713' title='bbox 2812 4405 2997 4452; x_wconf 85' lang='lat' dir='ltr'><strong>autem</strong></span> <span class='ocrx_word' id='word_1_714' title='bbox 3032 4395 3097 4450; x_wconf 89' lang='lat' dir='ltr'><strong>de</strong></span> <span class='ocrx_word' id='word_1_715' title='bbox 3127 4409 3231 4466; x_wconf 90' lang='lat' dir='ltr'><strong>qua</strong></span> <span class='ocrx_word' id='word_1_716' title='bbox 3263 4394 3525 4464; x_wconf 87' lang='lat' dir='ltr'><strong>loquitur,</strong></span> <span class='ocrx_word' id='word_1_717' title='bbox 3577 4407 3682 4448; x_wconf 89' lang='lat' dir='ltr'><strong>non</strong></span> <span class='ocrx_word' id='word_1_718' title='bbox 3726 4403 3823 4443; x_wconf 81' lang='lat' dir='ltr'><strong>nta-</strong></span> 
     </span>
    </p>
   </div>
   <div class='ocr_carea' id='block_1_94' title="bbox 2246 4483 3822 4562">
    <p class='ocr_par' dir='ltr' id='par_1_94' title="bbox 2246 4483 3822 4562">
     <span class='ocr_line' id='line_1_94' title="bbox 2246 4483 3822 4562; baseline -0.008 -17"><span class='ocrx_word' id='word_1_719' title='bbox 2246 4490 2512 4560; x_wconf 81' lang='lat' dir='ltr'><strong>gnitudini</strong></span> <span class='ocrx_word' id='word_1_720' title='bbox 2543 4489 2847 4562; x_wconf 89' lang='lat' dir='ltr'><strong>deputanda</strong></span> <span class='ocrx_word' id='word_1_721' title='bbox 2886 4498 2990 4557; x_wconf 90' lang='lat' dir='ltr'><strong>est,</strong></span> <span class='ocrx_word' id='word_1_722' title='bbox 3038 4488 3135 4546; x_wconf 89' lang='lat' dir='ltr'><strong>sed</strong></span> <span class='ocrx_word' id='word_1_723' title='bbox 3165 4487 3374 4543; x_wconf 88' lang='lat' dir='ltr'><strong>decori.</strong></span> <span class='ocrx_word' id='word_1_724' title='bbox 3423 4483 3520 4540; x_wconf 82' lang='lat' dir='ltr'><strong>Vel</strong></span> <span class='ocrx_word' id='word_1_725' title='bbox 3567 4483 3822 4557; x_wconf 86' lang='lat' dir='ltr'><strong>quomodo</strong></span> 
     </span>
    </p>
   </div>
   <div class='ocr_carea' id='block_1_95' title="bbox 555 4553 3822 4652">
    <p class='ocr_par' dir='ltr' id='par_1_95' title="bbox 555 4553 3822 4652">
     <span class='ocr_line' id='line_1_95' title="bbox 555 4553 3822 4652; baseline 0.002 -34"><span class='ocrx_word' id='word_1_726' title='bbox 555 4570 831 4618; x_wconf 91' lang='lat' dir='ltr'><strong>mortuum</strong></span> <span class='ocrx_word' id='word_1_727' title='bbox 871 4564 1223 4632; x_wconf 89' lang='lat' dir='ltr'><strong>conlitentur,</strong></span> <span class='ocrx_word' id='word_1_728' title='bbox 1257 4572 1311 4620; x_wconf 87' lang='lat' dir='ltr'><strong>et</strong></span> <span class='ocrx_word' id='word_1_729' title='bbox 1351 4564 1719 4620; x_wconf 81' lang='lat' dir='ltr'><strong>resurrexisse</strong></span> <span class='ocrx_word' id='word_1_730' title='bbox 1752 4581 1858 4621; x_wconf 87' lang='lat' dir='ltr'><strong>non</strong></span> <span class='ocrx_word' id='word_1_731' title='bbox 1885 4565 2136 4636; x_wconf 88' lang='lat' dir='ltr'><strong>credunt,</strong></span> <span class='ocrx_word' id='word_1_732' title='bbox 2173 4553 2224 4616; x_wconf 87' lang='lat' dir='ltr'><strong>D</strong></span> <span class='ocrx_word' id='word_1_733' title='bbox 2248 4553 2551 4652; x_wconf 58' lang='lat' dir='ltr'><strong>gpeciosus,</strong></span> <span class='ocrx_word' id='word_1_734' title='bbox 2586 4553 2708 4637; x_wconf 73' lang='grc' dir='ltr'>εὐιη</span> <span class='ocrx_word' id='word_1_735' title='bbox 2739 4581 2904 4637; x_wconf 70' lang='lat' dir='ltr'><strong>Isaias</strong></span> <span class='ocrx_word' id='word_1_736' title='bbox 2947 4553 3077 4638; x_wconf 58' lang='lat' dir='ltr'><strong>dicit</strong></span> <span class='ocrx_word' id='word_1_737' title='bbox 3107 4599 3120 4635; x_wconf 72' lang='grc' dir='ltr'>ε</span> <span class='ocrx_word' id='word_1_738' title='bbox 3149 4579 3395 4635; x_wconf 79' lang='lat' dir='ltr'><strong>Vidimus</strong></span> <span class='ocrx_word' id='word_1_739' title='bbox 3433 4593 3558 4633; x_wconf 91' lang='lat' dir='ltr'><strong>eum</strong></span> <span class='ocrx_word' id='word_1_740' title='bbox 3590 4553 3698 4632; x_wconf 80' lang='lat' dir='ltr'><strong>non</strong></span> <span class='ocrx_word' id='word_1_741' title='bbox 3737 4576 3822 4626; x_wconf 87' lang='lat' dir='ltr'><strong>ha-</strong></span> 
     </span>
    </p>
   </div>
   <div class='ocr_carea' id='block_1_96' title="bbox 552 4657 2136 4734">
    <p class='ocr_par' dir='ltr' id='par_1_96' title="bbox 552 4657 2136 4734">
     <span class='ocr_line' id='line_1_96' title="bbox 552 4657 2136 4734; baseline 0.004 -22"><span class='ocrx_word' id='word_1_742' title='bbox 552 4666 613 4712; x_wconf 90' lang='lat' dir='ltr'><strong>ut</strong></span> <span class='ocrx_word' id='word_1_743' title='bbox 663 4657 879 4713; x_wconf 90' lang='lat' dir='ltr'><strong>tandem</strong></span> <span class='ocrx_word' id='word_1_744' title='bbox 930 4657 1243 4717; x_wconf 87' lang='lat' dir='ltr'><strong>desiuentes</strong></span> <span class='ocrx_word' id='word_1_745' title='bbox 1282 4675 1381 4715; x_wconf 89' lang='lat' dir='ltr'><strong>nos</strong></span> <span class='ocrx_word' id='word_1_746' title='bbox 1426 4660 1694 4734; x_wconf 85' lang='lat' dir='ltr'><strong>persequi,</strong></span> <span class='ocrx_word' id='word_1_747' title='bbox 1728 4676 1836 4716; x_wconf 88' lang='lat' dir='ltr'><strong>non</strong></span> <span class='ocrx_word' id='word_1_748' title='bbox 1881 4675 2052 4733; x_wconf 88' lang='lat' dir='ltr'><strong>usque</strong></span> <span class='ocrx_word' id='word_1_749' title='bbox 2083 4659 2136 4718; x_wconf 87' lang='lat' dir='ltr'><strong>in</strong></span> 
     </span>
    </p>
   </div>
   <div class='ocr_carea' id='block_1_97' title="bbox 554 4751 1510 4808">
    <p class='ocr_par' dir='ltr' id='par_1_97' title="bbox 554 4751 1510 4808">
     <span class='ocr_line' id='line_1_97' title="bbox 554 4751 1510 4808; baseline 0.003 -3"><span class='ocrx_word' id='word_1_750' title='bbox 554 4751 716 4805; x_wconf 89' lang='lat' dir='ltr'><strong>linem</strong></span> <span class='ocrx_word' id='word_1_751' title='bbox 748 4759 967 4807; x_wconf 64' lang='lat' dir='ltr'><strong>aeterna:</strong></span> <span class='ocrx_word' id='word_1_752' title='bbox 999 4752 1191 4806; x_wconf 90' lang='lat' dir='ltr'><strong>mortis</strong></span> <span class='ocrx_word' id='word_1_753' title='bbox 1221 4752 1510 4808; x_wconf 85' lang='lat' dir='ltr'><strong>intereant.</strong></span> 
     </span>
    </p>
   </div>
   <div class='ocr_carea' id='block_1_98' title="bbox 625 4841 2138 4914">
    <p class='ocr_par' dir='ltr' id='par_1_98' title="bbox 625 4841 2138 4914">
     <span class='ocr_line' id='line_1_98' title="bbox 625 4841 2138 4914; baseline 0.001 -18"><span class='ocrx_word' id='word_1_754' title='bbox 625 4841 800 4910; x_wconf 84' lang='lat' dir='ltr'><strong>Quare</strong></span> <span class='ocrx_word' id='word_1_755' title='bbox 830 4843 1019 4914; x_wconf 78' lang='lat' dir='ltr'><strong>faciem</strong></span> <span class='ocrx_word' id='word_1_756' title='bbox 1040 4851 1182 4897; x_wconf 87' lang='lat' dir='ltr'><strong>tuam</strong></span> <span class='ocrx_word' id='word_1_757' title='bbox 1211 4845 1435 4899; x_wconf 77' lang='lat' dir='ltr'><strong>avertis?</strong></span> <span class='ocrx_word' id='word_1_758' title='bbox 1468 4843 1672 4898; x_wconf 79' lang='lat' dir='ltr'><strong>Avertit</strong></span> <span class='ocrx_word' id='word_1_759' title='bbox 1701 4843 1848 4899; x_wconf 89' lang='lat' dir='ltr'><strong>enim</strong></span> <span class='ocrx_word' id='word_1_760' title='bbox 1875 4841 2020 4898; x_wconf 84' lang='lat' dir='ltr'><strong>Deus</strong></span> <span class='ocrx_word' id='word_1_761' title='bbox 2056 4843 2138 4898; x_wconf 85' lang='lat' dir='ltr'><strong>fa-</strong></span> 
     </span>
    </p>
   </div>
   <div class='ocr_carea' id='block_1_99' title="bbox 551 4933 2136 5008">
    <p class='ocr_par' dir='ltr' id='par_1_99' title="bbox 551 4933 2136 5008">
     <span class='ocr_line' id='line_1_99' title="bbox 551 4933 2136 5008; baseline -0.002 -17"><span class='ocrx_word' id='word_1_762' title='bbox 551 4937 688 4992; x_wconf 90' lang='lat' dir='ltr'><strong>ciem</strong></span> <span class='ocrx_word' id='word_1_763' title='bbox 714 4936 780 4991; x_wconf 89' lang='lat' dir='ltr'><strong>ad</strong></span> <span class='ocrx_word' id='word_1_764' title='bbox 811 4945 1042 5006; x_wconf 85' lang='lat' dir='ltr'><strong>tempus,</strong></span> <span class='ocrx_word' id='word_1_765' title='bbox 1075 4946 1132 4992; x_wconf 93' lang='lat' dir='ltr'><strong>ut</strong></span> <span class='ocrx_word' id='word_1_766' title='bbox 1155 4937 1340 5008; x_wconf 89' lang='lat' dir='ltr'><strong>probet</strong></span> <span class='ocrx_word' id='word_1_767' title='bbox 1371 4936 1575 4992; x_wconf 87' lang='lat' dir='ltr'><strong>electos</strong></span> <span class='ocrx_word' id='word_1_768' title='bbox 1602 4951 1750 4990; x_wconf 90' lang='lat' dir='ltr'><strong>suos.</strong></span> <span class='ocrx_word' id='word_1_769' title='bbox 1795 4933 2136 4991; x_wconf 83' lang='lat' dir='ltr'><strong>Oblivisceris</strong></span> 
     </span>
    </p>
   </div>
   <div class='ocr_carea' id='block_1_100' title="bbox 552 5030 2141 5102">
    <p class='ocr_par' dir='ltr' id='par_1_100' title="bbox 552 5030 2141 5102">
     <span class='ocr_line' id='line_1_100' title="bbox 552 5030 2141 5102; baseline 0.003 -18"><span class='ocrx_word' id='word_1_770' title='bbox 552 5031 743 5102; x_wconf 74' lang='lat' dir='ltr'><strong>inopia:</strong></span> <span class='ocrx_word' id='word_1_771' title='bbox 788 5040 977 5087; x_wconf 76' lang='lat' dir='ltr'><strong>nostra:</strong></span> <span class='ocrx_word' id='word_1_772' title='bbox 1021 5043 1067 5084; x_wconf 89' lang='lat' dir='ltr'><strong>et</strong></span> <span class='ocrx_word' id='word_1_773' title='bbox 1111 5031 1456 5086; x_wconf 83' lang='lat' dir='ltr'><strong>tribulationis</strong></span> <span class='ocrx_word' id='word_1_774' title='bbox 1499 5041 1712 5086; x_wconf 69' lang='lat' dir='ltr'><strong>nostra.</strong></span> <span class='ocrx_word' id='word_1_775' title='bbox 1745 5030 1986 5091; x_wconf 82' lang='lat' dir='ltr'><strong>Patimur</strong></span> <span class='ocrx_word' id='word_1_776' title='bbox 2015 5033 2141 5088; x_wconf 82' lang='lat' dir='ltr'><strong>ino-</strong></span> 
     </span>
    </p>
   </div>
   <div class='ocr_carea' id='block_1_101' title="bbox 554 5125 2144 5198">
    <p class='ocr_par' dir='ltr' id='par_1_101' title="bbox 554 5125 2144 5198">
     <span class='ocr_line' id='line_1_101' title="bbox 554 5125 2144 5198; baseline 0.001 -17"><span class='ocrx_word' id='word_1_777' title='bbox 554 5127 720 5198; x_wconf 87' lang='lat' dir='ltr'><strong>piam,</strong></span> <span class='ocrx_word' id='word_1_778' title='bbox 753 5140 854 5195; x_wconf 90' lang='lat' dir='ltr'><strong>pro</strong></span> <span class='ocrx_word' id='word_1_779' title='bbox 885 5125 1059 5182; x_wconf 91' lang='lat' dir='ltr'><strong>nihilo</strong></span> <span class='ocrx_word' id='word_1_780' title='bbox 1089 5126 1346 5182; x_wconf 89' lang='lat' dir='ltr'><strong>habentes</strong></span> <span class='ocrx_word' id='word_1_781' title='bbox 1376 5127 1532 5197; x_wconf 82' lang='lat' dir='ltr'><strong>hujus</strong></span> <span class='ocrx_word' id='word_1_782' title='bbox 1557 5125 1742 5181; x_wconf 88' lang='lat' dir='ltr'><strong>mundi</strong></span> <span class='ocrx_word' id='word_1_783' title='bbox 1770 5126 2010 5192; x_wconf 89' lang='lat' dir='ltr'><strong>divitias,</strong></span> <span class='ocrx_word' id='word_1_784' title='bbox 2052 5141 2144 5182; x_wconf 85' lang='lat' dir='ltr'><strong>re-</strong></span> 
     </span>
    </p>
   </div>
   <div class='ocr_carea' id='block_1_102' title="bbox 551 5218 2136 5288">
    <p class='ocr_par' dir='ltr' id='par_1_102' title="bbox 551 5218 2136 5288">
     <span class='ocr_line' id='line_1_102' title="bbox 551 5218 2136 5288; baseline 0.003 -16"><span class='ocrx_word' id='word_1_785' title='bbox 551 5233 717 5288; x_wconf 78' lang='lat' dir='ltr'><strong>gnum</strong></span> <span class='ocrx_word' id='word_1_786' title='bbox 747 5218 972 5274; x_wconf 64' lang='lat' dir='ltr'><strong>caeleste</strong></span> <span class='ocrx_word' id='word_1_787' title='bbox 1001 5218 1395 5274; x_wconf 89' lang='lat' dir='ltr'><strong>desideramus.</strong></span> <span class='ocrx_word' id='word_1_788' title='bbox 1440 5218 1784 5274; x_wconf 86' lang='lat' dir='ltr'><strong>Tribulamur</strong></span> <span class='ocrx_word' id='word_1_789' title='bbox 1809 5219 1980 5288; x_wconf 89' lang='lat' dir='ltr'><strong>enim,</strong></span> <span class='ocrx_word' id='word_1_790' title='bbox 2013 5233 2136 5276; x_wconf 90' lang='lat' dir='ltr'><strong>cum</strong></span> 
     </span>
    </p>
   </div>
   <div class='ocr_carea' id='block_1_103' title="bbox 555 5308 1499 5380">
    <p class='ocr_par' dir='ltr' id='par_1_103' title="bbox 555 5308 1499 5380">
     <span class='ocr_line' id='line_1_103' title="bbox 555 5308 1499 5380; baseline 0.003 -17"><span class='ocrx_word' id='word_1_791' title='bbox 555 5309 841 5380; x_wconf 76' lang='lat' dir='ltr'><strong>elongatur</strong></span> <span class='ocrx_word' id='word_1_792' title='bbox 861 5308 1192 5366; x_wconf 83' lang='lat' dir='ltr'><strong>desiderium</strong></span> <span class='ocrx_word' id='word_1_793' title='bbox 1233 5318 1499 5366; x_wconf 76' lang='lat' dir='ltr'><strong>nostrum.</strong></span> 
     </span>
    </p>
   </div>
   <div class='ocr_carea' id='block_1_104' title="bbox 631 5401 2148 5474">
    <p class='ocr_par' dir='ltr' id='par_1_104' title="bbox 631 5401 2148 5474">
     <span class='ocr_line' id='line_1_104' title="bbox 631 5401 2148 5474; baseline 0.003 -20"><span class='ocrx_word' id='word_1_794' title='bbox 631 5401 890 5468; x_wconf 86' lang='lat' dir='ltr'><strong>Quoniam</strong></span> <span class='ocrx_word' id='word_1_795' title='bbox 917 5401 1195 5458; x_wconf 86' lang='lat' dir='ltr'><strong>humiliata</strong></span> <span class='ocrx_word' id='word_1_796' title='bbox 1221 5412 1294 5460; x_wconf 88' lang='lat' dir='ltr'><strong>est</strong></span> <span class='ocrx_word' id='word_1_797' title='bbox 1335 5403 1387 5457; x_wconf 92' lang='lat' dir='ltr'><strong>in</strong></span> <span class='ocrx_word' id='word_1_798' title='bbox 1415 5402 1620 5474; x_wconf 85' lang='lat' dir='ltr'><strong>pulvere</strong></span> <span class='ocrx_word' id='word_1_799' title='bbox 1638 5403 1814 5458; x_wconf 88' lang='lat' dir='ltr'><strong>anima</strong></span> <span class='ocrx_word' id='word_1_800' title='bbox 1840 5412 2041 5459; x_wconf 87' lang='lat' dir='ltr'><strong>nostra.</strong></span> <span class='ocrx_word' id='word_1_801' title='bbox 2075 5403 2148 5462; x_wconf 89' lang='lat' dir='ltr'><strong>Ut</strong></span> 
     </span>
    </p>
   </div>
   <div class='ocr_carea' id='block_1_105' title="bbox 557 5493 2144 5565">
    <p class='ocr_par' dir='ltr' id='par_1_105' title="bbox 557 5493 2144 5565">
     <span class='ocr_line' id='line_1_105' title="bbox 557 5493 2144 5565; baseline 0.003 -18"><span class='ocrx_word' id='word_1_802' title='bbox 557 5494 627 5550; x_wconf 89' lang='lat' dir='ltr'><strong>ab</strong></span> <span class='ocrx_word' id='word_1_803' title='bbox 668 5493 773 5548; x_wconf 90' lang='lat' dir='ltr'><strong>illis</strong></span> <span class='ocrx_word' id='word_1_804' title='bbox 814 5493 1225 5563; x_wconf 90' lang='lat' dir='ltr'><strong>inclinaremur,</strong></span> <span class='ocrx_word' id='word_1_805' title='bbox 1271 5512 1407 5565; x_wconf 90' lang='lat' dir='ltr'><strong>quos</strong></span> <span class='ocrx_word' id='word_1_806' title='bbox 1458 5505 1648 5552; x_wconf 80' lang='lat' dir='ltr'><strong>ventus</strong></span> <span class='ocrx_word' id='word_1_807' title='bbox 1691 5505 1750 5552; x_wconf 90' lang='lat' dir='ltr'><strong>ut</strong></span> <span class='ocrx_word' id='word_1_808' title='bbox 1791 5497 2070 5565; x_wconf 83' lang='lat' dir='ltr'><strong>pulverem</strong></span> <span class='ocrx_word' id='word_1_809' title='bbox 2115 5512 2144 5552; x_wconf 90' lang='lat' dir='ltr'><strong>a</strong></span> 
     </span>
    </p>
   </div>
   <div class='ocr_carea' id='block_1_106' title="bbox 559 5584 2145 5660">
    <p class='ocr_par' dir='ltr' id='par_1_106' title="bbox 559 5584 2145 5660">
     <span class='ocr_line' id='line_1_106' title="bbox 559 5584 2145 5660; baseline 0.003 -21"><span class='ocrx_word' id='word_1_810' title='bbox 559 5584 696 5640; x_wconf 87' lang='lat' dir='ltr'><strong>facie</strong></span> <span class='ocrx_word' id='word_1_811' title='bbox 729 5599 889 5643; x_wconf 67' lang='lat' dir='ltr'><strong>terrm</strong></span> <span class='ocrx_word' id='word_1_812' title='bbox 919 5589 1154 5658; x_wconf 85' lang='lat' dir='ltr'><strong>projicit.</strong></span> <span class='ocrx_word' id='word_1_813' title='bbox 1199 5588 1594 5660; x_wconf 83' lang='lat' dir='ltr'><strong>Conglutinatus</strong></span> <span class='ocrx_word' id='word_1_814' title='bbox 1623 5601 1696 5646; x_wconf 90' lang='lat' dir='ltr'><strong>est</strong></span> <span class='ocrx_word' id='word_1_815' title='bbox 1719 5593 1773 5646; x_wconf 91' lang='lat' dir='ltr'><strong>in</strong></span> <span class='ocrx_word' id='word_1_816' title='bbox 1803 5601 1942 5646; x_wconf 90' lang='lat' dir='ltr'><strong>terra</strong></span> <span class='ocrx_word' id='word_1_817' title='bbox 1970 5602 2145 5644; x_wconf 87' lang='lat' dir='ltr'><strong>venter</strong></span> 
     </span>
    </p>
   </div>
   <div class='ocr_carea' id='block_1_107' title="bbox 561 5679 2147 5752">
    <p class='ocr_par' dir='ltr' id='par_1_107' title="bbox 561 5679 2147 5752">
     <span class='ocr_line' id='line_1_107' title="bbox 561 5679 2147 5752; baseline 0.008 -26"><span class='ocrx_word' id='word_1_818' title='bbox 561 5686 751 5730; x_wconf 79' lang='lat' dir='ltr'><strong>noster.</strong></span> <span class='ocrx_word' id='word_1_819' title='bbox 781 5679 860 5732; x_wconf 81' lang='lat' dir='ltr'><strong>Ac</strong></span> <span class='ocrx_word' id='word_1_820' title='bbox 885 5680 930 5734; x_wconf 87' lang='lat' dir='ltr'><strong>si</strong></span> <span class='ocrx_word' id='word_1_821' title='bbox 957 5679 1201 5734; x_wconf 88' lang='lat' dir='ltr'><strong>diceret:</strong></span> <span class='ocrx_word' id='word_1_822' title='bbox 1227 5681 1367 5736; x_wconf 88' lang='lat' dir='ltr'><strong>Caro</strong></span> <span class='ocrx_word' id='word_1_823' title='bbox 1391 5683 1714 5752; x_wconf 80' lang='lat' dir='ltr'><strong>infirmatur,</strong></span> <span class='ocrx_word' id='word_1_824' title='bbox 1745 5683 1840 5740; x_wconf 88' lang='lat' dir='ltr'><strong>sed</strong></span> <span class='ocrx_word' id='word_1_825' title='bbox 1865 5698 2059 5746; x_wconf 79' lang='lat' dir='ltr'><strong>sensus</strong></span> <span class='ocrx_word' id='word_1_826' title='bbox 2091 5683 2147 5739; x_wconf 87' lang='lat' dir='ltr'><strong>in</strong></span> 
     </span>
    </p>
   </div>
   <div class='ocr_carea' id='block_1_108' title="bbox 561 5765 1294 5830">
    <p class='ocr_par' dir='ltr' id='par_1_108' title="bbox 561 5765 1294 5830">
     <span class='ocr_line' id='line_1_108' title="bbox 561 5765 1294 5830; baseline 0.011 -12"><span class='ocrx_word' id='word_1_827' title='bbox 561 5765 882 5828; x_wconf 68' lang='lat' dir='ltr'><strong>coelestibus</strong></span> <span class='ocrx_word' id='word_1_828' title='bbox 923 5781 1006 5828; x_wconf 76' lang='lat' dir='ltr'><strong>est</strong></span> <span class='ocrx_word' id='word_1_829' title='bbox 1037 5781 1294 5830; x_wconf 80' lang='lat' dir='ltr'><strong>attentus.</strong></span> 
     </span>
    </p>
   </div>
   <div class='ocr_carea' id='block_1_109' title="bbox 2247 4666 3826 4743">
    <p class='ocr_par' dir='ltr' id='par_1_109' title="bbox 2247 4666 3826 4743">
     <span class='ocr_line' id='line_1_109' title="bbox 2247 4666 3826 4743; baseline -0.005 -17"><span class='ocrx_word' id='word_1_830' title='bbox 2247 4673 2464 4728; x_wconf 86' lang='lat' dir='ltr'><strong>hentem</strong></span> <span class='ocrx_word' id='word_1_831' title='bbox 2506 4673 2768 4743; x_wconf 83' lang='lat' dir='ltr'><strong>speciem,</strong></span> <span class='ocrx_word' id='word_1_832' title='bbox 2810 4686 2989 4742; x_wconf 88' lang='lat' dir='ltr'><strong>neque</strong></span> <span class='ocrx_word' id='word_1_833' title='bbox 3018 4671 3271 4726; x_wconf 88' lang='lat' dir='ltr'><strong>decorem</strong></span> <span class='ocrx_word' id='word_1_834' title='bbox 3300 4687 3313 4723; x_wconf 87' lang='lat'><strong>:</strong></span> <span class='ocrx_word' id='word_1_835' title='bbox 3342 4667 3437 4724; x_wconf 91' lang='lat' dir='ltr'><strong>sed</strong></span> <span class='ocrx_word' id='word_1_836' title='bbox 3467 4668 3622 4737; x_wconf 85' lang='lat' dir='ltr'><strong>quasi</strong></span> <span class='ocrx_word' id='word_1_837' title='bbox 3653 4666 3826 4734; x_wconf 85' lang='lat' dir='ltr'><strong>despe-</strong></span> 
     </span>
    </p>
   </div>
   <div class='ocr_carea' id='block_1_110' title="bbox 2250 4761 3822 4834">
    <p class='ocr_par' dir='ltr' id='par_1_110' title="bbox 2250 4761 3822 4834">
     <span class='ocr_line' id='line_1_110' title="bbox 2250 4761 3822 4834; baseline -0.008 -12"><span class='ocrx_word' id='word_1_838' title='bbox 2250 4776 2417 4832; x_wconf 91' lang='lat' dir='ltr'><strong>ctum,</strong></span> <span class='ocrx_word' id='word_1_839' title='bbox 2451 4775 2505 4820; x_wconf 88' lang='lat' dir='ltr'><strong>et</strong></span> <span class='ocrx_word' id='word_1_840' title='bbox 2536 4764 2898 4831; x_wconf 88' lang='lat' dir='ltr'><strong>humiliatum,</strong></span> <span class='ocrx_word' id='word_1_841' title='bbox 2944 4774 3000 4819; x_wconf 89' lang='lat' dir='ltr'><strong>et</strong></span> <span class='ocrx_word' id='word_1_842' title='bbox 3042 4778 3386 4834; x_wconf 85' lang='lat' dir='ltr'><strong>percussum,</strong></span> <span class='ocrx_word' id='word_1_843' title='bbox 3427 4769 3483 4817; x_wconf 90' lang='lat' dir='ltr'><strong>et</strong></span> <span class='ocrx_word' id='word_1_844' title='bbox 3513 4761 3822 4833; x_wconf 78' lang='lat' dir='ltr'><strong>flagellatum</strong></span> 
     </span>
    </p>
   </div>
   <div class='ocr_carea' id='block_1_111' title="bbox 2250 4850 3824 4931">
    <p class='ocr_par' dir='ltr' id='par_1_111' title="bbox 2250 4850 3824 4931">
     <span class='ocr_line' id='line_1_111' title="bbox 2250 4850 3824 4931; baseline -0.007 -20"><span class='ocrx_word' id='word_1_845' title='bbox 2250 4873 2277 4911; x_wconf 90' lang='lat' dir='ltr'><strong>a</strong></span> <span class='ocrx_word' id='word_1_846' title='bbox 2309 4858 2418 4912; x_wconf 88' lang='lat' dir='ltr'><strong>Deo</strong></span> <span class='ocrx_word' id='word_1_847' title='bbox 2447 4856 2596 4931; x_wconf 92' lang='lat' dir='ltr'><strong>(Isa.</strong></span> <span class='ocrx_word' id='word_1_848' title='bbox 2624 4857 2751 4926; x_wconf 71' lang='lat' dir='ltr'><strong>tu)?</strong></span> <span class='ocrx_word' id='word_1_849' title='bbox 2783 4855 3056 4924; x_wconf 83' lang='lat' dir='ltr'><strong>Propheta</strong></span> <span class='ocrx_word' id='word_1_850' title='bbox 3086 4855 3252 4915; x_wconf 86' lang='lat' dir='ltr'><strong>Isaias</strong></span> <span class='ocrx_word' id='word_1_851' title='bbox 3279 4869 3344 4910; x_wconf 75' lang='lat' dir='ltr'><strong>ex</strong></span> <span class='ocrx_word' id='word_1_852' title='bbox 3370 4867 3603 4928; x_wconf 88' lang='lat' dir='ltr'><strong>persona</strong></span> <span class='ocrx_word' id='word_1_853' title='bbox 3628 4850 3824 4908; x_wconf 66' lang='lat' dir='ltr'><strong>Judae-</strong></span> 
     </span>
    </p>
   </div>
   <div class='ocr_carea' id='block_1_112' title="bbox 2254 4939 3823 5022">
    <p class='ocr_par' dir='ltr' id='par_1_112' title="bbox 2254 4939 3823 5022">
     <span class='ocr_line' id='line_1_112' title="bbox 2254 4939 3823 5022; baseline -0.008 -14"><span class='ocrx_word' id='word_1_854' title='bbox 2254 4967 2372 5008; x_wconf 87' lang='lat' dir='ltr'><strong>rum</strong></span> <span class='ocrx_word' id='word_1_855' title='bbox 2403 4951 2532 5006; x_wconf 85' lang='lat' dir='ltr'><strong>dicit</strong></span> <span class='ocrx_word' id='word_1_856' title='bbox 2566 4950 2693 5015; x_wconf 89' lang='lat' dir='ltr'><strong>hoc,</strong></span> <span class='ocrx_word' id='word_1_857' title='bbox 2725 4950 2854 5022; x_wconf 88' lang='lat' dir='ltr'><strong>quia</strong></span> <span class='ocrx_word' id='word_1_858' title='bbox 2894 4949 2968 5004; x_wconf 92' lang='lat' dir='ltr'><strong>illi</strong></span> <span class='ocrx_word' id='word_1_859' title='bbox 3017 4949 3411 5004; x_wconf 87' lang='lat' dir='ltr'><strong>humanitatem</strong></span> <span class='ocrx_word' id='word_1_860' title='bbox 3443 4946 3645 5008; x_wconf 87' lang='lat' dir='ltr'><strong>carnis,</strong></span> <span class='ocrx_word' id='word_1_861' title='bbox 3687 4939 3823 5014; x_wconf 81' lang='lat' dir='ltr'><strong>quasi</strong></span> 
     </span>
    </p>
   </div>
   <div class='ocr_carea' id='block_1_113' title="bbox 2251 5034 3820 5117">
    <p class='ocr_par' dir='ltr' id='par_1_113' title="bbox 2251 5034 3820 5117">
     <span class='ocr_line' id='line_1_113' title="bbox 2251 5034 3820 5117; baseline -0.01 -17"><span class='ocrx_word' id='word_1_862' title='bbox 2251 5059 2441 5117; x_wconf 89' lang='lat' dir='ltr'><strong>purum</strong></span> <span class='ocrx_word' id='word_1_863' title='bbox 2466 5042 2742 5098; x_wconf 84' lang='lat' dir='ltr'><strong>hominem</strong></span> <span class='ocrx_word' id='word_1_864' title='bbox 2768 5057 2891 5098; x_wconf 90' lang='lat' dir='ltr'><strong>esse</strong></span> <span class='ocrx_word' id='word_1_865' title='bbox 2919 5040 3289 5097; x_wconf 87' lang='lat' dir='ltr'><strong>crediderunt.</strong></span> <span class='ocrx_word' id='word_1_866' title='bbox 3323 5038 3428 5094; x_wconf 90' lang='lat' dir='ltr'><strong>Sed</strong></span> <span class='ocrx_word' id='word_1_867' title='bbox 3462 5037 3546 5093; x_wconf 90' lang='lat' dir='ltr'><strong>hic</strong></span> <span class='ocrx_word' id='word_1_868' title='bbox 3577 5034 3820 5110; x_wconf 86' lang='lat' dir='ltr'><strong>propheta</strong></span> 
     </span>
    </p>
   </div>
   <div class='ocr_carea' id='block_1_114' title="bbox 2247 5127 3819 5206">
    <p class='ocr_par' dir='ltr' id='par_1_114' title="bbox 2247 5127 3819 5206">
     <span class='ocr_line' id='line_1_114' title="bbox 2247 5127 3819 5206; baseline -0.01 -12"><span class='ocrx_word' id='word_1_869' title='bbox 2247 5137 2542 5194; x_wconf 82' lang='lat' dir='ltr'><strong>secundum</strong></span> <span class='ocrx_word' id='word_1_870' title='bbox 2569 5135 2912 5192; x_wconf 85' lang='lat' dir='ltr'><strong>divinitatem</strong></span> <span class='ocrx_word' id='word_1_871' title='bbox 2938 5134 3204 5206; x_wconf 89' lang='lat' dir='ltr'><strong>loquitur.</strong></span> <span class='ocrx_word' id='word_1_872' title='bbox 3232 5131 3366 5188; x_wconf 89' lang='lat' dir='ltr'><strong>ltem</strong></span> <span class='ocrx_word' id='word_1_873' title='bbox 3389 5130 3554 5186; x_wconf 83' lang='lat' dir='ltr'><strong>ISaias</strong></span> <span class='ocrx_word' id='word_1_874' title='bbox 3581 5127 3819 5199; x_wconf 84' lang='lat' dir='ltr'><strong>propheta</strong></span> 
     </span>
    </p>
   </div>
   <div class='ocr_carea' id='block_1_115' title="bbox 2249 5218 3822 5302">
    <p class='ocr_par' dir='ltr' id='par_1_115' title="bbox 2249 5218 3822 5302">
     <span class='ocr_line' id='line_1_115' title="bbox 2249 5218 3822 5302; baseline -0.013 -15"><span class='ocrx_word' id='word_1_875' title='bbox 2249 5229 2568 5302; x_wconf 69' lang='lat' dir='ltr'><strong>prmsciebat</strong></span> <span class='ocrx_word' id='word_1_876' title='bbox 2608 5243 2705 5300; x_wconf 88' lang='lat' dir='ltr'><strong>per</strong></span> <span class='ocrx_word' id='word_1_877' title='bbox 2745 5225 3008 5300; x_wconf 90' lang='lat' dir='ltr'><strong>Spiritum</strong></span> <span class='ocrx_word' id='word_1_878' title='bbox 3053 5235 3298 5280; x_wconf 87' lang='lat' dir='ltr'><strong>sanctum</strong></span> <span class='ocrx_word' id='word_1_879' title='bbox 3345 5221 3491 5276; x_wconf 89' lang='lat' dir='ltr'><strong>illam</strong></span> <span class='ocrx_word' id='word_1_880' title='bbox 3527 5218 3822 5275; x_wconf 86' lang='lat' dir='ltr'><strong>humanita-</strong></span> 
     </span>
    </p>
   </div>
   <div class='ocr_carea' id='block_1_116' title="bbox 2251 5312 3825 5391">
    <p class='ocr_par' dir='ltr' id='par_1_116' title="bbox 2251 5312 3825 5391">
     <span class='ocr_line' id='line_1_116' title="bbox 2251 5312 3825 5391; baseline -0.013 -13"><span class='ocrx_word' id='word_1_881' title='bbox 2251 5332 2359 5380; x_wconf 87' lang='lat' dir='ltr'><strong>tem</strong></span> <span class='ocrx_word' id='word_1_882' title='bbox 2390 5338 2420 5378; x_wconf 85' lang='lat' dir='ltr'><strong>a</strong></span> <span class='ocrx_word' id='word_1_883' title='bbox 2461 5322 2593 5378; x_wconf 85' lang='lat' dir='ltr'><strong>foris</strong></span> <span class='ocrx_word' id='word_1_884' title='bbox 2635 5335 2798 5391; x_wconf 84' lang='lat' dir='ltr'><strong>quam</strong></span> <span class='ocrx_word' id='word_1_885' title='bbox 2843 5316 3098 5372; x_wconf 87' lang='lat' dir='ltr'><strong>viderunt</strong></span> <span class='ocrx_word' id='word_1_886' title='bbox 3139 5314 3310 5371; x_wconf 73' lang='grc' dir='ltr'>,ιιιόωί</span> <span class='ocrx_word' id='word_1_887' title='bbox 3344 5312 3476 5368; x_wconf 83' lang='lat' dir='ltr'><strong>:sed</strong></span> <span class='ocrx_word' id='word_1_888' title='bbox 3521 5313 3825 5366; x_wconf 87' lang='lat' dir='ltr'><strong>intrinsecus</strong></span> 
     </span>
    </p>
   </div>
   <div class='ocr_carea' id='block_1_117' title="bbox 2253 5402 3825 5483">
    <p class='ocr_par' dir='ltr' id='par_1_117' title="bbox 2253 5402 3825 5483">
     <span class='ocr_line' id='line_1_117' title="bbox 2253 5402 3825 5483; baseline -0.013 -12"><span class='ocrx_word' id='word_1_889' title='bbox 2253 5413 2592 5471; x_wconf 84' lang='lat' dir='ltr'><strong>divinitatem</strong></span> <span class='ocrx_word' id='word_1_890' title='bbox 2637 5427 2750 5468; x_wconf 87' lang='lat' dir='ltr'><strong>non</strong></span> <span class='ocrx_word' id='word_1_891' title='bbox 2789 5418 3089 5483; x_wconf 87' lang='lat' dir='ltr'><strong>potuerunt</strong></span> <span class='ocrx_word' id='word_1_892' title='bbox 3132 5407 3462 5478; x_wconf 80' lang='lat' dir='ltr'><strong>intelligere.</strong></span> <span class='ocrx_word' id='word_1_893' title='bbox 3518 5402 3722 5471; x_wconf 71' lang='lat' dir='ltr'><strong>Diﬂ&#39;usa</strong></span> <span class='ocrx_word' id='word_1_894' title='bbox 3760 5405 3825 5452; x_wconf 80' lang='lat' dir='ltr'><strong>est</strong></span> 
     </span>
    </p>
   </div>
   <div class='ocr_carea' id='block_1_118' title="bbox 2251 5497 3826 5580">
    <p class='ocr_par' dir='ltr' id='par_1_118' title="bbox 2251 5497 3826 5580">
     <span class='ocr_line' id='line_1_118' title="bbox 2251 5497 3826 5580; baseline -0.011 -18"><span class='ocrx_word' id='word_1_895' title='bbox 2251 5507 2418 5580; x_wconf 89' lang='lat' dir='ltr'><strong>gratia</strong></span> <span class='ocrx_word' id='word_1_896' title='bbox 2442 5507 2496 5560; x_wconf 91' lang='lat' dir='ltr'><strong>in</strong></span> <span class='ocrx_word' id='word_1_897' title='bbox 2527 5505 2674 5560; x_wconf 83' lang='lat' dir='ltr'><strong>labiis</strong></span> <span class='ocrx_word' id='word_1_898' title='bbox 2712 5505 2834 5558; x_wconf 87' lang='lat' dir='ltr'><strong>tuis.</strong></span> <span class='ocrx_word' id='word_1_899' title='bbox 2879 5501 3012 5558; x_wconf 91' lang='lat' dir='ltr'><strong>Cum</strong></span> <span class='ocrx_word' id='word_1_900' title='bbox 3045 5499 3268 5556; x_wconf 86' lang='lat' dir='ltr'><strong>morbos</strong></span> <span class='ocrx_word' id='word_1_901' title='bbox 3295 5497 3467 5554; x_wconf 71' lang='lat' dir='ltr'><strong>verbo</strong></span> <span class='ocrx_word' id='word_1_902' title='bbox 3497 5510 3676 5565; x_wconf 87' lang='lat' dir='ltr'><strong>curas,</strong></span> <span class='ocrx_word' id='word_1_903' title='bbox 3717 5502 3826 5546; x_wconf 84' lang='lat' dir='ltr'><strong>cum</strong></span> 
     </span>
    </p>
   </div>
   <div class='ocr_carea' id='block_1_119' title="bbox 2256 5581 3820 5668">
    <p class='ocr_par' dir='ltr' id='par_1_119' title="bbox 2256 5581 3820 5668">
     <span class='ocr_line' id='line_1_119' title="bbox 2256 5581 3820 5668; baseline -0.012 -14"><span class='ocrx_word' id='word_1_904' title='bbox 2256 5613 2405 5654; x_wconf 88' lang='lat' dir='ltr'><strong>mare</strong></span> <span class='ocrx_word' id='word_1_905' title='bbox 2435 5598 2718 5668; x_wconf 87' lang='lat' dir='ltr'><strong>quiescere</strong></span> <span class='ocrx_word' id='word_1_906' title='bbox 2759 5593 2914 5663; x_wconf 84' lang='lat' dir='ltr'><strong>facis,</strong></span> <span class='ocrx_word' id='word_1_907' title='bbox 2954 5607 3078 5649; x_wconf 92' lang='lat' dir='ltr'><strong>cum</strong></span> <span class='ocrx_word' id='word_1_908' title='bbox 3114 5591 3392 5647; x_wconf 91' lang='lat' dir='ltr'><strong>silentium</strong></span> <span class='ocrx_word' id='word_1_909' title='bbox 3417 5588 3591 5644; x_wconf 84' lang='lat' dir='ltr'><strong>ventis</strong></span> <span class='ocrx_word' id='word_1_910' title='bbox 3623 5581 3820 5644; x_wconf 88' lang='lat' dir='ltr'><strong>indicis,</strong></span> 
     </span>
    </p>
   </div>
   <div class='ocr_carea' id='block_1_120' title="bbox 2254 5681 3824 5756">
    <p class='ocr_par' dir='ltr' id='par_1_120' title="bbox 2254 5681 3824 5756">
     <span class='ocr_line' id='line_1_120' title="bbox 2254 5681 3824 5756; baseline -0.006 -10"><span class='ocrx_word' id='word_1_911' title='bbox 2254 5706 2374 5746; x_wconf 91' lang='lat' dir='ltr'><strong>cum</strong></span> <span class='ocrx_word' id='word_1_912' title='bbox 2424 5687 2632 5745; x_wconf 90' lang='lat' dir='ltr'><strong>febrem</strong></span> <span class='ocrx_word' id='word_1_913' title='bbox 2680 5685 2962 5742; x_wconf 87' lang='lat' dir='ltr'><strong>discedere</strong></span> <span class='ocrx_word' id='word_1_914' title='bbox 2988 5684 3170 5756; x_wconf 82' lang='lat' dir='ltr'><strong>jubcs,</strong></span> <span class='ocrx_word' id='word_1_915' title='bbox 3202 5698 3325 5740; x_wconf 89' lang='lat' dir='ltr'><strong>cum</strong></span> <span class='ocrx_word' id='word_1_916' title='bbox 3368 5681 3626 5740; x_wconf 80' lang='lat' dir='ltr'><strong>Lazarum</strong></span> <span class='ocrx_word' id='word_1_917' title='bbox 3657 5685 3824 5736; x_wconf 63' lang='lat' dir='ltr'><strong>vocas:</strong></span> 
     </span>
    </p>
   </div>
   <div class='ocr_carea' id='block_1_121' title="bbox 2261 5765 3824 5850">
    <p class='ocr_par' dir='ltr' id='par_1_121' title="bbox 2261 5765 3824 5850">
     <span class='ocr_line' id='line_1_121' title="bbox 2261 5765 3824 5850; baseline -0.014 -10"><span class='ocrx_word' id='word_1_918' title='bbox 2261 5791 2313 5840; x_wconf 85' lang='lat' dir='ltr'><strong>et</strong></span> <span class='ocrx_word' id='word_1_919' title='bbox 2335 5779 2482 5838; x_wconf 80' lang='lat' dir='ltr'><strong>venit</strong></span> <span class='ocrx_word' id='word_1_920' title='bbox 2507 5797 2518 5836; x_wconf 88' lang='lat'><strong>:</strong></span> <span class='ocrx_word' id='word_1_921' title='bbox 2544 5778 2761 5840; x_wconf 80' lang='lat' dir='ltr'><strong>Patrem</strong></span> <span class='ocrx_word' id='word_1_922' title='bbox 2784 5776 3122 5850; x_wconf 80' lang='lat' dir='ltr'><strong>interpellas,</strong></span> <span class='ocrx_word' id='word_1_923' title='bbox 3155 5784 3210 5836; x_wconf 84' lang='lat' dir='ltr'><strong>et</strong></span> <span class='ocrx_word' id='word_1_924' title='bbox 3237 5773 3412 5844; x_wconf 83' lang='lat' dir='ltr'><strong>audit,</strong></span> <span class='ocrx_word' id='word_1_925' title='bbox 3443 5779 3497 5830; x_wconf 85' lang='lat' dir='ltr'><strong>et</strong></span> <span class='ocrx_word' id='word_1_926' title='bbox 3526 5785 3634 5832; x_wconf 83' lang='lat' dir='ltr'><strong>non</strong></span> <span class='ocrx_word' id='word_1_927' title='bbox 3661 5765 3824 5827; x_wconf 80' lang='lat' dir='ltr'><strong>solum</strong></span> 
     </span>
    </p>
   </div>
  </div>
