4010 6306
522 256 635 316 939

1293 256 1666 316 ’ΛΡΡΕΝΒΙΧ
1707 255 1800 314 AD
1837 256 2085 316 TOMUM
2125 253 2481 316 SEPTIMUM
2521 257 2581 315 S.
2627 257 3032 318 IIIERONYMI.

3727 259 3818 316 980

592 375 768 432 Astitit
796 374 976 450 regina
996 392 1029 431 a
1049 374 1244 430 dextris
1269 376 1396 430 tuis.
1418 375 1554 444 Quia
1579 373 1714 430 nihil
1746 372 1799 429 in
1830 388 2000 444 regno
2020 381 2116 430 tuo
2141 375 2198 436 Α
2220 373 2384 429 modo
2404 388 2580 445 spem,
2612 373 2770 431 ﬁdem
2799 384 2855 431 et
2881 374 3203 431 charitatem
3237 393 3249 429 :
3281 373 3380 446 ipsi
3405 372 3743 432 obtulerunt
3768 374 3828 430 ad

524 469 834 524 sinistrum.
867 467 933 522 In
961 468 1147 523 vestitu
1177 468 1450 522 deaurato.
1483 465 1792 537 Spiritualis
1818 465 2118 522 credulita-

2229 465 2378 522 intus
2420 483 2434 520 :
2477 466 2582 522 hoc
2606 468 2773 523 estin
2802 468 3142 524 conscientia
3171 467 3455 524 Ecclesiae.
3495 467 3574 522 In
3625 469 3832 538 ﬁmbriis

527 561 600 616 tis
625 569 969 617 ornamento.
1001 557 1334 614 Circumdata
1359 559 1622 614 varietate.
1650 557 1906 615 Gentium
1933 572 1998 613 ac
2025 571 2124 628 po-
2223 561 2397 615 aureis
2417 562 2806 617 circumamicta
2835 564 3100 618 varietate.
3133 561 3250 618 Non
3281 563 3458 619 solum
3494 564 3716 632 littera,
3747 562 3830 621 sed

527 655 802 725 pulorutu.
834 653 938 724 Ipsi
963 669 1105 708 nunc
1129 652 1395 710 Ecclesia:
1435 655 1699 725 pr0pheta
1724 654 1982 723 loquitur.
2017 653 2123 708 Re-
2226 657 2392 712 etiam
2424 670 2589 711 sensu
2619 657 2918 726 spirituali,
2970 656 3049 712 illi
3095 657 3185 725 qui
3219 657 3442 724 intrant,
3490 657 3833 725 obtulerunt,

528 749 675 819 gina,
696 747 943 802 Ecclesia
962 754 1067 802 est.
1099 746 1254 802 Unde
1278 745 1414 802 dicit
1433 747 1484 802 in
1506 746 1733 804 Cantico
1760 747 2123 802 canticorum:

529 839 665 906 Quae
707 847 792 895 est
842 838 943 894 ista
995 854 1116 910 qua:
1164 838 1413 895 ascendit
1443 839 1716 904 dealbata,
1750 839 1934 894 innixa
1964 853 2128 910 super

527 930 846 988 l'ratruelem
873 933 1068 987 suum?
1099 932 1303 1003 Regina
1333 931 1524 986 dicitur
1553 947 1573 987 :
1599 931 1726 1003 quia
1758 932 1896 1003 regit
1919 946 2015 987 sua
2044 933 2128 986 vi-

529 1026 605 1082 tia
625 1035 681 1082 et
703 1034 943 1096 peccata.
969 1024 1014 1080 A
1043 1025 1237 1081 dextris
1264 1025 1388 1080 tuis.
1417 1024 1491 1081 Ut
1534 1024 1668 1080 illud
1699 1042 1713 1079 :
1741 1025 1959 1080 Statuet
2004 1025 2129 1096 qui-

533 1121 660 1177 dem
693 1135 825 1177 oves
854 1134 884 1174 a
908 1119 1116 1176 dextris
1145 1119 1284 1186 suis,
1311 1116 1531 1191 quando
1568 1117 1812 1174 dicturus
1841 1118 1949 1173 erit
1975 1135 1988 1173 :
2021 1116 2132 1172 Ve-

533 1218 672 1283 nite,
702 1214 979 1272 benedicti
1020 1213 1200 1270 Patris
1249 1214 1380 1278 mei,
1429 1211 1689 1284 percipite
1718 1227 1943 1283 regnum
1985 1210 2132 1282 quod

534 1323 636 1380 pro
660 1308 812 1364 vobis
836 1315 1081 1378 paratum
1104 1315 1188 1364 est
1208 1307 1275 1362 ab
1297 1306 1509 1378 origine
1532 1306 1715 1360 mundi
1739 1303 1959 1374 (Matth.
1984 1300 2132 1375 xxv).

535 1398 602 1455 In
626 1401 808 1454 vestitu
840 1416 860 1455 :
889 1399 947 1455 id
973 1410 1078 1469 est,
1114 1414 1221 1456 non
1246 1399 1410 1466 nuda,
1443 1398 1541 1455 sed
1565 1397 1766 1454 vestita
1791 1411 1957 1455 sensu
1978 1397 2137 1468 spiri-

536 1492 690 1548 tuali.
717 1490 1114 1547 Circumamicta
1144 1493 1410 1547 varietate.
1447 1491 1524 1548 De
1555 1491 1894 1562 septuaginta
1919 1501 1971 1548 et
2001 1489 2136 1546 dua-

540 1585 643 1642 bus
665 1586 868 1658 linguls
893 1604 906 1640 :
929 1585 983 1642 id
1004 1594 1109 1655 est,
1142 1585 1210 1642 de
1229 1584 1549 1642 diversitate
1571 1585 1808 1658 gentium
1832 1584 1918 1641 vel
1939 1584 2140 1656 gratia-

541 1693 669 1735 rum
694 1679 933 1734 actione.

2227 748 2313 803 vel
2343 748 2610 804 varietate
2639 749 2902 804 virtutum
2931 749 3124 820 repleti
3149 758 3297 804 sunt.

2301 839 2634 894 Adducenlur
2659 841 2768 910 regi
2795 840 3024 912 virgines
3076 849 3193 909 post
3237 857 3372 909 eam,
3412 842 3690 913 proxima:
3715 842 3836 912 ejus.

2231 933 2336 989 Per
2356 949 2515 989 unam
2549 933 2879 1001 Ecclesiam,
2923 937 3217 1006 apostolica
3258 937 3624 992 institutione
3659 937 3843 993 luuda-

2231 1034 2365 1093 tam,
2393 1026 2547 1080 multi
2577 1036 2975 1083 convertuntur
3001 1028 3068 1084 ad
3087 1027 3391 1085 Christum.
3416 1030 3735 1098 A/ferentur
3761 1033 3844 1086 tibi

2233 1119 2289 1173 in
2319 1119 2500 1174 laetitia
2529 1129 2576 1173 et
2597 1121 2959 1177 exsultatione.
2995 1119 3112 1176 Non
3138 1121 3190 1176 in
3218 1121 3447 1176 tristitia
3481 1124 3728 1192 peccati,
3760 1138 3847 1180 tte-

2233 1226 2340 1282 que
2380 1210 2434 1266 in
2463 1211 2720 1284 lacrymis
2751 1213 3086 1282 pmnitentiae
3117 1232 3128 1268 :
3159 1213 3251 1269 sed
3279 1213 3332 1269 in
3364 1214 3566 1270 laetitia
3593 1216 3846 1270 virtutum

2235 1312 2292 1361 et
2335 1305 2705 1360 exsultatione
2746 1306 3065 1378 gratiarum.
3117 1307 3456 1362 Adducentur
3489 1309 3551 1361 in
3601 1307 3846 1377 templum

2236 1401 2390 1470 regis.
2421 1399 2572 1455 Vidit
2606 1399 2756 1455 enim
2792 1400 3032 1458 Joannes
3059 1401 3369 1458 Jerusalem
3400 1403 3702 1458 civitatem
3733 1417 3848 1458 san.

2238 1502 2384 1548 ctam
2439 1491 2867 1551 descendentem
2917 1493 2984 1551 de
3009 1496 3179 1562 caelo,
3215 1495 3512 1551 habentem
3547 1495 3846 1551 claritatem

2240 1584 2337 1640 Dei
2373 1603 2386 1640 :
2419 1586 2516 1642 sed
2547 1587 2804 1658 templum
2831 1589 2884 1642 in
2915 1603 2977 1644 ea
3011 1604 3120 1644 non
3155 1589 3292 1644 vidit
3320 1589 3514 1662 (Apoc.
3553 1589 3676 1661 xxi)
3709 1608 3721 1644 :
3755 1590 3849 1645 Do-

2241 1678 2443 1746 minus,
2470 1678 2664 1749 inquit,
2693 1689 2780 1734 est
2810 1679 3074 1751 templum
3099 1680 3240 1751 ejus.
3273 1681 3618 1737 lnducentur
3648 1697 3780 1752 ergo
3803 1683 3849 1737 in

611 1774 772 1844 Audi,
805 1775 942 1845 ﬁlia,
969 1785 1016 1831 et
1040 1776 1172 1832 vide.
1202 1773 1380 1832 Crede
1404 1785 1461 1832 ut
1482 1775 1788 1833 munderis,
1822 1774 1981 1844 Filia,
2014 1775 2137 1846 quia
2168 1773 2215 1834 Β
2242 1771 2349 1827 hoc
2373 1771 2634 1843 templum
2660 1772 2908 1844 virgines
2937 1774 3056 1830 istm
3081 1793 3093 1828 :
3133 1775 3236 1831 hoc
3265 1787 3372 1844 CSI,
3401 1777 3614 1832 animm
3643 1787 3851 1833 sancto-

547 1869 616 1926 ab
638 1884 706 1926 eo
733 1880 944 1926 renata.
972 1871 1204 1942 Sponsa,
1238 1872 1364 1941 quia
1394 1870 1494 1941 ipsi
1521 1884 1581 1926 es
1607 1869 1830 1926 sociata.
1859 1868 1955 1925 Vel
1984 1867 2144 1924 Chri-

544 1978 662 2021 stus
709 1975 871 2023 vocat
903 1967 1198 2024 Ecclesiam
1227 1981 1380 2022 suam
1411 1982 1512 2038 per
1541 1965 1701 2022 ﬁdem
1734 1966 1922 2022 ﬁliam.
1953 1964 2144 2020 Filiam

542 2059 677 2116 dicit
709 2079 723 2117 :
751 2070 810 2116 ut
839 2069 989 2116 casta
1034 2060 1107 2115 sit
1135 2069 1318 2116 mente
1348 2069 1403 2116 et
1424 2074 1679 2130 corpore.
1725 2057 1796 2113 Et
1823 2058 2018 2114 inclina
2047 2073 2146 2109 au.

546 2173 654 2212 rem
680 2165 842 2216 tuam.
878 2155 1170 2210 llumililer
1201 2169 1266 2210 ac
1293 2153 1570 2224 sapienter
1605 2152 1846 2208 ausculta
1875 2151 1959 2207 vel
1986 2149 2148 2206 desi-

543 2249 699 2305 dera.
725 2248 794 2304 Et
819 2249 968 2315 audi,
997 2263 1132 2303 aure
1161 2248 1372 2315 cordis,
1405 2257 1468 2302 ut
1491 2245 1646 2312 illud,
1671 2245 1775 2314 Qui
1799 2243 1962 2298 habet
1989 2256 2148 2298 aures

543 2339 822 2409 audiendi,
849 2339 1033 2395 audiat
1063 2339 1219 2412 (Luc.
1256 2339 1398 2410 vui).
1427 2337 1493 2394 Et
1521 2339 1638 2395 vide
1659 2355 1679 2394 :
1708 2338 1815 2394 hoc
1840 2344 1941 2404 est,
1973 2335 2146 2391 oculis

544 2431 766 2499 cordis,
829 2431 973 2487 unde
1030 2431 1176 2488 Deus
1229 2430 1466 2496 videtur,
1501 2439 1559 2485 ut
1587 2431 1710 2485 ait:
1763 2429 1913 2486 Beati
1946 2427 2148 2484 mundo

545 2525 738 2592 corde,
769 2525 1026 2596 quoniam
1060 2525 1164 2596 ipsi
1217 2526 1386 2582 Deum
1433 2525 1696 2582 videbunt
1723 2525 1917 2596 (Marc.
1947 2532 2027 2592 v).
2081 2523 2150 2578 Et

546 2617 846 2674 obliviscere
872 2619 1123 2691 populum
1159 2628 1329 2685 tuum,
1362 2628 1471 2674 etc.
1515 2617 1802 2674 Consortia
1848 2617 2149 2674 daemonio-

543 2727 690 2780 rum,
721 2711 808 2767 vel
839 2711 991 2776 vitia,
1027 2723 1080 2768 et
1110 2720 1352 2783 peccata,
1379 2720 1435 2767 et
1462 2711 1892 2780 domumpatris
1922 2711 2000 2766 tui
2029 2709 2148 2766 dia-

545 2802 682 2873 boli,
724 2805 813 2875 qui
846 2813 899 2860 te
942 2805 1091 2876 prius
1117 2813 1381 2876 genuerat
1413 2822 1427 2859 :
1457 2804 1584 2876 quia
1637 2812 1782 2861 totus
1831 2803 2062 2860 mundus
2096 2806 2147 2858 in

547 2900 788 2971 maligno
808 2899 1023 2971 positus
1044 2909 1160 2957 erat
1182 2899 1228 2971 (l
1259 2899 1420 2955 Joan.
1450 2898 1510 2971 v)
1537 2915 1550 2953 :
1579 2897 1725 2968 ideo,
1749 2899 1946 2954 inclina
1972 2913 2150 2954 aurem

551 3002 716 3049 istam.

625 3088 886 3157 Quoniam
935 3089 1229 3162 concupivit
1257 3105 1350 3145 rea:
1398 3090 1635 3145 decorem
1682 3097 1850 3143 tuum.
1900 3086 2150 3143 Christus

2250 1879 2372 1920 rum
2399 1882 2412 1918 :
2443 1872 2502 1919 ut
2529 1864 2846 1921 conlormes
2867 1865 3176 1923 efﬁciantur
3205 1869 3424 1940 corpori
3452 1869 3662 1941 gloriae
3685 1871 3820 1940 ejus.

2321 1955 2430 2011 Pro
2485 1957 2719 2030 patribus
2771 1960 2872 2013 tuis
2901 1961 3011 2014 uati
3039 1971 3159 2016 sunt
3214 1961 3304 2017 tibi
3333 1962 3454 2032 ﬁlii.
3505 1963 3776 2029 Fuerunt,
3821 1978 3849 2019 ο

2250 2050 2522 2115 Ecclesia,
2577 2052 2811 2122 apostoli
2860 2062 3041 2124 patres
3095 2056 3170 2110 tui
3205 2073 3219 2110 :
3266 2057 3394 2127 quia
3424 2057 3531 2128 ipsi
3569 2068 3625 2115 te
3655 2073 3850 2130 genue-

2248 2153 2396 2200 runt.
2429 2143 2580 2201 Nuuc
2625 2156 2808 2202 autem
2857 2148 2983 2218 quia
3032 2149 3111 2205 illi
3157 2162 3504 2208 recesserunt
3550 2169 3584 2209 a
3635 2155 3846 2221 mundo,

2252 2237 2424 2291 habes
2451 2251 2550 2308 pro
2589 2237 2678 2293 his
2706 2239 2993 2308 episcopos
3035 2240 3201 2308 ﬁlios,
3234 2244 3378 2314 quia
3409 2254 3463 2300 te
3484 2246 3668 2302 creati
3716 2255 3848 2302 sunt.

2253 2329 2396 2385 Sunt
2424 2331 2570 2386 enim
2595 2341 2650 2387 et
2678 2331 2730 2385 hi
2761 2343 2944 2403 patres
2987 2332 3066 2388 tui
3096 2353 3107 2387 :
3143 2335 3270 2406 quia
3317 2335 3387 2392 ab
3433 2337 3584 2408 ipsis
3635 2339 3856 2408 regeris.

2252 2424 2544 2483 Constitues
2574 2445 2657 2483 eos
2677 2429 2936 2500 principes
2963 2447 3120 2499 super
3148 2448 3346 2486 omnem
3378 2442 3602 2490 terram.
3649 2434 3850 2490 Consti-

2255 2519 2356 2573 tuit
2384 2517 2635 2575 Christus
2664 2529 2884 2576 sanctos
2914 2537 3045 2599 suos
3073 2536 3241 2594 super
3281 2539 3471 2581 omnes
3513 2526 3772 2598 populos.
3799 2525 3848 2580 lu

2251 2613 2476 2669 nomine
2504 2613 2650 2668 enim
2680 2613 2774 2669 Dei
2813 2614 3098 2671 dilatatum
3127 2624 3212 2672 est
3238 2616 3614 2688 Evangelium
3659 2621 3710 2673 in
3741 2633 3854 2673 om-

2251 2703 2417 2760 nibus
2447 2704 2648 2761 ﬁnibus
2678 2705 2862 2762 mundi
2895 2723 2910 2762 :
2960 2708 3013 2762 in
3046 2707 3241 2779 quibus
3267 2709 3547 2781 principes
3575 2710 3847 2777 Ecclesiae,

2252 2795 2305 2851 id
2335 2806 2438 2861 est,
2467 2798 2733 2868 episcopi,
2767 2799 3047 2854 constituti
3076 2809 3228 2857 sunt.

2327 2889 2583 2946 Mensores
2611 2901 2761 2946 erunt
2790 2893 3011 2949 nominis
3040 2894 3115 2948 tui
3133 2934 3148 2960 ,
3190 2894 3242 2948 in
3271 2896 3413 2948 omni
3450 2895 3783 2968 generatione
3808 2902 3849 2947 et

2252 2983 2603 3052 generatione.
2651 2982 2776 3039 ldeo
2819 3000 3092 3041 memores
3137 2995 3300 3041 erunt
3336 3004 3350 3041 :
3390 2989 3519 3058 quia
3570 3001 3848 3056 numquam

2252 3075 2671 3144 obliviscuntur,
2698 3078 2794 3132 sed
2823 3092 3050 3150 semper
3081 3089 3130 3134 te
3160 3078 3562 3150 praedicabunt,
3588 3082 3707 3138 sive
3730 3079 3849 3136 ardi-

549 3184 710 3242 Jesus
740 3201 770 3240 a
797 3199 903 3258 quo
926 3185 1312 3257 regeris,'quia
1335 3185 1491 3258 nigra
1516 3200 1644 3240 eras
1673 3184 1725 3239 in
1752 3183 1916 3239 domo
1935 3182 2105 3253 patris
2132 3197 2143 3235 :

2260 3167 2498 3224 ﬁcabunt
2527 3169 2579 3224 in
2609 3171 3058 3241 generationibus
3088 3182 3431 3228 sanctorum.

548 3292 695 3335 nunc
722 3288 904 3333 autem
954 3277 1255 3333 abscondis
1311 3288 1431 3346 post
1481 3275 1830 3347 baptismum,
1879 3273 1968 3329 vel
1999 3272 2148 3328 vitiis

547 3370 757 3437 abluta,
794 3370 878 3425 vel
919 3368 1089 3440 gratia
1122 3368 1247 3424 ﬁdei
1278 3367 1532 3424 candida.
1569 3367 1705 3435 Quia
1734 3368 1843 3435 ipse
1870 3373 1944 3420 est
1971 3363 2150 3418 Domio

549 3481 670 3520 nus.
699 3463 741 3519 Α
774 3477 882 3534 quo
903 3461 1186 3532 redempta
1212 3475 1291 3516 es.
1322 3459 1464 3516 Deus
1492 3468 1632 3514 tuus.
1666 3459 1837 3528 Quem
1868 3472 2032 3523 nunc,
2061 3471 2149 3512 re-

549 3555 691 3612 lictis
729 3552 1059 3617 simulacris,
1101 3552 1314 3607 excolis
1345 3561 1399 3606 et
1438 3550 1652 3606 adoras.
1685 3549 1970 3618 Quomodo
2014 3548 2150 3603 dicit

553 3647 796 3718 speciem
825 3655 881 3700 et
909 3643 1371 3716 pulchritudinem
1404 3653 1546 3699 tuam
1574 3659 1588 3697 :
1615 3658 1739 3699 cum
1763 3657 1869 3698 non
1898 3641 2147 3712 pulchra,

551 3754 655 3796 nec
681 3739 953 3810 speciosa,
985 3751 1148 3808 quam
1188 3745 1344 3792 antea
1387 3735 1572 3804 fetida,
1604 3735 1862 3790 deformis
1891 3742 2008 3790 erat
2045 3734 2150 3789 Ec-

550 3831 754 3887 clesia?
779 3831 887 3888 Sed
919 3840 1105 3904 postea
1131 3827 1361 3902 pulchra
1392 3838 1445 3884 et
1469 3829 1714 3899 speciosa
1749 3843 1844 3899 per
1873 3828 2145 3883 lavacrum

546 3923 807 3992 baptismi
833 3939 848 3978 :
874 3923 998 3994 quia
1023 3923 1201 3992 justus
1229 3936 1326 3991 pro
1354 3921 1534 3990 impiis
1561 3928 1808 3975 mortuus
1828 3928 1932 3987 est,
1965 3919 2017 3974 id
2040 3929 2147 3986 est,

549 4012 805 4069 Christus
829 4032 842 4067 :
875 4014 1147 4069 mundans
1169 4029 1288 4069 eam
1309 4029 1409 4086 per
1436 4013 1708 4070 lavacrum
1737 4013 2016 4084 sanguinis
2037 4013 2145 4078 sui,

549 4116 611 4161 ut
641 4107 717 4162 ait
745 4106 1044 4176 Apostolus
1079 4124 1090 4160 :
1123 4105 1240 4160 Non
1293 4106 1586 4161 habentem
1638 4107 1907 4161 maculam
1938 4114 2030 4160 aut
2061 4120 2151 4159 ru-

548 4198 922 4272 gatn:(Ephes.
955 4201 1032 4270 v).
1062 4197 1130 4252 Et
1154 4199 1448 4254 adorabunt
1473 4216 1590 4254 eum
1617 4201 1745 4270 ﬁlia
1771 4198 1915 4271 Tyri.
1949 4200 2144 4272 Tyrus,

545 4291 962 4361 interpretatur,
1015 4291 1286 4360 angustia.
1320 4289 1478 4346 Filia:
1507 4289 1660 4362 Tyri,
1707 4291 1833 4345 ﬁlia:
1861 4293 2146 4362 angustiaz.

551 4382 659 4453 lpsi
699 4381 928 4437 adorant
955 4379 1274 4447 Christum,
1325 4382 1419 4452 qui
1468 4389 1598 4436 sunt
1646 4381 1698 4435 in
1748 4382 2020 4451 angustia.
2048 4381 2146 4438 Vel

552 4475 748 4531 animae
787 4473 1072 4530 credentes
1115 4489 1182 4529 ex
1219 4474 1496 4545 gentibus.
1525 4471 1595 4528 In
1621 4474 1918 4529 muneribus
1951 4474 2147 4528 vultum

2326 3259 2614 3333 Propterea
2639 3262 2822 3335 papuli
2850 3263 3231 3334 conﬁtebuntur
3275 3265 3369 3318 tibi
3408 3265 3463 3319 in
3506 3275 3777 3328 teternum,
3803 3271 3848 3317 et

2249 3355 2302 3409 in
2334 3357 2585 3410 swculum
2615 3358 2812 3411 seaculi.
2839 3357 2922 3413 0b
2947 3373 3136 3413 eorum
3161 3358 3613 3427 praedicationem
3647 3371 3845 3428 semper

2252 3449 2348 3504 tibi
2379 3448 2577 3505 delicta
2611 3450 2793 3521 populi
2821 3453 3158 3507 conliteutur
3192 3469 3206 3505 :
3242 3460 3387 3506 tuam
3417 3452 3660 3523 gloriam
3705 3464 3846 3506 enar-

2251 3541 2472 3609 rabunt,
2502 3551 2650 3597 tttam
2681 3542 2897 3599 laudem
2925 3543 3351 3601 annuntiabunt.

2790 3654 3110 3712 PSALMUS
3152 3655 3314 3711 XLV.

2253 3735 2319 3792 In
2348 3737 2526 3807 ﬁnem,
2575 3756 2670 3807 pro
2716 3740 2840 3811 ﬁliis
2868 3739 3000 3794 Core
3028 3757 3121 3808 pro
3151 3741 3380 3802 arcanis.
3431 3739 3700 3796 Psalmus.
3747 3737 3839 3791 Pro

2322 3811 2526 3864 arcanis
2554 3827 2572 3865 .'
2601 3811 2652 3865 id
2684 3823 2766 3865 est
2798 3828 2898 3877 pro
2928 3811 3161 3866 occultis
3191 3811 3260 3868 de
3298 3812 3589 3868 vocatione
3619 3811 3838 3880 gentium

2321 3889 2376 3935 et
2404 3881 2472 3936 de
2499 3881 2889 3951 reprobatione
2917 3882 3256 3937 Judacnrum.
3289 3883 3538 3938 Psalmus
3572 3885 3728 3939 docet
3753 3892 3838 3934 nos

2322 3965 2474 4020 spem
2507 3963 2748 4026 nostram
2778 3953 2830 4026 in
2865 3954 3015 4026 illum
3041 3954 3263 4026 “debere
3293 3969 3522 4023 ponere,
3567 3956 3663 4026 qui
3709 3952 3836 4008 solus

2321 4032 2506 4093 potest
2535 4024 2602 4078 de
2635 4025 2988 4080 tribulatione
3018 4024 3273 4079 liberare.

2322 4115 2466 4171 Deus
2507 4127 2681 4171 noster
2704 4118 2966 4192 refugium
2993 4127 3041 4172 et
3069 4118 3233 4172 virtus
3257 4134 3274 4172 :
3301 4117 3513 4190 adjutor
3536 4117 3594 4172 in
3641 4114 3834 4172 tribula-

2251 4209 2475 4265 tionibus
2503 4226 2618 4282 qua:
2659 4211 2960 4265 invenerunt
3005 4225 3097 4264 nos
3133 4209 3308 4264 nimis.
3355 4208 3559 4265 Plenus
3605 4219 3686 4264 est
3709 4206 3831 4263 enim

2252 4300 2489 4356 mundus
2507 4299 2772 4356 aerumnis
2797 4309 2958 4372 atque
2986 4301 3260 4370 pressuris
3285 4317 3300 4357 :
3326 4298 3559 4370 ideoque
3581 4301 3708 4372 quia
3729 4301 3833 4351 sunt

2251 4392 2356 4446 alia
2385 4392 2657 4462 adjutoria
2705 4407 2894 4464 regum
2926 4433 2942 4456 ,
2993 4392 3226 4447 virtutes
3266 4376 3594 4460 potentium,
3653 4386 3828 4458 relugia

2249 4484 2531 4539 civitatum
2569 4503 2581 4538 :
2623 4493 2809 4539 nostra
2842 4483 3073 4539 munitio
3101 4482 3352 4538 Christus
3383 4491 3486 4551 est,
3537 4483 3631 4554 qui
3662 4495 3752 4538 nos
3773 4475 3827 4531 ab

549 4583 695 4628 tuum
734 4571 1148 4645 deprecabuntur
1197 4572 1377 4626 divites
1407 4570 1590 4643 plebis.
1622 4571 1744 4653 Ista:
1792 4569 2150 4625 recondentes
2176 4563 2228 4624 Ι)
2254 4577 2342 4634 his
2371 4586 2627 4648 potenter
2646 4579 2862 4647 eripere
2886 4583 3091 4646 potest.

551 4666 841 4722 thesauros
875 4681 1027 4732 suos,
1056 4666 1125 4721 de
1147 4665 1315 4722 corde
1357 4675 1411 4720 te
1442 4663 1646 4720 mundo
1673 4663 1958 4733 requirunt
1985 4681 1998 4718 :
2025 4664 2149 4732 quia

552 4761 643 4816 ubi
674 4769 800 4814 sunt
823 4759 1070 4815 thesauri
1100 4775 1312 4830 eorum,
1346 4759 1420 4815 ibi
1445 4760 1623 4815 eritet
1641 4775 1738 4816 cor
1752 4773 1944 4815 eorum
1965 4756 2147 4830 (Matt.

547 4851 649 4924 vr).
676 4850 948 4907 Fecerunt
975 4850 1078 4907 hoc
1105 4843 1280 4922 Magi,’
1299 4851 1392 4922 qui
1421 4865 1543 4907 cum
1578 4853 1760 4918 thure,
1812 4859 1866 4904 et
1904 4850 2155 4922 myrrha,

548 4954 604 5001 et
636 4960 767 5000 auro
791 4953 1063 5000 venerunt
1089 4962 1100 4999 :
1123 4945 1248 5014 quia
1270 4959 1376 4999 non
1409 4951 1618 4998 tantum
1637 4942 1844 5011 verbis,
1872 4941 1968 4997 sed
1986 4931 2147 4998 etiam

551 5039 867 5094 muneribus
898 5038 1268 5093 adoraverunt
1299 5037 1603 5091 Clu-istum.

626 5135 804 5188 Omnis
831 5134 999 5207 gloria
1026 5135 1138 5206 ejus
1167 5133 1294 5201 lilia:
1317 5132 1476 5202 regis,
1521 5131 1718 5186 anima)
1748 5130 1949 5198 ﬁdelis,
1981 5131 2044 5185 ab
2065 5132 2145 5185 inc

549 5237 652 5297 tus,
682 5230 736 5283 in
752 5228 974 5298 fimbriis
993 5228 1163 5282 aureis
1185 5227 1574 5282 circumamicla
1592 5227 1952 5282 varietatibus.
1976 5227 2149 5297 Supe-

551 5321 667 5374 rius
711 5318 982 5388 diximus,
1024 5317 1291 5373 varietate
1339 5318 1583 5388 gentium
1617 5336 1632 5373 :
1667 5317 1785 5383 hic,
1833 5317 2128 5388 gratiarum

553 5412 737 5468 Omnis
763 5413 931 5484 gloria
966 5413 1078 5484 ejus
1123 5411 1250 5482 lilia:
1278 5412 1415 5486 regis
1443 5411 1507 5465 ab
1535 5412 1674 5466 intus
1707 5427 1726 5468 :
1749 5411 1802 5466 id
1829 5421 1934 5480 est,
1963 5411 2148 5467 senio-

547 5519 639 5564 res
672 5505 952 5573 Ecclesize,
985 5505 1073 5562 vel
1125 5521 1282 5580 reges
1333 5513 1688 5579 etlpotentes
1738 5523 1750 5561 :
1802 5505 1895 5576 qui
1949 5504 2148 5562 habent

546 5649 956 5723 ambiguitatem,
973 5663 1002 5701 a
1030 5647 1313 5723 gravibus.
1334 5647 1658 5723 interpretati
1679 5655 1820 5710 sunt,
1848 5648 2145 5723 (ζωῇ-βάλοις

545 5715 752 5771 υετὸαήι
789 5719 854 5771 sit
895 5715 1177 5792 ξπιχῶριον
1214 5715 1494 5792 Palestinte
1527 5733 1546 5771 :
1581 5729 1630 5792 et
1659 5734 1823 5792 usque
1845 5715 2005 5792 [todie
2043 5715 2143 5775 tio-

552 5802 666 5839 mus
693 5802 756 5839 ea:
783 5786 919 5838 omni
953 5786 1098 5853 parte
1119 5787 1374 5839 conclusae
1401 5788 1456 5842 in
1486 5788 1699 5841 modum
1725 5787 1996 5856 wdiﬁcatte
2027 5800 2140 5844 tur-

2332 4671 2612 4744 Pr0pterea
2650 4688 2753 4725 non
2801 4670 3140 4726 timebimus:
3170 4669 3308 4737 Quia
3357 4669 3414 4725 in
3449 4669 3571 4738 ipso
3621 4661 3826 4723 creduli-

2254 4771 2419 4818 tatem
2455 4763 2654 4835 [Mart.
2683 4763 2866 4818 vitiose
2912 4761 3325 4834 crudelitatem]
3379 4760 3663 4817 habemus.
3710 4756 3826 4812 Dum

2253 4857 2545 4912 turbabitur
2575 4865 2731 4910 terra.
2765 4855 3061 4912 Generatio
3109 4855 3449 4922 Judmorum,
3498 4855 3593 4924 qui
3641 4859 3824 4909 terrena

2251 4950 2492 5019 sapiunt.
2527 4946 2596 5003 Et
2623 4949 3002 5020 transferentur
3031 4959 3228 5003 montes
3255 4951 3307 5003 in
3329 4965 3417 5003 cor
3445 4949 3627 5004 maris.
3653 4939 3826 5001 Praedi-

2253 5042 2494 5097 cationes
2521 5043 2839 5112 apostolicae
2867 5042 2920 5096 in
2947 5041 3112 5097 corda
3135 5042 3414 5112 gentilium
3448 5041 3608 5108 hujus
3640 5033 3816 5096 mundi.

2254 5135 2394 5191 sicut
2422 5135 2476 5189 in
2503 5133 2800 5205 Evangelio
2824 5151 2839 5188 :
2865 5134 2920 5189 Si
2954 5133 3277 5201 habueritis,
3303 5134 3503 5205 inquit,
3529 5134 3687 5190 ﬁdem
3707 5130 3823 5186 sicut

2254 5243 2482 5298 granum
2502 5228 2727 5297 sinapis,
2754 5226 2952 5282 dicetis
2977 5226 3104 5282 huic
3130 5227 3298 5282 monti
3333 5245 3347 5282 :
3377 5226 3595 5291 Transi,
3614 5235 3668 5281 et
3691 5221 3820 5278 faciet

2256 5321 2446 5395 (Matt.
2495 5319 2660 5394 xvu).
2691 5320 2750 5376 In
2798 5318 2968 5376 corde
3005 5321 3225 5380 maris:
3273 5318 3328 5374 id
3373 5329 3476 5386 est,
3527 5317 3582 5374 in
3630 5308 3818 5390 gentili.

2257 5423 2390 5471 tate.
3257 5427 3260 5432 '

2329 5509 2626 5566 Sonuerunt
2651 5517 2698 5564 et
2727 5506 2945 5563 turbatae
2972 5515 3091 5562 sunt
3117 5520 3264 5580 aqua;
3291 5520 3489 5562 eorum.
3523 5505 3702 5576 Aquae,
3739 5508 3817 5568 po-

2249 5648 2386 5702 rium
2414 5664 2475 5702 ac
2503 5648 2756 5724 amnium
2772 5643 3116 5716 publicorum,
3147 5647 3324 5724 βάρεις
3345 5644 3688 5718 appellentur.
3709 5631 3817 5695 Vide

2251 5728 2306 5774 et
2335 5735 2454 5790 qua:
2479 5734 2581 5775 nos
2603 5717 2678 5775 ibi
2705 5719 3087 5776 observamus.
