4010 6312
1363 280 1715 344 APPENDIX
1754 285 1846 341 AD
1883 285 2128 344 ‘I'OMUM
2167 279 2524 345 SEPTIMUM
2563 287 2621 345 S.
2667 282 3064 347 llIERONYMI.

3755 297 3843 357 εει

575 407 751 479 (Psal.
779 406 931 478 mn)
955 419 970 461 :
997 404 1106 472 jam
1133 403 1274 459 redit
1297 401 1470 457 victor
1486 417 1552 458 ex
1574 402 1796 473 prtuliis.
1823 401 1894 457 Et
1919 401 2173 457 Dominus
2204 405 2252 463 A
2355 403 2642 480 psalmum,
2699 419 2837 480 opus
2859 405 2973 480 Avel
3015 389 3726 480 _pra:di_catio:intelligitur.
3762 410 3842 466 Per

577 500 632 554 in
663 516 782 554 uoce
814 499 966 554 tuine.
1005 499 1058 554 In
1087 513 1190 568 qua
1235 495 1344 552 duo
1374 496 1553 567 angeli
1595 505 1868 565 tamquam
1904 496 2051 563 tuba,
2083 496 2177 552 illo

577 591 936 657 ascendente,
968 587 1232 658 apostolis
1257 587 1635 644 clamaverunt
1669 607 1681 641 :
1719 587 1818 644 Hic
1853 588 2041 654 Jssus,
2083 588 2174 657 qui

573 693 830 754 receptus
873 692 958 738 est
985 697 1015 736 a
1060 681 1236 746 vobis,
1284 683 1364 737 sic
1403 681 1584 737 veniet
1610 680 2068 752 quemadmodum
2101 681 2180 734 vi-

577 775 738 833 distis
766 790 889 831 eum
919 784 1140 830 euntem
1186 774 1242 829 in
1279 774 1480 830 ctelum
1508 773 1646 842 (Act.
1680 780 1745 844 ι).
1779 773 1876 828 Vel
1917 783 2038 844 post
2069 772 2178 826 vic-

575 869 802 935 toriam,
831 881 936 938 qua
968 866 1096 921 vicit
1124 864 1426 931 diabolum,
1455 864 1538 920 sic
1565 865 1832 920 ascendit.
1865 861 2021 920 Unde
2048 862 2180 916 dicit

575 959 632 1014 iu
663 959 774 1013 alio
819 957 1068 1028 psalmo:
1119 956 1320 1013 Tollite
1354 966 1558 1026 portas,
1593 956 1895 1026 principes,
1941 965 2172 1020 vestras,

569 1051 955 1116 etelsvamini,
982 1059 1154 1122 portae
1176 1049 1486 1114 :eternales,
1509 1060 1562 1104 et
1581 1048 1825 1104 introibit
1848 1047 1960 1104 Rex
1988 1046 2176 1116 gloria:

573 1144 749 1218 (Psal.
782 1146 963 1215 nni).
995 1144 1097 1200 Vel
1139 1144 1282 1198 sicut
1328 1143 1560 1212 legimus
1604 1142 1658 1196 in
1702 1141 1927 1196 Actibus
1953 1148 2174 1209 aposto-

573 1237 774 1302 lorum,
808 1236 1027 1307 quando
1053 1234 1301 1290 ascendit
1327 1234 1398 1289 de
1428 1241 1613 1289 monte
1638 1232 1835 1288 Oliveti
1868 1249 1883 1291 ;
1917 1231 2031 1287 Viri
2063 1231 2174 1284 Ga-

569 1331 725 1400 liltci,
768 1331 897 1400 quid
941 1330 1097 1385 statis
1135 1327 1462 1398 aspicientes
1506 1326 1560 1380 in
1611 1323 1849 1380 ctelum?
1879 1323 1978 1380 llic
2015 1321 2176 1378 Jesus

567 1423 661 1494 qui
679 1431 991 1491 assumptus
1019 1427 1105 1474 est
1124 1419 1323 1474 avohis
1343 1419 1396 1472 in
1419 1417 1621 1473 celum
1647 1431 1662 1471 :
1685 1416 1769 1471 sic
1792 1416 1970 1471 veniet
1985 1430 2174 1484 quem-

569 1517 861 1574 itdmoddm
897 1514 1110 1570 vidistis
1137 1528 1260 1570 eum
1291 1523 1508 1568 euntem
1535 1512 1587 1565 in
1626 1511 1824 1566 caelum
1865 1509 2005 1582 (Act.
2037 1506 2098 1580 ι).

647 1610 870 1665 Psallite
911 1607 1020 1664 Deo
1063 1616 1263 1674 nostro,
1301 1607 1534 1676 psallite,
1583 1605 1793 1676 psallite
1821 1603 1930 1676 regi
1974 1611 2172 1668 nostra,

568 1702 803 1776 psallite.
828 1701 952 1771 Qui,
969 1717 1232 1774 oppresso
1252 1701 1444 1755 mortis
1465 1699 1748 1755 dominatu
1773 1739 1788 1763 ,
1811 1710 2029 1752 carnem
2050 1709 2171 1749 cum

568 1813 672 1870 qua
701 1797 873 1868 jacuit
902 1797 956 1852 in
989 1797 1217 1862 tumulo,
1248 1792 1516 1849 evexitad
1543 1793 1768 1847 ctelum.

646 1889 906 1958 Quoniam
937 1903 1028 1942 rex
1058 1887 1224 1941 onmis
1253 1895 1406 1940 terra:
1433 1882 1597 1938 Deus.
1629 1881 1763 1951 Quia
1805 1880 1915 1952 jam
1950 1895 2058 1936 non
2088 1895 2176 1935 so-

2351 475 2646 548 canticum,
2675 476 2908 532 scientia
2937 487 2990 532 et
3015 477 3152 548 laus.
3177 477 3298 532 Filii
3331 476 3498 544 Core,
3546 475 3714 535 sancti
3741 496 3844 548 ano-

2355 544 2504 606 stoli.
2551 547 2638 618 vel
2686 559 2977 618 martyres.
3014 547 3191 604 Prima
3221 548 3469 614 Sahhati,
3505 549 3638 606 fecit
3665 544 3839 616 lucent;

2353 617 2594 688 secunda
2627 617 2860 686 sabbati,
2901 617 3031 674 fecit
3057 618 3477 675 ﬁrmamentum.
3525 621 3743 688 Lucem,
3767 640 3843 676 an-

2351 687 2534 762 gelos;
2572 689 3000 762 lignantentum,
3029 692 3295 762 homines.
3326 692 3501 746 Ilabet
3527 693 3656 749 inde
3676 687 3842 762 aliquid

2354 760 2405 813 in
2441 775 2584 813 novo
2609 759 2983 815 Tesmmento.
3034 761 3213 816 Prima
3263 763 3518 829 Sabbati,
3576 759 3846 820 resurrexit

2353 830 2442 884 lux
2475 831 2748 885 Christus.
2775 831 2930 900 Unde
2959 832 3091 886 dicit
3119 834 3171 888 in
3223 833 3520 903 Evangelia
3551 853 3565 890 :
3619 835 3743 891 Erat
3783 838 3845 890 lu-

2355 917 2475 956 men
2509 917 2721 969 verum,
2755 903 2901 970 quod
2936 903 3201 958 illuminat
3234 920 3448 959 omnem
3488 907 3757 962 hominem
3781 923 3848 962 ve-

2354 974 2590 1046 nientem
2624 975 2678 1027 in
2707 979 2850 1028 hunc
2878 975 3139 1029 mundum
3169 973 3346 1045 (Joan.
3381 978 3438 1046 ι).
3474 977 3722 1032 SeCunda
3745 977 3850 1034 Sab-

2354 1043 2490 1105 bati.
2539 1045 2758 1098 lirmata
2787 1052 2872 1099 est
2909 1046 3148 1100 Ecclesia
3179 1043 3250 1100 in
3295 1043 3420 1109 lide,
3482 1050 3701 1114 quando
3739 1051 3846 1103 dixit

2359 1115 2620 1188 Dominus
2656 1134 2669 1169 :
2697 1116 2766 1170 Et
2790 1130 2959 1188 super
2991 1117 3130 1171 hanc
3155 1130 3361 1188 petram
3381 1119 3670 1175 a*dilicabo
3699 1121 3851 1175 Eccle—

2355 1185 2490 1240 siatn
2545 1203 2746 1258 nteant
2777 1180 2994 1258 (Matth.
3047 1180 3181 1250 va):
3235 1188 3489 1246 I’salmus
3539 1199 3684 1246 totus
3733 1194 3847 1246 circa

2351 1266 2596 1339 sanctam
2645 1257 2882 1327 plebem,
2933 1269 3078 1314 totus
3121 1259 3266 1317 circa
3299 1261 3683 1318 Ecclesiastica
3729 1278 3852 1334 mys-

2355 1337 2487 1382 teria
2510 1339 2900 1384 commoratur.

2356 1418 2578 1491 Magnus
2602 1418 2860 1474 Dominus
2874 1429 2921 1474 et
2949 1419 3231 1476 laudabilis
3252 1422 3424 1482 nimis.
3453 1422 3576 1480 Vol
3600 1424 3844 1480 Ecclesia.

2281 1509 2503 1581 Magnus
2531 1510 2752 1579 dicitur,
2781 1527 2887 1567 non
2916 1513 3346 1582 comparatione,
3393 1513 3496 1570 sed
3533 1529 3630 1584 pro
3669 1517 3848 1586 magni-

2282 1605 2464 1660 tudine
2507 1605 2695 1676 gloria:
2725 1621 2858 1661 sitae.
2892 1607 3056 1673 Quasi
3089 1607 3555 1677 interrogaretur,
3593 1608 3677 1664 ubi
3727 1624 3844 1680 mag-

2281 1713 2405 1766 nus,
2428 1699 2517 1752 ubi
2539 1698 2868 1753 laudabilis?
2890 1698 3234 1768 Respondet:
3265 1697 3332 1754 In
3355 1701 3568 1754 ciuitate
3582 1699 3677 1754 Dei
3696 1702 3844 1754 nostri.

2199 1794 2248 1854 B
2279 1790 2473 1845 Anima
2526 1800 2736 1855 sancta,
2791 1790 2947 1859 cujus
2997 1792 3148 1846 cives
3179 1802 3340 1862 atque
3386 1791 3701 1860 domestici,
3745 1793 3846 1848 boni

2280 1895 2435 1938 actus
2489 1883 2895 1952 intelliguntur.
2941 1881 3010 1937 In
3057 1893 3226 1939 monte
3265 1894 3450 1938 sancto
3495 1887 3632 1956 ejus.
3680 1883 3732 1938 In
3775 1897 3843 1938 as-

565 1975 678 2038 lum
704 1981 758 2037 in
782 1979 966 2038 Iudaea
998 1989 1054 2035 et
1087 1979 1391 2036 Jerusalem
1423 1988 1613 2037 notus,
1643 1973 1738 2030 sed
1770 1974 1820 2027 in
1851 1973 1996 2027 omni
2029 1981 2174 2027 terra
2277 1983 2495 2043 sumpto
2527 1974 2792 2028 Dominici
2817 1973 3057 2029 hominis
3085 1991 3340 2044 corpore.

569 2075 690 2131 ﬁdei
730 2075 938 2130 lumine
988 2073 1319 2129 declaratus.
1367 2069 1590 2125 Psallite
1631 2070 1911 2140 sapienter.
1943 2066 2012 2123 Ut
2053 2082 2172 2136 qua:

565 2169 760 2224 canitis
785 2181 881 2237 per
911 2167 1174 2230 litteram,
1207 2163 1525 2232 intelligatis
1552 2159 1908 2231 spiritualiter
1929 2158 2094 2213 dicta.

643 2260 896 2332 Regnabit
923 2257 1179 2312 Dominus
1205 2272 1362 2327 super
1387 2271 1564 2309 omnes
1592 2252 1952 2324 gentes.Quas
1982 2251 2034 2305 in
2061 2249 2170 2304 ha:-

569 2350 859 2407 reditatem
889 2349 1101 2417 accepit
1145 2362 1176 2399 a
1225 2347 1404 2400 Patre.
1449 2344 1602 2400 Unde
1633 2352 1688 2398 et
1718 2343 1773 2398 in
1816 2345 1927 2398 alio
1958 2343 2168 2413 psalmo

564 2442 696 2500 dicit
720 2457 734 2498 :
766 2441 910 2495 Dabo
929 2441 1024 2494 tibi
1053 2447 1246 2508 gentes
1277 2435 1650 2492 hwreditatetn
1679 2444 1851 2502 tuam,
1877 2443 1932 2490 et
1957 2450 2168 2503 posses-

563 2534 774 2590 sionem
800 2543 942 2586 tuam
971 2531 1241 2585 terminos
1266 2518 1427 2583 terra:
1457 2527 1631 2598 (Psal.
1662 2526 1744 2598 ιι).
1770 2526 1891 2593 Vel,
1916 2527 2167 2581 excelsus

567 2625 832 2682 Dominus
859 2639 1024 2694 super
1065 2637 1257 2678 omnes
1295 2631 1488 2692 gentes
1519 2630 1574 2677 et
1605 2637 1774 2692 super
1796 2621 1966 2676 caelos
1991 2621 2164 2692 gloria

563 2719 684 2790 ejus
722 2717 897 2791 (Psal.
939 2715 1090 2788 cxu).
1141 2716 1280 2771 Deus
1333 2717 1474 2770 sedet
1516 2731 1668 2787 super
1712 2717 1885 2770 sedem
1928 2724 2161 2770 sanctam

562 2828 732 2867 suam.
763 2811 843 2866 Ad
866 2811 1146 2866 dexteram
1170 2810 1366 2865 Patris.
1399 2809 1494 2865 Vel
1527 2809 1699 2880 angeli
1729 2824 1826 2879 pro
1849 2810 2159 2864 innocentia

565 2917 758 2958 eorum
789 2903 1054 2958 dicuntur
1081 2901 1262 2970 sedes,
1295 2901 1422 2972 quia
1465 2915 1568 2955 non
1614 2911 1994 2972 peccaverunt.
2030 2900 2158 2956 Inde

561 2994 732 3050 dixit:
765 2994 976 3050 C(elum
1007 2993 1141 3048 mihi
1165 2993 1324 3050 sedes
1353 3003 1436 3048 est
1457 2991 1613 3064 (Isai.
1648 2993 1816 3063 LXVI).
1845 2992 1982 3047 Deus
2014 2993 2156 3048 sedet

558 3105 715 3158 super
743 3090 915 3144 sedem
957 3098 1186 3144 sanctam
1227 3104 1418 3142 suam:
1471 3087 1576 3144 hoc
1624 3099 1724 3156 est,
1780 3089 1832 3142 in
1890 3087 2151 3142 Ecclesia.

2350 2065 2635 2121 Fundat-ur
2661 2067 3007 2122 exsultatione
3032 2068 3278 2122 universae
3300 2078 3476 2124 teme.
3502 2070 3723 2125 Terram
3749 2083 3842 2137 quae

2278 2161 2432 2230 prius
2460 2160 2697 2229 peccatis
2724 2171 2778 2215 et
2806 2160 3287 2216 maledictionilms
3317 2161 3666 2232 subjacebat,
3687 2173 3842 2216 ascen-

2275 2253 2431 2308 sione
2475 2268 2572 2308 sua
2618 2253 2934 2323 occupavit,
2981 2263 3144 2324 atque
3176 2254 3229 2308 in
3279 2271 3342 2308 ea
3375 2253 3717 2310 credulitatis
3755 2268 3843 2306 sua:

2277 2347 2704 2402 exsultationem
2761 2363 2826 2402 ac
2881 2348 3122 2402 Iustitiam
3171 2347 3441 2403 dilatavit.
3512 2348 3608 2404 Vel
3658 2346 3838 2402 fundata

2271 2437 2393 2506 fuit,
2432 2450 2484 2494 et
2515 2448 2602 2495 est
2634 2439 2899 2506 Ecclesia,
2945 2440 2997 2495 in
3049 2451 3161 2495 toto
3208 2441 3410 2496 mundo
3444 2442 3500 2496 in
3551 2441 3674 2497 ﬁde.
3718 2437 3839 2493 Mons

2272 2532 2426 2597 Sion,
2459 2534 2624 2588 latera
2647 2536 2933 2606 aquilonis,
2962 2536 3141 2590 civitas
3173 2535 3329 2607 Regis
3361 2535 3545 2610 magni
3575 2554 3594 2590 :
3620 2534 3697 2590 Ad
3724 2536 3836 2587 hnc

2269 2637 2537 2694 montem,
2560 2629 2612 2683 id
2639 2640 2744 2695 εει,
2776 2632 2844 2683 ad
2866 2626 3146 2684 Christum
3181 2629 3494 2697 Dominum,
3526 2633 3836 2686 accesserunt

2267 2720 2376 2776 duo
2411 2722 2592 2792 populi
2639 2738 2704 2778 ex
2741 2722 2875 2778 Sion
2920 2742 2931 2778 :
2970 2739 3112 2779 unus
3143 2723 3213 2779 de
3258 2724 3532 2780 lateribus
3581 2719 3829 2793 aquilonis,

2265 2812 2356 2884 qui
2383 2823 2552 2868 estex
2581 2816 2866 2884 praeputio,
2899 2816 3040 2872 alter
3063 2830 3129 2871 ex
3155 2817 3598 2872 circumcisione.
3620 2815 3832 2870 Christus

2265 2918 2395 2973 ergo
2421 2905 2706 2972 Dominus,
2729 2907 2820 2977 qui
2851 2919 2930 2962 εει
2955 2923 3057 2976 pax-
3083 2917 3294 2976 nostra,
3323 2909 3554 2964 abstulit
3579 2906 3828 2962 nuncetiam

2264 2996 2562 3052 inimicitiae
2585 2997 2657 3054 de
2684 2999 2890 3065 medio,
2920 3011 2973 3054 ct
3000 2999 3132 3056 fecit
3163 3010 3395 3072 utraque
3428 3018 3628 3057 unum:
3661 3008 3712 3055 et
3736 2997 3826 3054 col-

2262 3089 2462 3147 locavit
2491 3093 2542 3146 in
2574 3093 2816 3148 Ecclesia
2850 3110 3108 3165 sua,qu:e
3131 3104 3218 3150 est
3250 3095 3450 3151 civi-tas
3475 3097 3634 3167 [tegis
3659 3092 3824 3163 magni,

555 3179 715 3238 Unde
743 3182 948 3238 dictum
989 3191 1115 3239 est:
1148 3181 1340 3237 Anima
1380 3181 1542 3251 justi,
1569 3180 1732 3238 sedes
1763 3190 1846 3236 est
1873 3181 2157 3252 sapientia
2186 3185 2232 3249 ρ
2265 3187 2363 3239 hos
2402 3186 2636 3255 populos
2679 3203 2775 3258 per
2822 3187 3005 3243 ﬁdem.
3058 3187 3153 3243 vel
3202 3205 3345 3244 mons
3379 3190 3556 3246 sio",-
3602 3189 3822 3258 hocest,

563 3273 723 3346 (Sap.
759 3273 880 3346 vn).

626 3366 900 3440 Principes
949 3368 1285 3438 populorum.
1335 3366 1602 3437 Apostoli.
1653 3365 1964 3438 Congregati
2016 3376 2152 3422 sunt.

554 3458 637 3518 Ad
679 3459 1060 3530 judicandum.
1093 3460 1212 3526 Vel,
1259 3459 1519 3529 principes
1549 3459 1896 3531 populorum:
1947 3459 1998 3514 id
2039 3469 2152 3528 est,

553 3551 799 3608 seniores
842 3551 1326 3607 Christianorum:
1379 3564 1610 3620 quorum
1664 3551 1889 3620 ligurum
1937 3553 2158 3606 tenebat

552 3645 842 3704 centurio;
892 3644 978 3699 vel
1031 3643 1192 3697 modo
1231 3643 1306 3697 illi
1348 3642 1440 3712 qui
1490 3649 1677 3697 tenent
1735 3643 1910 3712 ipsam
1963 3644 2150 3710 ﬁdem,

549 3754 710 3809 quam
745 3737 931 3791 habuit
959 3734 1257 3789 Abraham.
1291 3732 1444 3790 Unde
1473 3733 1676 3790 dictttm
1708 3743 1832 3789 est:
1866 3735 2014 3790 Multi
2063 3752 2152 3792 ve-

548 3829 702 3884 nient
721 3830 789 3882 ab
803 3827 1028 3883 Oriente
1041 3825 1424 3891 etOCt-idcnte,
1440 3833 1495 3881 et
1517 3826 1830 3882 recutnbent
1845 3842 1965 3882 cum
1980 3825 2149 3882 Abra-

547 3919 698 3986 hztm,
724 3919 874 3974 Isaac
903 3925 960 3973 et
981 3917 1150 3974 Iacob
1183 3919 1232 3972 in
1252 3932 1418 3988 regno
1441 3917 1704 3973 caelorum
1721 3917 1902 3989 (Matt.
1921 3918 2151 3990 tt).Cum

547 4009 660 4066 Deo
690 4009 972 4064 Abraham.
1007 4009 1148 4064 Deus
1173 4007 1426 4077 Abrahte,
1459 4009 1601 4066 Deus
1628 4025 1789 4064 verus
1811 4019 1914 4078 est,
1946 4011 2036 4082 qui
2070 4021 2151 4066 cst

545 4103 691 4159 Dens
723 4101 1050 4168 viventium,
1083 4117 1205 4155 cum
1238 4117 1345 4171 quo
1370 4101 1502 4172 justi
1521 4103 1786 4172 judicium
1816 4105 2033 4160 facient.
2060 4105 2151 4162 Sic

543 4195 690 4252 enim
734 4205 792 4249 et
833 4193 1092 4249 Dominus
1136 4195 1188 4248 in
1244 4194 1535 4263 Evangelio
1565 4195 1640 4249 ait
1686 4211 1701 4253 :
1750 4196 1885 4251 Cum
1947 4197 2151 4253 sederit

541 4284 718 4346 Filius
752 4287 993 4343 hominis
1023 4287 1076 4341 in
1109 4287 1238 4342 sede
1277 4287 1578 4358 majestatis
1602 4305 1718 4344 suae
1749 4307 1764 4349 :
1807 4290 2066 4347 sedebitis
2095 4303 2149 4348 ct

542 4396 644 4436 vos
681 4394 850 4450 super
876 4378 1037 4434 sedes
1066 4378 1382 4446 duodecim,
1413 4379 1720 4449 iudicantes
1741 4381 2027 4438 duodecim
2055 4386 2150 4439 tri-

540 4472 643 4529 bus
667 4469 854 4527 Israel.
891 4470 1097 4537 Quanta
1118 4489 1149 4523 η
1171 4472 1248 4525 dii
1278 4473 1437 4543 fortes
1468 4484 1642 4543 terrae,
1692 4475 2011 4531 uehementer
2038 4477 2146 4531 ele-

2261 3287 2450 3332 sancta
2482 3279 2748 3335 Ecclesia.
2796 3280 2867 3334 De
2901 3280 3073 3335 latere
3097 3281 3410 3351 aquilonis:
3445 3283 3570 3351 quia
3606 3281 3670 3335 de
3697 3275 3830 3332 malis

2260 3381 2346 3426 est
2373 3383 2724 3444 congregata.
2763 3373 2918 3428 Unde
2949 3374 3155 3428 dictum
3184 3383 3304 3430 est:
3335 3375 3416 3430 Ab
3452 3375 3697 3446 aquilone
3718 3383 3823 3424 exo-

2260 3463 2472 3518 rientur
2518 3465 2656 3518 mala
2690 3480 2810 3534 quae
2862 3475 2990 3520 sunt
3043 3480 3211 3536 super
3259 3474 3490 3522 terram.
3538 3465 3630 3522 Hic
3672 3460 3821 3534 aquilo

2257 3556 2538 3627 diabolus,
2575 3559 2660 3613 cui
2697 3558 2933 3614 dicitur:
2994 3561 3150 3626 Veni,
3197 3561 3403 3630 aquilo,
3437 3561 3610 3631 perna
3642 3559 3817 3612 hortum

2259 3665 2437 3703 meum
2469 3649 2650 3722 (Cant.
2697 3654 2772 3721 tv)
2803 3666 2817 3706 :
2850 3651 2954 3707 hoc
2980 3661 3085 3721 est,
3118 3653 3418 3708 Ecclesium
3446 3647 3814 3711 testationibus.

2259 3741 2413 3798 Unde
2443 3744 2737 3813 Apostolus
2767 3745 2936 3801 dicit:
2969 3745 3202 3816 Oportet
3225 3745 3470 3803 haereses
3499 3761 3640 3811 esse,
3669 3751 3719 3797 ut
3743 3737 3814 3810 qui

2256 3836 2468 3904 probati
2497 3845 2641 3903 sunt,
2670 3837 2940 3892 manifesti
2963 3840 3092 3892 llant
3113 3838 3165 3894 in
3192 3839 3349 3895 vobis
3384 3839 3425 3910 (I
3452 3839 3574 3894 Cor.
3605 3835 3697 3904 ιι).
3719 3831 3812 3893 νει,

2254 3929 2433 3982 ciuitas
2459 3926 2614 4000 Regis
2636 3931 2813 4002 magni
2841 3947 2861 3985 :
2891 3931 2992 3986 hoc
3015 3943 3122 3997 est,
3145 3943 3333 3987 sancta
3369 3931 3630 3988 Ecclesia.

2325 4023 2468 4078 Deus
2514 4026 2566 4078 in
2619 4025 2854 4079 domibus
2905 4027 3018 4096 ejus
3073 4035 3408 4098 cognoscetnr
3448 4041 3565 4080 cum
3609 4017 3809 4090 suscipiet

2252 4131 2382 4169 eam.
2409 4115 2668 4186 Suscepit
2711 4132 2829 4172 eam
2862 4132 2961 4189 per
2988 4119 3246 4189 gratiam.
3277 4116 3634 4188 COgnoscitur
3659 4118 3805 4166 autem

2253 4205 2306 4260 in
2348 4206 2608 4276 gradibus
2651 4209 2790 4276 ejus,
2835 4208 2886 4263 id
2924 4215 3030 4274 est,
3076 4209 3127 4264 in
3168 4209 3460 4280 apostolis,
3496 4208 3582 4264 vel
3623 4197 3806 4271 reliquis

2250 4298 2709 4368 praedicatoribus
2737 4317 2750 4354 :
2785 4315 2882 4369 per
2913 4314 3051 4371 quos
3075 4301 3338 4358 Ecclesiae
3371 4301 3508 4357 titles
3534 4296 3802 4356 annuntiat:

2251 4400 2355 4448 est.
2388 4393 2570 4448 Gratia
2603 4393 2747 4448 enim
2793 4407 2981 4449 sumus
3020 4395 3214 4451 salvati
3265 4411 3363 4466 per
3395 4394 3597 4451 tidem:
3637 4397 3686 4446 et
3725 4385 3803 4440 hoc

2251 4499 2359 4539 non
2390 4500 2457 4539 ex
2489 4485 2668 4542 nobis.
2696 4485 2792 4540 Dei
2831 4487 3037 4542 donum
3061 4499 3167 4553 est,
3200 4496 3259 4543 ut
3281 4502 3444 4543 nemo
3465 4488 3536 4544 de
3562 4501 3618 4543 se
3638 4477 3801 4555 κιοΐίθ·

540 4568 646 4622 uati
672 4573 815 4620 sunt.
848 4561 964 4631 Dii,
997 4564 1171 4620 sancti
1199 4574 1324 4620 sunt
1352 4582 1365 4623 :
1403 4565 1543 4622 sicut
1582 4568 1660 4622 ait
1688 4567 1949 4638 pr0pheta
1979 4585 1994 4629 :
2028 4569 2143 4641 Ego
2170 4569 2220 4630 D
2251 4583 2356 4631 tur.
2388 4577 2514 4643 Vel,
2570 4579 2623 4631 in
2666 4577 2926 4644 domibus,
2973 4579 3026 4634 id
3076 4588 3164 4636 est
3203 4597 3218 4633 :
3250 4581 3302 4635 in
3334 4592 3525 4636 sancta
3573 4569 3796 4634 Ecclesia.

535 4659 647 4718 dixi
675 4681 685 4714 :
712 4659 794 4716 Dii
817 4661 947 4717 estis
969 4669 1026 4716 et
1051 4659 1147 4714 lilii
1190 4660 1402 4742 escelsi
1435 4676 1626 4717 omnes
1645 4659 1820 4734 (Psal.
1844 4664 1991 4734 ut);
2019 4663 2144 4719 Ete-

535 4757 640 4810 uati
667 4763 789 4811 sunt
830 4753 1176 4809 vehementer.
1205 4752 1411 4809 Elevati
1441 4765 1586 4821 sunt,
1616 4770 1710 4826 per
1732 4755 1892 4811 ﬁdem
1919 4765 1974 4812 et
2001 4772 2138 4827 pras-

532 4847 890 4903 dica‘tionem.
926 4845 1020 4901 Vel
1049 4845 1125 4900 illi
1163 4847 1257 4917 qui
1289 4845 1490 4902 elevati
1519 4857 1646 4902 sunt
1690 4849 1742 4902 in
1775 4849 2054 4918 superbia,
2085 4860 2140 4905 et

533 4941 740 4997 relictis
761 4939 1096 5006 caelestibus,
1123 4945 1343 4995 terrena
1368 4940 1762 5006 concupierunt
1785 4957 1800 4997 :
1829 4943 2029 5011 quibus
2055 4943 2133 4997 di-

528 5032 671 5088 citur
703 5047 720 5088 :
749 5032 906 5088 Sicut
933 5031 1186 5088 homines
1236 5033 1546 5087 moriemini
1577 5044 1591 5087 :
1625 5033 1712 5087 isti
1749 5048 1777 5088 a
1811 5033 1922 5090 Deo
1961 5036 2135 5094 Abra-

531 5123 641 5195 hae,
673 5125 758 5184 vel
783 5126 1047 5197 apostolis
1076 5125 1220 5196 ejus,
1251 5135 1379 5180 sunt
1401 5127 1703 5195 judicandi.
1732 5127 1840 5184 Nos
1861 5144 1990 5184 vero
2013 5145 2138 5186 ore-

526 5229 649 5277 mus
676 5221 982 5284 Dominum,
1009 5225 1087 5284 ut,
1112 5218 1364 5288 deposito
1405 5221 1552 5275 omni
1582 5230 1795 5276 tumore
1833 5223 2131 5291 superbire,

523 5310 601 5368 ita
636 5311 716 5367 illi
746 5311 1146 5381 conjungamur
1187 5310 1241 5363 in
1277 5311 1377 5365 hoc
1406 5311 1610 5366 sieculo
1640 5327 1655 5370 :
1692 5322 1748 5366 ttt
1786 5311 1838 5367 in
1867 5311 2077 5383 judicio
2104 5331 2132 5367 a

521 5404 746 5463 sinistra
781 5411 935 5473 parte
959 5402 1238 5473 disjuncti,
1262 5418 1370 5457 non
1400 5405 1706 5459 inveniatur
1727 5405 1780 5460 itt
1810 5407 1968 5463 nobis
1989 5408 2133 5479 quod

523 5497 748 5554 clamitet
777 5495 830 5551 in
857 5509 1074 5565 poenam
1104 5513 1122 5556 .'
1151 5496 1250 5552 sed
1279 5495 1426 5568 quod
1454 5498 1659 5569 pietate
1689 5491 1973 5571 multiplici
2003 5518 2132 5572 pro-

527 5587 784 5645 vehat-ad
822 5601 1108 5642 coronam.

1031 5679 1361 5746 ‘PSALMUS
1403 5671 1609 5738 XLVII.

522 5765 768 5828 Psalmus
819 5769 1007 5822 cantici
1058 5768 1215 5825 Filiis
1264 5772 1418 5840 Core,
1468 5776 1697 5831 secunda
1738 5779 1956 5834 sabbati.
2016 5781 2120 5838 Per

2250 4666 2379 4722 Cum
2416 4669 2660 4740 suscipiet
2691 4684 2824 4736 eam,
2855 4669 2906 4724 iu
2939 4669 3046 4726 [ide
3089 4688 3104 4728 :
3153 4671 3276 4741 quia
3305 4678 3476 4727 antea
3498 4671 3631 4727 inter
3657 4659 3796 4719 malos

2251 4768 2388 4814 erat.

2324 4853 2582 4919 Quoniam
2600 4869 2714 4907 ecce
2729 4870 2870 4926 reges
2895 4863 3048 4910 terra
3071 4857 3370 4929 congregati
3392 4869 3532 4911 sunt.
3556 4846 3791 4915 Principes

2247 4947 2453 5012 saeculi,
2503 4962 2737 5015 quorum
2788 4963 3016 5020 regnum
3059 4949 3114 5004 in
3163 4950 3310 5005 cultu
3359 4949 3625 5006 idolorum
3663 4946 3792 5007 Ii‘l“c

2241 5035 2637 5094 daemoniorum
2677 5052 2817 5096 erat.
2859 5042 2935 5097 Ex
2976 5043 3239 5099 lateribus
3284 5044 3581 5115 aquilonis,
3620 5035 3672 5092 id
3698 5039 3784 5092 θειο

2239 5128 2445 5185 diaboli
2473 5133 2820 5189 accedentes.
2853 5134 2974 5203 Vel,
3013 5137 3313 5208 congregati
3338 5147 3498 5206 sunt,-
3515 5145 3562 5191 ει
3583 5135 3786 5186 conven-

2237 5238 2359 5282 runt
2401 5231 2457 5282 in
2487 5247 2668 5296 unum,
2713 5232 2764 5288 id
2793 5242 2900 5297 est,
2934 5233 2986 5288 in
3027 5236 3296 5290 unitatem
3330 5235 3602 5291 Ecclesia.
3632 5226 3783 5282 (ἔσπευσ-

2235 5333 2424 5377 nerunt
2469 5325 2524 5378 in
2576 5342 2754 5382 unum.
2808 5326 3064 5397 Lapidem
3115 5344 3391 5386 summum
3433 5327 3720 5402 angularem
3743 5314 3780 5366 in

2235 5415 2594 5475 fundamento
2617 5421 2920 5476 fundatum.
3008 5412 3010 5416 ’

2308 5509 2426 5581 Ipsi
2451 5515 2680 5569 videntes
2717 5517 2792 5569 sic
2819 5516 3066 5570 admirati
3105 5527 3250 5572 sunt.
3283 5518 3528 5575 Gloriam
3549 5531 3606 5572 ac
3629 5515 3778 5584 polen-

2235 5602 2362 5657 tiam
2415 5603 2817 5676 Redemptoris.
2868 5607 2964 5663 Vel
3015 5608 3246 5666 virtutes
3293 5611 3664 5682 Apostolorum
3697 5593 3772 5651 ad-

2231 5694 2410 5752 mirati
2470 5707 2617 5767 sunt,
2675 5709 2729 5754 et
2778 5699 3044 5756 commoti
3084 5712 3218 5757 sunt
3267 5703 3334 5761 de
3383 5702 3681 5759 inﬁdelitate
3723 5682 3771 5739 ad

2230 5787 2411 5844 fidem.
2447 5789 2751 5848 Conturbati
2789 5805 2908 5850 sunt
2952 5803 2999 5848 et
3027 5800 3273 5852 commoti
3316 5807 3464 5868 sunt,
3507 5804 3669 5853 tremor
3698 5797 3768 5850 σν·
