4010 6328
593 269 698 328 967
1375 261 1727 324 APPENDIX
1765 261 1860 320 AD
1899 257 2138 319 T0.\lUM
2178 255 2533 317 SEPTIMUM
2575 253 2634 314 S.
2677 251 3086 312 HIERONYMI.
3761 252 3847 311 968

591 399 761 437 suam.
790 379 890 449 Qui
921 395 1027 438 non
1055 381 1169 454 agit
1191 381 1595 452 paenitentiam,
1622 395 1723 451 per
1753 393 1914 451 quam
1945 376 2194 449 placatus
2218 379 2278 444 Α
2301 385 2451 427 mere
2478 386 2493 435 ;
2526 370 2637 424 cito
2667 367 2937 440 praeterit,
2965 375 3018 421 et
3063 361 3196 420 nihil
3227 374 3406 420 secum
3449 362 3520 419 de
3546 363 3631 419 his
3655 377 3764 434 quae
3789 380 3850 419 ra-

598 475 763 531 Dens.
2301 472 2527 534 puerat,
2560 462 2704 517 tollit
2733 477 2746 515 :
2777 458 3010 516 Domino
3055 458 3109 513 in
3150 456 3454 527 Evangeliis
3504 456 3586 512 sic
3629 456 3846 512 dicente;

2296 555 2496 622 Stulte,
2529 555 2632 609 hac
2663 561 2824 609 nocte
2856 552 3094 607 animam
3126 538 3274 606 tuam
3325 557 3588 619 repetent
3614 565 3645 605 a
3669 558 3736 616 te,
3762 565 3849 620 qua

2298 658 2478 704 autem
2512 648 2714 719 parasti
2738 646 2897 716 cujus
2925 650 3093 701 erunt
3117 643 3268 715 (Luc.
3298 641 3413 713 xm)
3438 642 3465 696 ἲ

2374 741 2512 806 Quia
2541 740 2717 794 anima
2743 739 2854 805 eius
2881 737 2936 791 in
2966 737 3072 790 vita
3103 736 3263 807 ipsius
3286 733 3642 789 benedicatur.
3668 733 3850 790 Benedi-

2309 835 2508 888 citura
2537 832 2719 887 stultis
2764 839 2990 902 propter
3037 828 3336 900 potentiam
3381 844 3395 882 :
3447 825 3551 882 sed
3599 825 3760 881 victus
3796 826 3849 881 al-

2298 924 2521 980 lluentia
2553 938 2615 979 ac
2655 931 2841 993 potus,
2889 920 3179 992 proferunt
3209 934 3319 973 non
3356 917 3422 974 de
3475 916 3619 973 bene
3659 916 3850 980 vivente,

2299 1015 2394 1072 sed
2445 1015 2516 1071 dc
2562 1014 2702 1070 bene
2755 1021 3012 1084 pascente
3063 1009 3412 1066 sententiam.
3467 1009 3582 1065 Sed
3628 1022 3729 1064 non
3770 1006 3851 1063 hac

2299 1118 2565 1166 excusant
2591 1124 2621 1164 a
2647 1123 2827 1179 paena.
2863 1105 3208 1176 Conﬁtebitur
3235 1104 3327 1158 tibi
3357 1120 3476 1158 cum
3493 1103 3787 1174 benefeceris
3809 1104 3852 1154 ei.

2301 1203 2456 1258 Tunc
2484 1199 2686 1272 gratias
2712 1198 2843 1270 agit,
2878 1197 3096 1268 quando
3122 1195 3328 1266 aliquid
3363 1193 3506 1250 lucri
3536 1193 3805 1264 conquirit.

2374 1295 2440 1349 Et
2465 1293 2695 1350 introibit
2726 1309 2886 1362 usque
2912 1293 2983 1347 ad
3014 1292 3283 1364 pragenics
3316 1300 3530 1361 patrum
3570 1303 3798 1344 suorum:
3820 1288 3854 1340 in

2301 1399 2548 1446 a’ternum
2577 1407 2681 1444 non
2709 1389 2898 1443 videbit
2940 1388 3134 1443 lumen.
3184 1385 3356 1457 Magis
3404 1384 3461 1440 in
3513 1383 3715 1440 divitiis
3735 1399 3854 1455 quam

2305 1482 2356 1536 in
2392 1483 2504 1538 Deo
2533 1481 2798 1552 speravit,
2830 1481 2972 1536 sicut
3004 1473 3260 1550 parentes
3287 1481 3408 1549 ejus
3434 1495 3448 1531 :
3481 1477 3710 1549 ideoque
3732 1476 3789 1531 de
3807 1491 3856 1531 eo

668 565 737 621 Et
792 567 1010 638 pretium
1068 565 1435 638 redemptionis
1486 567 1672 620 anima:
1722 579 1848 620 sum.
1897 561 2016 618 Non
2069 560 2197 616 fecit

595 659 1003 731 elcemosynam
1037 675 1133 730 per
1163 675 1324 730 quam
1356 669 1578 730 peccata
1606 659 1881 714 delentur.
1916 654 2197 709 Laboravit

593 753 646 808 in
675 762 944 808 internum.
979 752 1038 810 ln
1067 754 1356 810 tormentis
1383 753 1666 826 perpetuis
1695 750 1924 823 positus.
1964 748 2032 803 Et
2069 749 2196 802 vivet

594 845 648 900 in
669 847 844 914 linem.
875 845 1010 914 Quia
1054 863 1162 902 non
1204 845 1547 916 interficitur,
1581 843 1678 901 sed
1722 857 1942 914 semper
1969 854 2194 912 repara-

599 946 686 993 tur
715 938 782 994 ad
815 953 1057 1010 poenam.

669 1029 796 1086 Non
818 1031 1011 1086 videbit
1033 1031 1322 1086 interitum.
1353 1029 1471 1086 Non
1498 1026 1753 1100 intelligit
1782 1028 2070 1083 imminere
2091 1023 2195 1080 sibi

594 1135 849 1180 mortem.
875 1123 1007 1180 Cum
1042 1123 1240 1178 videris
1269 1125 1525 1194 sapientes
1567 1121 1861 1176 morientes.
1892 1119 1949 1175 Si
1999 1117 2200 1172 viderit

597 1216 870 1272 hominem
902 1215 1210 1286 sapientem
1236 1216 1289 1269 in
1327 1215 1440 1270 Deo
1470 1215 1538 1270 ab
1566 1213 1668 1269 hoc
1699 1210 1902 1266 mundo
1929 1209 2191 1280 migrare,

594 1309 729 1366 dicit
772 1326 785 1364 :
818 1309 960 1376 Quid
993 1308 1117 1362 huic
1139 1306 1386 1378 jejunia?
1413 1305 1543 1376 quid
1585 1303 1850 1362 castitas?
1888 1301 2018 1374 quid
2050 1301 2198 1356 elee-

595 1418 843 1476 mosyna:
877 1401 1239 1475 profuerunt?
1279 1399 1469 1456 Nonne
1507 1407 1565 1454 et
1615 1399 1732 1468 ipse
1791 1405 2040 1451 mortuus
2079 1392 2198 1448 est?

594 1495 727 1552 Tale
753 1493 974 1565 quidam
997 1491 1416 1562 etRedemptori
1441 1500 1631 1546 nostro
1651 1487 1826 1544 Judaei
1848 1485 2196 1548 insultantes,

599 1591 855 1648 dicebant
888 1610 899 1645 :
932 1589 1203 1661 Numquid
1237 1600 1291 1644 tu
1319 1589 1495 1660 major
1524 1603 1584 1644 es
1616 1595 1771 1658 patre
1801 1592 1999 1640 nostro
2023 1581 2199 1637 Abra-
2305 1575 2540 1630 dicitur:
2568 1573 2764 1644 Ejicite
2803 1589 2928 1629 eum
2962 1573 3014 1629 in
3044 1573 3304 1629 tenebras
3327 1572 3658 1641 exteriores,
3691 1571 3754 1625 ibi
3779 1569 3856 1625 erit

599 1686 724 1742 ham
771 1687 864 1758 qui
908 1697 1157 1741 mortuus
1201 1693 1322 1751 est,
1375 1692 1434 1738 et
1477 1682 1763 1753 pr0phetre
1821 1677 2021 1733 mortui
2073 1683 2200 1730 sunt
2303 1667 2461 1722 lletus
2491 1676 2548 1724 et
2576 1666 2780 1722 stridor
2809 1665 3051 1721 dentium
3087 1664 3271 1736 (Matt.
3299 1665 3448 1735 xvi).

601 1755 966 1850 (leam-vni)?
993 1776 1164 1832 Simul
1193 1775 1440 1847 insipiens
1467 1783 1515 1828 et
1546 1773 1736 1828 stultus
1765 1769 2022 1841 peribunt,
2049 1775 2096 1822 et
2121 1783 2200 1820 rec
2230 1775 2279 1836 Β
2379 1758 2550 1814 Homo
2585 1774 2704 1812 cum
2732 1759 2786 1812 in
2810 1758 3006 1812 honore
3031 1767 3184 1823 esset,
3211 1773 3312 1811 non
3361 1755 3625 1812 intellexit
3653 1770 3673 1811 :
3695 1771 3858 1822 compe-

601 1874 836 1944 linquent
875 1871 1062 1928 alienis
1089 1871 1299 1925 divitias
1328 1886 1470 1926 suas.
1505 1868 1776 1939 [nsipiens
1820 1875 1927 1932 est,
1978 1863 2070 1934 qui
2105 1861 2198 1916 Dei
2302 1863 2448 1908 ratus
2473 1861 2548 1908 est
2565 1853 2822 1924 jumeutis
2866 1851 3253 1922 insipientibus,
3304 1860 3350 1904 et
3389 1850 3588 1904 similis
3634 1854 3857 1920 [actutm

603 1940 851 2021 notitiam
877 1963 1082 2020 habere
1121 1963 1424 2020 contemnit
1457 1978 1471 2014 :
1515 1959 1584 2016 de
1617 1974 1728 2030 quo
1757 1956 2056 2028 Apostolus
2085 1953 2198 2008 ait:
2300 1946 2428 1999 illis.
2462 1944 2580 2000 Non
2611 1946 2893 2016 cognovit,
2925 1945 3052 2016 quia
3082 1944 3197 1999 haec
3221 1942 3404 1998 omnia
3451 1943 3506 1999 ei
3552 1957 3583 1998 a
3629 1942 3733 1998 Deo
3772 1940 3857 1996 fue-

599 2059 789 2117 οηιηίε
816 2059 1074 2130 ignorans
1105 2057 1470 2130 ignorabitur,
1497 2054 1708 2112 δωιιιιε
1737 2067 1872 2108 vero
1902 2059 1988 2107 est
2018 2048 2107 2120 qui
2144 2047 2197 2102 in
2303 2047 2425 2093 rant
2451 2037 2714 2093 attributa
2747 2056 2761 2091 :
2789 2038 2999 2095 idcirco
3036 2037 3345 2107 insipientia
3380 2036 3506 2107 ejus
3528 2036 3770 2106 iumentis
3794 2035 3853 2088 iu-

593 2152 798 2210 divitiis
825 2128 883 2208 ἐι
913 2167 1022 2208 non
1047 2151 1104 2206 in
1133 2128 1318 2206 beam
1350 2155 1556 2220 sperat,
1608 2145 1852 2202 perdunt
1877 2159 2008 2214 ergo
2037 2141 2200 2197 ambo
2302 2131 2652 2186 sensibilihus
2667 2144 3036 2202 comparatur.
3061 2131 3170 2186 Nos
3184 2145 3311 2186 vero
3330 2131 3694 2202 deprecemur
3716 2128 3857 2184 Domi-

597 2247 819 2302 divitias
850 2262 866 2302 :
897 2245 1021 2316 quia
1071 2243 1145 2298 ibi
1183 2248 1546 2313 congregant,
1590 2239 1682 2294 ubi
1732 2237 1885 2293 fures
1933 2233 2202 2291 eﬂodiunt
2301 2238 2454 2288 ηυιη,
2489 2231 2548 2316 ut
2575 2223 2692 2293 ipse
2728 2223 2884 2279 nobis
2911 2223 3124 2316 tribuat
3172 2222 3539 2316 intellectum,
3573 2231 3635 2278 ut
3678 2222 3787 2277 dum
3811 2235 3854 2276 ea

599 2347 656 2394 et
684 2314 934 2393 iurantur
967 2336 1009 2406 (Ι
1041 2332 1165 2389 Cor.
1193 2335 1330 2405 xxv).
2300 2329 2423 2384 qua:
2453 2314 2729 2380 videntur,
2763 2315 3082 2386 abjiciamus
3113 2333 3127 2370 :
3176 2315 3267 2372 illa
3299 2331 3424 2387 qua:
3471 2331 3586 2372 non
3618 2314 3852 2377 videntur,

670 2429 928 2501 Sepulcra
960 2443 1138 2482 eorum
1164 2425 1352 2480 domus
1383 2424 1599 2480 illorum
1629 2422 1682 2477 in
1712 2431 1982 2477 teter-num.
2010 2419 2201 2475 Tuber-
2300 2407 2531 2477 θάίρξδεί
2561 2423 2891 2464 mereamur.

598 2499 791 2578 uacula
817 2536 999 2576 eorum
1044 2523 1100 2573 in
1142 2518 1385 2591 progenie
1409 2527 1455 2571 et
1482 2517 1748 2590 pragenie.
1781 2515 1910 2571 Haec
1940 2515 2056 2571 illis
2095 2516 2201 2570 erit
2825 2502 3144 2561 PSALMUS
3184 2499 3374 2558 XLIX.

603 2624 863 2686 perpetua
890 2611 1156 2667 habitatio
1189 2628 1202 2665 :
1236 2610 1360 2681 quia
1387 2625 1496 2666 non
1535 2616 1845 2679 resurgunt,
1876 2619 1935 2663 ut
1963 2606 2185 2663 habeant

2302 2594 2555 2686 Ps'alntus
2607 2595 2807 2686 Asaph.
2847 2596 3032 2686 Asaph
3072 2598 3492 2686 interpretatur,
3552 2592 3853 2686 gangregatio.

599 2668 858 2763 ἕεὶέῐιὲτιηι
884 2706 1052 2760 vitam
1085 2721 1101 2759 ε
1133 2703 1230 2761 sed
1253 2668 1313 2758 ῐιι
1337 2701 1663 2759 damnamur
1693 2668 1745 2757 in
1776 2668 1959 2772 paena.
2371 2668 3754 2772 ἳξξξεηιξξέϋῖξξνξιίξξῑῑξείξξέςίιξέιηιϋξ.;ξ9.ςξεξιειξ
3776 2679 3856 2772 1:5:

679 2738 858 2763 ⁵⁸³¹¹¹¹¹¹
892 2738 1052 2760 ’³⁵⁸³⁸⁸
1085 2744 1101 2759 ⁸
1133 2738 1230 2809 ⁵ῗ¹³
1256 2738 1313 2758 ’³⁵
1337 2738 1653 2809 “⁴¹¹ἶ¹¹¹¹¹¹¹“³ξ
1770 2738 1959 2807 ,¹’“““³⁶
2124 2793 2137 2804 ,
2371 2739 2540 2806 renis,
2566 2749 2787 2795 sanctos
2822 2755 2852 2794 a
2885 2738 3262 2810 peccatoribus
3291 2750 3656 2807 protesmtnr.
3686 2738 3737 2794 In
3776 2753 3854 2808 quo

679 2799 1010 2854 Vocaverunt
1039 2813 1250 2852 nomma
1276 2813 1395 2868 sua,
1425 2813 1481 2851 tn
1523 2805 1672 2851 terris
1699 2811 1831 2850 suis.
1863 2794 2022 2866 Step0
2052 2808 2196 2850 enim
2371 2826 2477 2866 ηοη
2531 2811 2792 2868 mamma
2847 2826 2908 2867 se
2957 2812 3195 2866 locum",
3223 2855 3237 2868 _
3269 2813 3363 2867 sed
3397 2812 3581 2868 imum
3615 2809 3854 2867 Dominum

606 2895 800 2967 pagani
826 2908 990 2965 super
1016 2890 1401 2949 defunctorum
1426 2889 1710 2960 epulantes
1733 2888 2004 2958 sepulcra,
2033 2895 2196 2956 atque

600 2990 656 3046 in
695 2989 920 3045 nomine
949 3002 1140 3044 eorum
1182 2987 1276 3059 qui
1302 2985 1502 3042 mortui
1551 2993 1678 3040 sunt
1704 2982 1977 3048 bibentes,
2013 2982 2193 3037 inania

599 3100 724 3140 cum
747 3083 981 3156 quodam
1005 3080 1377 3139 modulamine
1398 3087 1621 3136 cantant
1650 3096 1663 3132 :
1694 3077 1791 3134 sed
1816 3076 1950 3132 nihil
1974 3075 2195 3148 prodest

599 3179 654 3236 in
682 3179 896 3236 inferno
924 3178 1217 3236 damnatis.

668 3275 843 3332 Homo
865 3292 983 3330 cum
1027 3275 1083 3329 in
1107 3274 1303 3329 honore
1338 3280 1494 3337 esset,
1524 3286 1627 3325 non
1668 3267 1939 3324 intellexit.
1970 3265 2104 3321 Esse
2133 3277 2193 3320 se

592 3369 661 3426 ad
695 3369 988 3441 imaginem
1037 3367 1134 3424 Dei
1164 3367 1482 3422 formatum.
1517 3364 1861 3434 Comparatus
1889 3369 1964 3415 est
1985 3359 2195 3430 jumen-

593 3463 659 3518 tis
687 3461 1075 3532 insipientibus,
1119 3468 1169 3514 et
1209 3459 1393 3513 similis
1438 3461 1608 3528 factus
1647 3464 1721 3509 est
1760 3454 1888 3508 illis.
1937 3451 2193 3521 Deposita

594 3553 767 3610 forma
790 3553 1000 3610 caelesti
1021 3596 1036 3621 ,
1077 3549 1250 3608 factus
1279 3558 1366 3606 est
1393 3549 1447 3604 in
1478 3546 1890 3604 similitudinem
1919 3544 2187 3617 insipien-

595 3650 728 3705 tium
755 3648 1152 3720 jumentorum.

667 3741 797 3798 Htec
836 3743 920 3796 via
942 3738 1157 3795 illorum
1203 3737 1510 3793 scandalum
1540 3735 1690 3807 ipsis.
1724 3733 1859 3800 Quia
1889 3732 1959 3787 de
1985 3731 2190 3803 judicio

591 3835 658 3892 ad
686 3849 902 3906 poenam
929 3847 1026 3890 eos
1054 3830 1279 3888 deducit
1302 3849 1314 3884 ε
1345 3829 1413 3883 Et
1445 3839 1620 3901 postea
1652 3829 1705 3882 in
1731 3844 1818 3882 ore
1845 3844 1941 3881 suo
1964 3827 2191 3898 complu-

591 3931 795 3984 cebunt.
820 3927 928 3984 Sed
957 3927 1091 3982 nihil
1121 3925 1338 3997 prolicit
1375 3923 1651 3980 confessio
1680 3923 1734 3977 in
1765 3921 2005 3978 inferno.

599 4015 607 4022 ’
663 4022 811 4078 Sicut
837 4037 950 4077 oves
980 4022 1035 4075 in
1054 4021 1260 4091 inferno
1288 4019 1443 4090 positi
1464 4027 1582 4074 sunt
1607 4033 1624 4071 :
1653 4031 1788 4072 mors
1810 4017 2045 4088 deposcet
2075 4033 2181 4072 eos.

591 4114 788 4173 Merito
827 4130 860 4170 a
905 4121 1083 4170 morte
1128 4113 1518 4184 depascuntur,
1565 4111 1660 4184 qui
1689 4110 1966 4167 Christum
1995 4111 2185 4167 nolue-

587 4217 714 4266 runt
742 4208 948 4266 habere
975 4216 1274 4280 pastorem.

658 4300 728 4356 Et
753 4299 1158 4356 dominabuntur
1185 4316 1362 4356 eorum
1381 4302 1520 4373 justi
1544 4301 1597 4355 in
1626 4299 1899 4354 matutino.
1928 4299 1982 4354 ln
2008 4312 2185 4354 resor-

586 4393 850 4449 rectione.
884 4392 956 4447 Et
1001 4393 1262 4448 auxilium
1307 4409 1486 4449 eorum
1532 4400 1811 4449 veterascet
1853 4392 1907 4446 in
1948 4391 2177 4461 inferno.

586 4487 909 4543 llahuerunt
935 4486 1176 4555 divitias,
1206 4485 1306 4543 sed
1335 4502 1459 4543 cum
1488 4486 1890 4543 descenderent
1916 4486 1968 4541 in
2007 4484 2179 4541 infer—

2371 2826 2477 2866 non
2531 2811 2792 2882 propheta
2847 2826 2908 2867 se
2957 2812 3195 2866 locutum
3223 2855 3237 2882 ,
3269 2813 3363 2867 sed
3397 2812 3581 2882 ipsum
3615 2809 3854 2867 Dominum

2371 2891 2708 2953 pronuntiat,
2738 2883 2958 2939 dicens:

2372 2992 2511 3049 Deus
2541 2994 2756 3050 deorum
2787 2993 3039 3050 Dominus
3079 2994 3278 3050 locutus
3305 3005 3402 3052 est.
3438 2997 3586 3054 Deus
3635 2997 3684 3053 in
3711 2993 3855 3052 Trini-

2301 3097 2428 3156 tate,
2474 3089 2654 3159 Pater,
2713 3099 2769 3147 et
2825 3090 3015 3158 Filius,
3068 3099 3123 3146 et
3165 3091 3399 3162 Spiritus
3446 3101 3696 3161 sanctus,
3746 3101 3853 3144 unus

2222 3159 2267 3224 (ἶ
2304 3184 2488 3241 Deus:
2540 3186 2756 3241 deorum
2804 3183 2945 3240 Deus
2977 3200 2997 3239 :
3041 3185 3170 3255 quia
3206 3159 3507 3242 credentes
3551 3159 3689 3242 deos
3717 3183 3853 3238 voluit

2299 3279 2624 3349 nuncupari.
2689 3277 2848 3334 Dedit
2895 3277 3164 3334 enim‘eis
3219 3287 3550 3350 potestatem
3616 3279 3748 3335 filios
3780 3273 3853 3330 Dei

2301 3372 2418 3428 fieri
2454 3390 2468 3427 :
2499 3372 2585 3427 his
2607 3373 2698 3442 qui
2732 3372 2963 3430 credunt
2989 3373 3042 3427 in
3072 3373 3291 3429 nomine
3321 3373 3442 3444 ejus
3474 3371 3657 3448 (Joan.
3689 3371 3742 3442 i).
3772 3370 3852 3426 Do-

2298 3467 2475 3521 minus
2504 3473 2687 3521 autem
2739 3473 2865 3521 est:
2908 3479 2976 3520 eo
3018 3465 3165 3536 quod
3210 3464 3456 3520 omnium
3499 3463 3848 3521 dominantium

2294 3558 2628 3614 dominetur.
2659 3556 2730 3612 Et
2753 3557 2938 3627 utique
2969 3556 3084 3627 ipse
3109 3556 3202 3627 qui
3225 3556 3430 3612 dudum
3475 3558 3529 3612 in
3559 3553 3845 3628 patriarchis

2295 3650 2620 3721 loquebatur
2645 3659 2806 3722 atque
2837 3649 3139 3720 prephetis,
3184 3650 3300 3720 ipse
3326 3665 3475 3706 nunc
3521 3650 3765 3722 loquitur.
3800 3645 3848 3700 Et

2292 3741 2444 3814 quid,
2476 3743 2678 3814 inquis,
2714 3741 2991 3815 loquitur?
3035 3741 3106 3795 Et
3133 3743 3329 3797 vocavit
3367 3751 3579 3798 terram.
3623 3741 3727 3798 Non
3753 3752 3848 3810 par-

2292 3844 2400 3891 tem
2427 3835 2696 3907 aliquam;
2724 3835 2822 3891 sed
2846 3835 2972 3891 audi
3001 3835 3130 3906 quid
3162 3835 3366 3906 adjecit
3407 3854 3422 3892 :

2363 3931 2406 3982 A
2435 3929 2561 3984 solis
2586 3939 2704 3984 ortu
2735 3944 2894 3999 usque
2921 3927 2989 4004 ad
3019 3942 3280 3983 occasum.
3310 3915 3458 3982 Nihil
3482 3927 3712 3999 reliquit,
3731 3919 3843 3994 quod

2290 4037 2399 4078 non
2435 4037 2532 4077 sua
2575 4019 2863 4078 vocatione
2892 4020 3103 4077 faceret
3131 4020 3378 4091 dignum.
3411 4019 3501 4075 Ea:
3540 4022 3665 4076 Sion
3691 4017 3842 4088 species

2289 4114 2491 4170 decoris
2521 4117 2653 4188 ejus.
2693 4113 2827 4182 Quae
2855 4122 2941 4170 est
2969 4111 3103 4169 ﬁdes
3142 4121 3307 4183 atque
3334 4112 3636 4168 credulitas
3670 4125 3770 4182 qua:
3791 4120 3838 4160 et

2287 4209 2418 4264 Sion
2449 4209 2659 4280 incipit.
2694 4206 2854 4264 Unde
2883 4205 3146 4263 Dominus
3184 4205 3239 4262 in
3267 4205 3588 4278 Evangeliis
3620 4206 3838 4274 :Oportc-

2254 4353 2260 4358 .
2285 4303 2379 4358 bat
2408 4304 2555 4358 enim
2579 4301 2696 4358 haec
2720 4301 2994 4358 Christum
3027 4301 3138 4372 pati
3180 4310 3237 4357 et
3272 4316 3569 4373 resurgere
3595 4316 3626 4357 a
3653 4295 3834 4355 mortuis

2249 4408 2258 4417 '
2287 4395 2444 4451 tertia
2480 4395 2591 4462 die,
2619 4402 2676 4451 et
2700 4393 2986 4465 praedicari
3023 4395 3075 4450 in
3103 4395 3324 4450 nomine
3353 4393 3475 4464 ejus
3505 4391 3832 4466 paenitentiam

2285 4498 2341 4543 et
2378 4489 2756 4544 remissionem
2798 4495 3148 4558 peccatorum
3191 4487 3244 4542 in
3283 4501 3479 4543 omnes
3515 4494 3694 4559 gentes
3725 4501 3735 4538 :
3770 4480 3832 4533 in-

581 4594 733 4650 num,
757 4588 1115 4637 evanuerunt.
1142 4553 1186 4634 Ᾰ
1213 4580 1384 4652 gloria
1408 4596 1522 4635 sua.
1545 4578 1682 4647 Quia
1710 4593 1820 4635 non
1846 4578 2179 4650 quaesierunt
2209 4553 2258 4614 θ
2287 4579 2612 4650 cipientibns
2642 4580 2712 4635 ab
2740 4553 3070 4645 Jerusalem,
3097 4593 3219 4651 qua:
3248 4588 3332 4635 est
3360 4579 3497 4636 Sion
3519 4553 3670 4652 ξιιω.
3690 4572 3828 4639 xm).

581 4674 808 4746 gloriam
845 4673 1072 4744 Christi,
1102 4672 1195 4745 qui
1219 4688 1362 4729 nunc
1389 4673 1460 4730 de
1486 4689 1548 4730 se
1577 4673 1836 4745 loquitur.
1897 4725 1914 4736 χ

663 4766 1002 4823 Verumtatem
1029 4765 1170 4823 Deus
1203 4767 1420 4824 redimet
1462 4767 1689 4821 animam
1715 4783 1880 4821 meam
1909 4766 1974 4819 de
2015 4781 2173 4819 manu

576 4862 734 4933 inferi
772 4879 891 4917 cum
937 4862 1192 4933 acceperit
1235 4878 1336 4916 ine.
1376 4859 1552 4917 Homo
1601 4861 1746 4916 Deus
1784 4875 1892 4915 non
1926 4860 2169 4930 rapinam

575 4956 876 5012 arbitratus
921 4965 1010 5012 est
1055 4970 1178 5012 esse
1208 4970 1270 5012 se
1310 4955 1574 5026 aequalem
1629 4954 1784 5010 Deo:
1833 4954 1928 5009 sed
1971 4960 2172 5008 semet-

575 5047 756 5119 ipsum
778 5047 1107 5113 exinanivit,
1133 5047 1364 5103 formam
1383 5043 1692 5117 suscipiens
1714 5046 1880 5102 servi.
1905 5045 2171 5115 Suscepta

570 5142 735 5198 etiam
765 5151 958 5208 morte,
993 5143 1354 5197 resuscitatus
1386 5150 1608 5212 paterna
1639 5141 1864 5209 virtute,
1890 5140 2168 5197 hominem

573 5234 666 5305 qui
693 5241 980 5290 corruerat
1006 5234 1305 5304 reparavit.

642 5326 728 5381 Ne
758 5326 988 5382 timueris
1036 5341 1152 5380 cum
1197 5326 1334 5381 dives
1373 5326 1542 5398 factus
1567 5325 1719 5395 {aerit
1749 5326 1923 5392 homo,
1975 5335 2170 5380 etcum

564 5419 914 5489 multiplicata
941 5419 1098 5490 fuerit
1118 5417 1288 5488 gloria
1313 5417 1498 5472 domus
1523 5419 1656 5488 ejus,
1696 5427 1805 5474 etc.
1842 5419 2001 5474 Dives
2029 5417 2166 5474 effe-

566 5521 688 5568 ctus
716 5518 803 5569 est
829 5509 1000 5566 Judas
1034 5509 1285 5581 proditor
1324 5509 1616 5566 vendendo
1671 5510 1989 5581 Magistrum
2022 5527 2036 5562 :
2067 5510 2164 5566 sed

2358 4670 2501 4726 Deus
2547 4671 2820 4743 manifeste
2863 4672 3047 4726 veniet.
3078 4669 3200 4726 Non
3232 4671 3500 4728 occultus.
3553 4671 3676 4737 Vel,
3721 4664 3830 4720 Dem

2285 4765 2558 4835 manifeste
2581 4766 2746 4820 veniet
2770 4781 2790 4820 :
2817 4764 2920 4821 hoc
2949 4777 3066 4830 est,
3098 4766 3151 4820 in
3179 4765 3267 4820 die
3291 4765 3481 4837 judicii
3503 4805 3518 4833 ,
3547 4766 3662 4837 quia
3685 4755 3828 4817 omnis

2282 4857 2446 4914 homo
2476 4872 2601 4914 eum
2634 4858 2844 4916 videbit
2870 4875 2886 4916 :
2915 4858 3051 4916 utin
3078 4860 3407 4932 Apocalypsi
3442 4861 3555 4916 ait:
3580 4860 3643 4915 Et
3666 4848 3829 4910 videbit

2278 4965 2402 5004 eum
2425 4949 2601 5005 omnis
2621 4950 2815 5006 oculus
2842 4949 3028 5022 (Apoc.
3053 4949 3115 5022 ι).
3134 4949 3272 5005 Deus
3292 4961 3464 5006 noster
3487 4961 3532 5006 et
3553 4966 3654 5005 non
3675 4943 3824 5002 silebit.

2277 5043 2414 5112 Quia
2459 5043 2530 5098 ad
2567 5041 2922 5114 judicandum
2978 5045 3162 5100 veniet
3201 5062 3214 5099 :
3252 5044 3405 5114 juxta
3461 5043 3592 5100 illud
3624 5060 3638 5100 :
3666 5039 3822 5097 Tacui.

2279 5137 2544 5208 numquid
2569 5152 2788 5208 semper
2817 5136 3186 5210 taceboUsai.
3214 5137 3561 5208 xui)?Modo
3591 5141 3738 5198 tacet,
3763 5138 3823 5182 u-

2276 5243 2402 5286 men
2430 5238 2484 5286 et
2512 5231 2559 5284 si
2589 5228 2976 5300 tacetjudicio,
3002 5244 3110 5285 non
3135 5237 3278 5285 tacet
3307 5218 3585 5286 mandato.
3609 5227 3660 5284 In
3683 5221 3822 5296 primo

2276 5326 2515 5382 adventu
2544 5325 2733 5395 tacuit,
2765 5323 2893 5396 quia
2921 5323 3143 5380 humilis
3167 5325 3441 5396 apparuit.

2347 5417 2493 5492 Ignis
2521 5420 2577 5474 in
2605 5428 2879 5490 conspectu
2907 5419 3023 5490 ejus
3051 5419 3272 5475 ardebit.
3300 5419 3581 5491 anlicem
3612 5407 3816 5484 hic'ignis

2270 5512 2596 5584 intelligitur
2644 5512 2856 5569 habere
2905 5515 3188 5569 virtutem.
3249 5512 3525 5569 Illuminat
3577 5510 3735 5572 enim,
3776 5507 3817 5555 ει

567 5603 706 5659 nihil
734 5601 894 5674 pretii
912 5600 1058 5672 quod
1089 5610 1466 5673 assumpserat
1485 5644 1499 5670 ,
1527 5615 1714 5656 secum
1762 5616 1884 5657 cum
1934 5602 2167 5656 moritur
2267 5604 2470 5660 exurit.
2497 5603 2784 5661 Gaudeant
2802 5604 2936 5676 justi
2962 5620 2977 5661 :
3005 5605 3134 5676 quia
3153 5604 3534 5661 illuminantur
3553 5619 3621 5661 ex
3651 5612 3726 5658 eo.
3745 5591 3814 5649 Ti-

568 5693 894 5761 dcportavit.
937 5692 1028 5747 Sic
1071 5706 1203 5762 ergo
1251 5709 1397 5750 nunc
1448 5694 1854 5762 unusquisque,
1893 5707 2162 5762 oppresso
2267 5706 2452 5753 meant
2482 5705 2824 5767 peccatores,
2867 5697 2958 5769 qni
2992 5696 3257 5755 exurendi
3287 5707 3414 5754 sunt
3450 5698 3520 5754 ab
3557 5710 3641 5753 eo.
3686 5690 3744 5744 Et
3771 5683 3810 5737 εκ

569 5793 838 5852 paupere,
883 5783 1037 5840 dives
1075 5784 1309 5840 efﬁcitur
1359 5796 1414 5842 et
1460 5784 1873 5853 multiplicatur.
1921 5783 2042 5840 Noli
2094 5786 2157 5840 ti.

2263 5788 2482 5843 circuitu
2503 5791 2614 5860 eius
2641 5798 2910 5861 tempestas
2928 5789 3122 5846 valida.
3145 5789 3277 5859 Quae
3308 5790 3535 5863 ﬂagellat
3557 5796 3611 5846 et
3628 5775 3808 5850 cortis“
