4010 6390
154 295 267 361 969

1090 299 1518 362 BREVlARlUM
1558 303 1623 363 IN
1664 299 1997 366 PSALMOS.
2038 305 2291 367 PSALM.
2337 310 2526 370 XLIX.

3351 310 3456 368 970

158 415 517 477 peceatores,
552 408 904 483 triticumque
935 416 1177 471 secernit
1204 432 1253 471 a-
1277 417 1467 488 paleis.
1510 421 1578 476 Et
1626 434 1762 489 quos
1787 418 1835 481 A
1870 421 2012 477 libus
2040 431 2301 481 vacantes
2328 423 2579 480 homines
2613 442 2624 478 :
2658 438 2793 494 quos
2814 430 3031 495 oportet
3061 424 3346 482 vacatione
3372 426 3461 481 Fi-

158 498 304 569 ignis
328 500 532 571 exurit,
554 510 851 575 tempestas
867 505 1114 562 involvit.
1141 509 1205 564 Et
1228 510 1281 565 in
1305 511 1415 566 alio
1444 512 1566 568 loco
1593 512 1721 569 dicit
1746 530 1760 568 :

157 590 427 664 Purgabit
468 610 655 651 aream
700 610 855 652 suam
880 639 895 664 ,
939 607 997 654 et
1038 602 1393 674 congregabit
1440 603 1676 660 triticum
1710 605 1763 660 in

159 688 428 745 horreum
462 707 475 744 :
508 690 695 761 paleas
725 700 910 749 autem
945 694 1235 752 comburct
1262 694 1368 769 igni
1402 697 1765 771 inexstingui-

158 779 257 835 bili
279 779 431 853 (Luc.
449 782 529 855 v).

236 871 304 927 Et
336 877 537 934 vocavit
566 880 754 935 cretum
779 880 1068 937 desursum.
1088 883 1384 953 Apostolos
1409 885 1497 943 vel
1528 885 1765 958 reliquos

157 976 419 1039 sanctas,
464 972 558 1042 qui
589 973 869 1046 despectis
917 978 1185 1045 terrenis,
1223 994 1345 1050 quae
1390 994 1605 1035 sursum
1639 988 1767 1035 sunt

158 1063 406 1134 sapiunt.
430 1061 502 1119 Et
530 1075 722 1123 terram
756 1069 1050 1128 discernere
1070 1070 1321 1145 populum
1344 1091 1522 1128 suum.
1554 1074 1767 1131 Discer-

160 1156 245 1212 nit
277 1167 463 1214 autem
495 1168 551 1215 et
582 1170 851 1231 terrenos,
892 1172 1093 1220 utcum
1116 1165 1372 1222 etelestes
1395 1175 1672 1235 ponuntur
1697 1165 1765 1221 ad

160 1251 475 1319 dexteram,
502 1253 556 1308 hi
588 1253 656 1311 ad
678 1255 962 1313 sinistram
983 1259 1347 1315 collocentur.
1369 1258 1467 1315 Vel
1491 1260 1769 1316 discernet

162 1344 429 1414 populum
474 1360 632 1402 suum
654 1386 670 1412 ,
719 1347 775 1403 in
807 1348 989 1404 futuro
1025 1349 1235 1420 judicia
1264 1351 1483 1422 quando
1523 1351 1768 1408 dicturus

162 1436 273 1492 erit
302 1454 313 1489 :
340 1435 442 1506 Ite,
476 1437 779 1508 maledicti,
810 1440 862 1494 in
891 1440 1071 1512 ignem
1101 1453 1389 1499 internum.
1420 1444 1487 1499 Et
1517 1443 1584 1500 ad
1612 1459 1771 1501 sanc-

165 1539 254 1586 tos
280 1548 293 1585 :
319 1530 398 1586 Ite
424 1530 478 1586 in
511 1532 678 1588 vitam
712 1544 974 1589 aeternam
1002 1534 1186 1606 (Matt.
1211 1536 1364 1606 xxv).

240 1623 566 1699 Cougregate
614 1625 699 1681 illi
744 1636 949 1683 sanctos
997 1631 1135 1702 ejus.
1165 1630 1210 1685 Ο
1237 1645 1399 1702 quam
1442 1630 1771 1687 mirabiliter

164 1715 290 1771 haec
331 1716 629 1789 Evangelia
677 1727 867 1775 sancto
910 1721 1281 1776 conveniunt!
1316 1721 1579 1777 Dominus
1623 1723 1767 1778 cnim

1869 511 1928 568 lii
1954 514 2044 570 Dei
2077 516 2259 573 salvos
2290 518 2428 573 ﬁeri.

1937 604 2161 679 Cognovi
2200 611 2371 665 omnia
2405 609 2639 665 volatilia
2666 608 2800 665 caeli.
2834 610 2961 668 Sive
3000 610 3317 678 hrcreticas,
3346 611 3463 668 sive

1867 697 2066 756 divites
2097 700 2258 771 hujus
2286 701 2495 767 mundi,
2523 701 2614 773 qui
2642 718 2741 771 per
2768 703 3097 758 mundanam
3148 703 3461 772 superbiam

1868 801 1923 845 et
1965 791 2398 848 irrationabilem
2441 793 2726 849 scientiam
2767 794 3123 851 extolluntur.
3168 793 3237 850 Et
3270 797 3464 869 species

1869 886 1985 956 agri
2027 900 2230 939 merum
2266 894 2363 943 est.
2399 885 2534 953 Quia
2564 886 2654 942 ubi
2683 888 2934 957 voluero,
2975 903 3163 945 rerum
3215 892 3462 945 omnium

1869 975 2023 1044 copia
2050 1017 2066 1042 ,
2104 976 2191 1031 vel
2218 975 2565 1043 diffunditur,
2590 977 2673 1033 vel
2704 989 2955 1049 negatur.
2988 979 3087 1036 Vel
3130 981 3326 1050 species
3352 980 3467 1053 agri

1871 1083 2067 1122 mecum
2110 1077 2184 1124 est
2213 1084 2232 1123 :
2269 1069 2443 1124 virtus
2486 1079 2687 1125 sancta:
2737 1070 3020 1128 Ecclesiae.
3052 1072 3302 1128 Valatilia
3342 1072 3474 1129 caeli

1871 1173 1994 1229 qum
2016 1158 2147 1213 mihi
2171 1157 2359 1226 offers,
2387 1168 2628 1216 turtures
2653 1171 2707 1217 et
2734 1163 3040 1227 columbas,
3065 1177 3166 1234 ego
3191 1163 3285 1218 tibi
3317 1163 3468 1228 dedi,

1873 1261 1928 1309 et
1973 1254 2154 1309 omnia
2200 1264 2498 1325 antequam
2546 1254 2704 1322 liant,
2748 1256 2891 1326 apud
2943 1256 3110 1311 Deum
3152 1257 3381 1312 vivunt:
3415 1265 3472 1311 et

1872 1346 2018 1416 quali
2046 1345 2171 1401 loco
2205 1355 2421 1413 essent,
2460 1356 2518 1402 et
2553 1345 2699 1417 quali
2737 1355 2982 1417 tempore
3008 1348 3297 1418 venerint,
3331 1358 3383 1404 et
3414 1348 3465 1404 in

1872 1438 2134 1507 pondere,
2150 1446 2204 1493 et
2226 1440 2278 1493 in
2298 1453 2560 1493 mensura
2578 1437 2767 1494 omnia
2786 1438 2929 1510 apud
2945 1439 3115 1496 Deum
3134 1452 3291 1496 sunt:
3315 1451 3374 1496 ut
3393 1441 3469 1496 ait

1873 1529 1925 1583 in
1944 1529 2241 1601 Evangelia
2270 1530 2435 1586 :Nam
2456 1542 2515 1587 et
2534 1529 2719 1602 capilli
2743 1531 2940 1601 capitis
2963 1533 3129 1588 vestri
3155 1548 3345 1589 omnes
3370 1549 3468 1589 nu-

1872 1624 2065 1677 merati
2085 1630 2212 1678 sunt
2231 1622 2384 1696 (Luc.
2405 1623 2659 1696 xn).Vel,
2678 1625 2910 1680 volatilia
2931 1626 3247 1691 caali,sancti
3264 1627 3465 1699 angeli.

1949 1716 2012 1772 Si
2036 1719 2285 1784 esuriero,
2310 1734 2413 1773 non
2439 1718 2611 1773 dicam
2636 1718 2747 1774 tibi.
2775 1719 2999 1776 Esurire
3031 1720 3126 1776 Dei
3151 1728 3259 1789 est,
3288 1719 3473 1777 nonin

166 1807 773 1885 posttlispensalionem
796 1810 941 1879 ﬁnis,
966 1813 1268 1885 auditqnid
1295 1813 1431 1870 dicit
1457 1831 1476 1870 .-
1503 1814 1678 1872 Miuet
1708 1816 1770 1871 n—
1800 1816 1848 1878 B
1874 1811 2018 1867 escis
2044 1811 2526 1882 corruptibilibus,
2559 1812 2658 1869 sed
2691 1821 2749 1868 ut
2780 1814 2943 1869 iaciat
2980 1814 3106 1885 quis
3136 1815 3471 1871 voluntatem

168 1899 278 1955 lius
298 1901 532 1959 hominis
550 1902 778 1973 angelos
799 1919 928 1961 suos
945 1920 1071 1961 cum
1095 1905 1223 1961 tuba
1246 1916 1301 1962 et
1325 1907 1527 1963 virtute
1550 1922 1767 1979 magna,

165 2001 228 2050 ct
270 1994 689 2069 congregabunt
736 1997 945 2055 electas
974 1999 1095 2069 ejus
1142 2015 1172 2055 a
1224 1991 1462 2070 quatuor
1492 2002 1692 2069 ventis,
1738 2019 1769 2057 a

166 2101 386 2143 summa
406 2088 670 2144 caelorum
703 2088 882 2162 (Matt.
918 2092 1089 2163 xxiv).
1116 2091 1187 2147 Et
1219 2092 1307 2148 hic
1333 2092 1466 2147 dicit
1496 2109 1515 2147 :
1547 2092 1774 2165 Congre-

164 2192 287 2253 gats
310 2181 389 2235 illi
406 2198 582 2238 omnes
611 2192 818 2240 sanctos
841 2188 979 2257 ejus.
1015 2185 1316 2257 lntelligite
1338 2202 1469 2258 ergo
1500 2204 1597 2259 per
1622 2188 1767 2255 haec,

167 2288 340 2330 unum
369 2275 570 2331 veteris
597 2277 834 2347 novique
859 2276 1195 2335 Tcstamenti
1213 2294 1336 2336 esse
1357 2280 1766 2351 dispositorem.

248 2369 351 2438 Qui
390 2371 635 2426 ordinant
659 2381 1017 2428 testamentum
1053 2375 1170 2445 ejus
1198 2391 1354 2446 super
1392 2374 1677 2445 sacriﬁcia.
1712 2373 1772 2429 In

169 2478 406 2535 quorum
437 2464 887 2522 miserationibus
919 2467 1065 2524 Deus
1092 2484 1260 2539 super
1287 2468 1541 2525 omnibus
1567 2466 1775 2523 sacriii-

168 2557 274 2612 ciis
308 2557 633 2614 delectatur.
666 2558 768 2615 Vel
803 2560 1077 2629 ordinant,
1123 2560 1425 2631 praedicant
1465 2568 1521 2617 ct
1546 2559 1778 2632 implent

168 2648 591 2708 Testamentum
619 2666 816 2708 novum
843 2667 1011 2725 super
1030 2664 1212 2722 vetus,
1236 2655 1362 2727 quia
1387 2664 1669 2711 transeunt
1692 2670 1779 2711 ve-

170 2751 318 2812 tera,
347 2753 403 2801 et
430 2760 563 2802 ecce
593 2746 737 2802 facta
765 2755 894 2802 sunt
918 2747 1101 2802 omnia
1128 2762 1264 2803 nova
1294 2747 1364 2819 (ll
1392 2746 1513 2802 Cor.
1550 2745 1629 2820 v).

244 2837 317 2894 Et
351 2840 738 2896 annuntiabuut
767 2841 883 2897 coeli
914 2842 1177 2912 justitiam
1221 2844 1356 2914 ejus.
1392 2840 1777 2912 Evangelistas,

168 2931 262 2989 vel
288 2932 374 2987 lex
401 2933 592 3006 Moysi.
625 2934 883 3000 Quoniam
913 2933 1052 2990 Deus
1069 2933 1243 3006 judea'.
1269 2942 1363 2989 est.
1389 2934 1491 3003 Qui
1520 2948 1780 3005 separare

170 3024 305 3082 facit
336 3026 507 3082 bonos
536 3043 566 3083 a
600 3029 779 3084 malis.
804 3027 904 3084 Vel
936 3028 1087 3097 caeli,
1119 3028 1293 3084 sancti
1325 3044 1339 3082 :
1369 3027 1777 3095 annuutiabunt,

169 3119 551 3192 praedicabunt
585 3139 595 3174 :
628 3130 689 3177 ut.
734 3120 869 3177 illud
892 3166 907 3191 ,
939 3120 1079 3179 Caeli
1116 3130 1380 3178 enarrant
1409 3121 1636 3193 gloriam
1681 3121 1781 3178 Dei

1874 1903 1998 1975 ejus
2023 1922 2035 1959 :
2062 1905 2203 1962 sicut
2226 1906 2342 1976 ipse
2367 1907 2445 1961 ait
2474 1906 2527 1961 in
2554 1906 2849 1978 Evangelia
2879 1924 2894 1963 :
2926 1908 3076 1963 Meus
3103 1909 3259 1965 cibus
3290 1917 3394 1978 est,
3417 1918 3475 1963 ut

1875 1995 2069 2053 faciam
2096 1997 2436 2055 voluntatem
2469 1998 2651 2055 Patris
2682 2000 2789 2055 mei
2821 1997 3002 2072 (Joan.
3033 2000 3134 2073 tv).
3164 2002 3308 2072 Ergo
3331 2010 3474 2057 tacet

1875 2090 2129 2146 Christus
2169 2106 2326 2146 suam
2368 2092 2604 2147 esuriem
2637 2109 2650 2145 :
2684 2093 2810 2162 quia
2838 2100 3121 2163 exspectat
3154 2100 3475 2163 peccatores

1875 2181 1942 2237 ad
1974 2183 2379 2251 pmnitentiam.
2413 2183 2565 2238 Meus
2589 2193 2663 2239 est
2683 2185 2821 2239 enim
2845 2184 2982 2240 orbis
3022 2196 3190 2251 terris,
3224 2196 3271 2240 et
3301 2186 3470 2258 pleni-

1876 2273 2004 2329 tudo
2040 2278 2177 2349 ejus.
2210 2274 2380 2331 Totus
2419 2275 2673 2332 mundus.
2701 2276 2833 2344 Vel,
2878 2277 3014 2332 orbis
3052 2285 3232 2344 terrm,
3281 2287 3473 2335 sancta
3530 2325 3536 2331 .

1877 2367 2149 2425 Ecclesia.
2178 2369 2255 2424 Ac
2283 2369 2330 2425 si
2361 2368 2602 2437 diceret,
2646 2384 2747 2425 suo
2775 2384 2896 2426 eam
2937 2386 3059 2427 esse
3085 2373 3352 2443 sanguine
3382 2388 3471 2431 rc—

1877 2460 2175 2532 demptam.

1953 2554 2229 2622 Numquid
2260 2555 2585 2611 manducabo
2603 2572 2787 2611 carnes
2813 2563 3086 2612 taurorum
3104 2602 3118 2628 ,
3148 2569 3236 2612 aut
3263 2561 3479 2632 sanguio

1882 2664 1997 2705 nem
2021 2648 2286 2703 hircorum
2307 2649 2533 2721 potabo?
2554 2649 2756 2706 Vetera
2777 2649 2864 2706 hic
2884 2652 3148 2707 sacriﬁcia
3171 2653 3479 2709 evacuanda

1882 2756 2008 2799 esse
2037 2736 2285 2799 declarat
2310 2759 2327 2799 :
2358 2741 2593 2814 ideoque
2618 2744 2671 2800 in
2698 2743 2944 2801 maribus
2966 2743 3125 2800 bonis
3150 2746 3478 2803 sacriﬁcium

1882 2834 2113 2906 requirit
2144 2852 2158 2889 :
2190 2835 2395 2891 dicens.

1956 2923 2182 2980 Immola
2210 2924 2322 2982 Deo
2361 2926 2678 2997 sacriﬁcium
2707 2928 2909 2996 laudis,
2942 2939 2993 2984 et
3028 2931 3188 2986 redde
3213 2931 3480 2989 Altissimo

1886 3030 2005 3074 vota
2047 3028 2157 3075 tua.
2199 3019 2312 3076 Hoc
2361 3028 2445 3075 est
2487 3019 2814 3076 sacriﬁcium
2850 3023 3189 3092 acceptabile
3220 3041 3232 3077 :
3268 3025 3371 3080 hoc
3401 3036 3481 3082 est

1888 3110 2272 3168 holocaustum
2316 3112 2516 3183 pingue
2550 3129 2563 3166 :
2597 3120 2658 3167 ut
2687 3111 2937 3168 laudetur
2975 3114 3118 3170 Deus
3155 3116 3224 3170 ab
3263 3115 3484 3172 homine

179 3212 362 3286 (Psal.
394 3214 574 3287 xvtn).
607 3214 883 3271 Justitiam
908 3219 1044 3288 ejus,
1069 3214 1323 3271 mandata
1352 3217 1494 3287 ejus.
1521 3215 1782 3283 Quoniam

1900 3222 2050 3278 quem
2073 3206 2300 3274 creavit,
2325 3221 2487 3277 quem
2515 3204 2745 3261 redemit
2772 3225 2786 3262 :
2816 3206 2904 3264 cui
2936 3215 2990 3263 et
3013 3223 3236 3279 regnum
3260 3209 3485 3268 caeleste

177 3306 326 3363 Deus
348 3309 511 3379 iudex
533 3311 613 3364 est
638 3325 656 3364 :
680 3310 805 3379 quia
837 3310 954 3381 ipse
975 3318 1061 3365 est
1086 3308 1252 3381 judex
1273 3310 1520 3366 vivorum
1552 3318 1607 3366 et
1634 3324 1784 3365 mor-

179 3412 422 3458 tuorum.
471 3401 538 3457 Et
564 3400 868 3459 advocatus
911 3411 1101 3460 uoster
1139 3410 1257 3474 est,
1305 3413 1358 3461 et
1385 3403 1553 3475 judex
1580 3413 1698 3473 est,
1729 3411 1787 3459 et

182 3494 337 3551 Deus
369 3504 558 3551 noster
581 3504 686 3552 est.

256 3586 420 3657 Audi,
442 3590 667 3662 populus
690 3604 877 3645 meus:
906 3598 955 3645 et
980 3590 1166 3661 loquar
1192 3590 1306 3658 tibi,
1336 3590 1527 3646 Israel.
1546 3590 1665 3648 Vox
1691 3589 1784 3647 Dei

181 3682 398 3747 Patris.
451 3683 519 3738 ad
549 3684 811 3754 populum
840 3682 1128 3740 Judaicum
1158 3684 1423 3755 loquitur.
1470 3682 1646 3750 Audi,
1686 3701 1787 3755 po-

183 3774 345 3847 pulus
374 3791 535 3831 meus.
582 3778 786 3831 Aurem
834 3776 1020 3833 cordis
1060 3776 1287 3846 requirit
1322 3795 1333 3830 :
1365 3776 1510 3832 unde
1547 3776 1625 3832 ait
1663 3791 1785 3847 pra-

182 3866 351 3939 pheta
386 3884 400 3921 :
433 3865 671 3923 Audiam
702 3867 833 3939 quid
865 3867 1118 3940 loquatur
1148 3867 1201 3923 in
1240 3883 1328 3923 me
1353 3867 1617 3924 Dominus
1647 3870 1789 3924 Deus

187 3959 372 4033 (Psal.
401 3959 650 4034 Lxxxtv).
692 3961 760 4018 Et
796 3961 931 4018 alibi
973 3979 988 4016 :
1030 3960 1212 4029 Audi,
1260 3962 1425 4018 Israel
1467 3980 1482 4019 :
1524 3963 1789 4019 Dominus

185 4052 337 4111 Deus
356 4059 503 4121 tuus,
530 4054 672 4109 Deus
694 4067 836 4108 unus
861 4061 947 4110 est
970 4053 1152 4126 (Deut.
1168 4053 1267 4125 γι).
1290 4053 1389 4111 Vel
1417 4055 1608 4128 accipe
1628 4070 1790 4111 aures

183 4145 480 4213 audiendi,
513 4155 570 4200 ut
593 4144 891 4215 intelligas,
918 4144 1108 4201 Israel.
1141 4144 1212 4201 Et
1241 4148 1556 4219 testificabor
1584 4148 1699 4204 tibi.
1731 4148 1789 4206 Si

186 4248 380 4297 mente
401 4235 677 4307 spirituali
711 4237 1086 4307 perspexeris.
1121 4237 1216 4293 Vel
1249 4240 1561 4310 testiﬁcabor
1590 4240 1703 4309 tibi,
1738 4239 1790 4296 id

185 4340 310 4398 est,
343 4342 443 4399 per
475 4324 812 4398 patriarchas
836 4336 889 4382 et
919 4326 1247 4397 prophetas,
1289 4329 1429 4385 sicut
1460 4329 1598 4385 dixit
1629 4347 1643 4385 :
1676 4329 1792 4401 Ego

186 4438 314 4481 sum
340 4420 433 4493 qui
450 4435 571 4475 sum
596 4417 798 4490 (Exod.
817 4416 898 4490 v).
927 4418 1186 4486 Quoniam
1204 4418 1368 4487 Deus,
1393 4420 1535 4477 Deus
1561 4432 1681 4478 tuus
1700 4440 1793 4494 ego

187 4532 330 4573 sum.
357 4513 497 4569 Deus
516 4528 653 4581 sum,
672 4511 1102 4585 omnipotentia;
1131 4524 1252 4569 tuus
1275 4528 1396 4569 sum
1420 4524 1602 4572 autem
1624 4516 1789 4582 Deus,

1890 3299 2180 3369 promittit.
2207 3297 2305 3354 Vel
2345 3313 2448 3353 vox
2490 3298 2771 3369 propheta:
2811 3299 3070 3356 admonet
3109 3310 3351 3370 sanctos,
3387 3305 3486 3358 im-

1891 3390 2101 3447 molare
2132 3390 2509 3461 spiritualiter,
2540 3400 2596 3447 et
2622 3401 2748 3448 vota
2780 3391 3035 3461 reddere,
3068 3402 3129 3448 ut
3158 3394 3234 3448 ait
3266 3413 3279 3450 :
3310 3395 3367 3450 In
3399 3412 3488 3451 me

1890 3494 2034 3552 sunt,
2072 3485 2236 3554 Deus,
2270 3493 2392 3541 vota
2420 3493 2511 3541 tua
2538 3502 2551 3539 :
2578 3500 2698 3555 qua!
2727 3485 2954 3542 reddam
2987 3487 3331 3545 laudationes
3358 3489 3478 3547 tibi.

1962 3578 2161 3634 Invom
2186 3595 2268 3634 me
2293 3579 2349 3633 in
2373 3579 2458 3633 die
2491 3578 2842 3635 tribulationis
2881 3589 3000 3650 tute,
3031 3590 3138 3637 etc.
3168 3580 3486 3651 Tentamur,

1889 3679 1951 3728 ut
1997 3671 2288 3742 probemur
2332 3689 2344 3725 :
2386 3685 2805 3742 perseveremus
2834 3673 2888 3728 in
2919 3672 3046 3741 Iide,
3087 3672 3404 3732 invocemus
3433 3676 3487 3731 in

1892 3762 2249 3822 tribulatione
2288 3781 2300 3818 :
2339 3764 2750 3837 magniﬁcemus
2799 3780 2924 3821 eum
2967 3780 3090 3822 cum
3142 3766 3409 3823 fuerimus
3455 3784 3486 3823 a

1894 3858 2153 3929 periculis
2184 3857 2423 3915 liberati.

1965 3951 2237 4006 Peccatori
2261 3961 2433 4006 autem
2459 3950 2596 4007 dixit
2625 3950 2766 4008 Deus
2788 3969 2984 4024 :quare
3014 3962 3070 4009 tu
3090 3971 3301 4010 enarras
3321 3958 3489 4031 justi-

1895 4045 1991 4101 tias
2019 4062 2177 4114 meas,
2212 4056 2262 4100 et
2290 4045 2512 4102 assumis
2540 4053 2897 4102 testamentum
2922 4063 3094 4102 meum
3114 4064 3207 4119 per
3233 4065 3291 4104 os
3313 4053 3495 4105 tuum?

1894 4137 2136 4196 Audiam
2175 4137 2294 4194 lucc
2342 4138 2600 4194 doctores
2645 4139 2728 4194 vel
2770 4139 3015 4211 episcopi
3064 4141 3433 4198 Ecclesiarum
3477 4163 3492 4200 :

1894 4236 1985 4307 qui
2016 4246 2237 4307 peccata
2282 4235 2608 4307 populorum
2648 4247 2898 4292 resecant
2936 4237 3307 4307 praedicando.
3342 4239 3497 4296 Unde

1898 4339 2126 4385 sanctus
2148 4328 2349 4385 Paulus
2373 4327 2505 4384 dicit
2537 4344 2551 4380 :
2581 4328 2852 4384 Manifesti
2881 4338 3010 4384 sunt
3041 4331 3131 4400 qui
3160 4346 3493 4405 praeceptum

1897 4418 2096 4477 Christi
2129 4434 2236 4476 non
2266 4420 2645 4475 sustinuerunt
2672 4418 2714 4491 (l
2751 4418 2887 4474 Tim.
2919 4420 2996 4492 ν),
3030 4421 3084 4477 id
3113 4431 3216 4491 est,
3251 4440 3357 4482 non
3392 4428 3494 4483 im-

1899 4512 2049 4582 plent
2079 4511 2134 4566 in
2158 4525 2326 4582 apere
2351 4511 2494 4581 quod
2524 4510 2845 4580 praedicant.
2884 4511 3037 4568 Unde
3072 4512 3334 4573 Dominus
3360 4518 3498 4576 dixit

190 4624 295 4681 per
327 4608 591 4680 gratiam:
614 4621 722 4663 non
751 4606 1043 4662 simulacra
1073 4615 1221 4662 muta
1247 4617 1303 4663 et
1330 4605 1520 4673 surda,
1550 4622 1670 4678 qua!
1696 4606 1794 4661 ba-
1821 4599 1875 4661 D
1901 4603 2164 4675 apostolis
2207 4620 2220 4656 :
2262 4602 2397 4671 Qum
2446 4602 2687 4657 dixerint
2731 4602 2893 4659 vobis
2941 4604 3101 4662 facile
3141 4624 3155 4660 :
3199 4613 3498 4670 secundum

190 4712 390 4760 etenus
401 4709 691 4758 veneratus
705 4700 890 4759 es.Vel
906 4716 1006 4774 ego
1023 4715 1142 4757 sum
1153 4742 1168 4769 ,
1181 4701 1272 4772 qui
1289 4715 1509 4772 semper
1522 4715 1642 4757 sum
1656 4700 1670 4756 i
1678 4717 1794 4772 pse.

272 4793 401 4850 Non
428 4794 483 4848 in
512 4794 786 4865 sacriﬁciis
817 4794 921 4849 tuis
949 4808 1168 4866 arguam
1197 4801 1266 4850 te.
1298 4794 1435 4862 Quia
1460 4793 1627 4851 corde
1662 4808 1796 4851 con-

196 4888 334 4945 trito
375 4887 644 4944 delector.
688 4885 1013 4943 Holocausta
1059 4897 1236 4942 autem
1284 4894 1375 4942 tua
1415 4888 1469 4942 in
1517 4896 1797 4960 conspectu

195 4996 315 5037 meo
341 4990 463 5035 sunt
486 4996 706 5052 semper.
750 4980 809 5037 Si
849 4979 1078 5045 odorem
1122 4990 1288 5037 rectae
1326 4981 1622 5049 orationis,
1657 4989 1798 5037 tam-

195 5087 366 5145 quam
396 5073 682 5129 suavitatis
712 5073 1031 5142 incensum,
1068 5072 1135 5129 ad
1176 5089 1263 5131 me
1293 5089 1464 5146 usque
1502 5074 1793 5131 direxeris.

274 5164 402 5220 Non
432 5165 687 5236 accipiam
723 5166 787 5222 de
829 5167 986 5222 domo
1017 5176 1104 5221 tua
1133 5167 1322 5223 vitulos
1353 5183 1374 5222 :
1402 5184 1564 5239 neque
1591 5168 1656 5222 dc
1684 5184 1801 5242 gre-

198 5256 355 5330 gibus
380 5257 483 5311 tuis
505 5257 699 5313 hircos.
732 5257 842 5314 Ista
866 5258 1008 5315 enim
1039 5259 1221 5330 sprevi
1249 5277 1262 5315 :
1287 5259 1410 5332 quia
1435 5260 1657 5331 sanguis
1678 5259 1797 5316 veri

201 5351 333 5423 agni
366 5350 568 5407 cti'usus
607 5359 694 5407 est
735 5366 837 5423 pro
881 5353 1120 5423 peccatis
1163 5354 1348 5424 populi
1379 5354 1508 5410 mei.
1533 5352 1667 5421 Vel,
1696 5368 1800 5408 non

202 5444 460 5519 accipiam
492 5444 555 5499 de
580 5445 736 5499 domo
762 5454 850 5499 tua
874 5446 1065 5502 vitulos
1095 5462 1113 5500 :
1146 5445 1200 5503 id
1230 5455 1352 5517 est,
1397 5445 1801 5505 incontinentes

205 5547 268 5597 et
294 5537 586 5609 superbos.
624 5536 805 5609 Neque
829 5537 894 5594 de
936 5538 1173 5611 gregibus
1202 5539 1305 5596 tuis
1331 5539 1504 5596 hircos
1533 5556 1553 5596 :
1580 5540 1804 5610 Hircos,

203 5634 304 5708 qui
334 5630 509 5690 Itetidi
532 5641 663 5689 sunt
693 5633 746 5689 in
780 5644 1024 5704 peccato.

288 5726 551 5795 Quoniam
579 5742 705 5783 mete
730 5737 850 5783 sunt
893 5744 1068 5785 omnes
1098 5729 1224 5801 fera
1258 5728 1539 5797 silvarum,
1570 5733 1811 5803 jumenta

208 5822 267 5879 in
290 5820 552 5878 montibus
579 5830 627 5876 et
655 5821 819 5880 boves.
847 5820 1256 5881 irrationabiles
1281 5833 1338 5882 et
1364 5824 1599 5883 diversis
1655 5839 1811 5882 mau-

500 5916 778 5979 PATROL.
826 5915 1064 5980 XXVI.

1903 4710 2068 4767 opera
2091 4709 2224 4750 vero
2251 4693 2467 4749 illorum
2499 4692 2667 4749 nolite
2690 4692 2872 4750 Iacere
2891 4694 3075 4765 (Matt.
3102 4700 3279 4771 xxtn).

1972 4786 2053 4843 Tu
2091 4802 2211 4843 vero
2250 4785 2413 4841 odisti
2449 4784 2812 4857 disciplinam,
2852 4794 2901 4840 et
2936 4789 3204 4859 projecisti
3237 4809 3500 4853 sermones

1903 4903 2043 4944 meos
2083 4892 2386 4939 retrorsum.
2428 4880 2561 4951 Qua:
2602 4879 2935 4951 prtedicabas
2974 4881 3029 4937 in
3070 4883 3346 4958 Ecclesia,
3390 4908 3502 4953 non

1903 4977 2250 5038 custodiebas
2273 4977 2328 5031 in
2352 4974 2485 5030 vita.

1978 5074 2040 5131 Si
2064 5072 2270 5129 uidebas
2289 5071 2480 5139 furem,
2509 5068 2749 5123 currebas
2774 5085 2891 5124 cum
2911 5086 2993 5138 eo,
3014 5080 3065 5127 et
3086 5088 3203 5128 cum
3246 5076 3500 5140 adulteris

1905 5169 2195 5244 portionem
2223 5176 2363 5222 tuam
2390 5164 2638 5236 ponebas.
2668 5163 2974 5221 Cucurristi
3004 5181 3126 5223 cum
3155 5167 3295 5239 Iure,
3328 5178 3500 5245 parti-

1906 5264 2120 5333 cipatus
2146 5275 2208 5317 es
2234 5258 2518 5324 adultera,
2560 5256 2779 5328 quando
2807 5258 2925 5327 eis,
2964 5259 3049 5316 vel
3084 5259 3138 5317 in
3184 5262 3502 5328 adulatoriis

1906 5352 2196 5421 laudibus,
2248 5348 2335 5406 vel
2373 5350 2427 5404 in
2465 5349 2850 5405 consentaneis
2886 5349 3256 5422 voluptatibus
3301 5373 3361 5414 es
3408 5361 3507 5417 ad-

1903 5448 2146 5521 junctus.
2183 5443 2340 5516 Quod
2374 5443 2513 5499 dixit
2548 5443 2833 5514 superius,
2866 5445 3177 5513 portionem
3216 5455 3365 5508 tuam
3406 5469 3505 5524 po.
3572 5483 3576 5488 -

1911 5541 2103 5610 ncbas,
2127 5538 2319 5607 idest,
2356 5533 2663 5608 portionem
2703 5549 2863 5606 quam
2905 5551 3030 5592 cum
3072 5537 3184 5596 Deo
3212 5548 3267 5597 et
3296 5545 3505 5615 angelis

1912 5637 2117 5695 habere
2137 5634 2427 5699 debueras,
2465 5644 2636 5699 ponas
2665 5631 2811 5688 illam
2839 5632 2893 5688 in
2916 5630 3159 5689 inferna.

1987 5728 2060 5786 0s
2079 5738 2226 5785 tuum
2247 5728 2528 5786 abundavit
2548 5726 2769 5795 malitia,
2785 5737 2832 5784 et
2852 5732 3036 5804 lingua
3058 5742 3146 5788 tua
3161 5730 3507 5788 concinnabat

1917 5822 2090 5880 dolos.
2126 5822 2223 5881 lllo
2254 5821 2396 5879 male
2425 5832 2620 5894 agente
2650 5840 2664 5877 :
2699 5832 2754 5879 ιιι
2784 5824 3037 5896 nequiter
3057 5838 3116 5882 ac
3148 5824 3340 5882 dolose
3368 5823 3507 5882 bene

2914 5916 2987 5981 31
