4010 6310
583 254 686 312 9'”

579 383 744 440 -tgere
763 367 1138 424 collaudahas.
1158 366 1280 433 Vel,
1305 366 1486 440 lingua
1507 376 1598 420 tua
1619 365 1958 422 concinnabat
1981 366 2182 430 dolum,
2214 355 2270 416 Α

582 461 638 516 id
664 470 776 523 est,
809 459 976 516 ludas
1017 467 1208 514 contra
1239 457 1544 514 Christum.
1591 457 1667 514 Os
1691 473 1849 513 suum
1894 455 2186 512 abundavit

585 553 850 623 nequitia,
871 550 1088 622 quando
1109 550 1400 607 consilium
1428 551 1560 607 fecit
1584 565 1708 607 cum
1727 549 1951 613 ludatis,
1978 555 2037 604 ut
2058 563 2184 604 eum

582 644 992 714 cruciﬁgerent.

655 737 855 794 Sedens
881 737 1155 792 adversum
1180 736 1398 806 fratrem
1420 744 1566 791 tuum
1592 735 1906 806 loquebaris,
1929 744 1978 790 et
2004 734 2185 788 adver-

579 849 667 887 sus
691 831 859 900 ﬁlium
895 831 1078 885 matris
1115 840 1217 885 tua:
1246 831 1472 902 ponebas
1499 829 1830 899 scandalum.
1857 826 2029 883 Filius
2051 825 2185 881 dici-

577 935 666 981 tur
685 925 944 981 Christus
979 923 1145 994 :quia
1167 923 1239 980 de
1265 937 1541 996 synagoga
1569 921 1856 993 processit.
1890 919 1986 974 Vel
2015 918 2185 975 ludas

569 1017 745 1074 frater
779 1017 992 1073 Domini
1023 1015 1253 1083 dicitur,
1280 1025 1338 1071 ut
1367 1015 1445 1070 ait
1468 1013 1738 1086 propheta
1770 1032 1782 1068 :
1811 1012 2062 1068 Narrabo
2092 1025 2184 1066 no-

574 1125 701 1164 men
734 1117 886 1163 tuum
914 1107 1177 1163 fratribus
1205 1107 1345 1163 meis
1377 1105 1496 1177 (Ps.
1531 1106 1671 1176 ut).
1699 1105 1793 1161 Vel
1820 1105 1982 1160 aliter
2010 1122 2024 1160 :
2055 1103 2183 1158 Fra-

577 1209 714 1263 tres,
746 1200 1004 1256 fortiores
1036 1201 1210 1254 sancti
1247 1218 1258 1252 :
1294 1198 1413 1264 ﬁlii,
1449 1199 1839 1269 simpliciores.
1870 1197 2026 1255 Unde
2051 1213 2179 1253 san-

572 1303 693 1351 ctus
716 1293 920 1349 Paulus
941 1293 1078 1348 dixit
1103 1310 1115 1345 :
1141 1291 1249 1347 Nos
1271 1291 1362 1362 qui
1387 1291 1660 1347 ﬁrmiores
1682 1307 1893 1356 sumus,
1918 1291 2184 1348 debemus

571 1387 904 1444 inﬁrmiores
945 1386 1146 1442 fratres
1177 1385 1456 1441 sustinere
1487 1384 1674 1456 (Rom.
1709 1384 1825 1458 xv).
1854 1385 2056 1441 Sedens
2081 1386 2180 1439 ad-

571 1497 750 1536 versus
788 1481 1003 1550 fratrem
1034 1489 1178 1533 tuum
1210 1478 1501 1550 loquebaris
1528 1494 1547 1533 :
1576 1479 1666 1549 qui
1698 1479 1794 1533 tibi
1823 1477 1877 1533 in
1907 1479 2180 1546 baptismo

571 1583 658 1630 est
691 1583 940 1630 renatus.
982 1572 1047 1628 Et
1094 1573 1343 1628 adversus
1383 1573 1551 1642 ﬁlium
1595 1573 1778 1628 matris
1819 1583 1921 1628 tua:
1957 1571 2183 1643 ponebas

572 1667 884 1724 scandalum
913 1683 929 1719 :
959 1682 1120 1736 quem
1154 1666 1395 1722 Ecclesia
1428 1666 1520 1721 Dei
1554 1665 1695 1721 sicut
1723 1665 1958 1736 teipsum
1991 1680 2088 1736 per
2120 1665 2180 1719 ﬁ-

1357 249 1708 310 APPENDIX
1746 249 1839 307 AD
1877 243 2126 304 TOMUM
2164 239 2514 303 SEPTIMUM
2554 247 2609 304 S.
2654 247 3054 308 HIERONYMI.

3787 250 3888 311 9‘73

2885 364 3204 424 PSALMUS
3241 367 3304 422 L.

2290 474 2357 530 In
2387 476 2558 544 finem,
2607 476 2848 532 Psalmtts
2879 475 3072 545 David,
3107 495 3222 532 cum
3252 478 3384 532 venit
3410 479 3475 532 ad
3501 495 3630 534 eum
3682 477 3878 533 Nullum

2360 549 2615 621 propheta
2652 549 2903 620 :quando
2933 551 3145 604 intravit
3185 550 3253 604 ad
3281 549 3547 605 Betsabee.
3596 549 3879 621 Isteiquin.

2359 620 2706 690 quagesimus
2758 621 3000 692 psalmus
3040 635 3226 676 vocem
3281 623 3529 678 continet
3577 620 3878 692 paenitentis

2359 689 2653 763 personae:
2688 689 3002 763 ostendens,
3036 693 3211 763 utqui
3238 693 3497 748 ceciderit
3541 689 3600 748 in
3634 695 3878 760 crimine,

2359 761 2669 817 conﬁtendo
2701 761 2838 816 mala
2869 778 2992 829 sua,
3034 761 3222 819 redeat
3246 763 3311 818 ad
3343 765 3611 820 salutem.

2363 900 2613 956 Miserere
2639 903 2762 972 mei,
2813 900 2974 967 Deus,
3003 905 3287 959 secundum
3314 922 3566 977 magnam
3596 907 3878 962 misericor-

2287 994 2429 1048 diam
2453 1004 2612 1050 tuam.
2637 995 2914 1052 Conﬁteor
2945 995 3266 1053 immensam
3289 999 3574 1055 miseriam
3603 1009 3622 1052 ι
3652 998 3779 1056 ideo
3797 1015 3876 1070 pe-

2288 1099 2344 1144 to
2375 1103 2623 1159 magnam
2653 1088 3109 1146 misericordiam.
3133 1091 3267 1158 Quia
3294 1092 3384 1162 qni
3411 1105 3474 1148 se
3499 1091 3775 1148 miserum
3799 1109 3878 1161 pn-

2287 1192 2364 1238 tat
2389 1198 2509 1238 esse
2540 1183 2608 1240 de
2649 1184 2762 1240 suis
2793 1185 3032 1254 peccatis
3064 1203 3074 1239 :
3110 1201 3233 1241 cum
3265 1185 3360 1241 illo
3392 1185 3522 1241 facit
3553 1186 3705 1242 Deus
3737 1187 3879 1242 mise-

2287 1276 2580 1332 ricordiam
2606 1293 2876 1350 magnam.
2907 1278 3041 1348 Quia
3069 1277 3250 1334 minor
3279 1279 3670 1336 misericordia
3701 1290 3782 1335 est
3807 1279 3880 1335 hic

2287 1368 2340 1422 in
2377 1368 2654 1438 praesenti,
2689 1369 2793 1426 hoc
2829 1381 2934 1436 est,
2966 1370 3091 1440 quia
3137 1369 3301 1426 homo
3330 1387 3453 1427 cum
3485 1387 3603 1428 non
3633 1382 3796 1434 esset,
3823 1387 3877 1426 ct

2285 1459 2457 1514 nihilo
2482 1461 2688 1517 creavit
2712 1461 2862 1517 illum
2895 1462 3038 1518 Deus
3065 1472 3125 1518 ut
3152 1473 3320 1532 esset,
3344 1472 3401 1519 et
3427 1466 3598 1535 regit,
3624 1475 3678 1521 et
3699 1466 3880 1535 guber-

2284 1561 2396 1608 nat.
2428 1552 2599 1623 Major
2638 1555 3012 1611 misericordia
3045 1556 3246 1612 dicitur
3281 1573 3294 1610 :
3324 1557 3547 1627 quando
3581 1557 3764 1624 ipsutn
3798 1557 3876 1609 ho-

2283 1643 2484 1700 minem
2507 1661 2668 1715 quem
2692 1647 2923 1714 creavit,
2948 1647 3002 1702 in
3028 1643 3210 1704 futuro
3233 1657 3577 1704 remaneret.
3614 1647 3682 1702 Et
3715 1667 3876 1704 secun-

569 1759 696 1815 dem
743 1759 990 1816 exhibui,
1027 1758 1269 1814 Christo.
1323 1758 1452 1812 Hm
1497 1759 1687 1829 facim,
1735 1768 1781 1812 σε
1827 1759 1988 1814 ηεαδ,
2043 1757 2178 1825 Quia
2213 1748 2257 1809 Β
2284 1736 2409 1829 dum
2439 1739 2821 1795 multitudinem
2848 1743 3245 1797 miserationum
3275 1751 3510 1809 tuarum,
3545 1751 3659 1800 etc.
3697 1742 3877 1799 Confu-

571 1853 940 1910 examinauda
956 1869 1017 1908 ea
1042 1853 1097 1908 in
1125 1851 1308 1907 futuro
1329 1851 1540 1922 judicio
1571 1853 1873 1907 reservavi.
1904 1849 1970 1906 Et
1998 1852 2136 1906 tacui
2163 1867 2180 1905 :

575 1949 699 2020 quia
731 1964 839 2003 non
864 1947 1048 2002 statim
1077 1945 1374 2010 vindicavi,
1399 1945 1493 2002 sed
1519 1945 1775 2002 sustinui.

649 2042 1004 2108 Existimasti,
1048 2041 1240 2110 inique,
1270 2040 1410 2112 quod
1441 2056 1529 2095 ero
1555 2041 1629 2095 tui
1660 2041 1873 2096 similis.
1901 2039 2038 2095 Dum
2071 2054 2176 2094 non

569 2135 786 2191 vindico
816 2134 868 2190 in
900 2135 1160 2205 prtesenti
1193 2151 1206 2187 :
1240 2133 1541 2189 arbitratus
1574 2147 1636 2189 es
1666 2149 1731 2189 ea
1761 2133 1891 2188 mihi
1935 2133 2174 2202 placere,

569 2229 711 2283 sicut
752 2228 847 2283 tibi
893 2227 1108 2297 placent
1149 2235 1242 2282 tua
1287 2227 1430 2281 mala
1474 2235 1530 2281 et
1551 2225 1811 2280 aliorum.
1847 2225 2081 2298 Arguam
2105 2234 2173 2279 te.

563 2321 700 2376 Cum
732 2321 782 2375 in
825 2321 1044 2376 sinistra
1077 2327 1230 2389 parte
1257 2319 1407 2375 sedis
1437 2319 1605 2374 lueris
1634 2319 1971 2383 collocatus,
2002 2319 2057 2374 in
2091 2319 2166 2375 fu-

566 2424 690 2468 turo
713 2411 940 2483 judicio.
986 2410 1052 2464 Et
1089 2420 1316 2466 statuam
1356 2412 1453 2465 illa
1479 2419 1665 2464 contra
1692 2412 1878 2481 faciem
1908 2421 2073 2466 tuam.
2107 2411 2175 2467 Ut

569 2508 657 2563 his
687 2506 948 2562 confusus
977 2505 1269 2562 damneris
1300 2508 1353 2561 in
1385 2515 1562 2563 morte
1600 2516 1895 2577 perpetua,
1925 2507 2028 2563 hoc
2056 2519 2134 2563 eSI
2155 2551 2170 2576 ,

570 2615 669 2668 per
715 2599 805 2654 illa
848 2598 1101 2654 mandata
1133 2613 1256 2668 quae
1298 2614 1409 2655 non
1449 2598 1777 2656 custodisti:
1807 2599 1892 2656 vel
1923 2608 2014 2654 tua
2047 2614 2173 2670 pee-

567 2700 710 2758 cata,
741 2701 797 2747 et
825 2691 1092 2760 aliorum,
1117 2707 1240 2760 quas
1265 2701 1393 2762 post
1435 2701 1488 2747 te
1533 2691 1842 2760 reliquisti,
1880 2701 1940 2747 ut
1985 2691 2121 2748 illud
2155 2709 2168 2746 ε

563 2783 702 2851 Quia
731 2784 774 2836 si
809 2798 916 2838 non
948 2785 1370 2839 annuntiaveris
1401 2783 1590 2854 iniquo
1617 2785 1961 2852 iniquitatem
1990 2799 2167 2849 suam,

563 2875 883 2944 sanguinem
913 2874 1032 2944 ejus
1064 2874 1132 2930 de
1158 2890 1318 2929 tuanu
1362 2883 1451 2930 tua
1493 2875 1770 2943 requiram
1813 2871 2034 2946 (Eseclt.
2064 2875 2165 2940 tit).

565 2965 786 3022 Utinam
811 2981 912 3021 nos
943 2967 996 3022 in
1029 2965 1132 3021 hoc
1163 2966 1368 3021 saecido
1394 2979 1727 3035 poneremus
1754 2974 1881 3022 ante
1911 2980 2012 3021 nos
2043 2981 2170 3036 peo-

2281 1826 2370 1898 gio
2415 1829 2479 1883 ad
2525 1830 2906 1886 miserationes
2958 1839 3096 1897 tuas,
3149 1841 3209 1888 ut
3252 1835 3510 1906 gravibus
3560 1835 3875 1891 vulneribus

2285 1924 2583 1980 theriacam
2609 1926 2948 1983 remissionis
2964 1928 3241 1985 infundas.
3264 1929 3703 1999 Miserationum,
3723 1931 3871 1988 dicit:

2278 2015 2402 2086 quia
2436 2019 2601 2072 multa
2634 2030 2760 2074 sunt
2791 2029 3009 2089 peccata
3058 2036 3204 2089 mea,
3236 2031 3292 2078 et
3338 2022 3738 2080 miserationes
3784 2033 3871 2078 tua

2279 2105 2463 2165 multa:
2485 2109 2600 2182 (Ps.
2637 2113 2849 2184 uvm).
2876 2111 3034 2169 Unde
3059 2113 3190 2170 dicit
3213 2121 3478 2186 propheta
3503 2117 3562 2172 in
3587 2117 3706 2172 alio
3732 2117 3869 2173 loco:

2280 2202 2661 2261 Miserationes
2684 2214 2789 2261 ture
2821 2208 3007 2262 multa!
3035 2217 3182 2277 sunt,
3211 2208 3458 2266 Domine.

2349 2299 2586 2370 Amplius
2618 2300 2732 2355 lava
2762 2318 2840 2355 me
2867 2301 2930 2356 ab
2952 2303 3220 2374 iniquitate
3247 2321 3380 2372 mea,
3405 2315 3451 2360 et
3480 2321 3514 2359 a
3548 2315 3759 2378 peccato
3776 2323 3869 2360 meo

2277 2391 2471 2446 munda
2520 2410 2618 2447 me.
2655 2393 2863 2464 Expeto
2913 2403 2971 2450 nt
2999 2396 3196 2453 abluas
3246 2399 3396 2454 fonte
3437 2399 3864 2456 misericordiae:

2275 2485 2399 2555 quia
2436 2501 2544 2540 non
2577 2487 2658 2540 vis
2691 2487 2744 2541 in
2773 2499 3036 2544 aeternum
3065 2492 3270 2561 peccati
3293 2492 3524 2547 vulnera
3553 2509 3866 2550 reservare:

2275 2579 2354 2635 Ac
2385 2579 2430 2634 si
2456 2580 2603 2635 dicat
2628 2581 2739 2636 :Tn
2768 2594 2923 2653 potes
2953 2583 3070 2653 plus
3097 2583 3232 2640 mihi
3257 2588 3570 2654 remittere,
3593 2604 3754 2660 quam
3781 2601 3866 2656 ego

2276 2671 2573 2744 intelligam
2604 2690 2821 2745 rogare.

2349 2764 2607 2832 Quoniam
2642 2767 2967 2834 iniquitatem
3007 2787 3169 2824 meam
3199 2787 3291 2842 ego
3321 2787 3604 2842 cognosco.
3638 2775 3773 2828 Ante
3801 2771 3861 2825 ia-

2271 2856 2413 2912 ciem
2439 2857 2584 2913 enim
2618 2875 2796 2916 meam
2814 2877 2932 2917 eam
2954 2877 3117 2933 pono.
3141 2863 3198 2920 Si
3229 2873 3286 2919 tu
3311 2867 3642 2934 pronuntias
3675 2867 3726 2920 in
3749 2881 3858 2920 con-

2271 2951 2513 3008 fossione
2540 2961 2627 3007 tua
2659 2965 2906 3024 peccata,
2931 2957 3076 3012 Deus
3103 2957 3347 3027 ignoscet
3369 2959 3486 3014 tibi.
3511 2959 3586 3014 Et
3613 2968 3860 3033 peccatum

564 3068 686 3114 cata
709 3069 892 3114 nostra
918 3075 932 3110 :
961 3067 1021 3114 et
1045 3073 1152 3114 non
1187 3059 1332 3114 Deus
1354 3074 1416 3114 ea
1445 3057 1497 3112 in
1515 3057 1722 3128 judicio
1750 3066 2019 3114 statueret
2039 3069 2168 3113 ante

2284 3062 2439 3100 meum
2469 3057 2650 3102 contra
2680 3066 2758 3102 me
2787 3060 2861 3104 est
2892 3067 3112 3121 semper.
3145 3050 3281 3119 Quia
3313 3068 3432 3107 mea
3457 3065 3684 3122 peccata
3714 3069 3741 3106 a
3771 3063 3859 3105 tua:

571 3150 767 3206 faciem
800 3161 1045 3206 nostram
1079 3170 1090 3206 :
1127 3150 1216 3206 ubi
1255 3150 1368 3220 jam
1412 3125 1529 3206 non
1559 3149 1865 3219 castigatio,
1901 3149 1996 3206 sed
2025 3149 2168 3220 judi-

2284 3139 2532 3196 honitatis
2560 3141 2766 3197 divitiis
2810 3154 3088 3214 separant.
3130 3143 3262 3209 Quia
3316 3161 3423 3201 non
3457 3147 3618 3203 trado
3648 3145 3772 3202 illud
3813 3144 3855 3198 in

570 3248 713 3303 ciunt
745 3247 940 3302 mortis
967 3245 1197 3302 accedit.

637 3339 922 3411 lntelligite
957 3355 1093 3392 nunc
1149 3339 1256 3392 haec
1300 3338 1390 3404 qui
1421 3337 1784 3394 obliviscimini
1834 3337 2018 3392 Deum.
2054 3337 2170 3395 Vox

569 3433 854 3503 prophetae
883 3433 1142 3488 admonet
1170 3446 1634 3502 unumquemque,
1661 3441 1720 3486 ιιι
1748 3445 1853 3486 non
1879 3441 2043 3501 ponat
2063 3431 2171 3488 Do-

572 3527 778 3581 minum
807 3527 859 3580 in
891 3525 1192 3594 oblivione,
1227 3539 1328 3579 nec
1359 3539 1455 3578 sua
1488 3523 1738 3580 mandata
1778 3523 1923 3596 (Job.
1957 3526 2038 3592 ιι).
2084 3523 2168 3580 Ne

565 3616 774 3687 quando
801 3615 1052 3686 rapiat,et
1079 3630 1183 3668 non
1213 3615 1278 3667 sit
1302 3615 1392 3682 qui
1412 3614 1620 3684 eripiat.
1642 3614 1724 3670 Ne
1747 3617 1953 3685 quando
1975 3618 2165 3689 rapiat,

570 3710 636 3766 ad
671 3719 898 3764 mortem
934 3708 1019 3764 vel
1053 3708 1116 3762 ad
1147 3707 1504 3778 diemjudicii
1536 3726 1549 3761 ε
1583 3709 1724 3764 unde
1753 3709 1890 3765 dixit
1921 3729 1933 3764 :
1967 3713 2031 3766 Et
2059 3729 2166 3768 non

567 3813 654 3858 est
691 3805 782 3872 qui
815 3801 884 3856 de
925 3816 1088 3855 manu
1121 3810 1208 3853 tua
1243 3799 1420 3869 possit
1463 3815 1682 3856 eruere.
1717 3800 1810 3856 Vel
1843 3803 1983 3871 rapit
2023 3803 2118 3858 ille
2149 3821 2164 3859 :

564 3898 668 3952 hoc
700 3906 820 3964 est,
863 3897 915 3950 in
960 3909 1192 3951 mortem
1231 3895 1540 3966 praecipitat
1571 3894 1963 3953 obliviscentes
2000 3912 2082 3964 se,
2113 3906 2166 3954 et

569 4005 730 4045 nemo
755 3989 967 4059 eripere
999 4000 1182 4060 potest
1209 4011 1222 4047 :

637 4082 970 4152 Sacri/icium
1002 4084 1175 4138 laudis
1209 4083 1575 4153 ltonoriﬁcabit
1607 4102 1705 4138 me.
1741 4086 1880 4151 Quia
1909 4085 1976 4140 de
2016 4086 2164 4140 omni

569 4177 713 4233 bono
755 4177 900 4246 quod
950 4177 1126 4232 sancti
1166 4177 1399 4245 faciunt,
1450 4179 1593 4235 Deus
1638 4179 1962 4234 honoratur.
2009 4177 2165 4236 Unde

568 4268 706 4324 dixit
742 4268 944 4324 Paulus
981 4289 991 4323 :
1026 4268 1218 4324 Omnia
1265 4286 1622 4341 quaecumque
1670 4271 1846 4327 facitis
1895 4272 1946 4326 in
1992 4274 2163 4328 verbo

571 4372 665 4417 aut
693 4363 746 4416 in
773 4378 942 4431 opere
967 4382 978 4418 :
1005 4363 1183 4419 omnia
1215 4365 1267 4418 itt
1295 4365 1525 4434 gloriam
1549 4364 1646 4421 Dei
1674 4364 1835 4421 facite
1863 4365 1906 4439 (1
1931 4366 2053 4420 Cor.
2079 4367 2159 4437 tt),

573 4468 631 4511 ut
663 4465 714 4510 et
747 4457 799 4510 in
836 4455 1135 4526 Evangelia
1169 4474 1181 4509 :
1215 4455 1286 4513 Ut
1322 4456 1543 4513 videant
1573 4465 1752 4512 vestra
1782 4473 1943 4528 opera
1985 4457 2156 4525 bona,

2275 3233 2628 3300 oblivionem,
2662 3252 2908 3306 propono
2931 3237 3066 3293 illud
3087 3253 3306 3310 semper
3328 3250 3458 3295 ante
3486 3241 3682 3296 oculos
3703 3253 3853 3294 meos.

2273 3325 2408 3393 Quia
2438 3327 2482 3382 si
2523 3336 2578 3382 tu
2609 3330 2765 3399 ponis
2798 3329 2929 3384 illud
2957 3338 3084 3386 ante
3113 3339 3164 3386 te
3197 3348 3211 3385 :
3249 3332 3391 3387 Deus
3418 3332 3552 3388 illud
3589 3347 3700 3388 non
3725 3331 3856 3402 ponit

2272 3429 2399 3475 ante
2423 3435 2504 3476 SC.

2348 3515 2460 3571 Tibi
2487 3518 2584 3571 soli
2609 3520 2838 3589 peccari,
2866 3528 2916 3574 et
2937 3520 3135 3576 malum
3159 3537 3331 3577 coram
3361 3533 3410 3576 te
3429 3523 3550 3593 feci.
3581 3522 3701 3579 Tibi
3727 3521 3849 3576 enirn

2271 3608 2542 3680 delinquit
2564 3610 2938 3682 quisquecum
2964 3614 3273 3684 peccaverit
3304 3634 3317 3669 :
3343 3616 3472 3685 quia
3495 3627 3550 3671 tu
3577 3617 3726 3673 solus
3750 3616 3850 3667 sine

2273 3711 2498 3770 peccato
2529 3717 2590 3759 es
2621 3720 2633 3757 :
2663 3703 2882 3760 dicente
2908 3706 3201 3776 Apostolo:
3232 3707 3328 3762 Est
3360 3707 3505 3763 Deus
3533 3723 3722 3774 veras,
3750 3722 3849 3761 om-

2272 3796 2354 3849 nis
2377 3806 2558 3852 autem
2588 3796 2752 3852 homo
2774 3799 3006 3854 mendax
3032 3798 3211 3870 (Rom.
3245 3799 3350 3871 tu).
3380 3800 3479 3857 Vel
3502 3801 3641 3859 dicit
3663 3798 3843 3856 David:

2271 3889 2386 3960 Ego
2429 3889 2681 3960 peccavi,
2727 3902 2782 3947 et
2831 3901 2887 3947 tu
2943 3893 3093 3950 solus
3141 3895 3258 3950 sine
3307 3903 3535 3964 peccato
3588 3911 3684 3962 es,
3727 3893 3844 3949 sicut

2269 3983 2400 4039 dicit
2427 3985 2596 4040 Isaias
2626 4002 2640 4040 :
2669 3985 2770 4055 Qui
2803 3998 3086 4057 peccatum
3125 4003 3232 4042 non
3271 3986 3401 4044 fecit
3432 4006 3446 4048 :
3483 4003 3589 4046 nec
3621 3989 3844 4043 inventus

2269 4084 2353 4131 est
2381 4077 2433 4131 in
2466 4092 2563 4132 ore
2589 4077 2708 4147 ejus
2738 4078 2895 4134 dolus
2920 4078 3059 4149 (Isa.
3093 4081 3232 4144 uti).
3275 4081 3372 4137 Vel
3405 4081 3543 4138 illud
3575 4101 3590 4138 :
3621 4082 3742 4150 Quis
3769 4094 3838 4133 ar—

2267 4178 2393 4236 guet
2432 4184 2519 4224 me
2549 4168 2618 4224 de
2645 4179 2870 4241 peccato
2895 4171 3077 4242 (Joan.
3112 4173 3265 4244 vni)?
3298 4175 3362 4229 Et
3392 4174 3518 4230 item
3548 4175 3682 4232 dicit
3711 4190 3724 4227 :
3753 4171 3834 4224 Vc-

2267 4261 2340 4316 ηῖ¹
2368 4261 2620 4333 Princeps
2639 4265 2822 4320 mundi
2852 4264 3034 4336 hujus,
3063 4276 3118 4323 et
3146 4268 3198 4322 in
3227 4283 3313 4323 me
3333 4281 3442 4332 non
3468 4269 3672 4326 invenit
3699 4262 3836 4338 quid—

2267 4371 2428 4424 quam
2460 4355 2643 4425 (Joan.
2690 4358 2826 4426 XIV).
2863 4360 2932 4415 Ut
2952 4362 3262 4434 justi/iceris
3308 4364 3362 4419 in
3385 4365 3706 4420 sermonibus
3731 4362 3830 4419 tuin

2267 4455 2313 4501 et
2368 4449 2541 4503 vincas
2579 4467 2696 4504 cum
2724 4452 3008 4522 judicaris.
3054 4454 3190 4523 Quia
3224 4464 3278 4510 tu
3329 4466 3540 4512 rectum
3593 4457 3830 4528 judicium

569 4560 625 4605 et
672 4549 978 4620 gloriﬁcent
1034 4549 1250 4605 Patrem
1305 4560 1578 4613 vestrum,
1613 4552 1703 4620 qni
1748 4519 1834 4606 est
1895 4552 1946 4606 in
2005 4551 2160 4606 caelis

2290 4540 2498 4595 udicas.
2547 4519 2776 4614 Propter
2821 4561 2918 4601 nos
2977 4519 3415 4618 transgressores
3443 4561 3502 4606 et
3549 4519 3829 4620 peccatores

575 4644 754 4716 (Matt.
790 4656 870 4715 ν).
900 4645 980 4700 0h
1010 4644 1112 4700 hoc
1157 4661 1243 4701 me
1274 4645 1511 4700 honorat
1548 4645 1639 4700 ille
1680 4661 1862 4702 coram
1903 4647 2110 4717 angelis
2141 4664 2155 4702 :

565 4740 690 4806 quia
717 4754 820 4810 ego
859 4755 983 4794 eum
1013 4739 1370 4795 honoriﬁcavi
1400 4754 1587 4794 coram
1631 4739 1948 4795 hominibus
1990 4740 2042 4795 in
2073 4754 2158 4794 sa-

571 4831 795 4891 criﬁciis
821 4831 1027 4896 laudis;
1073 4832 1427 4903 implevitque
1455 4832 1599 4904 quod
1642 4835 1695 4888 in
1740 4832 2046 4903 Evangeliis
2075 4840 2161 4888 cst

568 4923 787 4979 locutus
817 4943 829 4978 :
861 4924 965 4992 Qui
995 4941 1082 4980 me
1109 4927 1391 4981 confessus
1420 4923 1583 4980 fuerit
1602 4941 1787 4981 coram
1816 4925 2151 4993 hominibus,

565 5029 666 5086 ego
715 5031 838 5070 eum
879 5015 1184 5072 conﬁtebor
1237 5032 1420 5072 coram
1470 5017 1629 5072 Patre
1676 5033 1797 5074 niteo
1843 5029 1896 5074 et
1946 5017 2155 5088 angelis

566 5107 684 5180 ejus
717 5108 872 5179 (Luc.
901 5107 1021 5181 xu).
1046 5108 1114 5163 Et
1142 5109 1254 5164 illic
1280 5111 1376 5164 iter
1399 5121 1493 5164 est.
1515 5109 1716 5166 Christi
1748 5113 1849 5168 iter
1868 5126 1966 5182 per
1988 5125 2153 5181 opera

563 5199 888 5256 Sanctorum
917 5210 1020 5256 est.
1049 5199 1116 5254 In
1142 5218 1240 5270 quo
1262 5204 1528 5257 ostendam
1553 5204 1630 5258 illi
1653 5204 1884 5259 salutare
1907 5203 2024 5260 Dei.
2050 5203 2152 5260 Sa-

566 5295 757 5351 lutaris
777 5295 877 5351 Dei
896 5295 1094 5357 Patris,
1117 5295 1289 5351 Filius
1309 5307 1412 5353 est.
1445 5296 1500 5352 ln
1529 5297 1632 5354 hoc
1651 5297 1924 5356 sacriﬁcio
1952 5298 2152 5355 indicat

566 5388 732 5454 viam,
763 5404 885 5458 qua:
915 5387 1064 5443 ducit
1095 5387 1161 5442 ad
1195 5389 1382 5455 vitam,
1409 5389 1460 5444 id
1490 5401 1595 5456 est,
1623 5391 1689 5447 ad
1720 5391 2018 5448 Christum.
2047 5393 2152 5461 Qui

561 5481 721 5537 nobis
744 5489 1006 5550 praestare
1029 5479 1306 5548 dignetur,
1334 5491 1392 5536 ut
1414 5481 1638 5539 discreti
1663 5499 1693 5539 a
1719 5484 1910 5552 paleis,
1944 5486 2152 5556 impleti

556 5573 734 5628 fructu
765 5572 1215 5628 sanctiﬁcationis
1242 5573 1538 5630 offeramus
1575 5576 1626 5631 ei
1668 5577 1997 5632 sacriﬁcium
2036 5578 2151 5633 lau-

560 5665 669 5728 dis.
697 5675 756 5720 ut
785 5665 905 5735 ipso
938 5664 1304 5731 illuminante,
1335 5665 1644 5736 intelligere
1676 5683 1986 5724 mereamur
2005 5669 2147 5724 viam

563 5762 762 5810 nostra
786 5753 996 5810 salutis.
1022 5757 1217 5810 Arnen.

2271 4630 2362 4686 ille
2401 4631 2502 4686 fuit
2529 4634 2820 4703 judicatus,
2861 4647 2915 4692 et
2959 4637 3273 4696 damnatus.
3316 4641 3472 4699 Unde
3498 4643 3698 4700 dictum
3721 4649 3824 4696 est:

2265 4723 2455 4780 Justus
2485 4727 2555 4784 ab
2580 4728 2780 4798 iniquis
2808 4731 3084 4801 judicatus
3105 4743 3208 4790 est.
3234 4735 3342 4792 Sed
3368 4735 3459 4791 ille
3487 4737 3540 4792 in
3571 4737 3739 4792 futuro
3755 4732 3824 4803 ju-

2263 4817 2405 4874 dicio
2435 4822 2542 4876 erit
2583 4821 2721 4878 alios
2746 4824 3092 4894 judicaturus
3121 4836 3178 4884 et
3221 4829 3700 4886 condemnaturus.
3728 4828 3824 4884 lus-

2264 4913 2500 4969 tiﬁcatus
2532 4930 2614 4985 es,
2645 4916 2883 4976 Domine
2911 4919 3062 4988 Jesu,
3098 4923 3150 4978 in
3182 4925 3526 4982 sermonibus
3555 4927 3665 4982 tuis
3690 4932 3820 4978 :cmn

2265 5005 2459 5064 ductus
2486 5023 2584 5076 pro
2621 5011 2810 5081 pepuli
2843 5014 3080 5083 peccatis
3117 5016 3182 5069 ad
3220 5025 3474 5088 mortem,
3512 5035 3622 5074 non
3645 5025 3717 5072 est
3752 5015 3820 5068 iu-

2261 5107 2460 5156 ventus
2490 5100 2651 5158 dolus
2683 5105 2736 5158 in
2774 5119 2872 5162 ore
2896 5117 3008 5162 tuo.
3046 5107 3236 5165 Vicisti
3277 5110 3554 5180 judicatus
3585 5129 3600 5166 :
3630 5125 3736 5166 cum
3775 5105 3816 5156 in

2261 5200 2315 5248 te
2345 5193 2475 5250 nihil
2503 5195 2725 5270 dignum
2757 5211 2932 5257 morte
2955 5202 3208 5274 princeps
3242 5205 3592 5261 tenebrarum
3625 5199 3815 5260 invenit.

2261 5283 2611 5344 Consuetudo
2641 5291 2918 5362 prophetae
2942 5305 3048 5360 est,
3073 5306 3128 5350 ut
3149 5306 3265 5351 acta
3292 5313 3388 5367 pro
3409 5297 3636 5368 agendis
3663 5298 3814 5364 loqtta'

2262 5390 2370 5437 tur.

2332 5475 2466 5533 Ecce
2485 5480 2619 5534 enim
2649 5480 2700 5533 in
2724 5481 3090 5552 iniquitatibus
3115 5494 3393 5557 conceptus
3420 5503 3559 5554 sunt,
3586 5486 3698 5542 etin
3716 5494 3810 5555 ρεαδ
3929 5471 3931 5559 1

2259 5577 2386 5630 catis
2410 5580 2640 5651 concepit
2667 5596 2744 5634 me
2766 5591 2934 5636 mater
2961 5599 3094 5637 mea.
3123 5583 3219 5638 llic
3241 5583 3542 5642 versiculus
3569 5584 3719 5640 totius
3735 5589 3807 5649 ge-

2260 5670 2408 5724 neris
2449 5669 2666 5725 humani
2707 5687 2893 5728 casum
2934 5675 3183 5743 exponit,
3222 5675 3366 5731 sicut
3395 5677 3447 5731 in
3486 5676 3590 5733 Job
3618 5692 3632 5730 :
3661 5665 3804 5729 Nessi

2260 5760 2417 5816 unius
2447 5760 2554 5818 diei
2598 5761 2670 5818 sit
2698 5777 2870 5834 super
2905 5774 3128 5836 terram,
3164 5776 3350 5838 potest
3390 5783 3514 5826 esse
3556 5765 3802 5826 mundat!
