4010 6324
222 257 353 324 θῖδ

1232 268 1664 335 BBEVIARIUII
1696 265 1769 329 IN
1802 260 2139 329 “Mallos.
2179 269 2429 337 PSALM.
2468 275 2530 334 L.

3434 287 3541 347 974

231 385 405 442 sorde
427 387 633 456 peccati
655 385 1110 461 (labantur).
1128 388 1706 461 Conripiturautemet
1722 404 1845 448 nas-
1872 376 2189 457 Aspiritnm
2232 397 2464 457 rectum,
2492 389 2559 444 ad
2606 391 2895 449 ridendum
2945 402 3003 451 et
3044 395 3466 456 discernendum
3523 421 3536 455 :

231 482 448 536 citut-in
474 481 723 552 originali
742 489 988 552 peccato,
1011 482 1156 551 quod
1176 496 1243 538 ex
1262 480 1435 539 Adam
1463 484 1719 550 trahitur,
1750 485 1843 539 sed

230 575 516 643 baptismo
542 588 640 646 per
661 575 890 646 gratiam
917 574 1117 630 Christi
1149 576 1489 645 purillcstur.
1525 577 1647 642 Vcl,
1677 586 1733 631 ut
1753 579 1846 650 ju-

231 667 482 738 sti/iceris
513 668 567 721 in
594 667 917 723 sermonibus
947 669 1075 732 tuis,
1105 676 1152 723 et
1182 669 1357 723 uincas
1401 684 1516 723 cum
1555 669 1842 740 judicaris.

236 757 404 814 llunc
427 759 607 815 locum
632 759 954 829 diligentius
978 757 1033 814 in
1059 758 1299 829 Epistula
1322 759 1390 815 ad
1415 761 1691 816 Romanos
1710 760 1847 815 Pau-

236 852 333 909 lus
362 851 615 909 edisserit
648 869 661 907 :
695 851 840 924 quod
871 852 1017 909 Dens
1036 865 1159 908 cum
1190 854 1361 924 possit
1379 852 1450 909 de
1470 853 1625 910 nobis
1647 854 1849 925 judicia

236 945 573 1001 auctoritate
601 945 941 1009 discernere,
972 958 1082 1000 non
1112 945 1219 1001 hoc
1256 943 1406 1013 facit,
1437 947 1533 1004 sed
1563 948 1849 1004 nobiscum

237 1039 363 1093 vult
387 1038 650 1108 iudicari,
691 1047 749 1094 ut
793 1041 967 1110 magis
1003 1039 1216 1110 justitia
1255 1050 1514 1112 appareat
1554 1039 1849 1110 iudicantis

240 1132 431 1207 (Rom.
457 1141 564 1202 ιιι).
599 1131 664 1188 In
687 1135 909 1207 peccatis
932 1135 1165 1202 concepit
1192 1144 1274 1188 nte
1292 1145 1461 1190 mater
1481 1148 1617 1190 mea.
1641 1134 1851 1192 Obscu-

241 1240 345 1283 rus
376 1226 533 1282 locus
561 1234 620 1282 et
648 1227 813 1282 altius
836 1227 1239 1284 retraetandns.

324 1318 457 1374 Ecce
486 1320 627 1375 enim
660 1322 927 1375 veritatem
949 1320 1202 1376 dilexisti.
1237 1318 1371 1378 Cum
1399 1336 1497 1392 per
1527 1322 1849 1392 prophetam

243 1423 565 1485 peccantem
602 1415 861 1470 famulum
901 1413 1223 1487 inerepasti,
1255 1419 1545 1473 veritatem
1581 1412 1848 1474 dilexisti.

244 1506 470 1563 Veritas
490 1507 749 1563 Christus
770 1516 853 1564 est
877 1522 892 1563 :
920 1507 1047 1577 quia
1066 1507 1229 1564 Pater
1253 1508 1429 1580 diligit
1445 1510 1645 1565 Filium
1670 1522 1847 1578 suum,

244 1600 339 1655 vel
365 1599 542 1670 diligit
566 1598 969 1655 confessionem
997 1614 1061 1656 ex
1091 1612 1189 1655 ore
1215 1602 1541 1671 peccatoris.
1570 1600 1785 1657 Incerta
1806 1613 1851 1657 et

248 1694 456 1748 occulta
485 1693 753 1763 sapientia:
779 1701 881 1748 tua
901 1693 1246 1763 manifestasti
1274 1694 1423 1748 mihi.
1446 1693 1561 1750 Hoc
1585 1702 1690 1759 est,
1710 1693 1850 1765 quod

1948 476 2086 532 sicut
2116 489 2277 537 antea
2308 491 2493 538 rectus
2522 482 2623 539 luit
2649 484 2703 540 in
2738 500 2845 543 me.

2020 570 2105 626 Ne
2130 575 2384 645 proficias
2410 591 2492 631 me
2515 588 2547 630 a
2576 577 2711 647 facie
2735 586 2845 633 tua.
2872 577 3028 636 Sicut
3052 579 3213 651 Cain,
3237 591 3298 638 ut
3322 583 3479 640 exsul
3508 600 3537 638 a

1948 669 2002 718 te
2029 663 2255 721 cfllciar.
2292 669 2331 720 Α
2364 667 2497 739 fac-ie
2525 677 2616 722 tua
2646 684 2663 723 :
2700 668 2752 724 id
2781 679 2893 738 est,
2922 687 2952 726 a
2995 674 3285 743 prmentia
3319 683 3432 731 tua.
3469 674 3541 730 Et

1946 762 2190 829 spiritum
2219 771 2456 818 sanctum
2497 771 2643 818 tuum
2682 783 2744 820 nc
2790 768 2998 838 auferas
3024 784 3059 823 α
3086 784 3167 823 ms
3192 785 3212 824 :
3238 767 3345 825 Sed
3375 771 3445 825 ab
3469 786 3539 826 eo

1947 855 2286 924 consumptis
2308 855 2545 925 delictis,
2576 863 2668 911 tuo
2688 861 2895 913 statuas
2920 863 3261 931 conspectui.
3281 860 3538 932 Spiritum

1948 955 2184 1000 sanctum
2211 956 2443 1001 tuumne
2467 949 2679 1019 auferas
2706 965 2740 1006 a
2765 966 2844 1005 me
2871 968 2890 1007 :
2921 951 2973 1008 id
3002 967 3109 1022 eet,
3134 956 3388 1026 spiritum
3419 974 3543 1030 pro-

1949 1036 2173 1109 phetiaa.

2028 1130 2207 1189 Redde
2230 1134 2361 1190 mihi
2392 1132 2628 1192 lwtitiam
2653 1138 2904 1195 salutaris
2928 1136 3025 1197 tui.
3051 1142 3256 1201 Christi
3288 1142 3367 1202 tttl
3398 1147 3545 1203 illam

1953 1224 2383 1282 exsultationem
2416 1240 2577 1294 quam
2611 1229 2667 1283 in
2696 1244 2762 1286 eo
2790 1229 2959 1288 habui
2986 1231 3141 1301 prius
3162 1248 3324 1308 quam
3358 1248 3542 1308 pecca-

1953 1319 2151 1376 verim.
2171 1319 2439 1377 Salutaris
2460 1321 2554 1377 Dei
2574 1322 2774 1388 Patris,
2798 1323 3047 1381 Christus
3068 1334 3172 1383 est.
3197 1326 3281 1384 Ac
3293 1329 3339 1383 si
3363 1330 3506 1386 dicat
3531 1349 3543 1387 :

1953 1411 2096 1464 sicut
2123 1419 2282 1467 antea
2315 1412 2681 1481 praevidebam
2716 1426 2816 1485 per
2856 1416 3131 1486 spiritum,
3170 1418 3446 1478 Christum
3488 1424 3549 1479 in

1953 1514 2118 1560 carne
2139 1510 2429 1561 venturum
2453 1517 2536 1564 :et
2568 1506 2735 1563 modo
2751 1508 2833 1565 sic
2860 1508 3073 1566 faciam.
3101 1511 3167 1566 Et
3183 1510 3372 1587 spiritu
3397 1518 3542 1581 prin-

1956 1596 2115 1665 cipali
2142 1600 2400 1669 conﬁrma
2424 1614 2523 1656 me.
2554 1600 2623 1658 Ut
2653 1601 2845 1671 ipsein
2869 1616 2956 1660 me
2988 1622 3003 1657 ε
3033 1611 3097 1658 et
3112 1618 3219 1659 non
3249 1607 3376 1661 vitia
3396 1608 3549 1678 prin-

1957 1689 2228 1758 cipentur.
2259 1688 2341 1745 Tu
2387 1704 2525 1747 vero
2562 1694 2657 1764 qui
2702 1693 2842 1766 legis
2876 1704 3125 1751 sanctam
3166 1696 3505 1765 Scriptum»
3536 1719 3547 1752 :

249 1787 309 1842 in
355 1786 465 1842 alio
514 1787 635 1842 loco
664 1787 738 1841 ait
770 1803 785 1841 :
817 1784 1023 1842 Revela
1073 1786 1264 1842 oculos
1295 1800 1469 1850 meos.
1504 1798 1558 1842 ct
1595 1786 1849 1843 conside-
1887 1766 1932 1828 Β
1960 1793 2201 1841 sanctam
2244 1785 2335 1841 hic
2361 1785 2685 1844 Trinitatem
2714 1788 2989 1861 intelligo.
3019 1789 3137 1857 Vel,
3173 1791 3421 1862 conﬁrma
3447 1808 3547 1857 me,

248 1879 391 1935 rabo
417 1878 690 1934 mirabilia
714 1878 782 1934 de
810 1879 930 1948 lege
952 1886 1041 1933 ttta
1067 1878 1240 1950 (Psal.
1265 1878 1476 1952 cum).
1505 1879 1778 1935 Incertum
1799 1887 1855 1935 et

249 1970 501 2029 abditum
531 1972 812 2042 miltierit,
846 1972 893 2027 si
924 1974 1157 2028 remittis
1186 1974 1298 2029 tale
1325 1974 1557 2031 facinus.
1603 1973 1710 2030 Sed
1736 1988 1850 2029 ma-

249 2067 513 2123 nifestum
545 2076 632 2120 est
665 2084 676 2118 :
704 2080 827 2121 cum
853 2067 1138 2137 ignoscere
1167 2068 1423 2139 dignatus
1451 2080 1511 2124 es
1531 2068 1854 2139 delinquen-

253 2160 322 2215 ti.
355 2158 652 2230 Sapientiae
682 2158 828 2213 enim
862 2169 964 2214 tttte
992 2170 1098 2225 est,
1143 2167 1202 2214 ιιι
1248 2160 1400 2229 prius
1450 2161 1723 2229 increpes,
1775 2161 1855 2215 sic

251 2253 526 2309 remittas.
581 2252 712 2308 Nam
751 2263 805 2308 et
852 2251 1112 2309 Ninivitis
1156 2255 1369 2310 occulta
1421 2263 1541 2308 erat
1587 2254 1852 2323 sapientia

256 2346 482 2415 pictatis
515 2352 643 2411 tuas,
665 2359 793 2400 cum
819 2344 1067 2401 dicerent
1092 2362 1105 2399 :
1128 2344 1261 2413 Quis
1293 2344 1399 2400 scit
1425 2345 1474 2401 si
1500 2352 1854 2401 convertatur

254 2439 406 2499 Dens
429 2452 459 2493 a
489 2438 673 2494 furore
704 2453 831 2507 suo,
861 2448 918 2494 et
951 2454 1057 2495 non
1091 2440 1392 2510 peribimus
1422 2438 1573 2509 (Jan.
1605 2439 1724 2507 ut)?
1758 2433 1854 2493 Vel

251 2532 404 2588 Deus
433 2547 530 2602 per
555 2532 765 2587 Natltan
797 2533 1116 2602 prophetam
1157 2532 1363 2587 incerta
1396 2541 1450 2588 et
1488 2532 1701 2588 occulta
1742 2544 1853 2584 ma-

257 2627 538 2683 nilestavit
567 2644 579 2679 :
610 2627 660 2681 id
687 2634 791 2692 est,
824 2630 1069 2681 narravit
1098 2626 1289 2691 David,
1321 2626 1540 2698 quando
1566 2624 1704 2681 dixit
1735 2642 1749 2677 :
1774 2624 1857 2679 di-

258 2721 491 2777 missum
523 2731 606 2777 est
641 2731 925 2791 peccatum
960 2731 1135 2786 tuum,
1167 2721 1307 2775 sicut
1345 2718 1597 2775 Ninivita:
1625 2732 1855 2775 conver-

257 2813 309 2869 si
365 2822 493 2869 sunt
540 2813 612 2870 de
658 2813 805 2869 malo
859 2814 915 2869 in
972 2814 1204 2878 bonum,
1264 2828 1362 2883 per
1413 2812 1857 2884 pmdicationem

257 2905 437 2963 Jonas.

336 3001 593 3071 Asperges
619 3017 719 3065 me,
750 2998 992 3067 Domine,
1021 2999 1266 3071 hyssopo,
1287 3005 1334 3051 et
1361 2998 1676 3053 mundabor.
1707 2998 1859 3054 Sicut

1958 1876 2015 1929 in
2034 1886 2223 1945 regno.
2253 1876 2515 1948 Spiritum
2539 1887 2757 1936 rectum
2785 1898 2796 1933 ε
2823 1880 2931 1937 hoc
2953 1888 3059 1952 est,
3093 1883 3405 1939 inuuvando
3430 1883 3550 1956 Spi-

1956 1970 2117 2025 ritum
2147 1981 2399 2029 sanetum
2431 1992 2447 2027 :
2478 1973 2583 2029 hoc
2604 1981 2709 2044 est,
2736 1975 2993 2046 spiritum
3025 1976 3343 2048 prophetiae.
3377 1977 3553 2049 διήτίε

1957 2070 2070 2117 tum
2094 2065 2475 2137 principalem,
2496 2066 2737 2125 Patrem.
2752 2069 3033 2142 Spiritum
3057 2082 3289 2143 rectum,
3312 2071 3511 2130 Filium
3534 2093 3549 2131 :

1957 2155 2221 2226 Spiritum
2249 2168 2530 2228 sanetum,
2557 2161 2819 2231 Spiritum
2848 2170 3118 2221 sanctum.

2029 2248 2237 2306 Docebo
2265 2252 2475 2325 iniquos
2499 2254 2609 2310 uias
2635 2264 2752 2310 tuas
2779 2269 2803 2310 :
2825 2266 2874 2311 et
2906 2258 3055 2328 impii
3083 2259 3152 2312 ad
3181 2265 3229 2313 te
3254 2269 3553 2317 concerten-

1958 2352 2063 2396 tur.
2099 2342 2167 2399 Ut
2193 2343 2533 2401 declinantes
2554 2360 2586 2400 a
2614 2347 2718 2401 viis
2750 2349 2951 2417 pravis,
2980 2351 3353 2419 paenitentiam
3385 2369 3554 2423 agen-

1962 2442 2041 2489 tes
2095 2433 2524 2492 miscricordiam
2568 2451 2993 2511 consequantur,
3038 2443 3182 2499 sicut
3211 2453 3269 2501 et
3294 2459 3396 2516 ego
3425 2461 3453 2499 a
3503 2458 3559 2502 te

1962 2526 2401 2585 misericordiam
2431 2540 2763 2590 consecutus
2789 2548 2931 2590 sum.
2982 2530 3193 2592 Docebo
3219 2538 3431 2609 iniquos
3449 2540 3555 2594 uias

1964 2628 2080 2673 tuas
2119 2635 2139 2675 :
2175 2629 2224 2675 et
2264 2622 2413 2693 impii
2441 2623 2511 2677 ad
2557 2630 2605 2679 te
2628 2632 2988 2681 convertentur
3020 2644 3037 2680 .·
3083 2622 3189 2684 hoc
3218 2636 3325 2700 est,
3357 2644 3553 2702 ponam

1961 2711 2255 2781 meipsum,
2287 2724 2346 2769 ut
2377 2731 2558 2771 meum
2591 2718 2905 2790 exemplum
2932 2720 3025 2776 alii
3052 2722 3352 2779 inritantur.

2036 2802 2223 2858 Libera
2249 2818 2330 2860 me
2356 2806 2423 2861 de
2447 2808 2813 2881 sanguinibus,
2842 2810 3003 2867 Deus.
3036 2814 3113 2869 De
3135 2814 3368 2883 peccatis
3407 2816 3551 2871 mul-

1960 2897 2030 2949 tis
2064 2914 2075 2948 :
2102 2896 2171 2951 de
2198 2894 2396 2967 quibus
2427 2909 2482 2955 et
2526 2899 2725 2956 Paulus
2771 2904 2844 2957 ait
2875 2922 2886 2958 :
2919 2907 3045 2975 quia
3076 2918 3208 2963 caro
3239 2917 3291 2964 et
3338 2910 3557 2979 salignis

1960 3002 2192 3057 regnum
2222 2988 2319 3046 Dei
2345 3007 2452 3046 non
2480 2992 2840 3062 possidebunt
2867 2991 2907 3064 (ι
2941 2994 3061 3051 Cor.
3096 2998 3208 3069 xv).
3244 2997 3386 3054 Deus
3414 3001 3561 3055 salu-

260 3093 410 3148 enim
442 3092 713 3164 hyssopus
744 3100 996 3146 terrenus
1023 3088 1283 3145 curandis
1320 3089 1672 3159 pulmonibus
1700 3102 1860 3159 aptus
1892 3153 1930 3164 _
1963 3079 2029 3133 ιίε
2051 3096 2197 3136 ntem-
2233 3081 2280 3137 Λ
2310 3097 2421 3152 quo
2451 3093 2570 3153 post
2613 3098 2895 3153 peccatum
2942 3089 3203 3145 virilicor.
3251 3090 3389 3160 Quia
3417 3093 3556 3148 alius

262 3196 373 3251 est,
403 3192 464 3239 ut
479 3153 700 3240 'avertat
732 3185 1064 3239 inﬂationem
1101 3200 1114 3237 :
1148 3184 1219 3236 ita
1246 3182 1455 3239 caelesti
1488 3183 1608 3254 quis
1639 3194 1853 3253 resperc

1973 3172 2144 3229 nullus
2184 3180 2366 3244 potest
2407 3175 2511 3231 huc
2558 3174 2758 3233 facere.
2797 3176 2870 3232 Et
2909 3181 3193 3237 exsultabit
3222 3153 3402 3255 lingua
3444 3201 3559 3240 mea

259 3290 361 3333 sus
387 3275 627 3349 hyssopo
650 3294 664 3330 :
691 3276 743 3331 id
763 3284 871 3344 est,
907 3274 1222 3330 humilitate
1245 3274 1453 3344 cordis,
1486 3274 1557 3330 ah
1582 3274 1731 3328 omni
1763 3289 1859 3327 su-

263 3368 471 3440 perbiae
511 3370 849 3439 malignitate
900 3377 1187 3438 purgatur.
1231 3365 1453 3422 Lavabis
1485 3382 1585 3433 me,
1616 3374 1664 3420 et
1707 3380 1862 3435 super

261 3462 436 3516 nivem
461 3460 757 3516 dealbabor.
781 3460 856 3517 Ut
872 3458 994 3531 quia
1024 3468 1244 3531 peccata
1274 3474 1395 3516 mea
1416 3469 1545 3515 sunt
1576 3459 1863 3529 pltceniceo

260 3554 486 3619 similia,
511 3552 669 3624 quasi
701 3554 790 3608 nix
814 3541 1167 3608 dealbentur.
1200 3552 1305 3621 'l'u,
1338 3552 1582 3622 inquam,
1610 3550 1862 3618 Domine,

263 3654 462 3716 potens
491 3661 554 3701 es
584 3656 869 3715 peccatum
915 3647 1127 3714 piceum
1177 3643 1234 3699 in
1282 3643 1516 3700 lacteum
1568 3642 1860 3697 candorem

263 3737 600 3795 transferre:
624 3736 1085 3810 fuligittosumque
1113 3737 1384 3793 hebenum
1412 3735 1468 3791 in
1494 3735 1741 3809 crystalli
1760 3734 1861 3790 lul-

262 3844 455 3902 goretn
483 3841 822 3887 convertere.
853 3830 975 3901 Vel,
1003 3830 1205 3885 iuvabis
1224 3846 1306 3885 me
1332 3845 1351 3884 :
1377 3829 1481 3885 boc
1500 3838 1603 3896 est,
1632 3844 1728 3898 per
1751 3844 1864 3899 pato

266 3924 554 3980 nitentiam
581 3936 637 3979 et
662 3924 1018 3996 baptismum.
1065 3921 1137 3977 Et
1162 3937 1318 3994 super
1354 3924 1521 3977 nivem
1560 3920 1861 3987 dealbabor,

265 4017 414 4073 sicut
442 4016 585 4072 dixit
627 4015 799 4072 Isaias
829 4032 843 4070 :
873 4015 931 4071 Si
984 4014 1185 4069 fuerint
1228 4023 1448 4084 peccata
1493 4025 1676 4068 vesua
1724 4012 1866 4067 sicut

264 4110 640 4183 pltmniceutn,
673 4111 819 4164 velut
854 4109 1035 4164 nivem
1063 4108 1364 4165 dealbabor
1392 4105 1546 4181 (lui.
1576 4112 1645 4177 ι).

341 4203 562 4258 Auditui
587 4220 700 4258 meo
723 4202 870 4257 dabis
898 4200 1145 4275 gaudium
1168 4212 1218 4257 et
1240 4203 1495 4258 laetitiam.
1522 4200 1657 4257 Cum
1675 4200 1865 4271 iacetis

265 4297 327 4355 in
364 4295 681 4352 inﬁrmitate
712 4298 946 4367 peccati,
979 4296 1169 4351 audire
1201 4310 1456 4352 meruero
1485 4312 1503 4349 :
1534 4294 1727 4363 Homo,
1777 4293 1861 4348 di-

266 4392 437 4449 missa
463 4399 593 4447 sunt
618 4390 713 4447 tibi
743 4401 967 4463 peccata
988 4399 1101 4445 tua.
1132 4388 1228 4446 Vel
1253 4390 1462 4444 auditui
1485 4388 1617 4445 dicit
1647 4407 1659 4442 :
1691 4403 1865 4458 quan-

265 4490 340 4546 do
366 4488 500 4544 dixit
535 4504 549 4543 :
574 4487 806 4555 Nathan,
841 4487 1125 4543 dimissum
1152 4493 1237 4541 est
1261 4494 1543 4556 peccatum
1578 4493 1726 4538 tuum
1748 4522 1763 4548 ,
1800 4480 1863 4535 Et

1953 3266 2198 3338 justitias
2226 3275 2364 3322 tuas.
2398 3266 2503 3324 Per
2525 3285 2662 3340 quas
2688 3271 2876 3341 punito
2907 3273 2960 3329 in
2993 3288 3079 3329 mc
3106 3283 3363 3345 peccato,
3393 3277 3555 3333 mise—

1966 3357 2255 3414 ricordiam
2317 3361 2618 3430 praebuisti.
2682 3362 2772 3419 γει
2825 3366 3149 3434 ωεύίσιώἰι
3202 3384 3323 3424 mea
3380 3369 3560 3441 lingua

1965 3452 2215 3509 mandata
2250 3465 2363 3511 tua.

2035 3541 2279 3615 Domine,
2310 3547 2451 3604 labia
2478 3566 2590 3605 mea
2615 3553 2816 3617 aperies
2845 3569 2862 3607 :
2888 3560 2933 3606 et
2956 3570 3012 3608 os
3037 3570 3209 3609 meum
3233 3554 3561 3611 attnuntiabit

1965 3638 2171 3692 Iaudem
2190 3649 2353 3695 tuam.
2390 3642 2446 3698 Si
2471 3640 2684 3712 aperias
2715 3659 2778 3700 os
2806 3659 2985 3701 meum
3011 3646 3156 3703 sicut
3183 3646 3358 3718 Moysi
3385 3663 3557 3719 quou-

1966 3730 2092 3787 dam
2130 3751 2142 3787 :
2176 3748 2277 3804 ego
2307 3736 2639 3805 praeconabo
2669 3738 2796 3808 quia
2825 3750 3069 3805 sanctus,
3097 3739 3224 3810 quia
3256 3740 3405 3810 pius,
3433 3739 3561 3812 quia

1966 3823 2284 3880 misericors
2313 3841 2399 3881 es.
2424 3826 2528 3883 Vel
2558 3828 2743 3884 clausa
2773 3840 2929 3885 erant
2956 3846 3054 3901 per
3086 3839 3367 3900 peccatum
3401 3851 3415 3884 ι
3459 3848 3561 3889 nec

1967 3912 2122 3970 locus
2141 3927 2287 3981 erat,
2317 3927 2679 3990 nectempus,
2709 3936 2814 3978 nec
2842 3936 3098 3991 persona,
3123 3939 3225 3980 nec
3250 3925 3558 3996 exemplum

1970 4015 2226 4074 poterant
2273 4008 2405 4065 dare
2438 4029 2451 4063 :
2481 4011 2608 4082 quia
2641 4027 2748 4068 non
2795 4020 2885 4069 est
2924 4013 3146 4084 pulchra
3192 4015 3310 4071 laus
3361 4015 3417 4073 in
3460 4031 3558 4073 ore

1968 4097 2290 4166 peccatoris.

2043 4192 2306 4261 Quoniam
2346 4196 2391 4250 si
2417 4195 2671 4253 voluisses
2695 4198 3041 4267 sacriﬁcium,
3068 4200 3324 4256 dedissem
3360 4201 3563 4273 utique,

1966 4282 2288 4341 holocaustis
2326 4303 2435 4342 non
2470 4287 2827 4346 delectaberis.
2869 4290 3109 4348 Audiam
3140 4291 3319 4349 Judati
3349 4292 3557 4349 sacriﬁ-

1967 4378 2053 4434 cia
2095 4394 2195 4435 sua
2230 4395 2483 4438 cessasse
2526 4400 2539 4438 :
2576 4384 2887 4456 intelligant
2906 4386 3070 4442 etiam
3108 4401 3208 4457 per
3236 4386 3409 4444 alium
3434 4401 3561 4458 pro-

1968 4469 2185 4540 phetam
2211 4472 2382 4530 Deum
2409 4474 2724 4545 loquentem
2754 4495 2766 4530 :
2794 4476 3056 4549 Sahltata,
3083 4480 3403 4537 holocausta
3431 4495 3564 4537 neo—

266 4580 602 4639 exsultabant
623 4599 742 4638 ossa
768 4549 1059 4636 liumilt'ata.
1083 4576 1139 4633 tu
1170 4549 1280 4648 est,
1298 4576 1531 4633 virtutes
1559 4591 1679 4646 quae
1713 4574 1863 4645 prius
1890 4549 1944 4611 Ῑ)
1975 4565 2293 4636 metuasque
2321 4574 2534 4623 vestras
2562 4569 2735 4624 adivit
2760 4572 2945 4627 anima
2973 4588 3094 4628 mea
3125 4572 3285 4645 (Isai-
3320 4579 3383 4641 ti-
3418 4574 3559 4643 Quid

268 4676 489 4733 luerunt
514 4680 755 4747 peccatis
783 4674 1099 4731 ltumiliatm.
1130 4672 1222 4728 Vel
1246 4671 1530 4728 aeternitas
1557 4668 1675 4739 spei
1706 4682 1862 4733 mea),

270 4784 418 4841 quae,
455 4780 715 4840 peccante
757 4784 862 4837 me,
899 4766 1184 4824 humiliata
1219 4766 1440 4823 fuerat:
1476 4776 1527 4821 te
1552 4763 1865 4835 indulgente

266 4861 557 4935 persultat.

343 4954 535 5012 Averte
554 4956 738 5028 faciem
758 4965 902 5010 tuom
926 4972 960 5009 a
977 4955 1200 5027 peccatis
1229 4954 1376 5009 meis.
1399 4954 1510 5011 Nec
1529 4969 1594 5010 ea
1617 4955 1697 5008 sic
1721 4953 1864 5021 aspi-

271 5050 813 5105 ciasutrevertantur
836 5050 888 5103 in
908 5047 1483 5105 commemorationem
1502 5058 1665 5101 tuam.
1684 5040 1865 5102 Aperte

272 5141 463 5213 {aciem
491 5149 656 5195 tuam.
690 5141 769 5197 Ac
796 5140 840 5193 si
869 5139 1015 5196 dicat
1046 5152 1060 5197 :
1095 5154 1167 5195 ne
1195 5139 1399 5204 videas,
1428 5153 1531 5194 nec
1558 5137 1864 5194 recerderis

270 5234 390 5290 ilh.
414 5231 485 5289 Et
509 5248 687 5289 omnes
706 5234 1008 5304 iniquitates
1032 5249 1174 5289 meas
1199 5232 1335 5287 dels.
1369 5230 1701 5294 Praeteritas,
1728 5244 1870 5300 prm-

267 5334 463 5383 sentes
488 5334 653 5397 atque
682 5324 912 5382 futuras.

345 5416 448 5474 Cor
477 5419 727 5473 mundum
757 5434 875 5473 crea
917 5417 971 5471 in
1003 5434 1104 5487 me,
1151 5415 1316 5473 Deus.
1357 5413 1477 5483 Quo
1530 5424 1585 5472 te
1631 5415 1865 5471 videam.

269 5512 426 5572 Sicut
453 5511 679 5582 rogabat
695 5511 862 5566 David
887 5528 900 5565 :
930 5511 1003 5564 ita
1027 5518 1085 5567 et
1102 5510 1476 5581 unusquisque
1489 5507 1655 5564 debet
1670 5505 1866 5590 facere.

273 5605 380 5661 Cor
410 5605 664 5658 mundum
704 5620 819 5659 creo
860 5606 917 5659 in
940 5618 1045 5672 me,
1075 5600 1237 5656 Deus.
1286 5602 1584 5671 Propterea
1618 5599 1865 5667 rogabat,

272 5707 337 5756 ut
367 5696 608 5751 mundus
640 5695 839 5751 “creta
1139 5695 1204 5749 Et
1230 5696 1473 5764 spiritum
1491 5698 1687 5745 rectum
1715 5690 1868 5743 inuo-

272 5806 339 5848 tta
378 5790 435 5843 iu
479 5784 757 5845 uisceribus
786 5787 933 5843 meis.
968 5787 1088 5854 Quo
1136 5796 1189 5843 te
1233 5795 1383 5842 recte
1410 5781 1696 5841 conﬁtear.
1753 5781 1867 5850 Vel,

1971 4672 2102 4728 ergo
2133 4667 2211 4726 tu,
2239 4658 2422 4728 homo,
2456 4659 2693 4717 oli‘eresi
2721 4660 2863 4717 Audi
2897 4663 3025 4733 quid
3057 4663 3336 4734 subjecit:

2046 4750 2385 4821 Sacriﬁcium
2415 4751 2527 4810 Deo
2556 4755 2774 4825 spiritus
2802 4756 3184 4814 contribuat“
3205 4774 3226 4813 :
3255 4776 3344 4815 cor
3369 4762 3561 4816 contri-

1973 4853 2083 4899 tum
2121 4854 2168 4900 et
2210 4844 2542 4901 ltumiliatum
2585 4846 2721 4901 Deus
2751 4850 2857 4902 nan
2903 4850 3119 4916 spernit.
3177 4851 3370 4909 Merito
3417 4852 3562 4910 inter

1974 4939 2209 5009 reliquas
2258 4938 2628 4996 beatitudines
2680 4939 3061 5011 Evangelicas,
3115 4943 3396 5003 beatitudo
3445 4949 3560 5004 iure

1973 5032 2220 5088 continet
2248 5031 2632 5102 principatum.
2667 5032 2842 5098 Beati,
2875 5032 3071 5105 inquit,
3103 5050 3373 5107 pauperes
3400 5042 3559 5112 spiri-

1972 5135 2030 5182 tu
2051 5168 2067 5193 ,
2087 5128 2344 5199 quoniam
2367 5125 2611 5197 ipsorum
2635 5138 2717 5183 est
2737 5142 2963 5198 regnum
2988 5129 3253 5187 calorum
3276 5131 3455 5205 (Matt.
3478 5134 3556 5202 ν).

1972 5217 2075 5288 Qui
2103 5234 2209 5275 non
2241 5219 2296 5275 in
2326 5218 2661 5275 vanitatibus
2691 5219 2878 5276 satculi
2924 5218 3183 5278 inﬂantur
3213 5242 3225 5277 :
3250 5224 3348 5280 sed
3387 5240 3418 5281 a
3449 5226 3562 5282 Deo

1972 5310 2253 5383 accipiunt
2280 5311 2614 5384 Spiraculum
2640 5312 2762 5370 vitae
2785 5330 2798 5368 :
2818 5323 2978 5384 atque
2999 5317 3386 5373 contritionem
3415 5319 3561 5375 anxii

1974 5403 2157 5460 cordis
2186 5405 2240 5460 in
2273 5419 2398 5460 eunt
2430 5405 2744 5470 refundunt,
2774 5408 2865 5477 qui
2888 5422 2989 5478 pro
3018 5408 3179 5464 nobis
3199 5409 3429 5466 humilis
3454 5411 3564 5467 fac-

1975 5505 2062 5552 tus
2084 5507 2191 5552 est.
2216 5496 2314 5552 Vel
2339 5499 2496 5554 multi
2522 5499 2731 5555 habent
2746 5515 2841 5556 cor
2868 5502 3190 5570 contritum,
3219 5492 3315 5558 sed
3343 5520 3449 5560 non
3468 5505 3567 5561 ha-

1980 5592 2113 5648 bent
2141 5591 2484 5646 butniliat‘um
2524 5609 2535 5644 :
2570 5593 2696 5662 quia
2729 5594 2990 5664 plangunt
3011 5596 3159 5665 quod
3193 5597 3437 5653 iecerunt
3472 5617 3483 5651 :
3515 5610 3569 5654 et

1979 5694 2169 5754 postea
2193 5683 2265 5737 ad
2282 5683 2457 5752 ipsum
2487 5686 2690 5739 reverti
2707 5684 3046 5754 desitlerant,
3076 5688 3221 5757 quod
3247 5697 3406 5745 antea
3433 5689 3576 5746 l‘ecc-

1979 5787 2110 5834 runt
2140 5797 2150 5831 :
2187 5785 2245 5831 ct
2269 5775 2336 5831 de
2368 5776 2645 5845 prwterito
2673 5777 2871 5832 nolunt
2900 5780 3189 5849 ianitore.
