  <div class='ocr_page' id='page_1' title='image "/cluster/home/n/w/nwhite01/storage/ocr_20150623/26/uva.x000826568/495.png"; bbox 0 0 4010 6352; ppageno 0'>
   <div class='ocr_carea' id='block_1_1' title="bbox 531 274 641 334">
    <p class='ocr_par' dir='ltr' id='par_1_1' title="bbox 531 274 641 334">
     <span class='ocr_line' id='line_1_1' title="bbox 531 274 641 334; baseline 0.009 -2"><span class='ocrx_word' id='word_1_1' title='bbox 531 274 641 334; x_wconf 76' lang='lat'><strong>973</strong></span> 
     </span>
    </p>
   </div>
   <div class='ocr_carea' id='block_1_2' title="bbox 1326 253 3031 329">
    <p class='ocr_par' dir='ltr' id='par_1_2' title="bbox 1326 253 3031 329">
     <span class='ocr_line' id='line_1_2' title="bbox 1326 253 3031 329; baseline -0.01 -1"><span class='ocrx_word' id='word_1_2' title='bbox 1326 267 1669 329; x_wconf 79' lang='lat' dir='ltr'><strong>APPENDIX</strong></span> <span class='ocrx_word' id='word_1_3' title='bbox 1707 265 1801 326; x_wconf 83' lang='lat' dir='ltr'><strong>AD</strong></span> <span class='ocrx_word' id='word_1_4' title='bbox 1837 263 2082 325; x_wconf 78' lang='lat' dir='ltr'><strong>TOMUM</strong></span> <span class='ocrx_word' id='word_1_5' title='bbox 2121 258 2478 322; x_wconf 78' lang='lat' dir='ltr'><strong>SEPTIMUM</strong></span> <span class='ocrx_word' id='word_1_6' title='bbox 2515 258 2570 319; x_wconf 90' lang='lat' dir='ltr'><strong>S.</strong></span> <span class='ocrx_word' id='word_1_7' title='bbox 2618 253 3031 319; x_wconf 72' lang='lat' dir='ltr'><strong>IIIERONYMI.</strong></span> 
     </span>
    </p>
   </div>
   <div class='ocr_carea' id='block_1_3' title="bbox 3715 247 3814 310">
    <p class='ocr_par' dir='ltr' id='par_1_3' title="bbox 3715 247 3814 310">
     <span class='ocr_line' id='line_1_3' title="bbox 3715 247 3814 310; baseline 0.03 -3"><span class='ocrx_word' id='word_1_8' title='bbox 3715 247 3814 310; x_wconf 70' lang='lat'><strong>970</strong></span> 
     </span>
    </p>
   </div>
   <div class='ocr_carea' id='block_1_4' title="bbox 605 360 3804 457">
    <p class='ocr_par' dir='ltr' id='par_1_4' title="bbox 605 360 3804 457">
     <span class='ocr_line' id='line_1_4' title="bbox 605 360 3804 457; baseline -0.008 -16"><span class='ocrx_word' id='word_1_9' title='bbox 605 384 834 457; x_wconf 85' lang='lat' dir='ltr'><strong>Benigne</strong></span> <span class='ocrx_word' id='word_1_10' title='bbox 856 383 937 454; x_wconf 76' lang='lat' dir='ltr'><strong>{ac</strong></span> <span class='ocrx_word' id='word_1_11' title='bbox 956 424 970 451; x_wconf 93' lang='lat'><strong>,</strong></span> <span class='ocrx_word' id='word_1_12' title='bbox 999 382 1238 437; x_wconf 87' lang='lat' dir='ltr'><strong>Domine.</strong></span> <span class='ocrx_word' id='word_1_13' title='bbox 1274 381 1386 438; x_wconf 90' lang='lat' dir='ltr'><strong>lloc</strong></span> <span class='ocrx_word' id='word_1_14' title='bbox 1414 392 1523 450; x_wconf 90' lang='lat' dir='ltr'><strong>est,</strong></span> <span class='ocrx_word' id='word_1_15' title='bbox 1558 383 1818 454; x_wconf 92' lang='lat' dir='ltr'><strong>placitam</strong></span> <span class='ocrx_word' id='word_1_16' title='bbox 1848 382 1931 436; x_wconf 90' lang='lat' dir='ltr'><strong>fac</strong></span> <span class='ocrx_word' id='word_1_17' title='bbox 1968 394 2119 450; x_wconf 85' lang='lat' dir='ltr'><strong>spem</strong></span> <span class='ocrx_word' id='word_1_18' title='bbox 2148 379 2196 440; x_wconf 78' lang='grc' dir='ltr'><strong>Α</strong></span> <span class='ocrx_word' id='word_1_19' title='bbox 2225 374 2492 441; x_wconf 87' lang='lat' dir='ltr'><strong>nitorem,</strong></span> <span class='ocrx_word' id='word_1_20' title='bbox 2517 380 2573 430; x_wconf 92' lang='lat' dir='ltr'><strong>et</strong></span> <span class='ocrx_word' id='word_1_21' title='bbox 2590 387 2760 443; x_wconf 81' lang='lat' dir='ltr'><strong>genas</strong></span> <span class='ocrx_word' id='word_1_22' title='bbox 2783 370 3011 425; x_wconf 88' lang='lat' dir='ltr'><strong>vulnere</strong></span> <span class='ocrx_word' id='word_1_23' title='bbox 3041 379 3141 423; x_wconf 91' lang='lat' dir='ltr'><strong>suo</strong></span> <span class='ocrx_word' id='word_1_24' title='bbox 3164 364 3398 434; x_wconf 84' lang='lat' dir='ltr'><strong>sanciet,</strong></span> <span class='ocrx_word' id='word_1_25' title='bbox 3422 360 3608 420; x_wconf 89' lang='lat' dir='ltr'><strong>dolum</strong></span> <span class='ocrx_word' id='word_1_26' title='bbox 3638 360 3804 417; x_wconf 84' lang='lat' dir='ltr'><strong>faciet.</strong></span> 
     </span>
    </p>
   </div>
   <div class='ocr_carea' id='block_1_5' title="bbox 529 471 2121 544">
    <p class='ocr_par' dir='ltr' id='par_1_5' title="bbox 529 471 2121 544">
     <span class='ocr_line' id='line_1_5' title="bbox 529 471 2121 544; baseline -0.006 -10"><span class='ocrx_word' id='word_1_27' title='bbox 529 488 797 534; x_wconf 85' lang='lat' dir='ltr'><strong>nostram.</strong></span> <span class='ocrx_word' id='word_1_28' title='bbox 846 475 915 530; x_wconf 79' lang='lat' dir='ltr'><strong>In</strong></span> <span class='ocrx_word' id='word_1_29' title='bbox 963 475 1096 529; x_wconf 89' lang='lat' dir='ltr'><strong>bona</strong></span> <span class='ocrx_word' id='word_1_30' title='bbox 1122 474 1384 528; x_wconf 73' lang='lat' dir='ltr'><strong>voluntate</strong></span> <span class='ocrx_word' id='word_1_31' title='bbox 1430 481 1541 544; x_wconf 84' lang='lat' dir='ltr'><strong>tua,</strong></span> <span class='ocrx_word' id='word_1_32' title='bbox 1576 473 1728 529; x_wconf 88' lang='lat' dir='ltr'><strong>Sion.</strong></span> <span class='ocrx_word' id='word_1_33' title='bbox 1757 471 1874 540; x_wconf 85' lang='lat' dir='ltr'><strong>Qua</strong></span> <span class='ocrx_word' id='word_1_34' title='bbox 1908 480 1960 527; x_wconf 89' lang='lat' dir='ltr'><strong>te</strong></span> <span class='ocrx_word' id='word_1_35' title='bbox 1990 484 2121 526; x_wconf 90' lang='lat' dir='ltr'><strong>con-</strong></span> 
     </span>
    </p>
   </div>
   <div class='ocr_carea' id='block_1_6' title="bbox 529 564 2124 641">
    <p class='ocr_par' dir='ltr' id='par_1_6' title="bbox 529 564 2124 641">
     <span class='ocr_line' id='line_1_6' title="bbox 529 564 2124 641; baseline -0.004 -16"><span class='ocrx_word' id='word_1_36' title='bbox 529 570 882 641; x_wconf 86' lang='lat' dir='ltr'><strong>templamur.</strong></span> <span class='ocrx_word' id='word_1_37' title='bbox 911 567 980 621; x_wconf 88' lang='lat' dir='ltr'><strong>Et</strong></span> <span class='ocrx_word' id='word_1_38' title='bbox 1001 566 1330 636; x_wconf 77' lang='lat' dir='ltr'><strong>wdiﬁcentur</strong></span> <span class='ocrx_word' id='word_1_39' title='bbox 1358 567 1497 620; x_wconf 85' lang='lat' dir='ltr'><strong>muri</strong></span> <span class='ocrx_word' id='word_1_40' title='bbox 1525 565 1834 621; x_wconf 83' lang='lat' dir='ltr'><strong>Jerusalem.</strong></span> <span class='ocrx_word' id='word_1_41' title='bbox 1868 564 2124 620; x_wconf 83' lang='lat' dir='ltr'><strong>Munitio-</strong></span> 
     </span>
    </p>
   </div>
   <div class='ocr_carea' id='block_1_7' title="bbox 525 654 2121 730">
    <p class='ocr_par' dir='ltr' id='par_1_7' title="bbox 525 654 2121 730">
     <span class='ocr_line' id='line_1_7' title="bbox 525 654 2121 730; baseline -0.007 -10"><span class='ocrx_word' id='word_1_42' title='bbox 525 679 629 720; x_wconf 90' lang='lat' dir='ltr'><strong>nes</strong></span> <span class='ocrx_word' id='word_1_43' title='bbox 668 661 793 717; x_wconf 88' lang='lat' dir='ltr'><strong>ﬁdei</strong></span> <span class='ocrx_word' id='word_1_44' title='bbox 834 659 1229 729; x_wconf 88' lang='lat' dir='ltr'><strong>charitatisque</strong></span> <span class='ocrx_word' id='word_1_45' title='bbox 1260 659 1405 714; x_wconf 89' lang='lat' dir='ltr'><strong>illius</strong></span> <span class='ocrx_word' id='word_1_46' title='bbox 1430 672 1566 730; x_wconf 87' lang='lat' dir='ltr'><strong>quas</strong></span> <span class='ocrx_word' id='word_1_47' title='bbox 1595 656 1650 713; x_wconf 92' lang='lat' dir='ltr'><strong>in</strong></span> <span class='ocrx_word' id='word_1_48' title='bbox 1687 656 1928 713; x_wconf 83' lang='lat' dir='ltr'><strong>Ecclesia</strong></span> <span class='ocrx_word' id='word_1_49' title='bbox 1961 654 2121 727; x_wconf 89' lang='lat' dir='ltr'><strong>positi</strong></span> 
     </span>
    </p>
   </div>
   <div class='ocr_carea' id='block_1_8' title="bbox 526 738 1795 813">
    <p class='ocr_par' dir='ltr' id='par_1_8' title="bbox 526 738 1795 813">
     <span class='ocr_line' id='line_1_8' title="bbox 526 738 1795 813; baseline -0.013 0"><span class='ocrx_word' id='word_1_50' title='bbox 526 758 582 813; x_wconf 88' lang='lat' dir='ltr'><strong>in</strong></span> <span class='ocrx_word' id='word_1_51' title='bbox 614 767 665 812; x_wconf 88' lang='lat' dir='ltr'><strong>te</strong></span> <span class='ocrx_word' id='word_1_52' title='bbox 688 754 1093 810; x_wconf 87' lang='lat' dir='ltr'><strong>collocavimus.</strong></span> <span class='ocrx_word' id='word_1_53' title='bbox 1790 738 1795 743; x_wconf 69' lang='grc'>’</span> 
     </span>
    </p>
   </div>
   <div class='ocr_carea' id='block_1_9' title="bbox 596 842 2123 918">
    <p class='ocr_par' dir='ltr' id='par_1_9' title="bbox 596 842 2123 918">
     <span class='ocr_line' id='line_1_9' title="bbox 596 842 2123 918; baseline -0.006 -17"><span class='ocrx_word' id='word_1_54' title='bbox 596 847 743 902; x_wconf 89' lang='lat' dir='ltr'><strong>Tunc</strong></span> <span class='ocrx_word' id='word_1_55' title='bbox 789 844 1081 918; x_wconf 83' lang='lat' dir='ltr'><strong>acceptabis</strong></span> <span class='ocrx_word' id='word_1_56' title='bbox 1126 844 1443 915; x_wconf 78' lang='lat' dir='ltr'><strong>sacriﬁcium</strong></span> <span class='ocrx_word' id='word_1_57' title='bbox 1460 843 1707 917; x_wconf 78' lang='lat' dir='ltr'><strong>justitiw,</strong></span> <span class='ocrx_word' id='word_1_58' title='bbox 1741 842 2029 898; x_wconf 75' lang='lat' dir='ltr'><strong>oblationes</strong></span> <span class='ocrx_word' id='word_1_59' title='bbox 2074 848 2123 893; x_wconf 92' lang='lat' dir='ltr'><strong>et</strong></span> 
     </span>
    </p>
   </div>
   <div class='ocr_carea' id='block_1_10' title="bbox 523 932 2122 1007">
    <p class='ocr_par' dir='ltr' id='par_1_10' title="bbox 523 932 2122 1007">
     <span class='ocr_line' id='line_1_10' title="bbox 523 932 2122 1007; baseline -0.004 -14"><span class='ocrx_word' id='word_1_60' title='bbox 523 940 850 995; x_wconf 83' lang='lat' dir='ltr'><strong>holocausta.</strong></span> <span class='ocrx_word' id='word_1_61' title='bbox 883 936 1021 994; x_wconf 88' lang='lat' dir='ltr'><strong>Cum</strong></span> <span class='ocrx_word' id='word_1_62' title='bbox 1054 937 1141 993; x_wconf 86' lang='lat' dir='ltr'><strong>vel</strong></span> <span class='ocrx_word' id='word_1_63' title='bbox 1167 945 1223 992; x_wconf 89' lang='lat' dir='ltr'><strong>te</strong></span> <span class='ocrx_word' id='word_1_64' title='bbox 1255 953 1353 1007; x_wconf 91' lang='lat' dir='ltr'><strong>pro</strong></span> <span class='ocrx_word' id='word_1_65' title='bbox 1379 935 1538 991; x_wconf 89' lang='lat' dir='ltr'><strong>nobis</strong></span> <span class='ocrx_word' id='word_1_66' title='bbox 1566 934 1732 992; x_wconf 82' lang='lat' dir='ltr'><strong>oﬂers</strong></span> <span class='ocrx_word' id='word_1_67' title='bbox 1760 932 1910 990; x_wconf 88' lang='lat' dir='ltr'><strong>Patri</strong></span> <span class='ocrx_word' id='word_1_68' title='bbox 1943 952 1955 986; x_wconf 88' lang='lat'><strong>:</strong></span> <span class='ocrx_word' id='word_1_69' title='bbox 1986 933 2069 988; x_wconf 85' lang='lat' dir='ltr'><strong>vel</strong></span> <span class='ocrx_word' id='word_1_70' title='bbox 2090 947 2122 986; x_wconf 87' lang='lat' dir='ltr'><strong>a</strong></span> 
     </span>
    </p>
   </div>
   <div class='ocr_carea' id='block_1_11' title="bbox 524 1019 2120 1098">
    <p class='ocr_par' dir='ltr' id='par_1_11' title="bbox 524 1019 2120 1098">
     <span class='ocr_line' id='line_1_11' title="bbox 524 1019 2120 1098; baseline -0.007 -12"><span class='ocrx_word' id='word_1_71' title='bbox 524 1030 684 1087; x_wconf 83' lang='lat' dir='ltr'><strong>nobis</strong></span> <span class='ocrx_word' id='word_1_72' title='bbox 731 1028 923 1085; x_wconf 83' lang='lat' dir='ltr'><strong>laudes</strong></span> <span class='ocrx_word' id='word_1_73' title='bbox 962 1036 1017 1084; x_wconf 91' lang='lat' dir='ltr'><strong>et</strong></span> <span class='ocrx_word' id='word_1_74' title='bbox 1069 1027 1369 1098; x_wconf 82' lang='lat' dir='ltr'><strong>gratiarum</strong></span> <span class='ocrx_word' id='word_1_75' title='bbox 1417 1025 1620 1096; x_wconf 87' lang='lat' dir='ltr'><strong>accipis</strong></span> <span class='ocrx_word' id='word_1_76' title='bbox 1676 1023 1940 1079; x_wconf 86' lang='lat' dir='ltr'><strong>actiones.</strong></span> <span class='ocrx_word' id='word_1_77' title='bbox 1991 1019 2120 1089; x_wconf 91' lang='lat' dir='ltr'><strong>Vel,</strong></span> 
     </span>
    </p>
   </div>
   <div class='ocr_carea' id='block_1_12' title="bbox 517 1114 2123 1189">
    <p class='ocr_par' dir='ltr' id='par_1_12' title="bbox 517 1114 2123 1189">
     <span class='ocr_line' id='line_1_12' title="bbox 517 1114 2123 1189; baseline -0.006 -12"><span class='ocrx_word' id='word_1_78' title='bbox 517 1124 657 1177; x_wconf 84' lang='lat' dir='ltr'><strong>muri</strong></span> <span class='ocrx_word' id='word_1_79' title='bbox 681 1121 1002 1188; x_wconf 73' lang='lat' dir='ltr'><strong>Jerusalem,</strong></span> <span class='ocrx_word' id='word_1_80' title='bbox 1032 1119 1262 1176; x_wconf 83' lang='lat' dir='ltr'><strong>virtutes</strong></span> <span class='ocrx_word' id='word_1_81' title='bbox 1288 1119 1510 1189; x_wconf 59' lang='lat' dir='ltr'><strong>animas,</strong></span> <span class='ocrx_word' id='word_1_82' title='bbox 1538 1119 1624 1175; x_wconf 83' lang='lat' dir='ltr'><strong>vel</strong></span> <span class='ocrx_word' id='word_1_83' title='bbox 1656 1116 1944 1173; x_wconf 69' lang='lat' dir='ltr'><strong>Ecclesite.</strong></span> <span class='ocrx_word' id='word_1_84' title='bbox 1978 1114 2123 1168; x_wconf 84' lang='lat' dir='ltr'><strong>Tunc</strong></span> 
     </span>
    </p>
   </div>
   <div class='ocr_carea' id='block_1_13' title="bbox 521 1210 2124 1286">
    <p class='ocr_par' dir='ltr' id='par_1_13' title="bbox 521 1210 2124 1286">
     <span class='ocr_line' id='line_1_13' title="bbox 521 1210 2124 1286; baseline -0.004 -18"><span class='ocrx_word' id='word_1_85' title='bbox 521 1214 811 1286; x_wconf 82' lang='lat' dir='ltr'><strong>acceptabis</strong></span> <span class='ocrx_word' id='word_1_86' title='bbox 840 1213 1160 1282; x_wconf 79' lang='lat' dir='ltr'><strong>sacriﬁcium</strong></span> <span class='ocrx_word' id='word_1_87' title='bbox 1190 1227 1210 1266; x_wconf 90' lang='lat'><strong>:</strong></span> <span class='ocrx_word' id='word_1_88' title='bbox 1238 1211 1291 1266; x_wconf 90' lang='lat' dir='ltr'><strong>id</strong></span> <span class='ocrx_word' id='word_1_89' title='bbox 1332 1223 1442 1277; x_wconf 83' lang='lat' dir='ltr'><strong>est,</strong></span> <span class='ocrx_word' id='word_1_90' title='bbox 1474 1210 1875 1267; x_wconf 75' lang='lat' dir='ltr'><strong>confessionem</strong></span> <span class='ocrx_word' id='word_1_91' title='bbox 1911 1222 1982 1264; x_wconf 84' lang='lat' dir='ltr'><strong>ex</strong></span> <span class='ocrx_word' id='word_1_92' title='bbox 2027 1221 2124 1262; x_wconf 82' lang='lat' dir='ltr'><strong>ore</strong></span> 
     </span>
    </p>
   </div>
   <div class='ocr_carea' id='block_1_14' title="bbox 526 1302 2124 1379">
    <p class='ocr_par' dir='ltr' id='par_1_14' title="bbox 526 1302 2124 1379">
     <span class='ocr_line' id='line_1_14' title="bbox 526 1302 2124 1379; baseline -0.007 -14"><span class='ocrx_word' id='word_1_93' title='bbox 526 1307 856 1379; x_wconf 83' lang='lat' dir='ltr'><strong>peccatoris.</strong></span> <span class='ocrx_word' id='word_1_94' title='bbox 894 1304 1226 1362; x_wconf 83' lang='lat' dir='ltr'><strong>Oblationem</strong></span> <span class='ocrx_word' id='word_1_95' title='bbox 1270 1321 1290 1360; x_wconf 87' lang='lat'><strong>:</strong></span> <span class='ocrx_word' id='word_1_96' title='bbox 1334 1306 1438 1361; x_wconf 91' lang='lat' dir='ltr'><strong>hoc</strong></span> <span class='ocrx_word' id='word_1_97' title='bbox 1491 1313 1600 1372; x_wconf 87' lang='lat' dir='ltr'><strong>cst,</strong></span> <span class='ocrx_word' id='word_1_98' title='bbox 1632 1302 2047 1367; x_wconf 86' lang='lat' dir='ltr'><strong>laudationem,.</strong></span> <span class='ocrx_word' id='word_1_99' title='bbox 2074 1307 2124 1355; x_wconf 85' lang='lat' dir='ltr'><strong>et</strong></span> 
     </span>
    </p>
   </div>
   <div class='ocr_carea' id='block_1_15' title="bbox 522 1391 2120 1468">
    <p class='ocr_par' dir='ltr' id='par_1_15' title="bbox 522 1391 2120 1468">
     <span class='ocr_line' id='line_1_15' title="bbox 522 1391 2120 1468; baseline -0.004 -16"><span class='ocrx_word' id='word_1_100' title='bbox 522 1399 852 1454; x_wconf 80' lang='lat' dir='ltr'><strong>holocausta.</strong></span> <span class='ocrx_word' id='word_1_101' title='bbox 890 1396 1037 1451; x_wconf 86' lang='lat' dir='ltr'><strong>Tunc</strong></span> <span class='ocrx_word' id='word_1_102' title='bbox 1067 1398 1329 1468; x_wconf 81' lang='lat' dir='ltr'><strong>imponent</strong></span> <span class='ocrx_word' id='word_1_103' title='bbox 1358 1412 1516 1465; x_wconf 84' lang='lat' dir='ltr'><strong>super</strong></span> <span class='ocrx_word' id='word_1_104' title='bbox 1540 1398 1707 1449; x_wconf 89' lang='lat' dir='ltr'><strong>altare</strong></span> <span class='ocrx_word' id='word_1_105' title='bbox 1736 1403 1886 1448; x_wconf 89' lang='lat' dir='ltr'><strong>tuum</strong></span> <span class='ocrx_word' id='word_1_106' title='bbox 1911 1391 2120 1448; x_wconf 78' lang='lat' dir='ltr'><strong>vitulos.</strong></span> 
     </span>
    </p>
   </div>
   <div class='ocr_carea' id='block_1_16' title="bbox 525 1481 2121 1561">
    <p class='ocr_par' dir='ltr' id='par_1_16' title="bbox 525 1481 2121 1561">
     <span class='ocr_line' id='line_1_16' title="bbox 525 1481 2121 1561; baseline -0.006 -14"><span class='ocrx_word' id='word_1_107' title='bbox 525 1491 729 1558; x_wconf 85' lang='lat' dir='ltr'><strong>Altare,</strong></span> <span class='ocrx_word' id='word_1_108' title='bbox 755 1490 889 1546; x_wconf 89' lang='lat' dir='ltr'><strong>ﬁdes</strong></span> <span class='ocrx_word' id='word_1_109' title='bbox 922 1509 934 1542; x_wconf 95' lang='lat'><strong>:</strong></span> <span class='ocrx_word' id='word_1_110' title='bbox 967 1490 1097 1561; x_wconf 91' lang='lat' dir='ltr'><strong>quia</strong></span> <span class='ocrx_word' id='word_1_111' title='bbox 1123 1487 1389 1560; x_wconf 86' lang='lat' dir='ltr'><strong>quidquid</strong></span> <span class='ocrx_word' id='word_1_112' title='bbox 1414 1486 1599 1554; x_wconf 83' lang='lat' dir='ltr'><strong>offers,</strong></span> <span class='ocrx_word' id='word_1_113' title='bbox 1633 1503 1729 1558; x_wconf 90' lang='lat' dir='ltr'><strong>per</strong></span> <span class='ocrx_word' id='word_1_114' title='bbox 1762 1485 1922 1541; x_wconf 90' lang='lat' dir='ltr'><strong>ﬁdem</strong></span> <span class='ocrx_word' id='word_1_115' title='bbox 1957 1481 2121 1539; x_wconf 74' lang='lat' dir='ltr'><strong>oﬂ‘er-</strong></span> 
     </span>
    </p>
   </div>
   <div class='ocr_carea' id='block_1_17' title="bbox 522 1576 2121 1652">
    <p class='ocr_par' dir='ltr' id='par_1_17' title="bbox 522 1576 2121 1652">
     <span class='ocr_line' id='line_1_17' title="bbox 522 1576 2121 1652; baseline -0.005 -13"><span class='ocrx_word' id='word_1_116' title='bbox 522 1599 583 1640; x_wconf 89' lang='lat' dir='ltr'><strong>re</strong></span> <span class='ocrx_word' id='word_1_117' title='bbox 609 1584 778 1640; x_wconf 86' lang='lat' dir='ltr'><strong>debes</strong></span> <span class='ocrx_word' id='word_1_118' title='bbox 804 1602 815 1636; x_wconf 91' lang='lat'><strong>:</strong></span> <span class='ocrx_word' id='word_1_119' title='bbox 842 1582 1105 1649; x_wconf 87' lang='lat' dir='ltr'><strong>Vitulum,</strong></span> <span class='ocrx_word' id='word_1_120' title='bbox 1139 1581 1347 1648; x_wconf 89' lang='lat' dir='ltr'><strong>laudes,</strong></span> <span class='ocrx_word' id='word_1_121' title='bbox 1376 1581 1460 1635; x_wconf 84' lang='lat' dir='ltr'><strong>vel</strong></span> <span class='ocrx_word' id='word_1_122' title='bbox 1486 1580 1868 1652; x_wconf 78' lang='lat' dir='ltr'><strong>cogitationes,</strong></span> <span class='ocrx_word' id='word_1_123' title='bbox 1892 1578 1978 1635; x_wconf 86' lang='lat' dir='ltr'><strong>vel</strong></span> <span class='ocrx_word' id='word_1_124' title='bbox 2004 1576 2121 1632; x_wconf 87' lang='lat' dir='ltr'><strong>vic-</strong></span> 
     </span>
    </p>
   </div>
   <div class='ocr_carea' id='block_1_18' title="bbox 524 1672 2118 1743">
    <p class='ocr_par' dir='ltr' id='par_1_18' title="bbox 524 1672 2118 1743">
     <span class='ocr_line' id='line_1_18' title="bbox 524 1672 2118 1743; baseline -0.004 -12"><span class='ocrx_word' id='word_1_125' title='bbox 524 1677 711 1743; x_wconf 87' lang='lat' dir='ltr'><strong>timas,</strong></span> <span class='ocrx_word' id='word_1_126' title='bbox 750 1674 986 1741; x_wconf 84' lang='lat' dir='ltr'><strong>scilicet,</strong></span> <span class='ocrx_word' id='word_1_127' title='bbox 1016 1684 1076 1729; x_wconf 90' lang='lat' dir='ltr'><strong>ut</strong></span> <span class='ocrx_word' id='word_1_128' title='bbox 1101 1672 1367 1743; x_wconf 88' lang='lat' dir='ltr'><strong>meipsum</strong></span> <span class='ocrx_word' id='word_1_129' title='bbox 1396 1672 1620 1728; x_wconf 77' lang='lat' dir='ltr'><strong>offeram</strong></span> <span class='ocrx_word' id='word_1_130' title='bbox 1649 1672 1886 1729; x_wconf 85' lang='lat' dir='ltr'><strong>hostiam</strong></span> <span class='ocrx_word' id='word_1_131' title='bbox 1916 1672 2118 1740; x_wconf 87' lang='lat' dir='ltr'><strong>vivam,</strong></span> 
     </span>
    </p>
   </div>
   <div class='ocr_carea' id='block_1_19' title="bbox 2227 456 3808 537">
    <p class='ocr_par' dir='ltr' id='par_1_19' title="bbox 2227 456 3808 537">
     <span class='ocr_line' id='line_1_19' title="bbox 2227 456 3808 537; baseline -0.009 -13"><span class='ocrx_word' id='word_1_132' title='bbox 2227 469 2367 537; x_wconf 87' lang='lat' dir='ltr'><strong>Quia</strong></span> <span class='ocrx_word' id='word_1_133' title='bbox 2397 483 2523 525; x_wconf 88' lang='lat' dir='ltr'><strong>eum</strong></span> <span class='ocrx_word' id='word_1_134' title='bbox 2556 467 2633 521; x_wconf 88' lang='lat' dir='ltr'><strong>ait</strong></span> <span class='ocrx_word' id='word_1_135' title='bbox 2665 475 2880 523; x_wconf 88' lang='lat' dir='ltr'><strong>acutam</strong></span> <span class='ocrx_word' id='word_1_136' title='bbox 2907 506 2923 531; x_wconf 94' lang='lat'><strong>,</strong></span> <span class='ocrx_word' id='word_1_137' title='bbox 2958 461 3215 519; x_wconf 85' lang='lat' dir='ltr'><strong>indicavit</strong></span> <span class='ocrx_word' id='word_1_138' title='bbox 3241 460 3369 517; x_wconf 90' lang='lat' dir='ltr'><strong>dolo</strong></span> <span class='ocrx_word' id='word_1_139' title='bbox 3399 468 3696 515; x_wconf 86' lang='lat' dir='ltr'><strong>versutam.</strong></span> <span class='ocrx_word' id='word_1_140' title='bbox 3726 456 3808 513; x_wconf 85' lang='lat' dir='ltr'><strong>Sic</strong></span> 
     </span>
    </p>
   </div>
   <div class='ocr_carea' id='block_1_20' title="bbox 2225 552 3805 626">
    <p class='ocr_par' dir='ltr' id='par_1_20' title="bbox 2225 552 3805 626">
     <span class='ocr_line' id='line_1_20' title="bbox 2225 552 3805 626; baseline -0.009 -10"><span class='ocrx_word' id='word_1_141' title='bbox 2225 568 2282 617; x_wconf 90' lang='lat' dir='ltr'><strong>et</strong></span> <span class='ocrx_word' id='word_1_142' title='bbox 2332 559 2507 616; x_wconf 74' lang='grc' dir='ltr'><strong>,Ιυάεεί</strong></span> <span class='ocrx_word' id='word_1_143' title='bbox 2551 558 2875 626; x_wconf 90' lang='lat' dir='ltr'><strong>Dominum,</strong></span> <span class='ocrx_word' id='word_1_144' title='bbox 2916 569 3076 626; x_wconf 89' lang='lat' dir='ltr'><strong>quem</strong></span> <span class='ocrx_word' id='word_1_145' title='bbox 3106 553 3293 609; x_wconf 88' lang='lat' dir='ltr'><strong>colere</strong></span> <span class='ocrx_word' id='word_1_146' title='bbox 3321 552 3664 617; x_wconf 82' lang='lat' dir='ltr'><strong>debuerant,</strong></span> <span class='ocrx_word' id='word_1_147' title='bbox 3710 563 3805 602; x_wconf 88' lang='lat' dir='ltr'><strong>non</strong></span> 
     </span>
    </p>
   </div>
   <div class='ocr_carea' id='block_1_21' title="bbox 2224 643 3807 712">
    <p class='ocr_par' dir='ltr' id='par_1_21' title="bbox 2224 643 3807 712">
     <span class='ocr_line' id='line_1_21' title="bbox 2224 643 3807 712; baseline -0.009 -2"><span class='ocrx_word' id='word_1_148' title='bbox 2224 654 2402 711; x_wconf 90' lang='lat' dir='ltr'><strong>solum</strong></span> <span class='ocrx_word' id='word_1_149' title='bbox 2438 668 2547 708; x_wconf 92' lang='lat' dir='ltr'><strong>non</strong></span> <span class='ocrx_word' id='word_1_150' title='bbox 2578 652 2914 708; x_wconf 88' lang='lat' dir='ltr'><strong>coluerunt:</strong></span> <span class='ocrx_word' id='word_1_151' title='bbox 2965 646 3065 704; x_wconf 90' lang='lat' dir='ltr'><strong>sed</strong></span> <span class='ocrx_word' id='word_1_152' title='bbox 3109 646 3343 703; x_wconf 72' lang='lat' dir='ltr'><strong>diversis</strong></span> <span class='ocrx_word' id='word_1_153' title='bbox 3376 643 3514 701; x_wconf 92' lang='lat' dir='ltr'><strong>dolis</strong></span> <span class='ocrx_word' id='word_1_154' title='bbox 3564 655 3807 712; x_wconf 85' lang='lat' dir='ltr'><strong>superare</strong></span> 
     </span>
    </p>
   </div>
   <div class='ocr_carea' id='block_1_22' title="bbox 2224 735 3806 813">
    <p class='ocr_par' dir='ltr' id='par_1_22' title="bbox 2224 735 3806 813">
     <span class='ocr_line' id='line_1_22' title="bbox 2224 735 3806 813; baseline -0.01 -10"><span class='ocrx_word' id='word_1_155' title='bbox 2224 747 2461 803; x_wconf 85' lang='lat' dir='ltr'><strong>nitentes</strong></span> <span class='ocrx_word' id='word_1_156' title='bbox 2482 789 2497 813; x_wconf 91' lang='lat'><strong>,</strong></span> <span class='ocrx_word' id='word_1_157' title='bbox 2533 744 2955 800; x_wconf 84' lang='lat' dir='ltr'><strong>interfecerunt.</strong></span> <span class='ocrx_word' id='word_1_158' title='bbox 2991 739 3090 796; x_wconf 90' lang='lat' dir='ltr'><strong>Vel</strong></span> <span class='ocrx_word' id='word_1_159' title='bbox 3120 738 3321 795; x_wconf 86' lang='lat' dir='ltr'><strong>aliter:</strong></span> <span class='ocrx_word' id='word_1_160' title='bbox 3360 735 3667 801; x_wconf 81' lang='lat' dir='ltr'><strong>Novacula,</strong></span> <span class='ocrx_word' id='word_1_161' title='bbox 3697 748 3806 803; x_wconf 89' lang='lat' dir='ltr'><strong>per-</strong></span> 
     </span>
    </p>
   </div>
   <div class='ocr_carea' id='block_1_23' title="bbox 2224 831 3806 909">
    <p class='ocr_par' dir='ltr' id='par_1_23' title="bbox 2224 831 3806 909">
     <span class='ocr_line' id='line_1_23' title="bbox 2224 831 3806 909; baseline -0.007 -13"><span class='ocrx_word' id='word_1_162' title='bbox 2224 852 2508 896; x_wconf 86' lang='lat' dir='ltr'><strong>secutores</strong></span> <span class='ocrx_word' id='word_1_163' title='bbox 2541 838 2951 909; x_wconf 85' lang='lat' dir='ltr'><strong>intelliguntur:</strong></span> <span class='ocrx_word' id='word_1_164' title='bbox 2998 836 3124 907; x_wconf 87' lang='lat' dir='ltr'><strong>quia</strong></span> <span class='ocrx_word' id='word_1_165' title='bbox 3156 832 3419 890; x_wconf 86' lang='lat' dir='ltr'><strong>novacula</strong></span> <span class='ocrx_word' id='word_1_166' title='bbox 3446 831 3702 902; x_wconf 84' lang='lat' dir='ltr'><strong>capillum</strong></span> <span class='ocrx_word' id='word_1_167' title='bbox 3730 831 3806 886; x_wconf 92' lang='lat' dir='ltr'><strong>in-</strong></span> 
     </span>
    </p>
   </div>
   <div class='ocr_carea' id='block_1_24' title="bbox 2224 925 3811 1004">
    <p class='ocr_par' dir='ltr' id='par_1_24' title="bbox 2224 925 3811 1004">
     <span class='ocr_line' id='line_1_24' title="bbox 2224 925 3811 1004; baseline -0.009 -13"><span class='ocrx_word' id='word_1_168' title='bbox 2224 934 2354 991; x_wconf 90' lang='lat' dir='ltr'><strong>cidit</strong></span> <span class='ocrx_word' id='word_1_169' title='bbox 2386 952 2399 989; x_wconf 94' lang='lat'><strong>:</strong></span> <span class='ocrx_word' id='word_1_170' title='bbox 2430 932 2524 991; x_wconf 86' lang='lat' dir='ltr'><strong>sed</strong></span> <span class='ocrx_word' id='word_1_171' title='bbox 2558 948 2654 1004; x_wconf 90' lang='lat' dir='ltr'><strong>per</strong></span> <span class='ocrx_word' id='word_1_172' title='bbox 2676 931 2927 1003; x_wconf 77' lang='lat' dir='ltr'><strong>capillum</strong></span> <span class='ocrx_word' id='word_1_173' title='bbox 2955 928 3301 1000; x_wconf 86' lang='lat' dir='ltr'><strong>superﬂuitas</strong></span> <span class='ocrx_word' id='word_1_174' title='bbox 3329 926 3639 982; x_wconf 86' lang='lat' dir='ltr'><strong>divitiarum</strong></span> <span class='ocrx_word' id='word_1_175' title='bbox 3665 925 3811 981; x_wconf 88' lang='lat' dir='ltr'><strong>intel-</strong></span> 
     </span>
    </p>
   </div>
   <div class='ocr_carea' id='block_1_25' title="bbox 2223 1016 3811 1097">
    <p class='ocr_par' dir='ltr' id='par_1_25' title="bbox 2223 1016 3811 1097">
     <span class='ocr_line' id='line_1_25' title="bbox 2223 1016 3811 1097; baseline -0.006 -17"><span class='ocrx_word' id='word_1_176' title='bbox 2223 1024 2431 1097; x_wconf 88' lang='lat' dir='ltr'><strong>ligitur.</strong></span> <span class='ocrx_word' id='word_1_177' title='bbox 2459 1025 2609 1081; x_wconf 83' lang='lat' dir='ltr'><strong>Sicut</strong></span> <span class='ocrx_word' id='word_1_178' title='bbox 2652 1021 2906 1078; x_wconf 89' lang='lat' dir='ltr'><strong>novacula</strong></span> <span class='ocrx_word' id='word_1_179' title='bbox 2946 1031 3122 1088; x_wconf 86' lang='lat' dir='ltr'><strong>acuta,</strong></span> <span class='ocrx_word' id='word_1_180' title='bbox 3150 1018 3320 1090; x_wconf 78' lang='lat' dir='ltr'><strong>fecisti</strong></span> <span class='ocrx_word' id='word_1_181' title='bbox 3348 1018 3554 1073; x_wconf 51' lang='lat' dir='ltr'><strong>dolum;</strong></span> <span class='ocrx_word' id='word_1_182' title='bbox 3583 1016 3679 1072; x_wconf 89' lang='lat' dir='ltr'><strong>llle</strong></span> <span class='ocrx_word' id='word_1_183' title='bbox 3700 1017 3811 1072; x_wconf 82' lang='lat' dir='ltr'><strong>facit</strong></span> 
     </span>
    </p>
   </div>
   <div class='ocr_carea' id='block_1_26' title="bbox 2225 1110 3807 1188">
    <p class='ocr_par' dir='ltr' id='par_1_26' title="bbox 2225 1110 3807 1188">
     <span class='ocr_line' id='line_1_26' title="bbox 2225 1110 3807 1188; baseline -0.006 -14"><span class='ocrx_word' id='word_1_184' title='bbox 2225 1117 2446 1186; x_wconf 91' lang='lat' dir='ltr'><strong>dolum,</strong></span> <span class='ocrx_word' id='word_1_185' title='bbox 2479 1116 2570 1188; x_wconf 85' lang='lat' dir='ltr'><strong>qui</strong></span> <span class='ocrx_word' id='word_1_186' title='bbox 2614 1116 2667 1171; x_wconf 91' lang='lat' dir='ltr'><strong>in</strong></span> <span class='ocrx_word' id='word_1_187' title='bbox 2711 1114 2932 1187; x_wconf 77' lang='lat' dir='ltr'><strong>negotio</strong></span> <span class='ocrx_word' id='word_1_188' title='bbox 2961 1112 3325 1170; x_wconf 85' lang='lat' dir='ltr'><strong>circumvenit</strong></span> <span class='ocrx_word' id='word_1_189' title='bbox 3370 1110 3600 1165; x_wconf 83' lang='lat' dir='ltr'><strong>fratrem</strong></span> <span class='ocrx_word' id='word_1_190' title='bbox 3642 1124 3807 1165; x_wconf 89' lang='lat' dir='ltr'><strong>suum.</strong></span> 
     </span>
    </p>
   </div>
   <div class='ocr_carea' id='block_1_27' title="bbox 2226 1203 3811 1274">
    <p class='ocr_par' dir='ltr' id='par_1_27' title="bbox 2226 1203 3811 1274">
     <span class='ocr_line' id='line_1_27' title="bbox 2226 1203 3811 1274; baseline -0.006 -8"><span class='ocrx_word' id='word_1_191' title='bbox 2226 1210 2382 1267; x_wconf 89' lang='lat' dir='ltr'><strong>Unde</strong></span> <span class='ocrx_word' id='word_1_192' title='bbox 2423 1208 2625 1265; x_wconf 90' lang='lat' dir='ltr'><strong>Paulus</strong></span> <span class='ocrx_word' id='word_1_193' title='bbox 2667 1208 2784 1263; x_wconf 89' lang='lat' dir='ltr'><strong>ait:</strong></span> <span class='ocrx_word' id='word_1_194' title='bbox 2828 1206 2999 1263; x_wconf 87' lang='lat' dir='ltr'><strong>Nemo</strong></span> <span class='ocrx_word' id='word_1_195' title='bbox 3043 1203 3465 1273; x_wconf 86' lang='lat' dir='ltr'><strong>circumveniat,</strong></span> <span class='ocrx_word' id='word_1_196' title='bbox 3495 1212 3596 1260; x_wconf 90' lang='lat' dir='ltr'><strong>aut</strong></span> <span class='ocrx_word' id='word_1_197' title='bbox 3637 1217 3811 1274; x_wconf 88' lang='lat' dir='ltr'><strong>super-</strong></span> 
     </span>
    </p>
   </div>
   <div class='ocr_carea' id='block_1_28' title="bbox 2224 1296 3811 1376">
    <p class='ocr_par' dir='ltr' id='par_1_28' title="bbox 2224 1296 3811 1376">
     <span class='ocr_line' id='line_1_28' title="bbox 2224 1296 3811 1376; baseline -0.004 -18"><span class='ocrx_word' id='word_1_198' title='bbox 2224 1304 2506 1376; x_wconf 86' lang='lat' dir='ltr'><strong>grediatur</strong></span> <span class='ocrx_word' id='word_1_199' title='bbox 2533 1304 2587 1359; x_wconf 92' lang='lat' dir='ltr'><strong>in</strong></span> <span class='ocrx_word' id='word_1_200' title='bbox 2616 1302 2839 1375; x_wconf 89' lang='lat' dir='ltr'><strong>negotio</strong></span> <span class='ocrx_word' id='word_1_201' title='bbox 2869 1300 3095 1358; x_wconf 85' lang='lat' dir='ltr'><strong>fratrem</strong></span> <span class='ocrx_word' id='word_1_202' title='bbox 3128 1314 3285 1354; x_wconf 90' lang='lat' dir='ltr'><strong>suum</strong></span> <span class='ocrx_word' id='word_1_203' title='bbox 3315 1313 3329 1353; x_wconf 91' lang='lat'><strong>:</strong></span> <span class='ocrx_word' id='word_1_204' title='bbox 3359 1297 3490 1370; x_wconf 87' lang='lat' dir='ltr'><strong>quia</strong></span> <span class='ocrx_word' id='word_1_205' title='bbox 3510 1296 3685 1354; x_wconf 88' lang='lat' dir='ltr'><strong>dehis</strong></span> <span class='ocrx_word' id='word_1_206' title='bbox 3707 1311 3811 1353; x_wconf 88' lang='lat' dir='ltr'><strong>om-</strong></span> 
     </span>
    </p>
   </div>
   <div class='ocr_carea' id='block_1_29' title="bbox 2226 1392 3466 1466">
    <p class='ocr_par' dir='ltr' id='par_1_29' title="bbox 2226 1392 3466 1466">
     <span class='ocr_line' id='line_1_29' title="bbox 2226 1392 3466 1466; baseline -0.005 -14"><span class='ocrx_word' id='word_1_207' title='bbox 2226 1398 2389 1455; x_wconf 91' lang='lat' dir='ltr'><strong>nibus</strong></span> <span class='ocrx_word' id='word_1_208' title='bbox 2418 1397 2620 1453; x_wconf 77' lang='lat' dir='ltr'><strong>vindex</strong></span> <span class='ocrx_word' id='word_1_209' title='bbox 2652 1404 2739 1453; x_wconf 89' lang='lat' dir='ltr'><strong>est</strong></span> <span class='ocrx_word' id='word_1_210' title='bbox 2768 1396 3028 1452; x_wconf 90' lang='lat' dir='ltr'><strong>Dominus</strong></span> <span class='ocrx_word' id='word_1_211' title='bbox 3052 1393 3107 1466; x_wconf 90' lang='lat' dir='ltr'><strong>(l</strong></span> <span class='ocrx_word' id='word_1_212' title='bbox 3128 1392 3314 1451; x_wconf 86' lang='lat' dir='ltr'><strong>Thess.</strong></span> <span class='ocrx_word' id='word_1_213' title='bbox 3346 1392 3466 1465; x_wconf 82' lang='lat' dir='ltr'><strong>tv).</strong></span> 
     </span>
    </p>
   </div>
   <div class='ocr_carea' id='block_1_30' title="bbox 2297 1485 3810 1561">
    <p class='ocr_par' dir='ltr' id='par_1_30' title="bbox 2297 1485 3810 1561">
     <span class='ocr_line' id='line_1_30' title="bbox 2297 1485 3810 1561; baseline -0.004 -16"><span class='ocrx_word' id='word_1_214' title='bbox 2297 1489 2547 1546; x_wconf 68' lang='lat' dir='ltr'><strong>Dilexisti</strong></span> <span class='ocrx_word' id='word_1_215' title='bbox 2575 1489 2830 1545; x_wconf 82' lang='lat' dir='ltr'><strong>malitiam</strong></span> <span class='ocrx_word' id='word_1_216' title='bbox 2859 1502 3012 1561; x_wconf 80' lang='lat' dir='ltr'><strong>super</strong></span> <span class='ocrx_word' id='word_1_217' title='bbox 3042 1486 3409 1560; x_wconf 85' lang='lat' dir='ltr'><strong>benignitatem</strong></span> <span class='ocrx_word' id='word_1_218' title='bbox 3437 1501 3458 1540; x_wconf 91' lang='lat'><strong>:</strong></span> <span class='ocrx_word' id='word_1_219' title='bbox 3502 1485 3810 1557; x_wconf 80' lang='lat' dir='ltr'><strong>iniquitatem</strong></span> 
     </span>
    </p>
   </div>
   <div class='ocr_carea' id='block_1_31' title="bbox 2231 1576 3811 1656">
    <p class='ocr_par' dir='ltr' id='par_1_31' title="bbox 2231 1576 3811 1656">
     <span class='ocr_line' id='line_1_31' title="bbox 2231 1576 3811 1656; baseline -0.004 -18"><span class='ocrx_word' id='word_1_220' title='bbox 2231 1584 2399 1656; x_wconf 86' lang='lat' dir='ltr'><strong>magis</strong></span> <span class='ocrx_word' id='word_1_221' title='bbox 2421 1628 2434 1651; x_wconf 89' lang='lat'><strong>,</strong></span> <span class='ocrx_word' id='word_1_222' title='bbox 2466 1599 2623 1654; x_wconf 89' lang='lat' dir='ltr'><strong>quam</strong></span> <span class='ocrx_word' id='word_1_223' title='bbox 2661 1581 2803 1653; x_wconf 83' lang='lat' dir='ltr'><strong>loqui</strong></span> <span class='ocrx_word' id='word_1_224' title='bbox 2840 1581 3159 1652; x_wconf 71' lang='lat' dir='ltr'><strong>azquitatem.</strong></span> <span class='ocrx_word' id='word_1_225' title='bbox 3196 1579 3402 1635; x_wconf 89' lang='lat' dir='ltr'><strong>Dilexit</strong></span> <span class='ocrx_word' id='word_1_226' title='bbox 3453 1577 3689 1650; x_wconf 87' lang='lat' dir='ltr'><strong>populus</strong></span> <span class='ocrx_word' id='word_1_227' title='bbox 3732 1576 3811 1633; x_wconf 91' lang='lat' dir='ltr'><strong>ille</strong></span> 
     </span>
    </p>
   </div>
   <div class='ocr_carea' id='block_1_32' title="bbox 2232 1670 3804 1745">
    <p class='ocr_par' dir='ltr' id='par_1_32' title="bbox 2232 1670 3804 1745">
     <span class='ocr_line' id='line_1_32' title="bbox 2232 1670 3804 1745; baseline -0.004 -13"><span class='ocrx_word' id='word_1_228' title='bbox 2232 1678 2519 1742; x_wconf 82' lang='lat' dir='ltr'><strong>malitiam,</strong></span> <span class='ocrx_word' id='word_1_229' title='bbox 2539 1690 2666 1732; x_wconf 91' lang='lat' dir='ltr'><strong>cum</strong></span> <span class='ocrx_word' id='word_1_230' title='bbox 2697 1690 2821 1732; x_wconf 93' lang='lat' dir='ltr'><strong>eum</strong></span> <span class='ocrx_word' id='word_1_231' title='bbox 2852 1673 2944 1745; x_wconf 89' lang='lat' dir='ltr'><strong>qui</strong></span> <span class='ocrx_word' id='word_1_232' title='bbox 2974 1672 3309 1744; x_wconf 80' lang='lat' dir='ltr'><strong>benignitate</strong></span> <span class='ocrx_word' id='word_1_233' title='bbox 3340 1671 3565 1743; x_wconf 84' lang='lat' dir='ltr'><strong>propria</strong></span> <span class='ocrx_word' id='word_1_234' title='bbox 3594 1670 3659 1725; x_wconf 91' lang='lat' dir='ltr'><strong>ad</strong></span> <span class='ocrx_word' id='word_1_235' title='bbox 3684 1670 3804 1726; x_wconf 87' lang='lat' dir='ltr'><strong>libe-</strong></span> 
     </span>
    </p>
   </div>
   <div class='ocr_carea' id='block_1_33' title="bbox 525 1762 3807 1839">
    <p class='ocr_par' dir='ltr' id='par_1_33' title="bbox 525 1762 3807 1839">
     <span class='ocr_line' id='line_1_33' title="bbox 525 1762 3807 1839; baseline -0.003 -14"><span class='ocrx_word' id='word_1_236' title='bbox 525 1779 793 1834; x_wconf 87' lang='lat' dir='ltr'><strong>sanctam,</strong></span> <span class='ocrx_word' id='word_1_237' title='bbox 817 1768 1120 1839; x_wconf 85' lang='lat' dir='ltr'><strong>placentem</strong></span> <span class='ocrx_word' id='word_1_238' title='bbox 1142 1766 1256 1821; x_wconf 78' lang='lat' dir='ltr'><strong>tibi.</strong></span> <span class='ocrx_word' id='word_1_239' title='bbox 1284 1765 1404 1823; x_wconf 83' lang='lat' dir='ltr'><strong>Nos</strong></span> <span class='ocrx_word' id='word_1_240' title='bbox 1430 1779 1651 1837; x_wconf 85' lang='lat' dir='ltr'><strong>quoque</strong></span> <span class='ocrx_word' id='word_1_241' title='bbox 1677 1764 1871 1820; x_wconf 73' lang='lat' dir='ltr'><strong>famuli</strong></span> <span class='ocrx_word' id='word_1_242' title='bbox 1896 1763 1971 1819; x_wconf 90' lang='lat' dir='ltr'><strong>tui</strong></span> <span class='ocrx_word' id='word_1_243' title='bbox 1994 1777 2122 1833; x_wconf 90' lang='lat' dir='ltr'><strong>sup-</strong></span> <span class='ocrx_word' id='word_1_244' title='bbox 2151 1773 2201 1836; x_wconf 82' lang='lat' dir='ltr'><strong>B</strong></span> <span class='ocrx_word' id='word_1_245' title='bbox 2228 1769 2463 1826; x_wconf 75' lang='lat' dir='ltr'><strong>randum</strong></span> <span class='ocrx_word' id='word_1_246' title='bbox 2493 1778 2719 1824; x_wconf 79' lang='lat' dir='ltr'><strong>venerat</strong></span> <span class='ocrx_word' id='word_1_247' title='bbox 2744 1808 2759 1836; x_wconf 78' lang='lat'><strong>,</strong></span> <span class='ocrx_word' id='word_1_248' title='bbox 2788 1766 3088 1824; x_wconf 78' lang='lat' dir='ltr'><strong>interemit.</strong></span> <span class='ocrx_word' id='word_1_249' title='bbox 3119 1765 3228 1823; x_wconf 87' lang='lat' dir='ltr'><strong>Sed</strong></span> <span class='ocrx_word' id='word_1_250' title='bbox 3256 1775 3312 1822; x_wconf 87' lang='lat' dir='ltr'><strong>et</strong></span> <span class='ocrx_word' id='word_1_251' title='bbox 3341 1780 3491 1821; x_wconf 86' lang='lat' dir='ltr'><strong>nunc</strong></span> <span class='ocrx_word' id='word_1_252' title='bbox 3521 1763 3628 1836; x_wconf 86' lang='lat' dir='ltr'><strong>ipsi</strong></span> <span class='ocrx_word' id='word_1_253' title='bbox 3653 1762 3807 1820; x_wconf 65' lang='lat' dir='ltr'><strong>Judaei</strong></span> 
     </span>
    </p>
   </div>
   <div class='ocr_carea' id='block_1_34' title="bbox 522 1854 2123 1932">
    <p class='ocr_par' dir='ltr' id='par_1_34' title="bbox 522 1854 2123 1932">
     <span class='ocr_line' id='line_1_34' title="bbox 522 1854 2123 1932; baseline -0.005 -15"><span class='ocrx_word' id='word_1_254' title='bbox 522 1861 699 1932; x_wconf 89' lang='lat' dir='ltr'><strong>plices</strong></span> <span class='ocrx_word' id='word_1_255' title='bbox 727 1860 1111 1931; x_wconf 88' lang='lat' dir='ltr'><strong>deprecamur,</strong></span> <span class='ocrx_word' id='word_1_256' title='bbox 1134 1858 1365 1914; x_wconf 89' lang='lat' dir='ltr'><strong>Domine</strong></span> <span class='ocrx_word' id='word_1_257' title='bbox 1391 1859 1523 1915; x_wconf 86' lang='lat' dir='ltr'><strong>Jesu</strong></span> <span class='ocrx_word' id='word_1_258' title='bbox 1543 1855 1785 1924; x_wconf 86' lang='lat' dir='ltr'><strong>Christe,</strong></span> <span class='ocrx_word' id='word_1_259' title='bbox 1813 1866 1873 1912; x_wconf 91' lang='lat' dir='ltr'><strong>ut</strong></span> <span class='ocrx_word' id='word_1_260' title='bbox 1900 1854 2123 1926; x_wconf 88' lang='lat' dir='ltr'><strong>pietatis</strong></span> 
     </span>
    </p>
   </div>
   <div class='ocr_carea' id='block_1_35' title="bbox 518 1945 2123 2024">
    <p class='ocr_par' dir='ltr' id='par_1_35' title="bbox 518 1945 2123 2024">
     <span class='ocr_line' id='line_1_35' title="bbox 518 1945 2123 2024; baseline -0.006 -13"><span class='ocrx_word' id='word_1_261' title='bbox 518 1953 773 2021; x_wconf 87' lang='lat' dir='ltr'><strong>consilio,</strong></span> <span class='ocrx_word' id='word_1_262' title='bbox 806 1951 1019 2024; x_wconf 77' lang='lat' dir='ltr'><strong>magnis</strong></span> <span class='ocrx_word' id='word_1_263' title='bbox 1049 1951 1385 2007; x_wconf 88' lang='lat' dir='ltr'><strong>facinoribus</strong></span> <span class='ocrx_word' id='word_1_264' title='bbox 1411 1951 1639 2021; x_wconf 86' lang='lat' dir='ltr'><strong>nostris,</strong></span> <span class='ocrx_word' id='word_1_265' title='bbox 1666 1951 1990 2006; x_wconf 85' lang='lat' dir='ltr'><strong>immensam</strong></span> <span class='ocrx_word' id='word_1_266' title='bbox 2017 1945 2123 2002; x_wconf 88' lang='lat' dir='ltr'><strong>mi-</strong></span> 
     </span>
    </p>
   </div>
   <div class='ocr_carea' id='block_1_36' title="bbox 518 2042 2121 2118">
    <p class='ocr_par' dir='ltr' id='par_1_36' title="bbox 518 2042 2121 2118">
     <span class='ocr_line' id='line_1_36' title="bbox 518 2042 2121 2118; baseline -0.004 -15"><span class='ocrx_word' id='word_1_267' title='bbox 518 2048 876 2105; x_wconf 86' lang='lat' dir='ltr'><strong>sericordiam</strong></span> <span class='ocrx_word' id='word_1_268' title='bbox 898 2045 1146 2118; x_wconf 83' lang='lat' dir='ltr'><strong>largiaris</strong></span> <span class='ocrx_word' id='word_1_269' title='bbox 1164 2062 1177 2098; x_wconf 87' lang='lat'><strong>:</strong></span> <span class='ocrx_word' id='word_1_270' title='bbox 1199 2060 1407 2116; x_wconf 90' lang='lat' dir='ltr'><strong>nosque</strong></span> <span class='ocrx_word' id='word_1_271' title='bbox 1422 2060 1517 2115; x_wconf 91' lang='lat' dir='ltr'><strong>per</strong></span> <span class='ocrx_word' id='word_1_272' title='bbox 1531 2045 1917 2101; x_wconf 87' lang='lat' dir='ltr'><strong>contritionem</strong></span> <span class='ocrx_word' id='word_1_273' title='bbox 1932 2042 2121 2098; x_wconf 84' lang='lat' dir='ltr'><strong>cordis</strong></span> 
     </span>
    </p>
   </div>
   <div class='ocr_carea' id='block_1_37' title="bbox 518 2134 2119 2210">
    <p class='ocr_par' dir='ltr' id='par_1_37' title="bbox 518 2134 2119 2210">
     <span class='ocr_line' id='line_1_37' title="bbox 518 2134 2119 2210; baseline -0.005 -13"><span class='ocrx_word' id='word_1_274' title='bbox 518 2140 813 2208; x_wconf 88' lang='lat' dir='ltr'><strong>humiliati,</strong></span> <span class='ocrx_word' id='word_1_275' title='bbox 839 2138 1309 2210; x_wconf 68' lang='lat' dir='ltr'><strong>mactandojvitia,</strong></span> <span class='ocrx_word' id='word_1_276' title='bbox 1334 2137 1639 2209; x_wconf 87' lang='lat' dir='ltr'><strong>jugulando</strong></span> <span class='ocrx_word' id='word_1_277' title='bbox 1659 2134 1880 2202; x_wconf 87' lang='lat' dir='ltr'><strong>delicta,</strong></span> <span class='ocrx_word' id='word_1_278' title='bbox 1899 2134 2119 2205; x_wconf 84' lang='lat' dir='ltr'><strong>dignum</strong></span> 
     </span>
    </p>
   </div>
   <div class='ocr_carea' id='block_1_38' title="bbox 520 2232 2078 2309">
    <p class='ocr_par' dir='ltr' id='par_1_38' title="bbox 520 2232 2078 2309">
     <span class='ocr_line' id='line_1_38' title="bbox 520 2232 2078 2309; baseline -0.007 -14"><span class='ocrx_word' id='word_1_279' title='bbox 520 2239 615 2296; x_wconf 89' lang='lat' dir='ltr'><strong>tlbi</strong></span> <span class='ocrx_word' id='word_1_280' title='bbox 644 2235 1087 2309; x_wconf 89' lang='lat' dir='ltr'><strong>acceptabileque</strong></span> <span class='ocrx_word' id='word_1_281' title='bbox 1128 2246 1408 2304; x_wconf 60' lang='lat' dir='ltr'><strong>prepares</strong></span> <span class='ocrx_word' id='word_1_282' title='bbox 1445 2232 1846 2309; x_wconf 75' lang='lat' dir='ltr'><strong>holocaustum.</strong></span> <span class='ocrx_word' id='word_1_283' title='bbox 1882 2233 2078 2287; x_wconf 81' lang='lat' dir='ltr'><strong>Amen.</strong></span> 
     </span>
    </p>
   </div>
   <div class='ocr_carea' id='block_1_39' title="bbox 1102 2372 1547 2440">
    <p class='ocr_par' dir='ltr' id='par_1_39' title="bbox 1102 2372 1547 2440">
     <span class='ocr_line' id='line_1_39' title="bbox 1102 2372 1547 2440; baseline -0.004 -8"><span class='ocrx_word' id='word_1_284' title='bbox 1102 2372 1425 2440; x_wconf 83' lang='lat' dir='ltr'><strong>PSALMUS</strong></span> <span class='ocrx_word' id='word_1_285' title='bbox 1460 2372 1547 2431; x_wconf 93' lang='lat' dir='ltr'><strong>Ll.</strong></span> 
     </span>
    </p>
   </div>
   <div class='ocr_carea' id='block_1_40' title="bbox 519 2498 2118 2575">
    <p class='ocr_par' dir='ltr' id='par_1_40' title="bbox 519 2498 2118 2575">
     <span class='ocr_line' id='line_1_40' title="bbox 519 2498 2118 2575; baseline 0 -18"><span class='ocrx_word' id='word_1_286' title='bbox 519 2498 591 2558; x_wconf 80' lang='lat' dir='ltr'><strong>In</strong></span> <span class='ocrx_word' id='word_1_287' title='bbox 620 2503 811 2575; x_wconf 78' lang='lat' dir='ltr'><strong>finem,</strong></span> <span class='ocrx_word' id='word_1_288' title='bbox 843 2505 1142 2562; x_wconf 86' lang='lat' dir='ltr'><strong>intellectus</strong></span> <span class='ocrx_word' id='word_1_289' title='bbox 1169 2502 1342 2575; x_wconf 82' lang='lat' dir='ltr'><strong>David</strong></span> <span class='ocrx_word' id='word_1_290' title='bbox 1360 2543 1374 2564; x_wconf 87' lang='lat'><strong>,</strong></span> <span class='ocrx_word' id='word_1_291' title='bbox 1407 2502 1704 2575; x_wconf 25' lang='lat' dir='ltr'><strong>cumhvenit</strong></span> <span class='ocrx_word' id='word_1_292' title='bbox 1730 2503 1801 2557; x_wconf 89' lang='lat' dir='ltr'><strong>ad</strong></span> <span class='ocrx_word' id='word_1_293' title='bbox 1828 2519 1943 2558; x_wconf 88' lang='lat' dir='ltr'><strong>eum</strong></span> <span class='ocrx_word' id='word_1_294' title='bbox 1970 2501 2118 2575; x_wconf 77' lang='lat' dir='ltr'><strong>Doec</strong></span> 
     </span>
    </p>
   </div>
   <div class='ocr_carea' id='block_1_41' title="bbox 591 2570 2118 2645">
    <p class='ocr_par' dir='ltr' id='par_1_41' title="bbox 591 2570 2118 2645">
     <span class='ocr_line' id='line_1_41' title="bbox 591 2570 2118 2645; baseline 0 -15"><span class='ocrx_word' id='word_1_295' title='bbox 591 2570 891 2645; x_wconf 60' lang='lat' dir='ltr'><strong>Idumaeas,</strong></span> <span class='ocrx_word' id='word_1_296' title='bbox 940 2589 990 2634; x_wconf 89' lang='lat' dir='ltr'><strong>et</strong></span> <span class='ocrx_word' id='word_1_297' title='bbox 1038 2573 1363 2631; x_wconf 85' lang='lat' dir='ltr'><strong>annuntiavit</strong></span> <span class='ocrx_word' id='word_1_298' title='bbox 1414 2570 1600 2643; x_wconf 83' lang='lat' dir='ltr'><strong>Sauli,</strong></span> <span class='ocrx_word' id='word_1_299' title='bbox 1642 2584 1691 2628; x_wconf 89' lang='lat' dir='ltr'><strong>et</strong></span> <span class='ocrx_word' id='word_1_300' title='bbox 1736 2575 1915 2629; x_wconf 72' lang='lat' dir='ltr'><strong>dixit:</strong></span> <span class='ocrx_word' id='word_1_301' title='bbox 1965 2573 2118 2630; x_wconf 83' lang='lat' dir='ltr'><strong>Venit</strong></span> 
     </span>
    </p>
   </div>
   <div class='ocr_carea' id='block_1_42' title="bbox 598 2647 2113 2721">
    <p class='ocr_par' dir='ltr' id='par_1_42' title="bbox 598 2647 2113 2721">
     <span class='ocr_line' id='line_1_42' title="bbox 598 2647 2113 2721; baseline -0.003 -18"><span class='ocrx_word' id='word_1_302' title='bbox 598 2647 772 2705; x_wconf 84' lang='lat' dir='ltr'><strong>David</strong></span> <span class='ocrx_word' id='word_1_303' title='bbox 808 2650 862 2704; x_wconf 90' lang='lat' dir='ltr'><strong>in</strong></span> <span class='ocrx_word' id='word_1_304' title='bbox 900 2651 1109 2705; x_wconf 90' lang='lat' dir='ltr'><strong>domum</strong></span> <span class='ocrx_word' id='word_1_305' title='bbox 1145 2650 1496 2708; x_wconf 79' lang='lat' dir='ltr'><strong>Achimelech.</strong></span> <span class='ocrx_word' id='word_1_306' title='bbox 1527 2652 1584 2707; x_wconf 92' lang='lat' dir='ltr'><strong>ln</strong></span> <span class='ocrx_word' id='word_1_307' title='bbox 1608 2650 1924 2721; x_wconf 79' lang='lat' dir='ltr'><strong>Regnorum</strong></span> <span class='ocrx_word' id='word_1_308' title='bbox 1951 2648 2113 2721; x_wconf 85' lang='lat' dir='ltr'><strong>libro,</strong></span> 
     </span>
    </p>
   </div>
   <div class='ocr_carea' id='block_1_43' title="bbox 593 2719 2115 2791">
    <p class='ocr_par' dir='ltr' id='par_1_43' title="bbox 593 2719 2115 2791">
     <span class='ocr_line' id='line_1_43' title="bbox 593 2719 2115 2791; baseline -0.003 -15"><span class='ocrx_word' id='word_1_309' title='bbox 593 2731 649 2776; x_wconf 90' lang='lat' dir='ltr'><strong>et</strong></span> <span class='ocrx_word' id='word_1_310' title='bbox 681 2722 735 2777; x_wconf 91' lang='lat' dir='ltr'><strong>in</strong></span> <span class='ocrx_word' id='word_1_311' title='bbox 767 2722 886 2791; x_wconf 91' lang='lat' dir='ltr'><strong>ipso</strong></span> <span class='ocrx_word' id='word_1_312' title='bbox 923 2721 1195 2778; x_wconf 81' lang='lat' dir='ltr'><strong>Hebraico</strong></span> <span class='ocrx_word' id='word_1_313' title='bbox 1222 2724 1521 2790; x_wconf 86' lang='lat' dir='ltr'><strong>Psalterio,</strong></span> <span class='ocrx_word' id='word_1_314' title='bbox 1556 2719 1871 2779; x_wconf 77' lang='lat' dir='ltr'><strong>Ahinielech</strong></span> <span class='ocrx_word' id='word_1_315' title='bbox 1894 2760 1910 2785; x_wconf 92' lang='lat'><strong>,</strong></span> <span class='ocrx_word' id='word_1_316' title='bbox 1941 2719 2115 2788; x_wconf 83' lang='lat' dir='ltr'><strong>serip-</strong></span> 
     </span>
    </p>
   </div>
   <div class='ocr_carea' id='block_1_44' title="bbox 595 2790 2115 2864">
    <p class='ocr_par' dir='ltr' id='par_1_44' title="bbox 595 2790 2115 2864">
     <span class='ocr_line' id='line_1_44' title="bbox 595 2790 2115 2864; baseline -0.002 -17"><span class='ocrx_word' id='word_1_317' title='bbox 595 2802 708 2864; x_wconf 90' lang='lat' dir='ltr'><strong>tum</strong></span> <span class='ocrx_word' id='word_1_318' title='bbox 730 2790 814 2847; x_wconf 84' lang='lat' dir='ltr'><strong>est</strong></span> <span class='ocrx_word' id='word_1_319' title='bbox 839 2809 853 2846; x_wconf 90' lang='lat'><strong>:</strong></span> <span class='ocrx_word' id='word_1_320' title='bbox 887 2792 982 2849; x_wconf 90' lang='lat' dir='ltr'><strong>sed</strong></span> <span class='ocrx_word' id='word_1_321' title='bbox 1009 2795 1267 2864; x_wconf 91' lang='lat' dir='ltr'><strong>quoniam</strong></span> <span class='ocrx_word' id='word_1_322' title='bbox 1298 2795 1412 2849; x_wconf 84' lang='lat' dir='ltr'><strong>beth</strong></span> <span class='ocrx_word' id='word_1_323' title='bbox 1440 2806 1497 2851; x_wconf 92' lang='lat' dir='ltr'><strong>et</strong></span> <span class='ocrx_word' id='word_1_324' title='bbox 1525 2793 1661 2864; x_wconf 86' lang='lat' dir='ltr'><strong>caph</strong></span> <span class='ocrx_word' id='word_1_325' title='bbox 1684 2792 1826 2864; x_wconf 90' lang='lat' dir='ltr'><strong>apud</strong></span> <span class='ocrx_word' id='word_1_326' title='bbox 1853 2790 2115 2846; x_wconf 65' lang='lat' dir='ltr'><strong>Hebraros</strong></span> 
     </span>
    </p>
   </div>
   <div class='ocr_carea' id='block_1_45' title="bbox 593 2863 2115 2936">
    <p class='ocr_par' dir='ltr' id='par_1_45' title="bbox 593 2863 2115 2936">
     <span class='ocr_line' id='line_1_45' title="bbox 593 2863 2115 2936; baseline -0.001 -19"><span class='ocrx_word' id='word_1_327' title='bbox 593 2863 823 2936; x_wconf 58' lang='lat' dir='ltr'><strong>littera,</strong></span> <span class='ocrx_word' id='word_1_328' title='bbox 865 2863 1079 2936; x_wconf 87' lang='lat' dir='ltr'><strong>modico</strong></span> <span class='ocrx_word' id='word_1_329' title='bbox 1123 2866 1276 2936; x_wconf 80' lang='lat' dir='ltr'><strong>apice</strong></span> <span class='ocrx_word' id='word_1_330' title='bbox 1321 2866 1774 2936; x_wconf 84' lang='lat' dir='ltr'><strong>distinguuntur:</strong></span> <span class='ocrx_word' id='word_1_331' title='bbox 1809 2864 1930 2918; x_wconf 91' lang='lat' dir='ltr'><strong>ideo</strong></span> <span class='ocrx_word' id='word_1_332' title='bbox 1958 2875 2115 2917; x_wconf 89' lang='lat' dir='ltr'><strong>error</strong></span> 
     </span>
    </p>
   </div>
   <div class='ocr_carea' id='block_1_46' title="bbox 594 2934 2113 3006">
    <p class='ocr_par' dir='ltr' id='par_1_46' title="bbox 594 2934 2113 3006">
     <span class='ocr_line' id='line_1_46' title="bbox 594 2934 2113 3006; baseline -0.001 -20"><span class='ocrx_word' id='word_1_333' title='bbox 594 2934 806 2990; x_wconf 87' lang='lat' dir='ltr'><strong>facilius</strong></span> <span class='ocrx_word' id='word_1_334' title='bbox 830 2935 1094 3005; x_wconf 87' lang='lat' dir='ltr'><strong>obrepsit.</strong></span> <span class='ocrx_word' id='word_1_335' title='bbox 1116 2934 1432 2992; x_wconf 87' lang='lat' dir='ltr'><strong>Abimelech</strong></span> <span class='ocrx_word' id='word_1_336' title='bbox 1453 2934 1874 3006; x_wconf 72' lang='lat' dir='ltr'><strong>interpretatur,</strong></span> <span class='ocrx_word' id='word_1_337' title='bbox 1897 2949 2113 3006; x_wconf 69' lang='lat' dir='ltr'><strong>regnum</strong></span> 
     </span>
    </p>
   </div>
   <div class='ocr_carea' id='block_1_47' title="bbox 590 3002 2113 3078">
    <p class='ocr_par' dir='ltr' id='par_1_47' title="bbox 590 3002 2113 3078">
     <span class='ocr_line' id='line_1_47' title="bbox 590 3002 2113 3078; baseline -0.001 -20"><span class='ocrx_word' id='word_1_338' title='bbox 590 3006 757 3078; x_wconf 81' lang='lat' dir='ltr'><strong>patris</strong></span> <span class='ocrx_word' id='word_1_339' title='bbox 787 3006 905 3061; x_wconf 86' lang='lat' dir='ltr'><strong>mei.</strong></span> <span class='ocrx_word' id='word_1_340' title='bbox 935 3002 1101 3063; x_wconf 74' lang='lat' dir='ltr'><strong>David</strong></span> <span class='ocrx_word' id='word_1_341' title='bbox 1130 3008 1545 3077; x_wconf 84' lang='lat' dir='ltr'><strong>interpretatur,</strong></span> <span class='ocrx_word' id='word_1_342' title='bbox 1576 3002 1727 3078; x_wconf 79' lang='lat' dir='ltr'><strong>fortis</strong></span> <span class='ocrx_word' id='word_1_343' title='bbox 1753 3022 1929 3060; x_wconf 88' lang='lat' dir='ltr'><strong>manu.</strong></span> <span class='ocrx_word' id='word_1_344' title='bbox 1955 3002 2113 3060; x_wconf 83' lang='lat' dir='ltr'><strong>Venit</strong></span> 
     </span>
    </p>
   </div>
   <div class='ocr_carea' id='block_1_48' title="bbox 594 3076 2108 3139">
    <p class='ocr_par' dir='ltr' id='par_1_48' title="bbox 594 3076 2108 3139">
     <span class='ocr_line' id='line_1_48' title="bbox 594 3076 2108 3139; baseline -0.001 -8"><span class='ocrx_word' id='word_1_345' title='bbox 594 3081 648 3131; x_wconf 90' lang='lat' dir='ltr'><strong>in</strong></span> <span class='ocrx_word' id='word_1_346' title='bbox 668 3076 887 3132; x_wconf 91' lang='lat' dir='ltr'><strong>domum</strong></span> <span class='ocrx_word' id='word_1_347' title='bbox 906 3078 1227 3134; x_wconf 87' lang='lat' dir='ltr'><strong>Abimelcch</strong></span> <span class='ocrx_word' id='word_1_348' title='bbox 1244 3096 1258 3134; x_wconf 90' lang='lat'><strong>:</strong></span> <span class='ocrx_word' id='word_1_349' title='bbox 1278 3076 1338 3134; x_wconf 81' lang='lat' dir='ltr'><strong>et</strong></span> <span class='ocrx_word' id='word_1_350' title='bbox 1356 3076 1611 3134; x_wconf 74' lang='lat' dir='ltr'><strong>Christus</strong></span> <span class='ocrx_word' id='word_1_351' title='bbox 1635 3078 1788 3134; x_wconf 84' lang='lat' dir='ltr'><strong>venit</strong></span> <span class='ocrx_word' id='word_1_352' title='bbox 1806 3080 1859 3131; x_wconf 88' lang='lat' dir='ltr'><strong>in</strong></span> <span class='ocrx_word' id='word_1_353' title='bbox 1883 3090 2108 3139; x_wconf 77' lang='lat' dir='ltr'><strong>regnum</strong></span> 
     </span>
    </p>
   </div>
   <div class='ocr_carea' id='block_1_49' title="bbox 592 3145 2110 3223">
    <p class='ocr_par' dir='ltr' id='par_1_49' title="bbox 592 3145 2110 3223">
     <span class='ocr_line' id='line_1_49' title="bbox 592 3145 2110 3223; baseline -0.003 -19"><span class='ocrx_word' id='word_1_354' title='bbox 592 3147 930 3223; x_wconf 80' lang='lat' dir='ltr'><strong>Judaeorum.</strong></span> <span class='ocrx_word' id='word_1_355' title='bbox 957 3149 1069 3223; x_wconf 85' lang='lat' dir='ltr'><strong>Per</strong></span> <span class='ocrx_word' id='word_1_356' title='bbox 1085 3149 1218 3223; x_wconf 78' lang='lat' dir='ltr'><strong>Saul</strong></span> <span class='ocrx_word' id='word_1_357' title='bbox 1244 3150 1568 3221; x_wconf 83' lang='lat' dir='ltr'><strong>intelligitur</strong></span> <span class='ocrx_word' id='word_1_358' title='bbox 1596 3164 1745 3223; x_wconf 86' lang='lat' dir='ltr'><strong>mors</strong></span> <span class='ocrx_word' id='word_1_359' title='bbox 1773 3163 1917 3223; x_wconf 49' lang='lat' dir='ltr'><strong>aper</strong></span> <span class='ocrx_word' id='word_1_360' title='bbox 1940 3145 2110 3223; x_wconf 78' lang='lat' dir='ltr'><strong>David</strong></span> 
     </span>
    </p>
   </div>
   <div class='ocr_carea' id='block_1_50' title="bbox 594 3218 2112 3292">
    <p class='ocr_par' dir='ltr' id='par_1_50' title="bbox 594 3218 2112 3292">
     <span class='ocr_line' id='line_1_50' title="bbox 594 3218 2112 3292; baseline -0.002 -18"><span class='ocrx_word' id='word_1_361' title='bbox 594 3221 732 3292; x_wconf 77' lang='lat' dir='ltr'><strong>vita.</strong></span> <span class='ocrx_word' id='word_1_362' title='bbox 758 3221 897 3286; x_wconf 83' lang='lat' dir='ltr'><strong>Quid</strong></span> <span class='ocrx_word' id='word_1_363' title='bbox 928 3230 1011 3275; x_wconf 89' lang='lat' dir='ltr'><strong>cst</strong></span> <span class='ocrx_word' id='word_1_364' title='bbox 1037 3218 1186 3292; x_wconf 81' lang='lat' dir='ltr'><strong>quod</strong></span> <span class='ocrx_word' id='word_1_365' title='bbox 1210 3236 1357 3292; x_wconf 88' lang='lat' dir='ltr'><strong>mors</strong></span> <span class='ocrx_word' id='word_1_366' title='bbox 1392 3218 1735 3291; x_wconf 83' lang='lat' dir='ltr'><strong>persequitur</strong></span> <span class='ocrx_word' id='word_1_367' title='bbox 1761 3219 1931 3274; x_wconf 88' lang='lat' dir='ltr'><strong>vitam</strong></span> <span class='ocrx_word' id='word_1_368' title='bbox 1958 3234 1973 3272; x_wconf 92' lang='lat'><strong>:</strong></span> <span class='ocrx_word' id='word_1_369' title='bbox 2005 3218 2112 3292; x_wconf 85' lang='lat' dir='ltr'><strong>nisi</strong></span> 
     </span>
    </p>
   </div>
   <div class='ocr_carea' id='block_1_51' title="bbox 592 3290 2116 3363">
    <p class='ocr_par' dir='ltr' id='par_1_51' title="bbox 592 3290 2116 3363">
     <span class='ocr_line' id='line_1_51' title="bbox 592 3290 2116 3363; baseline -0.001 -18"><span class='ocrx_word' id='word_1_370' title='bbox 592 3291 738 3361; x_wconf 92' lang='lat' dir='ltr'><strong>quod</strong></span> <span class='ocrx_word' id='word_1_371' title='bbox 768 3291 836 3346; x_wconf 87' lang='lat' dir='ltr'><strong>ab</strong></span> <span class='ocrx_word' id='word_1_372' title='bbox 867 3292 1026 3348; x_wconf 87' lang='lat' dir='ltr'><strong>initio</strong></span> <span class='ocrx_word' id='word_1_373' title='bbox 1053 3290 1258 3348; x_wconf 66' lang='lat' dir='ltr'><strong>saeculi</strong></span> <span class='ocrx_word' id='word_1_374' title='bbox 1304 3290 1524 3363; x_wconf 88' lang='lat' dir='ltr'><strong>semper</strong></span> <span class='ocrx_word' id='word_1_375' title='bbox 1571 3304 1721 3347; x_wconf 88' lang='lat' dir='ltr'><strong>mors</strong></span> <span class='ocrx_word' id='word_1_376' title='bbox 1768 3290 2116 3363; x_wconf 83' lang='lat' dir='ltr'><strong>persequitur</strong></span> 
     </span>
    </p>
   </div>
   <div class='ocr_carea' id='block_1_52' title="bbox 592 3361 2112 3433">
    <p class='ocr_par' dir='ltr' id='par_1_52' title="bbox 592 3361 2112 3433">
     <span class='ocr_line' id='line_1_52' title="bbox 592 3361 2112 3433; baseline -0.002 -17"><span class='ocrx_word' id='word_1_377' title='bbox 592 3365 758 3417; x_wconf 89' lang='lat' dir='ltr'><strong>vitam</strong></span> <span class='ocrx_word' id='word_1_378' title='bbox 790 3365 1067 3419; x_wconf 84' lang='lat' dir='ltr'><strong>nostram?</strong></span> <span class='ocrx_word' id='word_1_379' title='bbox 1097 3362 1234 3432; x_wconf 82' lang='lat' dir='ltr'><strong>Quia</strong></span> <span class='ocrx_word' id='word_1_380' title='bbox 1264 3364 1355 3433; x_wconf 89' lang='lat' dir='ltr'><strong>qui</strong></span> <span class='ocrx_word' id='word_1_381' title='bbox 1404 3361 1508 3418; x_wconf 83' lang='lat' dir='ltr'><strong>ista</strong></span> <span class='ocrx_word' id='word_1_382' title='bbox 1552 3361 1841 3433; x_wconf 65' lang='lat' dir='ltr'><strong>presentia</strong></span> <span class='ocrx_word' id='word_1_383' title='bbox 1885 3367 2112 3433; x_wconf 85' lang='lat' dir='ltr'><strong>amant:</strong></span> 
     </span>
    </p>
   </div>
   <div class='ocr_carea' id='block_1_53' title="bbox 594 3432 2115 3505">
    <p class='ocr_par' dir='ltr' id='par_1_53' title="bbox 594 3432 2115 3505">
     <span class='ocr_line' id='line_1_53' title="bbox 594 3432 2115 3505; baseline -0.001 -16"><span class='ocrx_word' id='word_1_384' title='bbox 594 3442 1000 3505; x_wconf 87' lang='lat' dir='ltr'><strong>persequuntur</strong></span> <span class='ocrx_word' id='word_1_385' title='bbox 1044 3432 1297 3505; x_wconf 83' lang='lat' dir='ltr'><strong>sanctam</strong></span> <span class='ocrx_word' id='word_1_386' title='bbox 1336 3434 1691 3505; x_wconf 84' lang='lat' dir='ltr'><strong>Ecclesiam:</strong></span> <span class='ocrx_word' id='word_1_387' title='bbox 1738 3432 1794 3487; x_wconf 90' lang='lat' dir='ltr'><strong>id</strong></span> <span class='ocrx_word' id='word_1_388' title='bbox 1836 3442 1956 3497; x_wconf 87' lang='lat' dir='ltr'><strong>est,</strong></span> <span class='ocrx_word' id='word_1_389' title='bbox 1992 3432 2115 3505; x_wconf 78' lang='lat' dir='ltr'><strong>illos</strong></span> 
     </span>
    </p>
   </div>
   <div class='ocr_carea' id='block_1_54' title="bbox 596 3503 2116 3576">
    <p class='ocr_par' dir='ltr' id='par_1_54' title="bbox 596 3503 2116 3576">
     <span class='ocr_line' id='line_1_54' title="bbox 596 3503 2116 3576; baseline -0.003 -15"><span class='ocrx_word' id='word_1_390' title='bbox 596 3503 687 3575; x_wconf 87' lang='lat' dir='ltr'><strong>qui</strong></span> <span class='ocrx_word' id='word_1_391' title='bbox 735 3503 979 3576; x_wconf 72' lang='lat' dir='ltr'><strong>cmlcstia</strong></span> <span class='ocrx_word' id='word_1_392' title='bbox 1030 3504 1285 3576; x_wconf 71' lang='lat' dir='ltr'><strong>diligunt.</strong></span> <span class='ocrx_word' id='word_1_393' title='bbox 1334 3504 1819 3576; x_wconf 17' lang='lat' dir='ltr'><strong>Psalmushvocem</strong></span> <span class='ocrx_word' id='word_1_394' title='bbox 1857 3503 2116 3576; x_wconf 76' lang='lat' dir='ltr'><strong>continet</strong></span> 
     </span>
    </p>
   </div>
   <div class='ocr_carea' id='block_1_55' title="bbox 594 3573 2113 3645">
    <p class='ocr_par' dir='ltr' id='par_1_55' title="bbox 594 3573 2113 3645">
     <span class='ocr_line' id='line_1_55' title="bbox 594 3573 2113 3645; baseline -0.003 -14"><span class='ocrx_word' id='word_1_395' title='bbox 594 3573 878 3645; x_wconf 80' lang='lat' dir='ltr'><strong>prophetae</strong></span> <span class='ocrx_word' id='word_1_396' title='bbox 918 3573 1155 3645; x_wconf 63' lang='lat' dir='ltr'><strong>peccata&#39;</strong></span> <span class='ocrx_word' id='word_1_397' title='bbox 1186 3574 1397 3631; x_wconf 85' lang='lat' dir='ltr'><strong>Judaici</strong></span> <span class='ocrx_word' id='word_1_398' title='bbox 1447 3574 1635 3645; x_wconf 88' lang='lat' dir='ltr'><strong>populi</strong></span> <span class='ocrx_word' id='word_1_399' title='bbox 1684 3573 2065 3643; x_wconf 74' lang='lat' dir='ltr'><strong>esprobrantis</strong></span> <span class='ocrx_word' id='word_1_400' title='bbox 2097 3588 2113 3627; x_wconf 90' lang='lat'><strong>:</strong></span> 
     </span>
    </p>
   </div>
   <div class='ocr_carea' id='block_1_56' title="bbox 592 3644 1757 3717">
    <p class='ocr_par' dir='ltr' id='par_1_56' title="bbox 592 3644 1757 3717">
     <span class='ocr_line' id='line_1_56' title="bbox 592 3644 1757 3717; baseline -0.001 -16"><span class='ocrx_word' id='word_1_401' title='bbox 592 3644 663 3701; x_wconf 83' lang='lat' dir='ltr'><strong>ad</strong></span> <span class='ocrx_word' id='word_1_402' title='bbox 689 3644 867 3717; x_wconf 86' lang='lat' dir='ltr'><strong>ipsum</strong></span> <span class='ocrx_word' id='word_1_403' title='bbox 899 3644 1045 3703; x_wconf 88' lang='lat' dir='ltr'><strong>enim</strong></span> <span class='ocrx_word' id='word_1_404' title='bbox 1073 3646 1189 3701; x_wconf 62' lang='lat' dir='ltr'><strong>haec</strong></span> <span class='ocrx_word' id='word_1_405' title='bbox 1220 3647 1483 3715; x_wconf 89' lang='lat' dir='ltr'><strong>loquitur,</strong></span> <span class='ocrx_word' id='word_1_406' title='bbox 1516 3644 1706 3701; x_wconf 91' lang='lat' dir='ltr'><strong>dicens</strong></span> <span class='ocrx_word' id='word_1_407' title='bbox 1744 3662 1757 3700; x_wconf 93' lang='lat'><strong>:</strong></span> 
     </span>
    </p>
   </div>
   <div class='ocr_carea' id='block_1_57' title="bbox 598 3736 2115 3815">
    <p class='ocr_par' dir='ltr' id='par_1_57' title="bbox 598 3736 2115 3815">
     <span class='ocr_line' id='line_1_57' title="bbox 598 3736 2115 3815; baseline -0.001 -20"><span class='ocrx_word' id='word_1_408' title='bbox 598 3740 739 3808; x_wconf 89' lang='lat' dir='ltr'><strong>Quid</strong></span> <span class='ocrx_word' id='word_1_409' title='bbox 766 3740 1007 3815; x_wconf 84' lang='lat' dir='ltr'><strong>gloriaris</strong></span> <span class='ocrx_word' id='word_1_410' title='bbox 1045 3740 1100 3795; x_wconf 88' lang='lat' dir='ltr'><strong>in</strong></span> <span class='ocrx_word' id='word_1_411' title='bbox 1126 3739 1367 3794; x_wconf 86' lang='lat' dir='ltr'><strong>malitia?</strong></span> <span class='ocrx_word' id='word_1_412' title='bbox 1394 3739 1504 3795; x_wconf 84' lang='lat' dir='ltr'><strong>Cur</strong></span> <span class='ocrx_word' id='word_1_413' title='bbox 1535 3736 1757 3793; x_wconf 87' lang='lat' dir='ltr'><strong>monitis</strong></span> <span class='ocrx_word' id='word_1_414' title='bbox 1786 3736 1986 3793; x_wconf 87' lang='lat' dir='ltr'><strong>divinis</strong></span> <span class='ocrx_word' id='word_1_415' title='bbox 2013 3738 2115 3794; x_wconf 90' lang='lat' dir='ltr'><strong>ob-</strong></span> 
     </span>
    </p>
   </div>
   <div class='ocr_carea' id='block_1_58' title="bbox 517 3828 2113 3904">
    <p class='ocr_par' dir='ltr' id='par_1_58' title="bbox 517 3828 2113 3904">
     <span class='ocr_line' id='line_1_58' title="bbox 517 3828 2113 3904; baseline -0.004 -15"><span class='ocrx_word' id='word_1_416' title='bbox 517 3834 675 3889; x_wconf 87' lang='lat' dir='ltr'><strong>vians</strong></span> <span class='ocrx_word' id='word_1_417' title='bbox 695 3874 711 3900; x_wconf 88' lang='lat'><strong>,</strong></span> <span class='ocrx_word' id='word_1_418' title='bbox 742 3832 1039 3904; x_wconf 86' lang='lat' dir='ltr'><strong>prophetas</strong></span> <span class='ocrx_word' id='word_1_419' title='bbox 1074 3829 1381 3887; x_wconf 85' lang='lat' dir='ltr'><strong>interﬁcis?</strong></span> <span class='ocrx_word' id='word_1_420' title='bbox 1413 3829 1514 3897; x_wconf 90' lang='lat' dir='ltr'><strong>Qui</strong></span> <span class='ocrx_word' id='word_1_421' title='bbox 1546 3838 1725 3900; x_wconf 89' lang='lat' dir='ltr'><strong>potens</strong></span> <span class='ocrx_word' id='word_1_422' title='bbox 1754 3846 1807 3884; x_wconf 89' lang='lat' dir='ltr'><strong>es</strong></span> <span class='ocrx_word' id='word_1_423' title='bbox 1833 3828 1889 3883; x_wconf 87' lang='lat' dir='ltr'><strong>in</strong></span> <span class='ocrx_word' id='word_1_424' title='bbox 1917 3828 2113 3901; x_wconf 82' lang='lat' dir='ltr'><strong>iniqui-</strong></span> 
     </span>
    </p>
   </div>
   <div class='ocr_carea' id='block_1_59' title="bbox 455 3922 2116 3997">
    <p class='ocr_par' dir='ltr' id='par_1_59' title="bbox 455 3922 2116 3997">
     <span class='ocr_line' id='line_1_59' title="bbox 455 3922 2116 3997; baseline -0.001 -16"><span class='ocrx_word' id='word_1_425' title='bbox 455 3959 461 3965; x_wconf 65' lang='grc' dir='ltr'><strong><em>ο</em></strong></span> <span class='ocrx_word' id='word_1_426' title='bbox 529 3936 648 3981; x_wconf 84' lang='lat' dir='ltr'><strong>tate.</strong></span> <span class='ocrx_word' id='word_1_427' title='bbox 679 3924 815 3980; x_wconf 85' lang='lat' dir='ltr'><strong>Nam</strong></span> <span class='ocrx_word' id='word_1_428' title='bbox 843 3939 965 3981; x_wconf 92' lang='lat' dir='ltr'><strong>cum</strong></span> <span class='ocrx_word' id='word_1_429' title='bbox 997 3939 1101 3997; x_wconf 90' lang='lat' dir='ltr'><strong>ope</strong></span> <span class='ocrx_word' id='word_1_430' title='bbox 1131 3922 1226 3979; x_wconf 90' lang='lat' dir='ltr'><strong>Dei</strong></span> <span class='ocrx_word' id='word_1_431' title='bbox 1255 3937 1509 3979; x_wconf 89' lang='lat' dir='ltr'><strong>crescens</strong></span> <span class='ocrx_word' id='word_1_432' title='bbox 1532 3968 1547 3992; x_wconf 93' lang='lat'><strong>,</strong></span> <span class='ocrx_word' id='word_1_433' title='bbox 1580 3922 1850 3979; x_wconf 85' lang='lat' dir='ltr'><strong>interﬁcis</strong></span> <span class='ocrx_word' id='word_1_434' title='bbox 1880 3923 2116 3993; x_wconf 90' lang='lat' dir='ltr'><strong>prophe-</strong></span> 
     </span>
    </p>
   </div>
   <div class='ocr_carea' id='block_1_60' title="bbox 524 4017 2113 4089">
    <p class='ocr_par' dir='ltr' id='par_1_60' title="bbox 524 4017 2113 4089">
     <span class='ocr_line' id='line_1_60' title="bbox 524 4017 2113 4089; baseline -0.002 -14"><span class='ocrx_word' id='word_1_435' title='bbox 524 4028 614 4075; x_wconf 85' lang='lat' dir='ltr'><strong>tas</strong></span> <span class='ocrx_word' id='word_1_436' title='bbox 637 4018 793 4089; x_wconf 86' lang='lat' dir='ltr'><strong>ejus:</strong></span> <span class='ocrx_word' id='word_1_437' title='bbox 824 4018 928 4074; x_wconf 91' lang='lat' dir='ltr'><strong>hoc</strong></span> <span class='ocrx_word' id='word_1_438' title='bbox 955 4017 1022 4074; x_wconf 88' lang='lat' dir='ltr'><strong>ad</strong></span> <span class='ocrx_word' id='word_1_439' title='bbox 1044 4017 1324 4075; x_wconf 89' lang='lat' dir='ltr'><strong>cumulum</strong></span> <span class='ocrx_word' id='word_1_440' title='bbox 1356 4017 1554 4074; x_wconf 78' lang='lat' dir='ltr'><strong>auxisti</strong></span> <span class='ocrx_word' id='word_1_441' title='bbox 1583 4017 1824 4084; x_wconf 83' lang='lat' dir='ltr'><strong>malitiae,</strong></span> <span class='ocrx_word' id='word_1_442' title='bbox 1850 4025 1908 4072; x_wconf 93' lang='lat' dir='ltr'><strong>ut</strong></span> <span class='ocrx_word' id='word_1_443' title='bbox 1934 4017 2113 4088; x_wconf 89' lang='lat' dir='ltr'><strong>ipsum</strong></span> 
     </span>
    </p>
   </div>
   <div class='ocr_carea' id='block_1_61' title="bbox 518 4107 2117 4180">
    <p class='ocr_par' dir='ltr' id='par_1_61' title="bbox 518 4107 2117 4180">
     <span class='ocr_line' id='line_1_61' title="bbox 518 4107 2117 4180; baseline -0.001 -15"><span class='ocrx_word' id='word_1_444' title='bbox 518 4107 814 4165; x_wconf 87' lang='lat' dir='ltr'><strong>Dominum</strong></span> <span class='ocrx_word' id='word_1_445' title='bbox 849 4108 1097 4165; x_wconf 83' lang='lat' dir='ltr'><strong>traderes</strong></span> <span class='ocrx_word' id='word_1_446' title='bbox 1135 4109 1277 4164; x_wconf 90' lang='lat' dir='ltr'><strong>neci.</strong></span> <span class='ocrx_word' id='word_1_447' title='bbox 1313 4108 1439 4174; x_wconf 85' lang='lat' dir='ltr'><strong>Vel,</strong></span> <span class='ocrx_word' id='word_1_448' title='bbox 1472 4109 1596 4179; x_wconf 88' lang='lat' dir='ltr'><strong>quid</strong></span> <span class='ocrx_word' id='word_1_449' title='bbox 1636 4107 1883 4180; x_wconf 82' lang='lat' dir='ltr'><strong>gloriaris</strong></span> <span class='ocrx_word' id='word_1_450' title='bbox 1923 4109 1975 4162; x_wconf 84' lang='lat' dir='ltr'><strong>in</strong></span> <span class='ocrx_word' id='word_1_451' title='bbox 2005 4124 2117 4163; x_wconf 90' lang='lat' dir='ltr'><strong>ma-</strong></span> 
     </span>
    </p>
   </div>
   <div class='ocr_carea' id='block_1_62' title="bbox 520 4201 2115 4274">
    <p class='ocr_par' dir='ltr' id='par_1_62' title="bbox 520 4201 2115 4274">
     <span class='ocr_line' id='line_1_62' title="bbox 520 4201 2115 4274; baseline 0.001 -17"><span class='ocrx_word' id='word_1_452' title='bbox 520 4203 683 4259; x_wconf 85' lang='lat' dir='ltr'><strong>litia?</strong></span> <span class='ocrx_word' id='word_1_453' title='bbox 721 4203 826 4259; x_wconf 91' lang='lat' dir='ltr'><strong>hoc</strong></span> <span class='ocrx_word' id='word_1_454' title='bbox 864 4211 950 4260; x_wconf 90' lang='lat' dir='ltr'><strong>est</strong></span> <span class='ocrx_word' id='word_1_455' title='bbox 978 4202 1185 4271; x_wconf 86' lang='lat' dir='ltr'><strong>Adam,</strong></span> <span class='ocrx_word' id='word_1_456' title='bbox 1215 4212 1273 4260; x_wconf 92' lang='lat' dir='ltr'><strong>et</strong></span> <span class='ocrx_word' id='word_1_457' title='bbox 1300 4202 1549 4258; x_wconf 89' lang='lat' dir='ltr'><strong>diabolus</strong></span> <span class='ocrx_word' id='word_1_458' title='bbox 1584 4202 1752 4274; x_wconf 89' lang='lat' dir='ltr'><strong>:quia</strong></span> <span class='ocrx_word' id='word_1_459' title='bbox 1781 4201 1925 4273; x_wconf 92' lang='lat' dir='ltr'><strong>quod</strong></span> <span class='ocrx_word' id='word_1_460' title='bbox 1972 4202 2115 4259; x_wconf 91' lang='lat' dir='ltr'><strong>Deus</strong></span> 
     </span>
    </p>
   </div>
   <div class='ocr_carea' id='block_1_63' title="bbox 518 4292 2113 4364">
    <p class='ocr_par' dir='ltr' id='par_1_63' title="bbox 518 4292 2113 4364">
     <span class='ocr_line' id='line_1_63' title="bbox 518 4292 2113 4364; baseline -0.001 -13"><span class='ocrx_word' id='word_1_461' title='bbox 518 4295 834 4362; x_wconf 68' lang='lat' dir='ltr'><strong>aediﬁcavit,</strong></span> <span class='ocrx_word' id='word_1_462' title='bbox 858 4294 937 4351; x_wconf 91' lang='lat' dir='ltr'><strong>illi</strong></span> <span class='ocrx_word' id='word_1_463' title='bbox 958 4294 1356 4351; x_wconf 84' lang='lat' dir='ltr'><strong>destruxerunt</strong></span> <span class='ocrx_word' id='word_1_464' title='bbox 1375 4294 1429 4350; x_wconf 89' lang='lat' dir='ltr'><strong>in</strong></span> <span class='ocrx_word' id='word_1_465' title='bbox 1452 4293 1798 4363; x_wconf 88' lang='lat' dir='ltr'><strong>semetipsis:</strong></span> <span class='ocrx_word' id='word_1_466' title='bbox 1823 4292 2113 4364; x_wconf 86' lang='lat' dir='ltr'><strong>imaginem</strong></span> 
     </span>
    </p>
   </div>
   <div class='ocr_carea' id='block_1_64' title="bbox 515 4386 2112 4460">
    <p class='ocr_par' dir='ltr' id='par_1_64' title="bbox 515 4386 2112 4460">
     <span class='ocr_line' id='line_1_64' title="bbox 515 4386 2112 4460; baseline -0.001 -16"><span class='ocrx_word' id='word_1_467' title='bbox 515 4387 617 4444; x_wconf 88' lang='lat' dir='ltr'><strong>Dei</strong></span> <span class='ocrx_word' id='word_1_468' title='bbox 660 4398 718 4443; x_wconf 91' lang='lat' dir='ltr'><strong>et</strong></span> <span class='ocrx_word' id='word_1_469' title='bbox 770 4387 1110 4459; x_wconf 89' lang='lat' dir='ltr'><strong>angelorum.</strong></span> <span class='ocrx_word' id='word_1_470' title='bbox 1151 4388 1255 4454; x_wconf 85' lang='lat' dir='ltr'><strong>Qui</strong></span> <span class='ocrx_word' id='word_1_471' title='bbox 1282 4397 1464 4460; x_wconf 87' lang='lat' dir='ltr'><strong>potens</strong></span> <span class='ocrx_word' id='word_1_472' title='bbox 1499 4404 1551 4444; x_wconf 89' lang='lat' dir='ltr'><strong>es</strong></span> <span class='ocrx_word' id='word_1_473' title='bbox 1583 4387 1638 4442; x_wconf 88' lang='lat' dir='ltr'><strong>in</strong></span> <span class='ocrx_word' id='word_1_474' title='bbox 1668 4387 1963 4458; x_wconf 83' lang='lat' dir='ltr'><strong>iniquitate.</strong></span> <span class='ocrx_word' id='word_1_475' title='bbox 1992 4386 2112 4443; x_wconf 82' lang='lat' dir='ltr'><strong>Non</strong></span> 
     </span>
    </p>
   </div>
   <div class='ocr_carea' id='block_1_65' title="bbox 519 4481 1438 4554">
    <p class='ocr_par' dir='ltr' id='par_1_65' title="bbox 519 4481 1438 4554">
     <span class='ocr_line' id='line_1_65' title="bbox 519 4481 1438 4554; baseline -0.001 -16"><span class='ocrx_word' id='word_1_476' title='bbox 519 4482 577 4538; x_wconf 89' lang='lat' dir='ltr'><strong>in</strong></span> <span class='ocrx_word' id='word_1_477' title='bbox 613 4482 888 4551; x_wconf 87' lang='lat' dir='ltr'><strong>bonitate,</strong></span> <span class='ocrx_word' id='word_1_478' title='bbox 921 4482 1017 4540; x_wconf 91' lang='lat' dir='ltr'><strong>sed</strong></span> <span class='ocrx_word' id='word_1_479' title='bbox 1047 4481 1101 4538; x_wconf 90' lang='lat' dir='ltr'><strong>in</strong></span> <span class='ocrx_word' id='word_1_480' title='bbox 1129 4482 1438 4554; x_wconf 83' lang='lat' dir='ltr'><strong>iniquitate.</strong></span> 
     </span>
    </p>
   </div>
   <div class='ocr_carea' id='block_1_66' title="bbox 2226 1860 3808 1935">
    <p class='ocr_par' dir='ltr' id='par_1_66' title="bbox 2226 1860 3808 1935">
     <span class='ocr_line' id='line_1_66' title="bbox 2226 1860 3808 1935; baseline -0.005 -15"><span class='ocrx_word' id='word_1_481' title='bbox 2226 1865 2364 1920; x_wconf 90' lang='lat' dir='ltr'><strong>falsa</strong></span> <span class='ocrx_word' id='word_1_482' title='bbox 2392 1863 2462 1920; x_wconf 92' lang='lat' dir='ltr'><strong>de</strong></span> <span class='ocrx_word' id='word_1_483' title='bbox 2482 1878 2550 1920; x_wconf 89' lang='lat' dir='ltr'><strong>eo</strong></span> <span class='ocrx_word' id='word_1_484' title='bbox 2574 1864 2627 1918; x_wconf 90' lang='lat' dir='ltr'><strong>in</strong></span> <span class='ocrx_word' id='word_1_485' title='bbox 2658 1877 2819 1935; x_wconf 89' lang='lat' dir='ltr'><strong>quem</strong></span> <span class='ocrx_word' id='word_1_486' title='bbox 2852 1877 2959 1918; x_wconf 91' lang='lat' dir='ltr'><strong>non</strong></span> <span class='ocrx_word' id='word_1_487' title='bbox 2987 1860 3369 1929; x_wconf 89' lang='lat' dir='ltr'><strong>crediderunt,</strong></span> <span class='ocrx_word' id='word_1_488' title='bbox 3398 1860 3808 1933; x_wconf 85' lang='lat' dir='ltr'><strong>proloquuntur.</strong></span> 
     </span>
    </p>
   </div>
   <div class='ocr_carea' id='block_1_67' title="bbox 2295 1950 3804 2027">
    <p class='ocr_par' dir='ltr' id='par_1_67' title="bbox 2295 1950 3804 2027">
     <span class='ocr_line' id='line_1_67' title="bbox 2295 1950 3804 2027; baseline -0.003 -17"><span class='ocrx_word' id='word_1_489' title='bbox 2295 1955 2540 2012; x_wconf 73' lang='lat' dir='ltr'><strong>Dilexisti</strong></span> <span class='ocrx_word' id='word_1_490' title='bbox 2562 1955 2734 2010; x_wconf 89' lang='lat' dir='ltr'><strong>omnia</strong></span> <span class='ocrx_word' id='word_1_491' title='bbox 2757 1955 2911 2011; x_wconf 85' lang='lat' dir='ltr'><strong>verba</strong></span> <span class='ocrx_word' id='word_1_492' title='bbox 2933 1954 3385 2027; x_wconf 80' lang='lat' dir='ltr'><strong>prtecipitationis,</strong></span> <span class='ocrx_word' id='word_1_493' title='bbox 3412 1953 3599 2025; x_wconf 84' lang='lat' dir='ltr'><strong>lingua</strong></span> <span class='ocrx_word' id='word_1_494' title='bbox 3619 1950 3804 2007; x_wconf 83' lang='lat' dir='ltr'><strong>dolosa.</strong></span> 
     </span>
    </p>
   </div>
   <div class='ocr_carea' id='block_1_68' title="bbox 2224 2043 3809 2116">
    <p class='ocr_par' dir='ltr' id='par_1_68' title="bbox 2224 2043 3809 2116">
     <span class='ocr_line' id='line_1_68' title="bbox 2224 2043 3809 2116; baseline -0.004 -11"><span class='ocrx_word' id='word_1_495' title='bbox 2224 2047 2283 2104; x_wconf 87' lang='lat' dir='ltr'><strong>ln</strong></span> <span class='ocrx_word' id='word_1_496' title='bbox 2330 2047 2615 2105; x_wconf 86' lang='lat' dir='ltr'><strong>excelsum</strong></span> <span class='ocrx_word' id='word_1_497' title='bbox 2671 2045 2817 2102; x_wconf 91' lang='lat' dir='ltr'><strong>enim</strong></span> <span class='ocrx_word' id='word_1_498' title='bbox 2868 2045 3207 2116; x_wconf 83' lang='lat' dir='ltr'><strong>iniquitatem</strong></span> <span class='ocrx_word' id='word_1_499' title='bbox 3255 2043 3574 2115; x_wconf 85' lang='lat' dir='ltr'><strong>loquentes,</strong></span> <span class='ocrx_word' id='word_1_500' title='bbox 3628 2044 3723 2114; x_wconf 89' lang='lat' dir='ltr'><strong>ipsi</strong></span> <span class='ocrx_word' id='word_1_501' title='bbox 3756 2057 3809 2098; x_wconf 88' lang='lat' dir='ltr'><strong>se</strong></span> 
     </span>
    </p>
   </div>
   <div class='ocr_carea' id='block_1_69' title="bbox 2222 2134 3802 2213">
    <p class='ocr_par' dir='ltr' id='par_1_69' title="bbox 2222 2134 3802 2213">
     <span class='ocr_line' id='line_1_69' title="bbox 2222 2134 3802 2213; baseline -0.005 -16"><span class='ocrx_word' id='word_1_502' title='bbox 2222 2140 2567 2213; x_wconf 69' lang='lat' dir='ltr'><strong>prmcipitant</strong></span> <span class='ocrx_word' id='word_1_503' title='bbox 2611 2140 2666 2195; x_wconf 91' lang='lat' dir='ltr'><strong>in</strong></span> <span class='ocrx_word' id='word_1_504' title='bbox 2697 2138 2951 2210; x_wconf 89' lang='lat' dir='ltr'><strong>laqueum</strong></span> <span class='ocrx_word' id='word_1_505' title='bbox 2994 2136 3388 2193; x_wconf 86' lang='lat' dir='ltr'><strong>damnationis.</strong></span> <span class='ocrx_word' id='word_1_506' title='bbox 3427 2135 3604 2191; x_wconf 82' lang='lat' dir='ltr'><strong>Verba</strong></span> <span class='ocrx_word' id='word_1_507' title='bbox 3631 2134 3802 2208; x_wconf 76' lang='lat' dir='ltr'><strong>prteri-</strong></span> 
     </span>
    </p>
   </div>
   <div class='ocr_carea' id='block_1_70' title="bbox 2222 2228 3806 2305">
    <p class='ocr_par' dir='ltr' id='par_1_70' title="bbox 2222 2228 3806 2305">
     <span class='ocr_line' id='line_1_70' title="bbox 2222 2228 3806 2305; baseline -0.003 -17"><span class='ocrx_word' id='word_1_508' title='bbox 2222 2233 2522 2305; x_wconf 85' lang='lat' dir='ltr'><strong>pitationis,</strong></span> <span class='ocrx_word' id='word_1_509' title='bbox 2555 2231 2731 2287; x_wconf 89' lang='lat' dir='ltr'><strong>dicit:</strong></span> <span class='ocrx_word' id='word_1_510' title='bbox 2764 2230 2889 2302; x_wconf 90' lang='lat' dir='ltr'><strong>quia</strong></span> <span class='ocrx_word' id='word_1_511' title='bbox 2935 2228 3265 2300; x_wconf 90' lang='lat' dir='ltr'><strong>semetipsos</strong></span> <span class='ocrx_word' id='word_1_512' title='bbox 3296 2228 3806 2300; x_wconf 75' lang='lat' dir='ltr'><strong>praecipitaverunt:</strong></span> 
     </span>
    </p>
   </div>
   <div class='ocr_carea' id='block_1_71' title="bbox 2221 2323 3804 2396">
    <p class='ocr_par' dir='ltr' id='par_1_71' title="bbox 2221 2323 3804 2396">
     <span class='ocr_line' id='line_1_71' title="bbox 2221 2323 3804 2396; baseline -0.003 -14"><span class='ocrx_word' id='word_1_513' title='bbox 2221 2326 2369 2382; x_wconf 86' lang='lat' dir='ltr'><strong>sicut</strong></span> <span class='ocrx_word' id='word_1_514' title='bbox 2397 2325 2651 2381; x_wconf 90' lang='lat' dir='ltr'><strong>diabolus</strong></span> <span class='ocrx_word' id='word_1_515' title='bbox 2682 2325 2751 2382; x_wconf 88' lang='lat' dir='ltr'><strong>de</strong></span> <span class='ocrx_word' id='word_1_516' title='bbox 2781 2324 2959 2391; x_wconf 71' lang='lat' dir='ltr'><strong>cmlo,</strong></span> <span class='ocrx_word' id='word_1_517' title='bbox 2988 2324 3133 2381; x_wconf 87' lang='lat' dir='ltr'><strong>sicut</strong></span> <span class='ocrx_word' id='word_1_518' title='bbox 3160 2334 3217 2381; x_wconf 89' lang='lat' dir='ltr'><strong>et</strong></span> <span class='ocrx_word' id='word_1_519' title='bbox 3245 2323 3417 2381; x_wconf 83' lang='lat' dir='ltr'><strong>Adam</strong></span> <span class='ocrx_word' id='word_1_520' title='bbox 3448 2324 3522 2380; x_wconf 89' lang='lat' dir='ltr'><strong>de</strong></span> <span class='ocrx_word' id='word_1_521' title='bbox 3548 2323 3804 2396; x_wconf 89' lang='lat' dir='ltr'><strong>paradiso.</strong></span> 
     </span>
    </p>
   </div>
   <div class='ocr_carea' id='block_1_72' title="bbox 2222 2418 3804 2492">
    <p class='ocr_par' dir='ltr' id='par_1_72' title="bbox 2222 2418 3804 2492">
     <span class='ocr_line' id='line_1_72' title="bbox 2222 2418 3804 2492; baseline 0 -18"><span class='ocrx_word' id='word_1_522' title='bbox 2222 2419 2279 2475; x_wconf 91' lang='lat' dir='ltr'><strong>In</strong></span> <span class='ocrx_word' id='word_1_523' title='bbox 2311 2420 2493 2492; x_wconf 87' lang='lat' dir='ltr'><strong>lingua</strong></span> <span class='ocrx_word' id='word_1_524' title='bbox 2521 2419 2705 2475; x_wconf 85' lang='lat' dir='ltr'><strong>dolosa</strong></span> <span class='ocrx_word' id='word_1_525' title='bbox 2731 2434 2751 2474; x_wconf 88' lang='lat'><strong>:</strong></span> <span class='ocrx_word' id='word_1_526' title='bbox 2780 2418 2905 2491; x_wconf 88' lang='lat' dir='ltr'><strong>quia</strong></span> <span class='ocrx_word' id='word_1_527' title='bbox 2936 2418 3083 2475; x_wconf 90' lang='lat' dir='ltr'><strong>aliud</strong></span> <span class='ocrx_word' id='word_1_528' title='bbox 3113 2418 3426 2476; x_wconf 91' lang='lat' dir='ltr'><strong>habuerunt</strong></span> <span class='ocrx_word' id='word_1_529' title='bbox 3457 2418 3517 2475; x_wconf 91' lang='lat' dir='ltr'><strong>in</strong></span> <span class='ocrx_word' id='word_1_530' title='bbox 3546 2433 3804 2485; x_wconf 85' lang='lat' dir='ltr'><strong>sermone,</strong></span> 
     </span>
    </p>
   </div>
   <div class='ocr_carea' id='block_1_73' title="bbox 2220 2514 2674 2571">
    <p class='ocr_par' dir='ltr' id='par_1_73' title="bbox 2220 2514 2674 2571">
     <span class='ocr_line' id='line_1_73' title="bbox 2220 2514 2674 2571; baseline -0.002 -1"><span class='ocrx_word' id='word_1_531' title='bbox 2220 2514 2369 2570; x_wconf 89' lang='lat' dir='ltr'><strong>aliud</strong></span> <span class='ocrx_word' id='word_1_532' title='bbox 2400 2514 2454 2570; x_wconf 92' lang='lat' dir='ltr'><strong>in</strong></span> <span class='ocrx_word' id='word_1_533' title='bbox 2487 2514 2674 2571; x_wconf 91' lang='lat' dir='ltr'><strong>corde.</strong></span> 
     </span>
    </p>
   </div>
   <div class='ocr_carea' id='block_1_74' title="bbox 2291 2609 3800 2687">
    <p class='ocr_par' dir='ltr' id='par_1_74' title="bbox 2291 2609 3800 2687">
     <span class='ocr_line' id='line_1_74' title="bbox 2291 2609 3800 2687; baseline -0.003 -16"><span class='ocrx_word' id='word_1_534' title='bbox 2291 2615 2582 2687; x_wconf 82' lang='lat' dir='ltr'><strong>PrOpterea</strong></span> <span class='ocrx_word' id='word_1_535' title='bbox 2613 2613 2754 2670; x_wconf 86' lang='lat' dir='ltr'><strong>Deus</strong></span> <span class='ocrx_word' id='word_1_536' title='bbox 2781 2614 3010 2670; x_wconf 70' lang='lat' dir='ltr'><strong>destinet</strong></span> <span class='ocrx_word' id='word_1_537' title='bbox 3037 2623 3084 2670; x_wconf 88' lang='lat' dir='ltr'><strong>te</strong></span> <span class='ocrx_word' id='word_1_538' title='bbox 3110 2614 3165 2669; x_wconf 88' lang='lat' dir='ltr'><strong>in</strong></span> <span class='ocrx_word' id='word_1_539' title='bbox 3207 2616 3363 2687; x_wconf 74' lang='lat' dir='ltr'><strong>ﬁnem</strong></span> <span class='ocrx_word' id='word_1_540' title='bbox 3388 2630 3405 2670; x_wconf 92' lang='lat'><strong>:</strong></span> <span class='ocrx_word' id='word_1_541' title='bbox 3433 2609 3491 2671; x_wconf 80' lang='lat' dir='ltr'><strong>et</strong></span> <span class='ocrx_word' id='word_1_542' title='bbox 3531 2614 3705 2671; x_wconf 81' lang='lat' dir='ltr'><strong>evellet</strong></span> <span class='ocrx_word' id='word_1_543' title='bbox 3731 2622 3800 2680; x_wconf 88' lang='lat' dir='ltr'><strong>te,</strong></span> 
     </span>
    </p>
   </div>
   <div class='ocr_carea' id='block_1_75' title="bbox 2218 2705 3808 2781">
    <p class='ocr_par' dir='ltr' id='par_1_75' title="bbox 2218 2705 3808 2781">
     <span class='ocr_line' id='line_1_75' title="bbox 2218 2705 3808 2781; baseline -0.001 -19"><span class='ocrx_word' id='word_1_544' title='bbox 2218 2717 2268 2762; x_wconf 90' lang='lat' dir='ltr'><strong>et</strong></span> <span class='ocrx_word' id='word_1_545' title='bbox 2299 2707 2570 2781; x_wconf 87' lang='lat' dir='ltr'><strong>emigrabit</strong></span> <span class='ocrx_word' id='word_1_546' title='bbox 2600 2714 2650 2761; x_wconf 87' lang='lat' dir='ltr'><strong>te</strong></span> <span class='ocrx_word' id='word_1_547' title='bbox 2690 2706 2757 2760; x_wconf 87' lang='lat' dir='ltr'><strong>de</strong></span> <span class='ocrx_word' id='word_1_548' title='bbox 2783 2705 3116 2763; x_wconf 88' lang='lat' dir='ltr'><strong>tabernaculo</strong></span> <span class='ocrx_word' id='word_1_549' title='bbox 3147 2716 3277 2762; x_wconf 88' lang='lat' dir='ltr'><strong>tuo:</strong></span> <span class='ocrx_word' id='word_1_550' title='bbox 3317 2716 3367 2761; x_wconf 89' lang='lat' dir='ltr'><strong>et</strong></span> <span class='ocrx_word' id='word_1_551' title='bbox 3406 2707 3644 2762; x_wconf 85' lang='lat' dir='ltr'><strong>radicem</strong></span> <span class='ocrx_word' id='word_1_552' title='bbox 3681 2714 3808 2760; x_wconf 76' lang='lat' dir='ltr'><strong>tuam</strong></span> 
     </span>
    </p>
   </div>
   <div class='ocr_carea' id='block_1_76' title="bbox 2218 2798 3806 2872">
    <p class='ocr_par' dir='ltr' id='par_1_76' title="bbox 2218 2798 3806 2872">
     <span class='ocr_line' id='line_1_76' title="bbox 2218 2798 3806 2872; baseline 0 -17"><span class='ocrx_word' id='word_1_553' title='bbox 2218 2801 2284 2855; x_wconf 88' lang='lat' dir='ltr'><strong>de</strong></span> <span class='ocrx_word' id='word_1_554' title='bbox 2312 2810 2452 2856; x_wconf 89' lang='lat' dir='ltr'><strong>terra</strong></span> <span class='ocrx_word' id='word_1_555' title='bbox 2491 2800 2791 2856; x_wconf 85' lang='lat' dir='ltr'><strong>viventium.</strong></span> <span class='ocrx_word' id='word_1_556' title='bbox 2824 2800 3018 2857; x_wconf 91' lang='lat' dir='ltr'><strong>Omnia</strong></span> <span class='ocrx_word' id='word_1_557' title='bbox 3064 2799 3184 2857; x_wconf 68' lang='lat' dir='ltr'><strong>haec</strong></span> <span class='ocrx_word' id='word_1_558' title='bbox 3232 2798 3287 2855; x_wconf 90' lang='lat' dir='ltr'><strong>in</strong></span> <span class='ocrx_word' id='word_1_559' title='bbox 3327 2799 3562 2857; x_wconf 80' lang='lat' dir='ltr'><strong>Judaico</strong></span> <span class='ocrx_word' id='word_1_560' title='bbox 3609 2800 3806 2872; x_wconf 86' lang='lat' dir='ltr'><strong>impleta</strong></span> 
     </span>
    </p>
   </div>
   <div class='ocr_carea' id='block_1_77' title="bbox 2214 2891 3810 2964">
    <p class='ocr_par' dir='ltr' id='par_1_77' title="bbox 2214 2891 3810 2964">
     <span class='ocr_line' id='line_1_77' title="bbox 2214 2891 3810 2964; baseline -0.001 -18"><span class='ocrx_word' id='word_1_561' title='bbox 2214 2902 2344 2946; x_wconf 87' lang='lat' dir='ltr'><strong>sunt</strong></span> <span class='ocrx_word' id='word_1_562' title='bbox 2383 2891 2625 2963; x_wconf 87' lang='lat' dir='ltr'><strong>populo:</strong></span> <span class='ocrx_word' id='word_1_563' title='bbox 2657 2892 2785 2964; x_wconf 88' lang='lat' dir='ltr'><strong>quia</strong></span> <span class='ocrx_word' id='word_1_564' title='bbox 2823 2900 2880 2948; x_wconf 90' lang='lat' dir='ltr'><strong>et</strong></span> <span class='ocrx_word' id='word_1_565' title='bbox 2919 2908 2949 2949; x_wconf 92' lang='lat' dir='ltr'><strong>a</strong></span> <span class='ocrx_word' id='word_1_566' title='bbox 2995 2892 3135 2964; x_wconf 88' lang='lat' dir='ltr'><strong>legis</strong></span> <span class='ocrx_word' id='word_1_567' title='bbox 3178 2892 3364 2948; x_wconf 87' lang='lat' dir='ltr'><strong>littera</strong></span> <span class='ocrx_word' id='word_1_568' title='bbox 3394 2893 3734 2959; x_wconf 86' lang='lat' dir='ltr'><strong>destructus,</strong></span> <span class='ocrx_word' id='word_1_569' title='bbox 3760 2897 3810 2947; x_wconf 89' lang='lat' dir='ltr'><strong>et</strong></span> 
     </span>
    </p>
   </div>
   <div class='ocr_carea' id='block_1_78' title="bbox 2215 2983 3806 3056">
    <p class='ocr_par' dir='ltr' id='par_1_78' title="bbox 2215 2983 3806 3056">
     <span class='ocr_line' id='line_1_78' title="bbox 2215 2983 3806 3056; baseline -0.001 -17"><span class='ocrx_word' id='word_1_570' title='bbox 2215 2984 2436 3039; x_wconf 83' lang='lat' dir='ltr'><strong>evulsus</strong></span> <span class='ocrx_word' id='word_1_571' title='bbox 2462 2984 2531 3041; x_wconf 88' lang='lat' dir='ltr'><strong>de</strong></span> <span class='ocrx_word' id='word_1_572' title='bbox 2555 2984 2779 3040; x_wconf 89' lang='lat' dir='ltr'><strong>civitate</strong></span> <span class='ocrx_word' id='word_1_573' title='bbox 2805 3002 2818 3040; x_wconf 92' lang='lat'><strong>:</strong></span> <span class='ocrx_word' id='word_1_574' title='bbox 2850 2985 3224 3056; x_wconf 87' lang='lat' dir='ltr'><strong>migratusque</strong></span> <span class='ocrx_word' id='word_1_575' title='bbox 3252 2993 3337 3042; x_wconf 89' lang='lat' dir='ltr'><strong>est</strong></span> <span class='ocrx_word' id='word_1_576' title='bbox 3363 2984 3432 3042; x_wconf 91' lang='lat' dir='ltr'><strong>de</strong></span> <span class='ocrx_word' id='word_1_577' title='bbox 3462 2983 3806 3041; x_wconf 85' lang='lat' dir='ltr'><strong>tabernaculo</strong></span> 
     </span>
    </p>
   </div>
   <div class='ocr_carea' id='block_1_79' title="bbox 2214 3073 3807 3149">
    <p class='ocr_par' dir='ltr' id='par_1_79' title="bbox 2214 3073 3807 3149">
     <span class='ocr_line' id='line_1_79' title="bbox 2214 3073 3807 3149; baseline 0.002 -21"><span class='ocrx_word' id='word_1_578' title='bbox 2214 3073 2334 3133; x_wconf 90' lang='lat' dir='ltr'><strong>Dei.</strong></span> <span class='ocrx_word' id='word_1_579' title='bbox 2356 3074 2459 3131; x_wconf 86' lang='lat' dir='ltr'><strong>Sed</strong></span> <span class='ocrx_word' id='word_1_580' title='bbox 2477 3084 2533 3131; x_wconf 92' lang='lat' dir='ltr'><strong>et</strong></span> <span class='ocrx_word' id='word_1_581' title='bbox 2560 3075 2630 3131; x_wconf 87' lang='lat' dir='ltr'><strong>de</strong></span> <span class='ocrx_word' id='word_1_582' title='bbox 2648 3074 2734 3132; x_wconf 90' lang='lat' dir='ltr'><strong>his</strong></span> <span class='ocrx_word' id='word_1_583' title='bbox 2759 3075 2876 3132; x_wconf 68' lang='lat'><strong>11320</strong></span> <span class='ocrx_word' id='word_1_584' title='bbox 2905 3075 3304 3147; x_wconf 89' lang='lat' dir='ltr'><strong>intelliguntur,</strong></span> <span class='ocrx_word' id='word_1_585' title='bbox 3334 3077 3426 3149; x_wconf 90' lang='lat' dir='ltr'><strong>qui</strong></span> <span class='ocrx_word' id='word_1_586' title='bbox 3455 3093 3569 3134; x_wconf 87' lang='lat' dir='ltr'><strong>non</strong></span> <span class='ocrx_word' id='word_1_587' title='bbox 3596 3077 3807 3134; x_wconf 89' lang='lat' dir='ltr'><strong>credunt</strong></span> 
     </span>
    </p>
   </div>
   <div class='ocr_carea' id='block_1_80' title="bbox 2139 3167 3805 3241">
    <p class='ocr_par' dir='ltr' id='par_1_80' title="bbox 2139 3167 3805 3241">
     <span class='ocr_line' id='line_1_80' title="bbox 2139 3167 3805 3241; baseline 0.001 -18"><span class='ocrx_word' id='word_1_588' title='bbox 2139 3167 2185 3230; x_wconf 88' lang='lat' dir='ltr'><strong>C</strong></span> <span class='ocrx_word' id='word_1_589' title='bbox 2218 3167 2488 3224; x_wconf 87' lang='lat' dir='ltr'><strong>Dominici</strong></span> <span class='ocrx_word' id='word_1_590' title='bbox 2533 3169 2782 3240; x_wconf 89' lang='lat' dir='ltr'><strong>corporis</strong></span> <span class='ocrx_word' id='word_1_591' title='bbox 2829 3169 3282 3226; x_wconf 87' lang='lat' dir='ltr'><strong>tabernaculum:</strong></span> <span class='ocrx_word' id='word_1_592' title='bbox 3313 3170 3441 3241; x_wconf 86' lang='lat' dir='ltr'><strong>quia</strong></span> <span class='ocrx_word' id='word_1_593' title='bbox 3490 3170 3805 3228; x_wconf 76' lang='lat' dir='ltr'><strong>extermina-</strong></span> 
     </span>
    </p>
   </div>
   <div class='ocr_carea' id='block_1_81' title="bbox 2219 3259 3805 3334">
    <p class='ocr_par' dir='ltr' id='par_1_81' title="bbox 2219 3259 3805 3334">
     <span class='ocr_line' id='line_1_81' title="bbox 2219 3259 3805 3334; baseline 0.001 -19"><span class='ocrx_word' id='word_1_594' title='bbox 2219 3259 2426 3316; x_wconf 90' lang='lat' dir='ltr'><strong>huntur</strong></span> <span class='ocrx_word' id='word_1_595' title='bbox 2448 3275 2477 3315; x_wconf 91' lang='lat' dir='ltr'><strong>a</strong></span> <span class='ocrx_word' id='word_1_596' title='bbox 2507 3261 2786 3318; x_wconf 89' lang='lat' dir='ltr'><strong>consortio</strong></span> <span class='ocrx_word' id='word_1_597' title='bbox 2814 3261 3079 3317; x_wconf 90' lang='lat' dir='ltr'><strong>claritatis</strong></span> <span class='ocrx_word' id='word_1_598' title='bbox 3107 3262 3245 3334; x_wconf 88' lang='lat' dir='ltr'><strong>ejus,</strong></span> <span class='ocrx_word' id='word_1_599' title='bbox 3277 3276 3343 3319; x_wconf 90' lang='lat' dir='ltr'><strong>ac</strong></span> <span class='ocrx_word' id='word_1_600' title='bbox 3371 3262 3441 3319; x_wconf 92' lang='lat' dir='ltr'><strong>de</strong></span> <span class='ocrx_word' id='word_1_601' title='bbox 3466 3263 3648 3320; x_wconf 68' lang='lat' dir='ltr'><strong>beatae</strong></span> <span class='ocrx_word' id='word_1_602' title='bbox 3673 3260 3805 3319; x_wconf 89' lang='lat' dir='ltr'><strong>sedis</strong></span> 
     </span>
    </p>
   </div>
   <div class='ocr_carea' id='block_1_82' title="bbox 2216 3351 3805 3426">
    <p class='ocr_par' dir='ltr' id='par_1_82' title="bbox 2216 3351 3805 3426">
     <span class='ocr_line' id='line_1_82' title="bbox 2216 3351 3805 3426; baseline 0 -18"><span class='ocrx_word' id='word_1_603' title='bbox 2216 3351 2558 3420; x_wconf 88' lang='lat' dir='ltr'><strong>habitaculo,</strong></span> <span class='ocrx_word' id='word_1_604' title='bbox 2590 3352 2678 3409; x_wconf 89' lang='lat' dir='ltr'><strong>vel</strong></span> <span class='ocrx_word' id='word_1_605' title='bbox 2706 3352 2775 3410; x_wconf 90' lang='lat' dir='ltr'><strong>de</strong></span> <span class='ocrx_word' id='word_1_606' title='bbox 2804 3353 3101 3410; x_wconf 89' lang='lat' dir='ltr'><strong>viventium</strong></span> <span class='ocrx_word' id='word_1_607' title='bbox 3131 3362 3274 3410; x_wconf 88' lang='lat' dir='ltr'><strong>terra</strong></span> <span class='ocrx_word' id='word_1_608' title='bbox 3303 3369 3468 3426; x_wconf 91' lang='lat' dir='ltr'><strong>quam</strong></span> <span class='ocrx_word' id='word_1_609' title='bbox 3500 3354 3681 3412; x_wconf 87' lang='lat' dir='ltr'><strong>sancti</strong></span> <span class='ocrx_word' id='word_1_610' title='bbox 3704 3354 3805 3408; x_wconf 78' lang='lat' dir='ltr'><strong>ha:-</strong></span> 
     </span>
    </p>
   </div>
   <div class='ocr_carea' id='block_1_83' title="bbox 2218 3444 3806 3519">
    <p class='ocr_par' dir='ltr' id='par_1_83' title="bbox 2218 3444 3806 3519">
     <span class='ocr_line' id='line_1_83' title="bbox 2218 3444 3806 3519; baseline -0.001 -17"><span class='ocrx_word' id='word_1_611' title='bbox 2218 3446 2554 3502; x_wconf 89' lang='lat' dir='ltr'><strong>reditabunt.</strong></span> <span class='ocrx_word' id='word_1_612' title='bbox 2589 3445 2721 3514; x_wconf 87' lang='lat' dir='ltr'><strong>Vel,</strong></span> <span class='ocrx_word' id='word_1_613' title='bbox 2765 3450 2997 3502; x_wconf 87' lang='lat' dir='ltr'><strong>destruet</strong></span> <span class='ocrx_word' id='word_1_614' title='bbox 3026 3454 3076 3502; x_wconf 92' lang='lat' dir='ltr'><strong>te</strong></span> <span class='ocrx_word' id='word_1_615' title='bbox 3103 3444 3245 3502; x_wconf 84' lang='lat' dir='ltr'><strong>Deus</strong></span> <span class='ocrx_word' id='word_1_616' title='bbox 3275 3448 3331 3503; x_wconf 90' lang='lat' dir='ltr'><strong>in</strong></span> <span class='ocrx_word' id='word_1_617' title='bbox 3371 3448 3578 3519; x_wconf 82' lang='lat' dir='ltr'><strong>ﬁnem:</strong></span> <span class='ocrx_word' id='word_1_618' title='bbox 3609 3448 3709 3503; x_wconf 93' lang='lat' dir='ltr'><strong>hoc</strong></span> <span class='ocrx_word' id='word_1_619' title='bbox 3732 3452 3806 3501; x_wconf 85' lang='lat' dir='ltr'><strong>est</strong></span> 
     </span>
    </p>
   </div>
   <div class='ocr_carea' id='block_1_84' title="bbox 2217 3539 3801 3614">
    <p class='ocr_par' dir='ltr' id='par_1_84' title="bbox 2217 3539 3801 3614">
     <span class='ocr_line' id='line_1_84' title="bbox 2217 3539 3801 3614; baseline -0.001 -17"><span class='ocrx_word' id='word_1_620' title='bbox 2217 3541 2540 3597; x_wconf 90' lang='lat' dir='ltr'><strong>memoriam</strong></span> <span class='ocrx_word' id='word_1_621' title='bbox 2578 3539 2806 3599; x_wconf 90' lang='lat' dir='ltr'><strong>diaboli.</strong></span> <span class='ocrx_word' id='word_1_622' title='bbox 2832 3540 2904 3598; x_wconf 92' lang='lat' dir='ltr'><strong>Ut</strong></span> <span class='ocrx_word' id='word_1_623' title='bbox 2946 3541 3077 3598; x_wconf 90' lang='lat' dir='ltr'><strong>alibi</strong></span> <span class='ocrx_word' id='word_1_624' title='bbox 3104 3559 3118 3596; x_wconf 91' lang='lat'><strong>:</strong></span> <span class='ocrx_word' id='word_1_625' title='bbox 3148 3540 3220 3598; x_wconf 87' lang='lat' dir='ltr'><strong>Ut</strong></span> <span class='ocrx_word' id='word_1_626' title='bbox 3265 3556 3375 3598; x_wconf 89' lang='lat' dir='ltr'><strong>non</strong></span> <span class='ocrx_word' id='word_1_627' title='bbox 3405 3551 3654 3614; x_wconf 87' lang='lat' dir='ltr'><strong>apponat</strong></span> <span class='ocrx_word' id='word_1_628' title='bbox 3675 3542 3801 3599; x_wconf 87' lang='lat' dir='ltr'><strong>ultra</strong></span> 
     </span>
    </p>
   </div>
   <div class='ocr_carea' id='block_1_85' title="bbox 2217 3631 3799 3707">
    <p class='ocr_par' dir='ltr' id='par_1_85' title="bbox 2217 3631 3799 3707">
     <span class='ocr_line' id='line_1_85' title="bbox 2217 3631 3799 3707; baseline -0.001 -19"><span class='ocrx_word' id='word_1_629' title='bbox 2217 3631 2572 3704; x_wconf 81' lang='lat' dir='ltr'><strong>magniﬁcare</strong></span> <span class='ocrx_word' id='word_1_630' title='bbox 2611 3648 2671 3690; x_wconf 87' lang='lat' dir='ltr'><strong>se</strong></span> <span class='ocrx_word' id='word_1_631' title='bbox 2719 3634 2888 3689; x_wconf 90' lang='lat' dir='ltr'><strong>homo</strong></span> <span class='ocrx_word' id='word_1_632' title='bbox 2931 3648 3097 3704; x_wconf 87' lang='lat' dir='ltr'><strong>super</strong></span> <span class='ocrx_word' id='word_1_633' title='bbox 3140 3639 3347 3690; x_wconf 90' lang='lat' dir='ltr'><strong>terram</strong></span> <span class='ocrx_word' id='word_1_634' title='bbox 3390 3633 3589 3707; x_wconf 85' lang='lat' dir='ltr'><strong>(Psal.</strong></span> <span class='ocrx_word' id='word_1_635' title='bbox 3635 3634 3799 3705; x_wconf 78' lang='lat' dir='ltr'><strong>xm).</strong></span> 
     </span>
    </p>
   </div>
   <div class='ocr_carea' id='block_1_86' title="bbox 2219 3722 3802 3796">
    <p class='ocr_par' dir='ltr' id='par_1_86' title="bbox 2219 3722 3802 3796">
     <span class='ocr_line' id='line_1_86' title="bbox 2219 3722 3802 3796; baseline 0.001 -17"><span class='ocrx_word' id='word_1_636' title='bbox 2219 3722 2379 3780; x_wconf 89' lang='lat' dir='ltr'><strong>Unde</strong></span> <span class='ocrx_word' id='word_1_637' title='bbox 2404 3735 2630 3781; x_wconf 89' lang='lat' dir='ltr'><strong>sanctus</strong></span> <span class='ocrx_word' id='word_1_638' title='bbox 2655 3724 2859 3781; x_wconf 87' lang='lat' dir='ltr'><strong>Paulus</strong></span> <span class='ocrx_word' id='word_1_639' title='bbox 2889 3724 3169 3796; x_wconf 89' lang='lat' dir='ltr'><strong>apostolus</strong></span> <span class='ocrx_word' id='word_1_640' title='bbox 3196 3724 3372 3782; x_wconf 82' lang='lat' dir='ltr'><strong>dixit:</strong></span> <span class='ocrx_word' id='word_1_641' title='bbox 3405 3725 3463 3781; x_wconf 85' lang='lat' dir='ltr'><strong>In</strong></span> <span class='ocrx_word' id='word_1_642' title='bbox 3515 3726 3675 3783; x_wconf 88' lang='lat' dir='ltr'><strong>ﬁnem</strong></span> <span class='ocrx_word' id='word_1_643' title='bbox 3711 3740 3802 3781; x_wconf 74' lang='lat' dir='ltr'><strong>sa:-</strong></span> 
     </span>
    </p>
   </div>
   <div class='ocr_carea' id='block_1_87' title="bbox 2217 3815 3800 3891">
    <p class='ocr_par' dir='ltr' id='par_1_87' title="bbox 2217 3815 3800 3891">
     <span class='ocr_line' id='line_1_87' title="bbox 2217 3815 3800 3891; baseline 0 -19"><span class='ocrx_word' id='word_1_644' title='bbox 2217 3816 2466 3873; x_wconf 90' lang='lat' dir='ltr'><strong>culorum</strong></span> <span class='ocrx_word' id='word_1_645' title='bbox 2510 3817 2726 3872; x_wconf 87' lang='lat' dir='ltr'><strong>inimica</strong></span> <span class='ocrx_word' id='word_1_646' title='bbox 2765 3816 3084 3874; x_wconf 88' lang='lat' dir='ltr'><strong>destruetur</strong></span> <span class='ocrx_word' id='word_1_647' title='bbox 3129 3832 3278 3873; x_wconf 89' lang='lat' dir='ltr'><strong>mors</strong></span> <span class='ocrx_word' id='word_1_648' title='bbox 3313 3819 3333 3888; x_wconf 87' lang='lat'><strong>(</strong></span> <span class='ocrx_word' id='word_1_649' title='bbox 3351 3817 3373 3873; x_wconf 89' lang='lat' dir='ltr'><strong>l</strong></span> <span class='ocrx_word' id='word_1_650' title='bbox 3412 3818 3543 3874; x_wconf 88' lang='lat' dir='ltr'><strong>Cor.</strong></span> <span class='ocrx_word' id='word_1_651' title='bbox 3575 3817 3716 3891; x_wconf 86' lang='lat' dir='ltr'><strong>xv):</strong></span> <span class='ocrx_word' id='word_1_652' title='bbox 3752 3815 3800 3873; x_wconf 89' lang='lat' dir='ltr'><strong>id</strong></span> 
     </span>
    </p>
   </div>
   <div class='ocr_carea' id='block_1_88' title="bbox 2217 3908 3799 3984">
    <p class='ocr_par' dir='ltr' id='par_1_88' title="bbox 2217 3908 3799 3984">
     <span class='ocr_line' id='line_1_88' title="bbox 2217 3908 3799 3984; baseline -0.002 -18"><span class='ocrx_word' id='word_1_653' title='bbox 2217 3918 2332 3976; x_wconf 86' lang='lat' dir='ltr'><strong>est,</strong></span> <span class='ocrx_word' id='word_1_654' title='bbox 2375 3910 2648 3967; x_wconf 87' lang='lat' dir='ltr'><strong>diabolus.</strong></span> <span class='ocrx_word' id='word_1_655' title='bbox 2677 3908 2880 3967; x_wconf 88' lang='lat' dir='ltr'><strong>Evellet</strong></span> <span class='ocrx_word' id='word_1_656' title='bbox 2910 3921 2959 3966; x_wconf 90' lang='lat' dir='ltr'><strong>te</strong></span> <span class='ocrx_word' id='word_1_657' title='bbox 2999 3919 3050 3965; x_wconf 92' lang='lat' dir='ltr'><strong>et</strong></span> <span class='ocrx_word' id='word_1_658' title='bbox 3090 3911 3365 3984; x_wconf 75' lang='lat' dir='ltr'><strong>migrabit</strong></span> <span class='ocrx_word' id='word_1_659' title='bbox 3408 3920 3460 3967; x_wconf 87' lang='lat' dir='ltr'><strong>te</strong></span> <span class='ocrx_word' id='word_1_660' title='bbox 3489 3913 3556 3968; x_wconf 86' lang='lat' dir='ltr'><strong>de</strong></span> <span class='ocrx_word' id='word_1_661' title='bbox 3582 3913 3799 3967; x_wconf 80' lang='lat' dir='ltr'><strong>taberna-</strong></span> 
     </span>
    </p>
   </div>
   <div class='ocr_carea' id='block_1_89' title="bbox 2217 4002 3799 4071">
    <p class='ocr_par' dir='ltr' id='par_1_89' title="bbox 2217 4002 3799 4071">
     <span class='ocr_line' id='line_1_89' title="bbox 2217 4002 3799 4071; baseline 0 -13"><span class='ocrx_word' id='word_1_662' title='bbox 2217 4004 2336 4059; x_wconf 86' lang='lat' dir='ltr'><strong>culo</strong></span> <span class='ocrx_word' id='word_1_663' title='bbox 2366 4013 2493 4071; x_wconf 90' lang='lat' dir='ltr'><strong>tuo,</strong></span> <span class='ocrx_word' id='word_1_664' title='bbox 2533 4013 2580 4060; x_wconf 88' lang='lat' dir='ltr'><strong>et</strong></span> <span class='ocrx_word' id='word_1_665' title='bbox 2628 4004 2858 4060; x_wconf 85' lang='lat' dir='ltr'><strong>radicem</strong></span> <span class='ocrx_word' id='word_1_666' title='bbox 2909 4013 3054 4061; x_wconf 89' lang='lat' dir='ltr'><strong>tuam</strong></span> <span class='ocrx_word' id='word_1_667' title='bbox 3100 4007 3167 4059; x_wconf 85' lang='lat' dir='ltr'><strong>de</strong></span> <span class='ocrx_word' id='word_1_668' title='bbox 3216 4014 3355 4060; x_wconf 88' lang='lat' dir='ltr'><strong>terra</strong></span> <span class='ocrx_word' id='word_1_669' title='bbox 3402 4006 3702 4062; x_wconf 82' lang='lat' dir='ltr'><strong>viventium.</strong></span> <span class='ocrx_word' id='word_1_670' title='bbox 3738 4002 3799 4059; x_wconf 88' lang='lat' dir='ltr'><strong>Ut</strong></span> 
     </span>
    </p>
   </div>
   <div class='ocr_carea' id='block_1_90' title="bbox 2218 4096 3796 4171">
    <p class='ocr_par' dir='ltr' id='par_1_90' title="bbox 2218 4096 3796 4171">
     <span class='ocr_line' id='line_1_90' title="bbox 2218 4096 3796 4171; baseline 0 -19"><span class='ocrx_word' id='word_1_671' title='bbox 2218 4111 2367 4152; x_wconf 90' lang='lat' dir='ltr'><strong>mors</strong></span> <span class='ocrx_word' id='word_1_672' title='bbox 2396 4097 2451 4153; x_wconf 92' lang='lat' dir='ltr'><strong>in</strong></span> <span class='ocrx_word' id='word_1_673' title='bbox 2473 4096 2647 4153; x_wconf 88' lang='lat' dir='ltr'><strong>Adam</strong></span> <span class='ocrx_word' id='word_1_674' title='bbox 2695 4097 2821 4154; x_wconf 91' lang='lat' dir='ltr'><strong>data</strong></span> <span class='ocrx_word' id='word_1_675' title='bbox 2869 4106 2993 4154; x_wconf 90' lang='lat' dir='ltr'><strong>est:</strong></span> <span class='ocrx_word' id='word_1_676' title='bbox 3027 4101 3100 4154; x_wconf 91' lang='lat' dir='ltr'><strong>ita</strong></span> <span class='ocrx_word' id='word_1_677' title='bbox 3123 4097 3381 4155; x_wconf 89' lang='lat' dir='ltr'><strong>omnibus</strong></span> <span class='ocrx_word' id='word_1_678' title='bbox 3407 4102 3532 4171; x_wconf 87' lang='lat' dir='ltr'><strong>ejus</strong></span> <span class='ocrx_word' id='word_1_679' title='bbox 3561 4100 3684 4155; x_wconf 90' lang='lat' dir='ltr'><strong>ﬁliis</strong></span> <span class='ocrx_word' id='word_1_680' title='bbox 3709 4097 3796 4153; x_wconf 90' lang='lat' dir='ltr'><strong>do-</strong></span> 
     </span>
    </p>
   </div>
   <div class='ocr_carea' id='block_1_91' title="bbox 2217 4191 3792 4263">
    <p class='ocr_par' dir='ltr' id='par_1_91' title="bbox 2217 4191 3792 4263">
     <span class='ocr_line' id='line_1_91' title="bbox 2217 4191 3792 4263; baseline 0.001 -16"><span class='ocrx_word' id='word_1_681' title='bbox 2217 4193 2476 4248; x_wconf 89' lang='lat' dir='ltr'><strong>minatur.</strong></span> <span class='ocrx_word' id='word_1_682' title='bbox 2511 4191 2667 4249; x_wconf 89' lang='lat' dir='ltr'><strong>Unde</strong></span> <span class='ocrx_word' id='word_1_683' title='bbox 2705 4192 2911 4249; x_wconf 89' lang='lat' dir='ltr'><strong>dictum</strong></span> <span class='ocrx_word' id='word_1_684' title='bbox 2954 4203 3073 4250; x_wconf 90' lang='lat' dir='ltr'><strong>est:</strong></span> <span class='ocrx_word' id='word_1_685' title='bbox 3101 4193 3270 4251; x_wconf 80' lang='lat' dir='ltr'><strong>Terra</strong></span> <span class='ocrx_word' id='word_1_686' title='bbox 3304 4211 3396 4263; x_wconf 89' lang='lat' dir='ltr'><strong>es,</strong></span> <span class='ocrx_word' id='word_1_687' title='bbox 3435 4205 3495 4252; x_wconf 91' lang='lat' dir='ltr'><strong>et</strong></span> <span class='ocrx_word' id='word_1_688' title='bbox 3521 4196 3576 4251; x_wconf 89' lang='lat' dir='ltr'><strong>in</strong></span> <span class='ocrx_word' id='word_1_689' title='bbox 3614 4203 3792 4252; x_wconf 83' lang='lat' dir='ltr'><strong>terram</strong></span> 
     </span>
    </p>
   </div>
   <div class='ocr_carea' id='block_1_92' title="bbox 2218 4282 3790 4355">
    <p class='ocr_par' dir='ltr' id='par_1_92' title="bbox 2218 4282 3790 4355">
     <span class='ocr_line' id='line_1_92' title="bbox 2218 4282 3790 4355; baseline 0.003 -16"><span class='ocrx_word' id='word_1_690' title='bbox 2218 4283 2322 4340; x_wconf 89' lang='lat' dir='ltr'><strong>ibis</strong></span> <span class='ocrx_word' id='word_1_691' title='bbox 2351 4282 2509 4355; x_wconf 86' lang='lat' dir='ltr'><strong>(Gen.</strong></span> <span class='ocrx_word' id='word_1_692' title='bbox 2541 4283 2647 4354; x_wconf 90' lang='grc' dir='ltr'><strong>ιιι).</strong></span> <span class='ocrx_word' id='word_1_693' title='bbox 2683 4283 2947 4342; x_wconf 89' lang='lat' dir='ltr'><strong>Diabolus</strong></span> <span class='ocrx_word' id='word_1_694' title='bbox 2974 4294 3032 4341; x_wconf 88' lang='lat' dir='ltr'><strong>et</strong></span> <span class='ocrx_word' id='word_1_695' title='bbox 3059 4286 3234 4343; x_wconf 80' lang='lat' dir='ltr'><strong>Adam</strong></span> <span class='ocrx_word' id='word_1_696' title='bbox 3265 4289 3684 4347; x_wconf 87' lang='lat' dir='ltr'><strong>cradicaverunt</strong></span> <span class='ocrx_word' id='word_1_697' title='bbox 3708 4302 3790 4346; x_wconf 84' lang='lat' dir='ltr'><strong>se:</strong></span> 
     </span>
    </p>
   </div>
   <div class='ocr_carea' id='block_1_93' title="bbox 2216 4376 3430 4453">
    <p class='ocr_par' dir='ltr' id='par_1_93' title="bbox 2216 4376 3430 4453">
     <span class='ocr_line' id='line_1_93' title="bbox 2216 4376 3430 4453; baseline 0.004 -20"><span class='ocrx_word' id='word_1_698' title='bbox 2216 4384 2273 4433; x_wconf 88' lang='lat' dir='ltr'><strong>et</strong></span> <span class='ocrx_word' id='word_1_699' title='bbox 2299 4376 2676 4449; x_wconf 90' lang='lat' dir='ltr'><strong>unusquisque</strong></span> <span class='ocrx_word' id='word_1_700' title='bbox 2704 4377 2786 4433; x_wconf 90' lang='lat' dir='ltr'><strong>sic</strong></span> <span class='ocrx_word' id='word_1_701' title='bbox 2812 4378 2947 4435; x_wconf 89' lang='lat' dir='ltr'><strong>facit</strong></span> <span class='ocrx_word' id='word_1_702' title='bbox 2969 4379 3187 4451; x_wconf 89' lang='lat' dir='ltr'><strong>quando</strong></span> <span class='ocrx_word' id='word_1_703' title='bbox 3217 4392 3430 4453; x_wconf 88' lang='lat' dir='ltr'><strong>peccat.</strong></span> 
     </span>
    </p>
   </div>
   <div class='ocr_carea' id='block_1_94' title="bbox 2297 4478 3791 4559">
    <p class='ocr_par' dir='ltr' id='par_1_94' title="bbox 2297 4478 3791 4559">
     <span class='ocr_line' id='line_1_94' title="bbox 2297 4478 3791 4559; baseline 0.003 -25"><span class='ocrx_word' id='word_1_704' title='bbox 2297 4478 2561 4535; x_wconf 84' lang='lat' dir='ltr'><strong>Videbunt</strong></span> <span class='ocrx_word' id='word_1_705' title='bbox 2582 4480 2742 4554; x_wconf 86' lang='lat' dir='ltr'><strong>justi,</strong></span> <span class='ocrx_word' id='word_1_706' title='bbox 2770 4489 2816 4535; x_wconf 88' lang='lat' dir='ltr'><strong>et</strong></span> <span class='ocrx_word' id='word_1_707' title='bbox 2846 4480 3115 4536; x_wconf 88' lang='lat' dir='ltr'><strong>timebunt.</strong></span> <span class='ocrx_word' id='word_1_708' title='bbox 3156 4481 3239 4539; x_wconf 83' lang='lat' dir='ltr'><strong>Ne</strong></span> <span class='ocrx_word' id='word_1_709' title='bbox 3271 4483 3397 4539; x_wconf 87' lang='lat' dir='ltr'><strong>talia</strong></span> <span class='ocrx_word' id='word_1_710' title='bbox 3436 4493 3708 4559; x_wconf 86' lang='lat' dir='ltr'><strong>appetant.</strong></span> <span class='ocrx_word' id='word_1_711' title='bbox 3737 4482 3791 4539; x_wconf 85' lang='lat' dir='ltr'><strong>Et</strong></span> 
     </span>
    </p>
   </div>
   <div class='ocr_carea' id='block_1_95' title="bbox 594 4569 3790 4651">
    <p class='ocr_par' dir='ltr' id='par_1_95' title="bbox 594 4569 3790 4651">
     <span class='ocr_line' id='line_1_95' title="bbox 594 4569 3790 4651; baseline 0 -20"><span class='ocrx_word' id='word_1_712' title='bbox 594 4575 724 4631; x_wconf 88' lang='lat' dir='ltr'><strong>Tota</strong></span> <span class='ocrx_word' id='word_1_713' title='bbox 751 4576 857 4631; x_wconf 87' lang='lat' dir='ltr'><strong>die.</strong></span> <span class='ocrx_word' id='word_1_714' title='bbox 886 4574 1064 4633; x_wconf 90' lang='lat' dir='ltr'><strong>Omne</strong></span> <span class='ocrx_word' id='word_1_715' title='bbox 1088 4584 1306 4648; x_wconf 89' lang='lat' dir='ltr'><strong>tempus</strong></span> <span class='ocrx_word' id='word_1_716' title='bbox 1334 4576 1459 4632; x_wconf 57' lang='lat' dir='ltr'><strong>vitae</strong></span> <span class='ocrx_word' id='word_1_717' title='bbox 1492 4584 1598 4632; x_wconf 67' lang='lat' dir='ltr'><strong>tua:</strong></span> <span class='ocrx_word' id='word_1_718' title='bbox 1626 4575 1680 4632; x_wconf 88' lang='lat' dir='ltr'><strong>in</strong></span> <span class='ocrx_word' id='word_1_719' title='bbox 1707 4591 1814 4648; x_wconf 91' lang='lat' dir='ltr'><strong>quo</strong></span> <span class='ocrx_word' id='word_1_720' title='bbox 1843 4575 1960 4632; x_wconf 68' lang='lat' dir='ltr'><strong>haec</strong></span> <span class='ocrx_word' id='word_1_721' title='bbox 1991 4588 2110 4631; x_wconf 87' lang='lat' dir='ltr'><strong>ma-</strong></span> <span class='ocrx_word' id='word_1_722' title='bbox 2138 4569 2193 4631; x_wconf 91' lang='lat' dir='ltr'><strong>D</strong></span> <span class='ocrx_word' id='word_1_723' title='bbox 2216 4590 2374 4646; x_wconf 82' lang='lat' dir='ltr'><strong>super</strong></span> <span class='ocrx_word' id='word_1_724' title='bbox 2401 4590 2518 4630; x_wconf 85' lang='lat' dir='ltr'><strong>eum</strong></span> <span class='ocrx_word' id='word_1_725' title='bbox 2544 4575 2811 4630; x_wconf 87' lang='lat' dir='ltr'><strong>ridebunt.</strong></span> <span class='ocrx_word' id='word_1_726' title='bbox 2844 4575 2919 4630; x_wconf 90' lang='lat' dir='ltr'><strong>De</strong></span> <span class='ocrx_word' id='word_1_727' title='bbox 2947 4574 3159 4633; x_wconf 91' lang='lat' dir='ltr'><strong>ultione</strong></span> <span class='ocrx_word' id='word_1_728' title='bbox 3186 4577 3512 4634; x_wconf 84' lang='lat' dir='ltr'><strong>calamitatis</strong></span> <span class='ocrx_word' id='word_1_729' title='bbox 3540 4580 3676 4651; x_wconf 86' lang='lat' dir='ltr'><strong>ejus.</strong></span> <span class='ocrx_word' id='word_1_730' title='bbox 3706 4576 3790 4631; x_wconf 83' lang='lat' dir='ltr'><strong>Vi-</strong></span> 
     </span>
    </p>
   </div>
   <div class='ocr_carea' id='block_1_96' title="bbox 519 4668 2114 4741">
    <p class='ocr_par' dir='ltr' id='par_1_96' title="bbox 519 4668 2114 4741">
     <span class='ocr_line' id='line_1_96' title="bbox 519 4668 2114 4741; baseline -0.001 -17"><span class='ocrx_word' id='word_1_731' title='bbox 519 4669 633 4725; x_wconf 90' lang='lat' dir='ltr'><strong>litia</strong></span> <span class='ocrx_word' id='word_1_732' title='bbox 663 4683 835 4741; x_wconf 90' lang='lat' dir='ltr'><strong>usque</strong></span> <span class='ocrx_word' id='word_1_733' title='bbox 878 4668 945 4725; x_wconf 89' lang='lat' dir='ltr'><strong>ad</strong></span> <span class='ocrx_word' id='word_1_734' title='bbox 976 4668 1299 4725; x_wconf 83' lang='lat' dir='ltr'><strong>cﬂusionem</strong></span> <span class='ocrx_word' id='word_1_735' title='bbox 1343 4668 1611 4725; x_wconf 89' lang='lat' dir='ltr'><strong>Dominici</strong></span> <span class='ocrx_word' id='word_1_736' title='bbox 1659 4668 1943 4738; x_wconf 87' lang='lat' dir='ltr'><strong>sanguinis</strong></span> <span class='ocrx_word' id='word_1_737' title='bbox 1988 4683 2114 4739; x_wconf 89' lang='lat' dir='ltr'><strong>pro-</strong></span> 
     </span>
    </p>
   </div>
   <div class='ocr_carea' id='block_1_97' title="bbox 518 4759 2114 4835">
    <p class='ocr_par' dir='ltr' id='par_1_97' title="bbox 518 4759 2114 4835">
     <span class='ocr_line' id='line_1_97' title="bbox 518 4759 2114 4835; baseline 0 -18"><span class='ocrx_word' id='word_1_738' title='bbox 518 4772 711 4834; x_wconf 82' lang='lat' dir='ltr'><strong>pagata</strong></span> <span class='ocrx_word' id='word_1_739' title='bbox 736 4771 842 4819; x_wconf 86' lang='lat' dir='ltr'><strong>est.</strong></span> <span class='ocrx_word' id='word_1_740' title='bbox 877 4759 1207 4835; x_wconf 86' lang='lat' dir='ltr'><strong>Injustitiam</strong></span> <span class='ocrx_word' id='word_1_741' title='bbox 1233 4761 1478 4833; x_wconf 84' lang='lat' dir='ltr'><strong>cogitavit</strong></span> <span class='ocrx_word' id='word_1_742' title='bbox 1503 4761 1683 4832; x_wconf 87' lang='lat' dir='ltr'><strong>lingua</strong></span> <span class='ocrx_word' id='word_1_743' title='bbox 1711 4769 1821 4816; x_wconf 87' lang='lat' dir='ltr'><strong>tua.</strong></span> <span class='ocrx_word' id='word_1_744' title='bbox 1843 4759 2114 4831; x_wconf 88' lang='lat' dir='ltr'><strong>Cogitatio</strong></span> 
     </span>
    </p>
   </div>
   <div class='ocr_carea' id='block_1_98' title="bbox 515 4853 2110 4927">
    <p class='ocr_par' dir='ltr' id='par_1_98' title="bbox 515 4853 2110 4927">
     <span class='ocr_line' id='line_1_98' title="bbox 515 4853 2110 4927; baseline -0.001 -17"><span class='ocrx_word' id='word_1_745' title='bbox 515 4856 841 4927; x_wconf 87' lang='lat' dir='ltr'><strong>sapientium</strong></span> <span class='ocrx_word' id='word_1_746' title='bbox 916 4856 1089 4913; x_wconf 89' lang='lat' dir='ltr'><strong>corde</strong></span> <span class='ocrx_word' id='word_1_747' title='bbox 1147 4856 1476 4927; x_wconf 79' lang='lat' dir='ltr'><strong>concipitur,</strong></span> <span class='ocrx_word' id='word_1_748' title='bbox 1547 4865 1603 4910; x_wconf 89' lang='lat' dir='ltr'><strong>et</strong></span> <span class='ocrx_word' id='word_1_749' title='bbox 1665 4869 1761 4911; x_wconf 92' lang='lat' dir='ltr'><strong>ore</strong></span> <span class='ocrx_word' id='word_1_750' title='bbox 1818 4853 2110 4925; x_wconf 87' lang='lat' dir='ltr'><strong>profertur.</strong></span> 
     </span>
    </p>
   </div>
   <div class='ocr_carea' id='block_1_99' title="bbox 514 4946 2109 5019">
    <p class='ocr_par' dir='ltr' id='par_1_99' title="bbox 514 4946 2109 5019">
     <span class='ocr_line' id='line_1_99' title="bbox 514 4946 2109 5019; baseline -0.003 -13"><span class='ocrx_word' id='word_1_751' title='bbox 514 4948 652 5006; x_wconf 83' lang='lat' dir='ltr'><strong>Nam</strong></span> <span class='ocrx_word' id='word_1_752' title='bbox 682 4950 735 5005; x_wconf 88' lang='lat' dir='ltr'><strong>in</strong></span> <span class='ocrx_word' id='word_1_753' title='bbox 767 4966 862 5007; x_wconf 89' lang='lat' dir='ltr'><strong>ore</strong></span> <span class='ocrx_word' id='word_1_754' title='bbox 906 4952 1201 5007; x_wconf 91' lang='lat' dir='ltr'><strong>stultorum</strong></span> <span class='ocrx_word' id='word_1_755' title='bbox 1221 4993 1237 5019; x_wconf 92' lang='lat'><strong>,</strong></span> <span class='ocrx_word' id='word_1_756' title='bbox 1284 4964 1384 5007; x_wconf 91' lang='lat' dir='ltr'><strong>cor</strong></span> <span class='ocrx_word' id='word_1_757' title='bbox 1412 4963 1628 5006; x_wconf 87' lang='lat' dir='ltr'><strong>eorum.</strong></span> <span class='ocrx_word' id='word_1_758' title='bbox 1675 4946 1757 5004; x_wconf 83' lang='lat' dir='ltr'><strong>Ac</strong></span> <span class='ocrx_word' id='word_1_759' title='bbox 1785 4947 1830 5003; x_wconf 90' lang='lat' dir='ltr'><strong>si</strong></span> <span class='ocrx_word' id='word_1_760' title='bbox 1862 4947 2109 5004; x_wconf 90' lang='lat' dir='ltr'><strong>diceret:</strong></span> 
     </span>
    </p>
   </div>
   <div class='ocr_carea' id='block_1_100' title="bbox 513 5039 2110 5113">
    <p class='ocr_par' dir='ltr' id='par_1_100' title="bbox 513 5039 2110 5113">
     <span class='ocr_line' id='line_1_100' title="bbox 513 5039 2110 5113; baseline -0.001 -15"><span class='ocrx_word' id='word_1_761' title='bbox 513 5040 635 5098; x_wconf 84' lang='lat' dir='ltr'><strong>Non</strong></span> <span class='ocrx_word' id='word_1_762' title='bbox 668 5043 919 5098; x_wconf 89' lang='lat' dir='ltr'><strong>tractavit</strong></span> <span class='ocrx_word' id='word_1_763' title='bbox 946 5042 1134 5111; x_wconf 92' lang='lat' dir='ltr'><strong>corde,</strong></span> <span class='ocrx_word' id='word_1_764' title='bbox 1168 5041 1311 5113; x_wconf 90' lang='lat' dir='ltr'><strong>quod</strong></span> <span class='ocrx_word' id='word_1_765' title='bbox 1343 5041 1512 5096; x_wconf 88' lang='lat' dir='ltr'><strong>vomit</strong></span> <span class='ocrx_word' id='word_1_766' title='bbox 1545 5056 1611 5096; x_wconf 87' lang='lat' dir='ltr'><strong>ex</strong></span> <span class='ocrx_word' id='word_1_767' title='bbox 1656 5054 1792 5096; x_wconf 91' lang='lat' dir='ltr'><strong>ore:</strong></span> <span class='ocrx_word' id='word_1_768' title='bbox 1824 5039 1949 5096; x_wconf 90' lang='lat' dir='ltr'><strong>ideo</strong></span> <span class='ocrx_word' id='word_1_769' title='bbox 1991 5039 2110 5097; x_wconf 62' lang='lat' dir='ltr'><strong>haec</strong></span> 
     </span>
    </p>
   </div>
   <div class='ocr_carea' id='block_1_101' title="bbox 517 5131 2109 5205">
    <p class='ocr_par' dir='ltr' id='par_1_101' title="bbox 517 5131 2109 5205">
     <span class='ocr_line' id='line_1_101' title="bbox 517 5131 2109 5205; baseline 0.002 -18"><span class='ocrx_word' id='word_1_770' title='bbox 517 5133 587 5188; x_wconf 87' lang='lat' dir='ltr'><strong>ad</strong></span> <span class='ocrx_word' id='word_1_771' title='bbox 628 5134 1019 5204; x_wconf 81' lang='lat' dir='ltr'><strong>cogitationem</strong></span> <span class='ocrx_word' id='word_1_772' title='bbox 1046 5133 1247 5189; x_wconf 91' lang='lat' dir='ltr'><strong>detulit</strong></span> <span class='ocrx_word' id='word_1_773' title='bbox 1274 5133 1492 5205; x_wconf 62' lang='lat' dir='ltr'><strong>linguae.</strong></span> <span class='ocrx_word' id='word_1_774' title='bbox 1522 5131 1625 5189; x_wconf 82' lang='lat' dir='ltr'><strong>Vel</strong></span> <span class='ocrx_word' id='word_1_775' title='bbox 1657 5133 1746 5189; x_wconf 89' lang='lat' dir='ltr'><strong>hic</strong></span> <span class='ocrx_word' id='word_1_776' title='bbox 1794 5134 1976 5205; x_wconf 82' lang='lat' dir='ltr'><strong>lingua</strong></span> <span class='ocrx_word' id='word_1_777' title='bbox 2009 5149 2109 5204; x_wconf 84' lang='lat' dir='ltr'><strong>pro</strong></span> 
     </span>
    </p>
   </div>
   <div class='ocr_carea' id='block_1_102' title="bbox 513 5225 2109 5298">
    <p class='ocr_par' dir='ltr' id='par_1_102' title="bbox 513 5225 2109 5298">
     <span class='ocr_line' id='line_1_102' title="bbox 513 5225 2109 5298; baseline 0.002 -17"><span class='ocrx_word' id='word_1_778' title='bbox 513 5225 684 5282; x_wconf 88' lang='lat' dir='ltr'><strong>corde</strong></span> <span class='ocrx_word' id='word_1_779' title='bbox 710 5227 970 5298; x_wconf 88' lang='lat' dir='ltr'><strong>ponitur:</strong></span> <span class='ocrx_word' id='word_1_780' title='bbox 1000 5226 1303 5283; x_wconf 90' lang='lat' dir='ltr'><strong>secundum</strong></span> <span class='ocrx_word' id='word_1_781' title='bbox 1332 5225 1507 5282; x_wconf 88' lang='lat' dir='ltr'><strong>illud:</strong></span> <span class='ocrx_word' id='word_1_782' title='bbox 1539 5226 1619 5283; x_wconf 86' lang='lat' dir='ltr'><strong>&#39;l‘u</strong></span> <span class='ocrx_word' id='word_1_783' title='bbox 1641 5226 1828 5283; x_wconf 85' lang='lat' dir='ltr'><strong>dixisti</strong></span> <span class='ocrx_word' id='word_1_784' title='bbox 1857 5227 1911 5283; x_wconf 92' lang='lat' dir='ltr'><strong>in</strong></span> <span class='ocrx_word' id='word_1_785' title='bbox 1942 5227 2109 5284; x_wconf 90' lang='lat' dir='ltr'><strong>corde</strong></span> 
     </span>
    </p>
   </div>
   <div class='ocr_carea' id='block_1_103' title="bbox 513 5319 2106 5391">
    <p class='ocr_par' dir='ltr' id='par_1_103' title="bbox 513 5319 2106 5391">
     <span class='ocr_line' id='line_1_103' title="bbox 513 5319 2106 5391; baseline 0.002 -17"><span class='ocrx_word' id='word_1_786' title='bbox 513 5328 630 5387; x_wconf 85' lang='lat' dir='ltr'><strong>tuo,</strong></span> <span class='ocrx_word' id='word_1_787' title='bbox 662 5320 721 5375; x_wconf 88' lang='lat' dir='ltr'><strong>in</strong></span> <span class='ocrx_word' id='word_1_788' title='bbox 747 5320 947 5377; x_wconf 79' lang='lat' dir='ltr'><strong>etclam</strong></span> <span class='ocrx_word' id='word_1_789' title='bbox 993 5319 1312 5386; x_wconf 90' lang='lat' dir='ltr'><strong>ascendam,</strong></span> <span class='ocrx_word' id='word_1_790' title='bbox 1358 5333 1531 5391; x_wconf 90' lang='lat' dir='ltr'><strong>super</strong></span> <span class='ocrx_word' id='word_1_791' title='bbox 1552 5330 1709 5376; x_wconf 87' lang='lat' dir='ltr'><strong>astra</strong></span> <span class='ocrx_word' id='word_1_792' title='bbox 1737 5319 1863 5377; x_wconf 85' lang='lat' dir='ltr'><strong>coeli</strong></span> <span class='ocrx_word' id='word_1_793' title='bbox 1910 5334 2106 5391; x_wconf 90' lang='lat' dir='ltr'><strong>ponam</strong></span> 
     </span>
    </p>
   </div>
   <div class='ocr_carea' id='block_1_104' title="bbox 513 5410 2110 5480">
    <p class='ocr_par' dir='ltr' id='par_1_104' title="bbox 513 5410 2110 5480">
     <span class='ocr_line' id='line_1_104' title="bbox 513 5410 2110 5480; baseline 0.003 -13"><span class='ocrx_word' id='word_1_794' title='bbox 513 5410 701 5467; x_wconf 91' lang='lat' dir='ltr'><strong>sedem</strong></span> <span class='ocrx_word' id='word_1_795' title='bbox 742 5427 954 5480; x_wconf 88' lang='lat' dir='ltr'><strong>meam,</strong></span> <span class='ocrx_word' id='word_1_796' title='bbox 1004 5413 1060 5468; x_wconf 92' lang='lat' dir='ltr'><strong>in</strong></span> <span class='ocrx_word' id='word_1_797' title='bbox 1111 5422 1306 5470; x_wconf 87' lang='lat' dir='ltr'><strong>monte</strong></span> <span class='ocrx_word' id='word_1_798' title='bbox 1351 5414 1697 5480; x_wconf 84' lang='lat' dir='ltr'><strong>testamenti,</strong></span> <span class='ocrx_word' id='word_1_799' title='bbox 1750 5415 1802 5469; x_wconf 92' lang='lat' dir='ltr'><strong>in</strong></span> <span class='ocrx_word' id='word_1_800' title='bbox 1843 5414 2110 5471; x_wconf 88' lang='lat' dir='ltr'><strong>lateribus</strong></span> 
     </span>
    </p>
   </div>
   <div class='ocr_carea' id='block_1_105' title="bbox 512 5502 2102 5577">
    <p class='ocr_par' dir='ltr' id='par_1_105' title="bbox 512 5502 2102 5577">
     <span class='ocr_line' id='line_1_105' title="bbox 512 5502 2102 5577; baseline 0.004 -20"><span class='ocrx_word' id='word_1_801' title='bbox 512 5502 821 5574; x_wconf 88' lang='lat' dir='ltr'><strong>aquilonis:</strong></span> <span class='ocrx_word' id='word_1_802' title='bbox 868 5505 1165 5562; x_wconf 85' lang='lat' dir='ltr'><strong>ascendam</strong></span> <span class='ocrx_word' id='word_1_803' title='bbox 1212 5521 1381 5577; x_wconf 91' lang='lat' dir='ltr'><strong>super</strong></span> <span class='ocrx_word' id='word_1_804' title='bbox 1429 5506 1779 5562; x_wconf 90' lang='lat' dir='ltr'><strong>altitudinem</strong></span> <span class='ocrx_word' id='word_1_805' title='bbox 1828 5508 2102 5564; x_wconf 90' lang='lat' dir='ltr'><strong>nubium:</strong></span> 
     </span>
    </p>
   </div>
   <div class='ocr_carea' id='block_1_106' title="bbox 510 5585 2102 5672">
    <p class='ocr_par' dir='ltr' id='par_1_106' title="bbox 510 5585 2102 5672">
     <span class='ocr_line' id='line_1_106' title="bbox 510 5585 2102 5672; baseline 0.005 -23"><span class='ocrx_word' id='word_1_806' title='bbox 510 5595 710 5651; x_wconf 88' lang='lat' dir='ltr'><strong>similis</strong></span> <span class='ocrx_word' id='word_1_807' title='bbox 754 5612 852 5657; x_wconf 91' lang='lat' dir='ltr'><strong>ero</strong></span> <span class='ocrx_word' id='word_1_808' title='bbox 903 5585 1184 5653; x_wconf 47' lang='lat' dir='ltr'><strong>Al&#39;tissimo</strong></span> <span class='ocrx_word' id='word_1_809' title='bbox 1241 5597 1409 5672; x_wconf 83' lang='lat' dir='ltr'><strong>(Isai.</strong></span> <span class='ocrx_word' id='word_1_810' title='bbox 1463 5598 1609 5671; x_wconf 81' lang='lat' dir='ltr'><strong>xu).</strong></span> <span class='ocrx_word' id='word_1_811' title='bbox 1651 5599 1799 5656; x_wconf 87' lang='lat' dir='ltr'><strong>Sicut</strong></span> <span class='ocrx_word' id='word_1_812' title='bbox 1842 5600 2102 5657; x_wconf 84' lang='lat' dir='ltr'><strong>novacula</strong></span> 
     </span>
    </p>
   </div>
   <div class='ocr_carea' id='block_1_107' title="bbox 511 5688 2098 5764">
    <p class='ocr_par' dir='ltr' id='par_1_107' title="bbox 511 5688 2098 5764">
     <span class='ocr_line' id='line_1_107' title="bbox 511 5688 2098 5764; baseline 0.008 -28"><span class='ocrx_word' id='word_1_813' title='bbox 511 5694 686 5751; x_wconf 87' lang='lat' dir='ltr'><strong>acuta,</strong></span> <span class='ocrx_word' id='word_1_814' title='bbox 708 5688 871 5756; x_wconf 76' lang='lat' dir='ltr'><strong>fecisti</strong></span> <span class='ocrx_word' id='word_1_815' title='bbox 891 5688 1093 5743; x_wconf 89' lang='lat' dir='ltr'><strong>dolum.</strong></span> <span class='ocrx_word' id='word_1_816' title='bbox 1122 5689 1287 5746; x_wconf 88' lang='lat' dir='ltr'><strong>Dolus</strong></span> <span class='ocrx_word' id='word_1_817' title='bbox 1309 5701 1394 5747; x_wconf 89' lang='lat' dir='ltr'><strong>est</strong></span> <span class='ocrx_word' id='word_1_818' title='bbox 1419 5706 1543 5747; x_wconf 90' lang='lat' dir='ltr'><strong>cum</strong></span> <span class='ocrx_word' id='word_1_819' title='bbox 1563 5693 1708 5747; x_wconf 88' lang='lat' dir='ltr'><strong>aliud</strong></span> <span class='ocrx_word' id='word_1_820' title='bbox 1733 5691 1931 5764; x_wconf 87' lang='lat' dir='ltr'><strong>agitur,</strong></span> <span class='ocrx_word' id='word_1_821' title='bbox 1954 5693 2098 5748; x_wconf 85' lang='lat' dir='ltr'><strong>aliud</strong></span> 
     </span>
    </p>
   </div>
   <div class='ocr_carea' id='block_1_108' title="bbox 507 5774 2096 5853">
    <p class='ocr_par' dir='ltr' id='par_1_108' title="bbox 507 5774 2096 5853">
     <span class='ocr_line' id='line_1_108' title="bbox 507 5774 2096 5853; baseline 0.011 -29"><span class='ocrx_word' id='word_1_822' title='bbox 507 5774 818 5830; x_wconf 82' lang='lat' dir='ltr'><strong>simulatur.</strong></span> <span class='ocrx_word' id='word_1_823' title='bbox 865 5778 930 5833; x_wconf 89' lang='lat' dir='ltr'><strong>Et</strong></span> <span class='ocrx_word' id='word_1_824' title='bbox 981 5779 1250 5835; x_wconf 84' lang='lat' dir='ltr'><strong>novacula</strong></span> <span class='ocrx_word' id='word_1_825' title='bbox 1293 5782 1339 5836; x_wconf 87' lang='lat' dir='ltr'><strong>si</strong></span> <span class='ocrx_word' id='word_1_826' title='bbox 1390 5782 1656 5839; x_wconf 81' lang='lat' dir='ltr'><strong>assimilet</strong></span> <span class='ocrx_word' id='word_1_827' title='bbox 1701 5798 1865 5853; x_wconf 83' lang='lat' dir='ltr'><strong>agere</strong></span> <span class='ocrx_word' id='word_1_828' title='bbox 1913 5784 2096 5842; x_wconf 88' lang='lat' dir='ltr'><strong>vultus</strong></span> 
     </span>
    </p>
   </div>
   <div class='ocr_carea' id='block_1_109' title="bbox 2216 4666 3788 4742">
    <p class='ocr_par' dir='ltr' id='par_1_109' title="bbox 2216 4666 3788 4742">
     <span class='ocr_line' id='line_1_109' title="bbox 2216 4666 3788 4742; baseline 0.003 -21"><span class='ocrx_word' id='word_1_829' title='bbox 2216 4666 2435 4736; x_wconf 88' lang='lat' dir='ltr'><strong>debunt,</strong></span> <span class='ocrx_word' id='word_1_830' title='bbox 2461 4666 2567 4723; x_wconf 87' lang='lat' dir='ltr'><strong>hoc</strong></span> <span class='ocrx_word' id='word_1_831' title='bbox 2592 4676 2706 4735; x_wconf 85' lang='lat' dir='ltr'><strong>est,</strong></span> <span class='ocrx_word' id='word_1_832' title='bbox 2735 4666 3042 4739; x_wconf 89' lang='lat' dir='ltr'><strong>intelligent</strong></span> <span class='ocrx_word' id='word_1_833' title='bbox 3070 4683 3266 4725; x_wconf 90' lang='lat' dir='ltr'><strong>eorum</strong></span> <span class='ocrx_word' id='word_1_834' title='bbox 3299 4686 3517 4742; x_wconf 65' lang='lat' dir='ltr'><strong>pinnam</strong></span> <span class='ocrx_word' id='word_1_835' title='bbox 3546 4687 3561 4727; x_wconf 90' lang='lat'><strong>:</strong></span> <span class='ocrx_word' id='word_1_836' title='bbox 3588 4682 3635 4728; x_wconf 87' lang='lat' dir='ltr'><strong>et</strong></span> <span class='ocrx_word' id='word_1_837' title='bbox 3657 4671 3788 4726; x_wconf 77' lang='lat' dir='ltr'><strong>time-</strong></span> 
     </span>
    </p>
   </div>
   <div class='ocr_carea' id='block_1_110' title="bbox 2216 4760 3787 4830">
    <p class='ocr_par' dir='ltr' id='par_1_110' title="bbox 2216 4760 3787 4830">
     <span class='ocr_line' id='line_1_110' title="bbox 2216 4760 3787 4830; baseline -0.001 -14"><span class='ocrx_word' id='word_1_838' title='bbox 2216 4762 2371 4830; x_wconf 89' lang='lat' dir='ltr'><strong>bunt,</strong></span> <span class='ocrx_word' id='word_1_839' title='bbox 2422 4761 2565 4817; x_wconf 90' lang='lat' dir='ltr'><strong>sicut</strong></span> <span class='ocrx_word' id='word_1_840' title='bbox 2608 4771 2829 4818; x_wconf 86' lang='lat' dir='ltr'><strong>sanctus</strong></span> <span class='ocrx_word' id='word_1_841' title='bbox 2873 4760 3076 4817; x_wconf 85' lang='lat' dir='ltr'><strong>Paulus</strong></span> <span class='ocrx_word' id='word_1_842' title='bbox 3126 4762 3300 4819; x_wconf 89' lang='lat' dir='ltr'><strong>dicit:</strong></span> <span class='ocrx_word' id='word_1_843' title='bbox 3344 4762 3487 4821; x_wconf 88' lang='lat' dir='ltr'><strong>Vide</strong></span> <span class='ocrx_word' id='word_1_844' title='bbox 3538 4780 3607 4821; x_wconf 89' lang='lat' dir='ltr'><strong>ne</strong></span> <span class='ocrx_word' id='word_1_845' title='bbox 3647 4772 3699 4819; x_wconf 87' lang='lat' dir='ltr'><strong>et</strong></span> <span class='ocrx_word' id='word_1_846' title='bbox 3739 4768 3787 4815; x_wconf 82' lang='lat' dir='ltr'><strong>tu</strong></span> 
     </span>
    </p>
   </div>
   <div class='ocr_carea' id='block_1_111' title="bbox 2216 4851 3787 4927">
    <p class='ocr_par' dir='ltr' id='par_1_111' title="bbox 2216 4851 3787 4927">
     <span class='ocr_line' id='line_1_111' title="bbox 2216 4851 3787 4927; baseline -0.001 -18"><span class='ocrx_word' id='word_1_847' title='bbox 2216 4855 2443 4910; x_wconf 84' lang='lat' dir='ltr'><strong>tcnteris</strong></span> <span class='ocrx_word' id='word_1_848' title='bbox 2474 4851 2676 4927; x_wconf 86' lang='lat' dir='ltr'><strong>(Galat.</strong></span> <span class='ocrx_word' id='word_1_849' title='bbox 2707 4854 2806 4926; x_wconf 65' lang='grc' dir='ltr'><strong>γι).</strong></span> <span class='ocrx_word' id='word_1_850' title='bbox 2837 4853 2936 4911; x_wconf 85' lang='lat' dir='ltr'><strong>Vel</strong></span> <span class='ocrx_word' id='word_1_851' title='bbox 2958 4898 2973 4922; x_wconf 88' lang='lat'><strong>,</strong></span> <span class='ocrx_word' id='word_1_852' title='bbox 3010 4856 3297 4913; x_wconf 86' lang='lat' dir='ltr'><strong>timebunt:</strong></span> <span class='ocrx_word' id='word_1_853' title='bbox 3324 4857 3378 4913; x_wconf 90' lang='lat' dir='ltr'><strong>id</strong></span> <span class='ocrx_word' id='word_1_854' title='bbox 3410 4867 3526 4926; x_wconf 89' lang='lat' dir='ltr'><strong>est,</strong></span> <span class='ocrx_word' id='word_1_855' title='bbox 3560 4856 3787 4915; x_wconf 88' lang='lat' dir='ltr'><strong>nescient</strong></span> 
     </span>
    </p>
   </div>
   <div class='ocr_carea' id='block_1_112' title="bbox 2213 4947 3785 5010">
    <p class='ocr_par' dir='ltr' id='par_1_112' title="bbox 2213 4947 3785 5010">
     <span class='ocr_line' id='line_1_112' title="bbox 2213 4947 3785 5010; baseline -0.001 -5"><span class='ocrx_word' id='word_1_856' title='bbox 2213 4949 2419 5005; x_wconf 85' lang='lat' dir='ltr'><strong>exitum</strong></span> <span class='ocrx_word' id='word_1_857' title='bbox 2472 4948 2712 5005; x_wconf 89' lang='lat' dir='ltr'><strong>illorum.</strong></span> <span class='ocrx_word' id='word_1_858' title='bbox 2762 4947 2922 5006; x_wconf 91' lang='lat' dir='ltr'><strong>Unde</strong></span> <span class='ocrx_word' id='word_1_859' title='bbox 2968 4948 3178 5005; x_wconf 90' lang='lat' dir='ltr'><strong>dictum</strong></span> <span class='ocrx_word' id='word_1_860' title='bbox 3227 4960 3359 5009; x_wconf 90' lang='lat' dir='ltr'><strong>est:</strong></span> <span class='ocrx_word' id='word_1_861' title='bbox 3412 4952 3598 5010; x_wconf 85' lang='lat' dir='ltr'><strong>Nescit</strong></span> <span class='ocrx_word' id='word_1_862' title='bbox 3639 4952 3785 5007; x_wconf 89' lang='lat' dir='ltr'><strong>homo</strong></span> 
     </span>
    </p>
   </div>
   <div class='ocr_carea' id='block_1_113' title="bbox 2212 5041 3783 5118">
    <p class='ocr_par' dir='ltr' id='par_1_113' title="bbox 2212 5041 3783 5118">
     <span class='ocr_line' id='line_1_113' title="bbox 2212 5041 3783 5118; baseline -0.001 -21"><span class='ocrx_word' id='word_1_863' title='bbox 2212 5044 2377 5098; x_wconf 87' lang='lat' dir='ltr'><strong>finem</strong></span> <span class='ocrx_word' id='word_1_864' title='bbox 2408 5056 2567 5098; x_wconf 91' lang='lat' dir='ltr'><strong>suum</strong></span> <span class='ocrx_word' id='word_1_865' title='bbox 2599 5041 2829 5116; x_wconf 83' lang='lat' dir='ltr'><strong>(Eccles.</strong></span> <span class='ocrx_word' id='word_1_866' title='bbox 2858 5042 2965 5113; x_wconf 84' lang='lat' dir='ltr'><strong>tx).</strong></span> <span class='ocrx_word' id='word_1_867' title='bbox 2994 5041 3212 5113; x_wconf 81' lang='lat' dir='ltr'><strong>Adhuc,</strong></span> <span class='ocrx_word' id='word_1_868' title='bbox 3250 5044 3316 5100; x_wconf 86' lang='lat' dir='ltr'><strong>Et</strong></span> <span class='ocrx_word' id='word_1_869' title='bbox 3342 5062 3501 5118; x_wconf 85' lang='lat' dir='ltr'><strong>super</strong></span> <span class='ocrx_word' id='word_1_870' title='bbox 3523 5062 3638 5102; x_wconf 88' lang='lat' dir='ltr'><strong>eum</strong></span> <span class='ocrx_word' id='word_1_871' title='bbox 3661 5043 3783 5098; x_wconf 82' lang='lat' dir='ltr'><strong>ride-</strong></span> 
     </span>
    </p>
   </div>
   <div class='ocr_carea' id='block_1_114' title="bbox 2210 5135 3783 5208">
    <p class='ocr_par' dir='ltr' id='par_1_114' title="bbox 2210 5135 3783 5208">
     <span class='ocr_line' id='line_1_114' title="bbox 2210 5135 3783 5208; baseline -0.001 -18"><span class='ocrx_word' id='word_1_872' title='bbox 2210 5135 2358 5190; x_wconf 89' lang='lat' dir='ltr'><strong>bunt.</strong></span> <span class='ocrx_word' id='word_1_873' title='bbox 2388 5135 2506 5191; x_wconf 94' lang='lat' dir='ltr'><strong>Duo</strong></span> <span class='ocrx_word' id='word_1_874' title='bbox 2536 5144 2784 5206; x_wconf 90' lang='lat' dir='ltr'><strong>tempora</strong></span> <span class='ocrx_word' id='word_1_875' title='bbox 2809 5144 2975 5191; x_wconf 89' lang='lat' dir='ltr'><strong>sunt:</strong></span> <span class='ocrx_word' id='word_1_876' title='bbox 3005 5135 3247 5208; x_wconf 90' lang='lat' dir='ltr'><strong>Tempus</strong></span> <span class='ocrx_word' id='word_1_877' title='bbox 3276 5137 3479 5206; x_wconf 90' lang='lat' dir='ltr'><strong>ﬂendi,</strong></span> <span class='ocrx_word' id='word_1_878' title='bbox 3510 5148 3566 5195; x_wconf 91' lang='lat' dir='ltr'><strong>et</strong></span> <span class='ocrx_word' id='word_1_879' title='bbox 3590 5148 3783 5207; x_wconf 88' lang='lat' dir='ltr'><strong>tempus</strong></span> 
     </span>
    </p>
   </div>
   <div class='ocr_carea' id='block_1_115' title="bbox 2212 5228 3780 5303">
    <p class='ocr_par' dir='ltr' id='par_1_115' title="bbox 2212 5228 3780 5303">
     <span class='ocr_line' id='line_1_115' title="bbox 2212 5228 3780 5303; baseline -0.001 -18"><span class='ocrx_word' id='word_1_880' title='bbox 2212 5228 2450 5286; x_wconf 90' lang='lat' dir='ltr'><strong>ridendi.</strong></span> <span class='ocrx_word' id='word_1_881' title='bbox 2502 5230 2599 5286; x_wconf 83' lang='lat' dir='ltr'><strong>Hie</strong></span> <span class='ocrx_word' id='word_1_882' title='bbox 2629 5228 2832 5286; x_wconf 88' lang='lat' dir='ltr'><strong>habent</strong></span> <span class='ocrx_word' id='word_1_883' title='bbox 2861 5230 3036 5286; x_wconf 89' lang='lat' dir='ltr'><strong>sancti</strong></span> <span class='ocrx_word' id='word_1_884' title='bbox 3068 5238 3291 5303; x_wconf 89' lang='lat' dir='ltr'><strong>tempus</strong></span> <span class='ocrx_word' id='word_1_885' title='bbox 3320 5232 3518 5300; x_wconf 89' lang='lat' dir='ltr'><strong>ﬂendi,</strong></span> <span class='ocrx_word' id='word_1_886' title='bbox 3549 5243 3605 5290; x_wconf 91' lang='lat' dir='ltr'><strong>et</strong></span> <span class='ocrx_word' id='word_1_887' title='bbox 3630 5232 3681 5289; x_wconf 88' lang='lat' dir='ltr'><strong>in</strong></span> <span class='ocrx_word' id='word_1_888' title='bbox 3708 5228 3780 5285; x_wconf 85' lang='lat' dir='ltr'><strong>fu-</strong></span> 
     </span>
    </p>
   </div>
   <div class='ocr_carea' id='block_1_116' title="bbox 2213 5320 3777 5397">
    <p class='ocr_par' dir='ltr' id='par_1_116' title="bbox 2213 5320 3777 5397">
     <span class='ocr_line' id='line_1_116' title="bbox 2213 5320 3777 5397; baseline -0.001 -21"><span class='ocrx_word' id='word_1_889' title='bbox 2213 5328 2336 5376; x_wconf 92' lang='lat' dir='ltr'><strong>turo</strong></span> <span class='ocrx_word' id='word_1_890' title='bbox 2367 5332 2582 5392; x_wconf 89' lang='lat' dir='ltr'><strong>tempus</strong></span> <span class='ocrx_word' id='word_1_891' title='bbox 2627 5321 2865 5378; x_wconf 89' lang='lat' dir='ltr'><strong>ridendi.</strong></span> <span class='ocrx_word' id='word_1_892' title='bbox 2908 5320 2977 5375; x_wconf 85' lang='lat' dir='ltr'><strong>Et</strong></span> <span class='ocrx_word' id='word_1_893' title='bbox 3006 5322 3221 5379; x_wconf 89' lang='lat' dir='ltr'><strong>dicent:</strong></span> <span class='ocrx_word' id='word_1_894' title='bbox 3250 5341 3365 5381; x_wconf 88' lang='lat' dir='ltr'><strong>ecce</strong></span> <span class='ocrx_word' id='word_1_895' title='bbox 3392 5324 3547 5381; x_wconf 88' lang='lat' dir='ltr'><strong>homo</strong></span> <span class='ocrx_word' id='word_1_896' title='bbox 3575 5324 3661 5397; x_wconf 83' lang='lat' dir='ltr'><strong>qui</strong></span> <span class='ocrx_word' id='word_1_897' title='bbox 3687 5335 3777 5377; x_wconf 86' lang='lat' dir='ltr'><strong>non</strong></span> 
     </span>
    </p>
   </div>
   <div class='ocr_carea' id='block_1_117' title="bbox 2212 5412 3775 5489">
    <p class='ocr_par' dir='ltr' id='par_1_117' title="bbox 2212 5412 3775 5489">
     <span class='ocr_line' id='line_1_117' title="bbox 2212 5412 3775 5489; baseline -0.002 -20"><span class='ocrx_word' id='word_1_898' title='bbox 2212 5416 2385 5486; x_wconf 89' lang='lat' dir='ltr'><strong>posuit</strong></span> <span class='ocrx_word' id='word_1_899' title='bbox 2411 5414 2579 5471; x_wconf 88' lang='lat' dir='ltr'><strong>Deum</strong></span> <span class='ocrx_word' id='word_1_900' title='bbox 2617 5415 2915 5487; x_wconf 84' lang='lat' dir='ltr'><strong>adjutorem</strong></span> <span class='ocrx_word' id='word_1_901' title='bbox 2938 5431 3089 5471; x_wconf 90' lang='lat' dir='ltr'><strong>suum</strong></span> <span class='ocrx_word' id='word_1_902' title='bbox 3114 5433 3133 5472; x_wconf 90' lang='lat'><strong>:</strong></span> <span class='ocrx_word' id='word_1_903' title='bbox 3161 5418 3251 5473; x_wconf 85' lang='lat' dir='ltr'><strong>sed</strong></span> <span class='ocrx_word' id='word_1_904' title='bbox 3274 5419 3497 5489; x_wconf 84' lang='lat' dir='ltr'><strong>speravit</strong></span> <span class='ocrx_word' id='word_1_905' title='bbox 3529 5419 3583 5473; x_wconf 85' lang='lat' dir='ltr'><strong>in</strong></span> <span class='ocrx_word' id='word_1_906' title='bbox 3613 5412 3775 5472; x_wconf 83' lang='lat' dir='ltr'><strong>multi-</strong></span> 
     </span>
    </p>
   </div>
   <div class='ocr_carea' id='block_1_118' title="bbox 2212 5508 3781 5584">
    <p class='ocr_par' dir='ltr' id='par_1_118' title="bbox 2212 5508 3781 5584">
     <span class='ocr_line' id='line_1_118' title="bbox 2212 5508 3781 5584; baseline -0.001 -23"><span class='ocrx_word' id='word_1_907' title='bbox 2212 5508 2394 5563; x_wconf 87' lang='lat' dir='ltr'><strong>tudine</strong></span> <span class='ocrx_word' id='word_1_908' title='bbox 2435 5509 2739 5566; x_wconf 86' lang='lat' dir='ltr'><strong>divitiarum</strong></span> <span class='ocrx_word' id='word_1_909' title='bbox 2779 5525 2994 5565; x_wconf 87' lang='lat' dir='ltr'><strong>suarum</strong></span> <span class='ocrx_word' id='word_1_910' title='bbox 3019 5526 3039 5565; x_wconf 90' lang='lat'><strong>:</strong></span> <span class='ocrx_word' id='word_1_911' title='bbox 3070 5519 3118 5566; x_wconf 89' lang='lat' dir='ltr'><strong>et</strong></span> <span class='ocrx_word' id='word_1_912' title='bbox 3162 5511 3436 5584; x_wconf 64' lang='lat' dir='ltr'><strong>praevaluit</strong></span> <span class='ocrx_word' id='word_1_913' title='bbox 3478 5512 3533 5568; x_wconf 88' lang='lat' dir='ltr'><strong>in</strong></span> <span class='ocrx_word' id='word_1_914' title='bbox 3577 5509 3781 5567; x_wconf 82' lang='lat' dir='ltr'><strong>vanitate</strong></span> 
     </span>
    </p>
   </div>
   <div class='ocr_carea' id='block_1_119' title="bbox 2208 5596 3780 5673">
    <p class='ocr_par' dir='ltr' id='par_1_119' title="bbox 2208 5596 3780 5673">
     <span class='ocr_line' id='line_1_119' title="bbox 2208 5596 3780 5673; baseline -0.003 -17"><span class='ocrx_word' id='word_1_915' title='bbox 2208 5617 2325 5657; x_wconf 85' lang='lat' dir='ltr'><strong>sua.</strong></span> <span class='ocrx_word' id='word_1_916' title='bbox 2358 5600 2487 5658; x_wconf 89' lang='lat' dir='ltr'><strong>Ideo</strong></span> <span class='ocrx_word' id='word_1_917' title='bbox 2516 5617 2686 5673; x_wconf 89' lang='lat' dir='ltr'><strong>super</strong></span> <span class='ocrx_word' id='word_1_918' title='bbox 2711 5617 2837 5659; x_wconf 86' lang='lat' dir='ltr'><strong>eum</strong></span> <span class='ocrx_word' id='word_1_919' title='bbox 2868 5603 2984 5659; x_wconf 67' lang='lat' dir='ltr'><strong>haze</strong></span> <span class='ocrx_word' id='word_1_920' title='bbox 3009 5603 3250 5660; x_wconf 89' lang='lat' dir='ltr'><strong>vindicta</strong></span> <span class='ocrx_word' id='word_1_921' title='bbox 3274 5603 3577 5661; x_wconf 88' lang='lat' dir='ltr'><strong>descendit.</strong></span> <span class='ocrx_word' id='word_1_922' title='bbox 3603 5599 3695 5658; x_wconf 88' lang='lat' dir='ltr'><strong>Vel</strong></span> <span class='ocrx_word' id='word_1_923' title='bbox 3720 5596 3780 5653; x_wconf 85' lang='lat' dir='ltr'><strong>de</strong></span> 
     </span>
    </p>
   </div>
   <div class='ocr_carea' id='block_1_120' title="bbox 2209 5691 3776 5769">
    <p class='ocr_par' dir='ltr' id='par_1_120' title="bbox 2209 5691 3776 5769">
     <span class='ocr_line' id='line_1_120' title="bbox 2209 5691 3776 5769; baseline -0.001 -21"><span class='ocrx_word' id='word_1_924' title='bbox 2209 5693 2306 5748; x_wconf 91' lang='lat' dir='ltr'><strong>illo</strong></span> <span class='ocrx_word' id='word_1_925' title='bbox 2345 5692 2513 5750; x_wconf 87' lang='lat' dir='ltr'><strong>divite</strong></span> <span class='ocrx_word' id='word_1_926' title='bbox 2558 5693 2721 5764; x_wconf 92' lang='lat' dir='ltr'><strong>dicit,</strong></span> <span class='ocrx_word' id='word_1_927' title='bbox 2768 5695 2860 5766; x_wconf 90' lang='lat' dir='ltr'><strong>qui</strong></span> <span class='ocrx_word' id='word_1_928' title='bbox 2909 5694 2963 5750; x_wconf 91' lang='lat' dir='ltr'><strong>in</strong></span> <span class='ocrx_word' id='word_1_929' title='bbox 3007 5694 3224 5754; x_wconf 88' lang='lat' dir='ltr'><strong>inferno</strong></span> <span class='ocrx_word' id='word_1_930' title='bbox 3266 5699 3643 5769; x_wconf 87' lang='lat' dir='ltr'><strong>torquebatur,</strong></span> <span class='ocrx_word' id='word_1_931' title='bbox 3667 5691 3776 5765; x_wconf 78' lang='lat' dir='ltr'><strong>quia</strong></span> 
     </span>
    </p>
   </div>
   <div class='ocr_carea' id='block_1_121' title="bbox 2206 5783 3775 5863">
    <p class='ocr_par' dir='ltr' id='par_1_121' title="bbox 2206 5783 3775 5863">
     <span class='ocr_line' id='line_1_121' title="bbox 2206 5783 3775 5863; baseline -0.003 -20"><span class='ocrx_word' id='word_1_932' title='bbox 2206 5787 2350 5844; x_wconf 89' lang='lat' dir='ltr'><strong>bona</strong></span> <span class='ocrx_word' id='word_1_933' title='bbox 2381 5799 2670 5860; x_wconf 88' lang='lat' dir='ltr'><strong>receperat</strong></span> <span class='ocrx_word' id='word_1_934' title='bbox 2713 5789 2767 5846; x_wconf 88' lang='lat' dir='ltr'><strong>in</strong></span> <span class='ocrx_word' id='word_1_935' title='bbox 2811 5789 2923 5846; x_wconf 86' lang='lat' dir='ltr'><strong>vita</strong></span> <span class='ocrx_word' id='word_1_936' title='bbox 2954 5805 3051 5847; x_wconf 88' lang='lat' dir='ltr'><strong>sua</strong></span> <span class='ocrx_word' id='word_1_937' title='bbox 3085 5790 3250 5862; x_wconf 85' lang='lat' dir='ltr'><strong>(Luc.</strong></span> <span class='ocrx_word' id='word_1_938' title='bbox 3294 5791 3462 5863; x_wconf 81' lang='lat' dir='ltr'><strong>xvr):</strong></span> <span class='ocrx_word' id='word_1_939' title='bbox 3504 5798 3560 5849; x_wconf 90' lang='lat' dir='ltr'><strong>et</strong></span> <span class='ocrx_word' id='word_1_940' title='bbox 3603 5787 3668 5845; x_wconf 91' lang='lat' dir='ltr'><strong>de</strong></span> <span class='ocrx_word' id='word_1_941' title='bbox 3695 5783 3775 5841; x_wconf 90' lang='lat' dir='ltr'><strong>illo</strong></span> 
     </span>
    </p>
   </div>
  </div>
