  <div class='ocr_page' id='page_1' title='image "/cluster/home/n/w/nwhite01/storage/ocr_20150623/26/uva.x000826568/496.png"; bbox 0 0 4010 6332; ppageno 0'>
   <div class='ocr_carea' id='block_1_1' title="bbox 232 341 343 401">
    <p class='ocr_par' dir='ltr' id='par_1_1' title="bbox 232 341 343 401">
     <span class='ocr_line' id='line_1_1' title="bbox 232 341 343 401; baseline -0.018 -1"><span class='ocrx_word' id='word_1_1' title='bbox 232 341 343 401; x_wconf 81' lang='lat'><strong>977</strong></span> 
     </span>
    </p>
   </div>
   <div class='ocr_carea' id='block_1_2' title="bbox 1246 337 2612 399">
    <p class='ocr_par' dir='ltr' id='par_1_2' title="bbox 1246 337 2612 399">
     <span class='ocr_line' id='line_1_2' title="bbox 1246 337 2612 399; baseline 0.002 -3"><span class='ocrx_word' id='word_1_2' title='bbox 1246 338 1676 398; x_wconf 78' lang='lat' dir='ltr'><strong>DREVIARIUM</strong></span> <span class='ocrx_word' id='word_1_3' title='bbox 1715 340 1782 397; x_wconf 85' lang='lat' dir='ltr'><strong>IN</strong></span> <span class='ocrx_word' id='word_1_4' title='bbox 1826 337 2160 399; x_wconf 81' lang='lat' dir='ltr'><strong>PSALMOS.</strong></span> <span class='ocrx_word' id='word_1_5' title='bbox 2206 339 2454 399; x_wconf 79' lang='lat' dir='ltr'><strong>PSALM.</strong></span> <span class='ocrx_word' id='word_1_6' title='bbox 2506 341 2612 399; x_wconf 87' lang='lat' dir='ltr'><strong>LII.</strong></span> 
     </span>
    </p>
   </div>
   <div class='ocr_carea' id='block_1_3' title="bbox 3435 344 3543 402">
    <p class='ocr_par' dir='ltr' id='par_1_3' title="bbox 3435 344 3543 402">
     <span class='ocr_line' id='line_1_3' title="bbox 3435 344 3543 402; baseline 0 -1"><span class='ocrx_word' id='word_1_7' title='bbox 3435 344 3543 402; x_wconf 85' lang='lat'><strong>978</strong></span> 
     </span>
    </p>
   </div>
   <div class='ocr_carea' id='block_1_4' title="bbox 236 454 3541 537">
    <p class='ocr_par' dir='ltr' id='par_1_4' title="bbox 236 454 3541 537">
     <span class='ocr_line' id='line_1_4' title="bbox 236 454 3541 537; baseline 0.001 -24"><span class='ocrx_word' id='word_1_8' title='bbox 236 457 349 513; x_wconf 87' lang='lat' dir='ltr'><strong>alio</strong></span> <span class='ocrx_word' id='word_1_9' title='bbox 374 457 459 512; x_wconf 90' lang='lat' dir='ltr'><strong>cui</strong></span> <span class='ocrx_word' id='word_1_10' title='bbox 487 454 660 513; x_wconf 91' lang='lat' dir='ltr'><strong>dicit:</strong></span> <span class='ocrx_word' id='word_1_11' title='bbox 707 456 883 514; x_wconf 88' lang='lat' dir='ltr'><strong>Stulte</strong></span> <span class='ocrx_word' id='word_1_12' title='bbox 906 498 919 523; x_wconf 92' lang='lat'><strong>,</strong></span> <span class='ocrx_word' id='word_1_13' title='bbox 964 455 1067 512; x_wconf 91' lang='lat' dir='ltr'><strong>hac</strong></span> <span class='ocrx_word' id='word_1_14' title='bbox 1097 464 1256 513; x_wconf 89' lang='lat' dir='ltr'><strong>nocte</strong></span> <span class='ocrx_word' id='word_1_15' title='bbox 1285 456 1522 512; x_wconf 88' lang='lat' dir='ltr'><strong>animam</strong></span> <span class='ocrx_word' id='word_1_16' title='bbox 1568 464 1715 511; x_wconf 90' lang='lat' dir='ltr'><strong>tuam</strong></span> <span class='ocrx_word' id='word_1_17' title='bbox 1743 471 1833 512; x_wconf 90' lang='lat' dir='ltr'><strong>re—</strong></span> <span class='ocrx_word' id='word_1_18' title='bbox 1862 473 1918 537; x_wconf 76' lang='grc' dir='ltr'><strong>Λ</strong></span> <span class='ocrx_word' id='word_1_19' title='bbox 1939 455 2192 526; x_wconf 84' lang='lat' dir='ltr'><strong>insipiens</strong></span> <span class='ocrx_word' id='word_1_20' title='bbox 2214 502 2229 527; x_wconf 93' lang='lat'><strong>,</strong></span> <span class='ocrx_word' id='word_1_21' title='bbox 2262 457 2501 529; x_wconf 81' lang='lat' dir='ltr'><strong>populus</strong></span> <span class='ocrx_word' id='word_1_22' title='bbox 2529 457 2791 516; x_wconf 85' lang='lat' dir='ltr'><strong>Judaicus</strong></span> <span class='ocrx_word' id='word_1_23' title='bbox 2813 502 2827 527; x_wconf 95' lang='lat'><strong>,</strong></span> <span class='ocrx_word' id='word_1_24' title='bbox 2859 460 2974 516; x_wconf 88' lang='lat' dir='ltr'><strong>sive</strong></span> <span class='ocrx_word' id='word_1_25' title='bbox 3015 458 3265 515; x_wconf 83' lang='lat' dir='ltr'><strong>diabolus</strong></span> <span class='ocrx_word' id='word_1_26' title='bbox 3286 500 3301 527; x_wconf 94' lang='lat'><strong>,</strong></span> <span class='ocrx_word' id='word_1_27' title='bbox 3333 475 3437 515; x_wconf 85' lang='lat' dir='ltr'><strong>non</strong></span> <span class='ocrx_word' id='word_1_28' title='bbox 3466 468 3541 515; x_wconf 89' lang='lat' dir='ltr'><strong>est</strong></span> 
     </span>
    </p>
   </div>
   <div class='ocr_carea' id='block_1_5' title="bbox 233 547 1831 621">
    <p class='ocr_par' dir='ltr' id='par_1_5' title="bbox 233 547 1831 621">
     <span class='ocr_line' id='line_1_5' title="bbox 233 547 1831 621; baseline -0.003 -16"><span class='ocrx_word' id='word_1_29' title='bbox 233 558 429 621; x_wconf 89' lang='lat' dir='ltr'><strong>petunt</strong></span> <span class='ocrx_word' id='word_1_30' title='bbox 454 564 485 605; x_wconf 88' lang='lat' dir='ltr'><strong>a</strong></span> <span class='ocrx_word' id='word_1_31' title='bbox 516 556 608 605; x_wconf 89' lang='lat' dir='ltr'><strong>te:</strong></span> <span class='ocrx_word' id='word_1_32' title='bbox 637 564 760 620; x_wconf 70' lang='lat' dir='ltr'><strong>qua:</strong></span> <span class='ocrx_word' id='word_1_33' title='bbox 804 559 986 605; x_wconf 90' lang='lat' dir='ltr'><strong>autem</strong></span> <span class='ocrx_word' id='word_1_34' title='bbox 1027 549 1230 619; x_wconf 88' lang='lat' dir='ltr'><strong>parasti</strong></span> <span class='ocrx_word' id='word_1_35' title='bbox 1277 548 1432 620; x_wconf 92' lang='lat' dir='ltr'><strong>cujus</strong></span> <span class='ocrx_word' id='word_1_36' title='bbox 1460 557 1623 605; x_wconf 90' lang='lat' dir='ltr'><strong>erunt</strong></span> <span class='ocrx_word' id='word_1_37' title='bbox 1665 547 1831 619; x_wconf 92' lang='lat' dir='ltr'><strong>(Luc.</strong></span> 
     </span>
    </p>
   </div>
   <div class='ocr_carea' id='block_1_6' title="bbox 233 641 1833 715">
    <p class='ocr_par' dir='ltr' id='par_1_6' title="bbox 233 641 1833 715">
     <span class='ocr_line' id='line_1_6' title="bbox 233 641 1833 715; baseline 0 -18"><span class='ocrx_word' id='word_1_38' title='bbox 233 642 368 714; x_wconf 70' lang='lat' dir='ltr'><strong>Il)?</strong></span> <span class='ocrx_word' id='word_1_39' title='bbox 389 641 483 700; x_wconf 87' lang='lat' dir='ltr'><strong>Sic</strong></span> <span class='ocrx_word' id='word_1_40' title='bbox 504 651 589 699; x_wconf 92' lang='lat' dir='ltr'><strong>est</strong></span> <span class='ocrx_word' id='word_1_41' title='bbox 612 642 705 715; x_wconf 86' lang='lat' dir='ltr'><strong>qui</strong></span> <span class='ocrx_word' id='word_1_42' title='bbox 729 642 832 697; x_wconf 89' lang='lat' dir='ltr'><strong>sibi</strong></span> <span class='ocrx_word' id='word_1_43' title='bbox 863 642 1221 711; x_wconf 88' lang='lat' dir='ltr'><strong>thesaurizat,</strong></span> <span class='ocrx_word' id='word_1_44' title='bbox 1252 654 1307 699; x_wconf 94' lang='lat' dir='ltr'><strong>et</strong></span> <span class='ocrx_word' id='word_1_45' title='bbox 1336 657 1444 698; x_wconf 92' lang='lat' dir='ltr'><strong>non</strong></span> <span class='ocrx_word' id='word_1_46' title='bbox 1473 650 1558 698; x_wconf 91' lang='lat' dir='ltr'><strong>est</strong></span> <span class='ocrx_word' id='word_1_47' title='bbox 1587 642 1640 698; x_wconf 90' lang='lat' dir='ltr'><strong>in</strong></span> <span class='ocrx_word' id='word_1_48' title='bbox 1664 641 1833 697; x_wconf 90' lang='lat' dir='ltr'><strong>Deum</strong></span> 
     </span>
    </p>
   </div>
   <div class='ocr_carea' id='block_1_7' title="bbox 233 734 1834 807">
    <p class='ocr_par' dir='ltr' id='par_1_7' title="bbox 233 734 1834 807">
     <span class='ocr_line' id='line_1_7' title="bbox 233 734 1834 807; baseline 0 -16"><span class='ocrx_word' id='word_1_49' title='bbox 233 734 413 792; x_wconf 89' lang='lat' dir='ltr'><strong>dives.</strong></span> <span class='ocrx_word' id='word_1_50' title='bbox 445 734 715 807; x_wconf 84' lang='lat' dir='ltr'><strong>Numquid</strong></span> <span class='ocrx_word' id='word_1_51' title='bbox 744 735 946 791; x_wconf 87' lang='lat' dir='ltr'><strong>malum</strong></span> <span class='ocrx_word' id='word_1_52' title='bbox 976 736 1050 791; x_wconf 90' lang='lat' dir='ltr'><strong>sit</strong></span> <span class='ocrx_word' id='word_1_53' title='bbox 1090 736 1311 792; x_wconf 77' lang='lat' dir='ltr'><strong>divitias</strong></span> <span class='ocrx_word' id='word_1_54' title='bbox 1356 736 1588 805; x_wconf 91' lang='lat' dir='ltr'><strong>habere,</strong></span> <span class='ocrx_word' id='word_1_55' title='bbox 1627 745 1834 792; x_wconf 90' lang='lat' dir='ltr'><strong>tantum</strong></span> 
     </span>
    </p>
   </div>
   <div class='ocr_carea' id='block_1_8' title="bbox 234 828 1833 900">
    <p class='ocr_par' dir='ltr' id='par_1_8' title="bbox 234 828 1833 900">
     <span class='ocr_line' id='line_1_8' title="bbox 234 828 1833 900; baseline -0.001 -14"><span class='ocrx_word' id='word_1_56' title='bbox 234 837 296 886; x_wconf 88' lang='lat' dir='ltr'><strong>ut</strong></span> <span class='ocrx_word' id='word_1_57' title='bbox 333 829 401 886; x_wconf 89' lang='lat' dir='ltr'><strong>de</strong></span> <span class='ocrx_word' id='word_1_58' title='bbox 445 829 595 900; x_wconf 85' lang='lat' dir='ltr'><strong>justo</strong></span> <span class='ocrx_word' id='word_1_59' title='bbox 639 828 982 886; x_wconf 81' lang='lat' dir='ltr'><strong>habeantur:</strong></span> <span class='ocrx_word' id='word_1_60' title='bbox 1015 836 1075 886; x_wconf 91' lang='lat' dir='ltr'><strong>et</strong></span> <span class='ocrx_word' id='word_1_61' title='bbox 1117 829 1232 885; x_wconf 80' lang='lat' dir='ltr'><strong>Deo</strong></span> <span class='ocrx_word' id='word_1_62' title='bbox 1278 829 1471 900; x_wconf 85' lang='lat' dir='ltr'><strong>gratiae</strong></span> <span class='ocrx_word' id='word_1_63' title='bbox 1501 834 1833 900; x_wconf 84' lang='lat' dir='ltr'><strong>referantur,</strong></span> 
     </span>
    </p>
   </div>
   <div class='ocr_carea' id='block_1_9' title="bbox 230 919 1834 994">
    <p class='ocr_par' dir='ltr' id='par_1_9' title="bbox 230 919 1834 994">
     <span class='ocr_line' id='line_1_9' title="bbox 230 919 1834 994; baseline -0.001 -18"><span class='ocrx_word' id='word_1_64' title='bbox 230 921 327 994; x_wconf 87' lang='lat' dir='ltr'><strong>qui</strong></span> <span class='ocrx_word' id='word_1_65' title='bbox 360 934 454 977; x_wconf 87' lang='lat' dir='ltr'><strong>eas</strong></span> <span class='ocrx_word' id='word_1_66' title='bbox 482 920 673 977; x_wconf 78' lang='lat' dir='ltr'><strong>dedit?</strong></span> <span class='ocrx_word' id='word_1_67' title='bbox 705 920 847 988; x_wconf 86' lang='lat' dir='ltr'><strong>Non,</strong></span> <span class='ocrx_word' id='word_1_68' title='bbox 880 920 975 977; x_wconf 84' lang='lat' dir='ltr'><strong>sed</strong></span> <span class='ocrx_word' id='word_1_69' title='bbox 1008 919 1213 976; x_wconf 91' lang='lat' dir='ltr'><strong>malum</strong></span> <span class='ocrx_word' id='word_1_70' title='bbox 1247 932 1330 979; x_wconf 87' lang='lat' dir='ltr'><strong>est</strong></span> <span class='ocrx_word' id='word_1_71' title='bbox 1362 936 1516 993; x_wconf 78' lang='lat' dir='ltr'><strong>Spem</strong></span> <span class='ocrx_word' id='word_1_72' title='bbox 1549 921 1603 976; x_wconf 93' lang='lat' dir='ltr'><strong>in</strong></span> <span class='ocrx_word' id='word_1_73' title='bbox 1628 921 1834 977; x_wconf 74' lang='lat' dir='ltr'><strong>divitiis</strong></span> 
     </span>
    </p>
   </div>
   <div class='ocr_carea' id='block_1_10' title="bbox 226 1011 1835 1086">
    <p class='ocr_par' dir='ltr' id='par_1_10' title="bbox 226 1011 1835 1086">
     <span class='ocr_line' id='line_1_10' title="bbox 226 1011 1835 1086; baseline 0.001 -19"><span class='ocrx_word' id='word_1_74' title='bbox 226 1029 481 1086; x_wconf 85' lang='lat' dir='ltr'><strong>ponere:</strong></span> <span class='ocrx_word' id='word_1_75' title='bbox 514 1028 643 1069; x_wconf 88' lang='lat' dir='ltr'><strong>cum</strong></span> <span class='ocrx_word' id='word_1_76' title='bbox 686 1013 741 1070; x_wconf 91' lang='lat' dir='ltr'><strong>in</strong></span> <span class='ocrx_word' id='word_1_77' title='bbox 785 1014 894 1070; x_wconf 92' lang='lat' dir='ltr'><strong>alio</strong></span> <span class='ocrx_word' id='word_1_78' title='bbox 934 1013 1148 1085; x_wconf 86' lang='lat' dir='ltr'><strong>psalmo</strong></span> <span class='ocrx_word' id='word_1_79' title='bbox 1188 1014 1373 1070; x_wconf 84' lang='lat' dir='ltr'><strong>dicat:</strong></span> <span class='ocrx_word' id='word_1_80' title='bbox 1419 1014 1630 1069; x_wconf 80' lang='lat' dir='ltr'><strong>Divitiae</strong></span> <span class='ocrx_word' id='word_1_81' title='bbox 1668 1014 1713 1069; x_wconf 88' lang='lat' dir='ltr'><strong>si</strong></span> <span class='ocrx_word' id='word_1_82' title='bbox 1752 1011 1835 1067; x_wconf 85' lang='lat' dir='ltr'><strong>af-</strong></span> 
     </span>
    </p>
   </div>
   <div class='ocr_carea' id='block_1_11' title="bbox 228 1105 1833 1182">
    <p class='ocr_par' dir='ltr' id='par_1_11' title="bbox 228 1105 1833 1182">
     <span class='ocr_line' id='line_1_11' title="bbox 228 1105 1833 1182; baseline 0 -19"><span class='ocrx_word' id='word_1_83' title='bbox 228 1106 426 1176; x_wconf 82' lang='lat' dir='ltr'><strong>ﬂuant,</strong></span> <span class='ocrx_word' id='word_1_84' title='bbox 456 1106 624 1163; x_wconf 89' lang='lat' dir='ltr'><strong>nolite</strong></span> <span class='ocrx_word' id='word_1_85' title='bbox 654 1122 751 1163; x_wconf 91' lang='lat' dir='ltr'><strong>cor</strong></span> <span class='ocrx_word' id='word_1_86' title='bbox 777 1121 1057 1178; x_wconf 90' lang='lat' dir='ltr'><strong>apponere</strong></span> <span class='ocrx_word' id='word_1_87' title='bbox 1086 1105 1260 1182; x_wconf 85' lang='lat' dir='ltr'><strong>(Psal.</strong></span> <span class='ocrx_word' id='word_1_88' title='bbox 1286 1105 1422 1177; x_wconf 79' lang='lat' dir='ltr'><strong>ut).</strong></span> <span class='ocrx_word' id='word_1_89' title='bbox 1450 1107 1678 1162; x_wconf 82' lang='lat' dir='ltr'><strong>Divitias</strong></span> <span class='ocrx_word' id='word_1_90' title='bbox 1705 1106 1833 1163; x_wconf 89' lang='lat' dir='ltr'><strong>licet</strong></span> 
     </span>
    </p>
   </div>
   <div class='ocr_carea' id='block_1_12' title="bbox 231 1198 1831 1271">
    <p class='ocr_par' dir='ltr' id='par_1_12' title="bbox 231 1198 1831 1271">
     <span class='ocr_line' id='line_1_12' title="bbox 231 1198 1831 1271; baseline -0.001 -15"><span class='ocrx_word' id='word_1_91' title='bbox 231 1199 435 1256; x_wconf 87' lang='lat' dir='ltr'><strong>habere</strong></span> <span class='ocrx_word' id='word_1_92' title='bbox 464 1198 533 1255; x_wconf 91' lang='lat' dir='ltr'><strong>ad</strong></span> <span class='ocrx_word' id='word_1_93' title='bbox 577 1202 964 1257; x_wconf 89' lang='lat' dir='ltr'><strong>necessitatem</strong></span> <span class='ocrx_word' id='word_1_94' title='bbox 985 1242 999 1267; x_wconf 92' lang='lat'><strong>,</strong></span> <span class='ocrx_word' id='word_1_95' title='bbox 1047 1207 1104 1255; x_wconf 91' lang='lat' dir='ltr'><strong>et</strong></span> <span class='ocrx_word' id='word_1_96' title='bbox 1133 1216 1243 1255; x_wconf 92' lang='lat' dir='ltr'><strong>non</strong></span> <span class='ocrx_word' id='word_1_97' title='bbox 1277 1200 1403 1256; x_wconf 90' lang='lat' dir='ltr'><strong>licet</strong></span> <span class='ocrx_word' id='word_1_98' title='bbox 1451 1199 1736 1271; x_wconf 88' lang='lat' dir='ltr'><strong>possidere</strong></span> <span class='ocrx_word' id='word_1_99' title='bbox 1764 1215 1831 1256; x_wconf 80' lang='lat' dir='ltr'><strong>ex</strong></span> 
     </span>
    </p>
   </div>
   <div class='ocr_carea' id='block_1_13' title="bbox 231 1291 1832 1365">
    <p class='ocr_par' dir='ltr' id='par_1_13' title="bbox 231 1291 1832 1365">
     <span class='ocr_line' id='line_1_13' title="bbox 231 1291 1832 1365; baseline 0.002 -19"><span class='ocrx_word' id='word_1_100' title='bbox 231 1306 445 1349; x_wconf 88' lang='lat' dir='ltr'><strong>amore.</strong></span> <span class='ocrx_word' id='word_1_101' title='bbox 492 1291 628 1348; x_wconf 88' lang='lat' dir='ltr'><strong>Nam</strong></span> <span class='ocrx_word' id='word_1_102' title='bbox 676 1303 730 1350; x_wconf 86' lang='lat' dir='ltr'><strong>et</strong></span> <span class='ocrx_word' id='word_1_103' title='bbox 767 1292 1077 1362; x_wconf 83' lang='lat' dir='ltr'><strong>Abraham,</strong></span> <span class='ocrx_word' id='word_1_104' title='bbox 1128 1303 1185 1349; x_wconf 90' lang='lat' dir='ltr'><strong>et</strong></span> <span class='ocrx_word' id='word_1_105' title='bbox 1225 1292 1424 1365; x_wconf 88' lang='lat' dir='ltr'><strong>reliqui</strong></span> <span class='ocrx_word' id='word_1_106' title='bbox 1455 1293 1586 1349; x_wconf 90' lang='lat' dir='ltr'><strong>boni</strong></span> <span class='ocrx_word' id='word_1_107' title='bbox 1616 1293 1832 1350; x_wconf 87' lang='lat' dir='ltr'><strong>divitias</strong></span> 
     </span>
    </p>
   </div>
   <div class='ocr_carea' id='block_1_14' title="bbox 231 1385 1681 1457">
    <p class='ocr_par' dir='ltr' id='par_1_14' title="bbox 231 1385 1681 1457">
     <span class='ocr_line' id='line_1_14' title="bbox 231 1385 1681 1457; baseline 0.001 -16"><span class='ocrx_word' id='word_1_108' title='bbox 231 1385 581 1442; x_wconf 89' lang='lat' dir='ltr'><strong>habuerunt:</strong></span> <span class='ocrx_word' id='word_1_109' title='bbox 614 1386 711 1443; x_wconf 89' lang='lat' dir='ltr'><strong>sed</strong></span> <span class='ocrx_word' id='word_1_110' title='bbox 736 1401 890 1457; x_wconf 89' lang='lat' dir='ltr'><strong>spem</strong></span> <span class='ocrx_word' id='word_1_111' title='bbox 924 1387 980 1443; x_wconf 92' lang='lat' dir='ltr'><strong>in</strong></span> <span class='ocrx_word' id='word_1_112' title='bbox 1009 1386 1226 1443; x_wconf 85' lang='lat' dir='ltr'><strong>divitias</strong></span> <span class='ocrx_word' id='word_1_113' title='bbox 1249 1402 1357 1443; x_wconf 92' lang='lat' dir='ltr'><strong>non</strong></span> <span class='ocrx_word' id='word_1_114' title='bbox 1390 1387 1681 1443; x_wconf 87' lang='lat' dir='ltr'><strong>miserunt.</strong></span> 
     </span>
    </p>
   </div>
   <div class='ocr_carea' id='block_1_15' title="bbox 304 1478 1829 1554">
    <p class='ocr_par' dir='ltr' id='par_1_15' title="bbox 304 1478 1829 1554">
     <span class='ocr_line' id='line_1_15' title="bbox 304 1478 1829 1554; baseline 0.002 -20"><span class='ocrx_word' id='word_1_115' title='bbox 304 1478 418 1553; x_wconf 83' lang='lat' dir='ltr'><strong>Ego</strong></span> <span class='ocrx_word' id='word_1_116' title='bbox 443 1488 616 1537; x_wconf 86' lang='lat' dir='ltr'><strong>autem</strong></span> <span class='ocrx_word' id='word_1_117' title='bbox 641 1482 774 1536; x_wconf 92' lang='lat' dir='ltr'><strong>sicut</strong></span> <span class='ocrx_word' id='word_1_118' title='bbox 799 1481 935 1537; x_wconf 87' lang='lat' dir='ltr'><strong>oliva</strong></span> <span class='ocrx_word' id='word_1_119' title='bbox 959 1482 1235 1554; x_wconf 88' lang='lat' dir='ltr'><strong>fructifera</strong></span> <span class='ocrx_word' id='word_1_120' title='bbox 1258 1483 1310 1536; x_wconf 91' lang='lat' dir='ltr'><strong>in</strong></span> <span class='ocrx_word' id='word_1_121' title='bbox 1333 1482 1508 1538; x_wconf 85' lang='lat' dir='ltr'><strong>domo.</strong></span> <span class='ocrx_word' id='word_1_122' title='bbox 1536 1480 1829 1553; x_wconf 90' lang='lat' dir='ltr'><strong>Comparat</strong></span> 
     </span>
    </p>
   </div>
   <div class='ocr_carea' id='block_1_16' title="bbox 226 1573 1827 1647">
    <p class='ocr_par' dir='ltr' id='par_1_16' title="bbox 226 1573 1827 1647">
     <span class='ocr_line' id='line_1_16' title="bbox 226 1573 1827 1647; baseline 0.001 -17"><span class='ocrx_word' id='word_1_123' title='bbox 226 1587 291 1630; x_wconf 86' lang='lat' dir='ltr'><strong>se</strong></span> <span class='ocrx_word' id='word_1_124' title='bbox 321 1574 587 1645; x_wconf 82' lang='lat' dir='ltr'><strong>propheta</strong></span> <span class='ocrx_word' id='word_1_125' title='bbox 616 1574 777 1631; x_wconf 71' lang='lat' dir='ltr'><strong>olivte</strong></span> <span class='ocrx_word' id='word_1_126' title='bbox 829 1573 1127 1631; x_wconf 86' lang='lat' dir='ltr'><strong>fructiferae</strong></span> <span class='ocrx_word' id='word_1_127' title='bbox 1165 1589 1265 1646; x_wconf 92' lang='lat' dir='ltr'><strong>per</strong></span> <span class='ocrx_word' id='word_1_128' title='bbox 1308 1575 1693 1647; x_wconf 89' lang='lat' dir='ltr'><strong>pinguedinem</strong></span> <span class='ocrx_word' id='word_1_129' title='bbox 1739 1590 1827 1632; x_wconf 84' lang='lat' dir='ltr'><strong>sa-</strong></span> 
     </span>
    </p>
   </div>
   <div class='ocr_carea' id='block_1_17' title="bbox 202 1667 1821 1739">
    <p class='ocr_par' dir='ltr' id='par_1_17' title="bbox 202 1667 1821 1739">
     <span class='ocr_line' id='line_1_17' title="bbox 202 1667 1821 1739; baseline 0.002 -17"><span class='ocrx_word' id='word_1_130' title='bbox 202 1667 493 1739; x_wconf 60' lang='lat' dir='ltr'><strong>pientiae:</strong></span> <span class='ocrx_word' id='word_1_131' title='bbox 531 1675 592 1722; x_wconf 87' lang='lat' dir='ltr'><strong>ut</strong></span> <span class='ocrx_word' id='word_1_132' title='bbox 635 1667 690 1723; x_wconf 89' lang='lat' dir='ltr'><strong>in</strong></span> <span class='ocrx_word' id='word_1_133' title='bbox 725 1667 972 1724; x_wconf 85' lang='lat' dir='ltr'><strong>Ecclesia</strong></span> <span class='ocrx_word' id='word_1_134' title='bbox 1002 1668 1100 1725; x_wconf 88' lang='lat' dir='ltr'><strong>Dei</strong></span> <span class='ocrx_word' id='word_1_135' title='bbox 1148 1668 1479 1739; x_wconf 88' lang='lat' dir='ltr'><strong>collocatus,</strong></span> <span class='ocrx_word' id='word_1_136' title='bbox 1529 1669 1723 1725; x_wconf 86' lang='lat' dir='ltr'><strong>vivens</strong></span> <span class='ocrx_word' id='word_1_137' title='bbox 1769 1670 1821 1725; x_wconf 92' lang='lat' dir='ltr'><strong>in</strong></span> 
     </span>
    </p>
   </div>
   <div class='ocr_carea' id='block_1_18' title="bbox 222 1758 1823 1832">
    <p class='ocr_par' dir='ltr' id='par_1_18' title="bbox 222 1758 1823 1832">
     <span class='ocr_line' id='line_1_18' title="bbox 222 1758 1823 1832; baseline 0.002 -17"><span class='ocrx_word' id='word_1_138' title='bbox 222 1758 362 1830; x_wconf 88' lang='lat' dir='ltr'><strong>legis</strong></span> <span class='ocrx_word' id='word_1_139' title='bbox 392 1758 675 1829; x_wconf 82' lang='lat' dir='ltr'><strong>allegoria,</strong></span> <span class='ocrx_word' id='word_1_140' title='bbox 709 1759 1034 1832; x_wconf 86' lang='lat' dir='ltr'><strong>Evangelica</strong></span> <span class='ocrx_word' id='word_1_141' title='bbox 1064 1760 1308 1831; x_wconf 89' lang='lat' dir='ltr'><strong>proferat</strong></span> <span class='ocrx_word' id='word_1_142' title='bbox 1340 1775 1526 1832; x_wconf 90' lang='lat' dir='ltr'><strong>poma.</strong></span> <span class='ocrx_word' id='word_1_143' title='bbox 1554 1761 1710 1818; x_wconf 89' lang='lat' dir='ltr'><strong>Unus</strong></span> <span class='ocrx_word' id='word_1_144' title='bbox 1737 1771 1823 1818; x_wconf 88' lang='lat' dir='ltr'><strong>est</strong></span> 
     </span>
    </p>
   </div>
   <div class='ocr_carea' id='block_1_19' title="bbox 1939 548 3374 619">
    <p class='ocr_par' dir='ltr' id='par_1_19' title="bbox 1939 548 3374 619">
     <span class='ocr_line' id='line_1_19' title="bbox 1939 548 3374 619; baseline 0.002 -15"><span class='ocrx_word' id='word_1_145' title='bbox 1939 548 2104 605; x_wconf 86' lang='lat' dir='ltr'><strong>Deus.</strong></span> <span class='ocrx_word' id='word_1_146' title='bbox 2135 552 2213 607; x_wconf 86' lang='lat' dir='ltr'><strong>Ac</strong></span> <span class='ocrx_word' id='word_1_147' title='bbox 2242 552 2285 606; x_wconf 90' lang='lat' dir='ltr'><strong>si</strong></span> <span class='ocrx_word' id='word_1_148' title='bbox 2313 552 2482 619; x_wconf 89' lang='lat' dir='ltr'><strong>dicat,</strong></span> <span class='ocrx_word' id='word_1_149' title='bbox 2510 567 2618 608; x_wconf 90' lang='lat' dir='ltr'><strong>non</strong></span> <span class='ocrx_word' id='word_1_150' title='bbox 2650 562 2736 609; x_wconf 91' lang='lat' dir='ltr'><strong>est</strong></span> <span class='ocrx_word' id='word_1_151' title='bbox 2766 553 3021 610; x_wconf 87' lang='lat' dir='ltr'><strong>Christus</strong></span> <span class='ocrx_word' id='word_1_152' title='bbox 3052 552 3224 608; x_wconf 84' lang='lat' dir='ltr'><strong>Filius</strong></span> <span class='ocrx_word' id='word_1_153' title='bbox 3256 553 3374 608; x_wconf 87' lang='lat' dir='ltr'><strong>Dei.</strong></span> 
     </span>
    </p>
   </div>
   <div class='ocr_carea' id='block_1_20' title="bbox 2012 641 3534 717">
    <p class='ocr_par' dir='ltr' id='par_1_20' title="bbox 2012 641 3534 717">
     <span class='ocr_line' id='line_1_20' title="bbox 2012 641 3534 717; baseline 0.004 -20"><span class='ocrx_word' id='word_1_154' title='bbox 2012 641 2255 715; x_wconf 85' lang='lat' dir='ltr'><strong>Corrupti</strong></span> <span class='ocrx_word' id='word_1_155' title='bbox 2280 653 2422 699; x_wconf 87' lang='lat' dir='ltr'><strong>sunt.</strong></span> <span class='ocrx_word' id='word_1_156' title='bbox 2454 645 2529 699; x_wconf 90' lang='lat' dir='ltr'><strong>De</strong></span> <span class='ocrx_word' id='word_1_157' title='bbox 2552 645 2669 717; x_wconf 83' lang='lat' dir='ltr'><strong>lege</strong></span> <span class='ocrx_word' id='word_1_158' title='bbox 2689 646 2849 702; x_wconf 65' lang='lat' dir='ltr'><strong>bonae</strong></span> <span class='ocrx_word' id='word_1_159' title='bbox 2882 653 3116 700; x_wconf 63' lang='lat' dir='ltr'><strong>naturae.</strong></span> <span class='ocrx_word' id='word_1_160' title='bbox 3148 643 3534 703; x_wconf 80' lang='lat' dir='ltr'><strong>Abominabiles</strong></span> 
     </span>
    </p>
   </div>
   <div class='ocr_carea' id='block_1_21' title="bbox 1938 734 3538 809">
    <p class='ocr_par' dir='ltr' id='par_1_21' title="bbox 1938 734 3538 809">
     <span class='ocr_line' id='line_1_21' title="bbox 1938 734 3538 809; baseline 0.001 -20"><span class='ocrx_word' id='word_1_161' title='bbox 1938 734 2066 807; x_wconf 85' lang='lat' dir='ltr'><strong>facti</strong></span> <span class='ocrx_word' id='word_1_162' title='bbox 2095 745 2235 790; x_wconf 88' lang='lat' dir='ltr'><strong>sunt.</strong></span> <span class='ocrx_word' id='word_1_163' title='bbox 2267 735 2384 790; x_wconf 88' lang='lat' dir='ltr'><strong>IIoc</strong></span> <span class='ocrx_word' id='word_1_164' title='bbox 2414 744 2528 803; x_wconf 90' lang='lat' dir='ltr'><strong>est,</strong></span> <span class='ocrx_word' id='word_1_165' title='bbox 2563 735 2793 793; x_wconf 88' lang='lat' dir='ltr'><strong>odibiles</strong></span> <span class='ocrx_word' id='word_1_166' title='bbox 2840 737 2967 792; x_wconf 81' lang='lat' dir='ltr'><strong>facti</strong></span> <span class='ocrx_word' id='word_1_167' title='bbox 3008 746 3152 791; x_wconf 87' lang='lat' dir='ltr'><strong>sunt.</strong></span> <span class='ocrx_word' id='word_1_168' title='bbox 3186 734 3254 790; x_wconf 87' lang='lat' dir='ltr'><strong>In</strong></span> <span class='ocrx_word' id='word_1_169' title='bbox 3283 736 3538 809; x_wconf 82' lang='lat' dir='ltr'><strong>iniquita-</strong></span> 
     </span>
    </p>
   </div>
   <div class='ocr_carea' id='block_1_22' title="bbox 1937 829 3538 897">
    <p class='ocr_par' dir='ltr' id='par_1_22' title="bbox 1937 829 3538 897">
     <span class='ocr_line' id='line_1_22' title="bbox 1937 829 3538 897; baseline 0.004 -16"><span class='ocrx_word' id='word_1_170' title='bbox 1937 829 2070 883; x_wconf 90' lang='lat' dir='ltr'><strong>tibus</strong></span> <span class='ocrx_word' id='word_1_171' title='bbox 2100 830 2231 884; x_wconf 83' lang='lat' dir='ltr'><strong>suis.</strong></span> <span class='ocrx_word' id='word_1_172' title='bbox 2264 829 2378 884; x_wconf 87' lang='lat' dir='ltr'><strong>lloc</strong></span> <span class='ocrx_word' id='word_1_173' title='bbox 2426 839 2511 885; x_wconf 88' lang='lat' dir='ltr'><strong>est</strong></span> <span class='ocrx_word' id='word_1_174' title='bbox 2535 869 2550 897; x_wconf 94' lang='lat'><strong>,</strong></span> <span class='ocrx_word' id='word_1_175' title='bbox 2594 830 2647 884; x_wconf 91' lang='lat' dir='ltr'><strong>in</strong></span> <span class='ocrx_word' id='word_1_176' title='bbox 2675 829 2968 887; x_wconf 88' lang='lat' dir='ltr'><strong>desideriis</strong></span> <span class='ocrx_word' id='word_1_177' title='bbox 2998 830 3133 885; x_wconf 88' lang='lat' dir='ltr'><strong>suis.</strong></span> <span class='ocrx_word' id='word_1_178' title='bbox 3181 829 3350 886; x_wconf 91' lang='lat' dir='ltr'><strong>Deum</strong></span> <span class='ocrx_word' id='word_1_179' title='bbox 3384 831 3538 888; x_wconf 86' lang='lat' dir='ltr'><strong>stulti</strong></span> 
     </span>
    </p>
   </div>
   <div class='ocr_carea' id='block_1_23' title="bbox 1936 923 3543 993">
    <p class='ocr_par' dir='ltr' id='par_1_23' title="bbox 1936 923 3543 993">
     <span class='ocr_line' id='line_1_23' title="bbox 1936 923 3543 993; baseline 0.001 -15"><span class='ocrx_word' id='word_1_180' title='bbox 1936 937 2059 978; x_wconf 91' lang='lat' dir='ltr'><strong>cum</strong></span> <span class='ocrx_word' id='word_1_181' title='bbox 2085 937 2181 978; x_wconf 90' lang='lat' dir='ltr'><strong>ore</strong></span> <span class='ocrx_word' id='word_1_182' title='bbox 2212 936 2413 993; x_wconf 80' lang='lat' dir='ltr'><strong>negare</strong></span> <span class='ocrx_word' id='word_1_183' title='bbox 2452 923 2571 977; x_wconf 76' lang='lat' dir='ltr'><strong>ausi</strong></span> <span class='ocrx_word' id='word_1_184' title='bbox 2599 938 2707 979; x_wconf 90' lang='lat' dir='ltr'><strong>non</strong></span> <span class='ocrx_word' id='word_1_185' title='bbox 2738 926 2880 990; x_wconf 91' lang='lat' dir='ltr'><strong>sint,</strong></span> <span class='ocrx_word' id='word_1_186' title='bbox 2924 923 3090 980; x_wconf 90' lang='lat' dir='ltr'><strong>corde</strong></span> <span class='ocrx_word' id='word_1_187' title='bbox 3122 932 3302 980; x_wconf 88' lang='lat' dir='ltr'><strong>tamen</strong></span> <span class='ocrx_word' id='word_1_188' title='bbox 3345 923 3543 979; x_wconf 89' lang='lat' dir='ltr'><strong>dicunt</strong></span> 
     </span>
    </p>
   </div>
   <div class='ocr_carea' id='block_1_24' title="bbox 1935 1015 3541 1086">
    <p class='ocr_par' dir='ltr' id='par_1_24' title="bbox 1935 1015 3541 1086">
     <span class='ocr_line' id='line_1_24' title="bbox 1935 1015 3541 1086; baseline -0.001 -14"><span class='ocrx_word' id='word_1_189' title='bbox 1935 1030 2060 1072; x_wconf 90' lang='lat' dir='ltr'><strong>eum</strong></span> <span class='ocrx_word' id='word_1_190' title='bbox 2093 1031 2200 1070; x_wconf 93' lang='lat' dir='ltr'><strong>non</strong></span> <span class='ocrx_word' id='word_1_191' title='bbox 2235 1030 2358 1071; x_wconf 90' lang='lat' dir='ltr'><strong>esse</strong></span> <span class='ocrx_word' id='word_1_192' title='bbox 2385 1033 2396 1070; x_wconf 93' lang='lat'><strong>:</strong></span> <span class='ocrx_word' id='word_1_193' title='bbox 2432 1015 2486 1071; x_wconf 90' lang='lat' dir='ltr'><strong>in</strong></span> <span class='ocrx_word' id='word_1_194' title='bbox 2515 1031 2624 1086; x_wconf 91' lang='lat' dir='ltr'><strong>quo</strong></span> <span class='ocrx_word' id='word_1_195' title='bbox 2660 1017 2805 1072; x_wconf 91' lang='lat' dir='ltr'><strong>malo</strong></span> <span class='ocrx_word' id='word_1_196' title='bbox 2844 1016 3139 1075; x_wconf 89' lang='lat' dir='ltr'><strong>horribiles</strong></span> <span class='ocrx_word' id='word_1_197' title='bbox 3165 1028 3223 1073; x_wconf 89' lang='lat' dir='ltr'><strong>et</strong></span> <span class='ocrx_word' id='word_1_198' title='bbox 3255 1017 3541 1073; x_wconf 80' lang='lat' dir='ltr'><strong>abomina-</strong></span> 
     </span>
    </p>
   </div>
   <div class='ocr_carea' id='block_1_25' title="bbox 1935 1107 3535 1180">
    <p class='ocr_par' dir='ltr' id='par_1_25' title="bbox 1935 1107 3535 1180">
     <span class='ocr_line' id='line_1_25' title="bbox 1935 1107 3535 1180; baseline 0.002 -18"><span class='ocrx_word' id='word_1_199' title='bbox 1935 1107 2076 1163; x_wconf 88' lang='lat' dir='ltr'><strong>biles</strong></span> <span class='ocrx_word' id='word_1_200' title='bbox 2105 1107 2219 1163; x_wconf 90' lang='lat' dir='ltr'><strong>Deo</strong></span> <span class='ocrx_word' id='word_1_201' title='bbox 2252 1108 2410 1161; x_wconf 85' lang='lat' dir='ltr'><strong>fiunt.</strong></span> <span class='ocrx_word' id='word_1_202' title='bbox 2462 1108 2586 1163; x_wconf 85' lang='lat' dir='ltr'><strong>Non</strong></span> <span class='ocrx_word' id='word_1_203' title='bbox 2627 1117 2702 1163; x_wconf 85' lang='lat' dir='ltr'><strong>est</strong></span> <span class='ocrx_word' id='word_1_204' title='bbox 2731 1108 2821 1180; x_wconf 90' lang='lat' dir='ltr'><strong>qui</strong></span> <span class='ocrx_word' id='word_1_205' title='bbox 2850 1108 3009 1180; x_wconf 78' lang='lat' dir='ltr'><strong>faciat</strong></span> <span class='ocrx_word' id='word_1_206' title='bbox 3057 1110 3244 1165; x_wconf 90' lang='lat' dir='ltr'><strong>bonum</strong></span> <span class='ocrx_word' id='word_1_207' title='bbox 3268 1125 3287 1164; x_wconf 92' lang='lat'><strong>:</strong></span> <span class='ocrx_word' id='word_1_208' title='bbox 3328 1126 3430 1165; x_wconf 85' lang='lat' dir='ltr'><strong>non</strong></span> <span class='ocrx_word' id='word_1_209' title='bbox 3460 1120 3535 1165; x_wconf 83' lang='lat' dir='ltr'><strong>est</strong></span> 
     </span>
    </p>
   </div>
   <div class='ocr_carea' id='block_1_26' title="bbox 1933 1200 3536 1272">
    <p class='ocr_par' dir='ltr' id='par_1_26' title="bbox 1933 1200 3536 1272">
     <span class='ocr_line' id='line_1_26' title="bbox 1933 1200 3536 1272; baseline 0.002 -16"><span class='ocrx_word' id='word_1_210' title='bbox 1933 1217 2096 1272; x_wconf 85' lang='lat' dir='ltr'><strong>usque</strong></span> <span class='ocrx_word' id='word_1_211' title='bbox 2136 1200 2205 1255; x_wconf 84' lang='lat' dir='ltr'><strong>ad</strong></span> <span class='ocrx_word' id='word_1_212' title='bbox 2237 1218 2417 1255; x_wconf 88' lang='lat' dir='ltr'><strong>unum.</strong></span> <span class='ocrx_word' id='word_1_213' title='bbox 2451 1201 2569 1258; x_wconf 90' lang='lat' dir='ltr'><strong>Non</strong></span> <span class='ocrx_word' id='word_1_214' title='bbox 2600 1202 2669 1258; x_wconf 90' lang='lat' dir='ltr'><strong>de</strong></span> <span class='ocrx_word' id='word_1_215' title='bbox 2715 1202 2991 1268; x_wconf 89' lang='lat' dir='ltr'><strong>omnibus,</strong></span> <span class='ocrx_word' id='word_1_216' title='bbox 3023 1203 3119 1259; x_wconf 90' lang='lat' dir='ltr'><strong>sed</strong></span> <span class='ocrx_word' id='word_1_217' title='bbox 3170 1203 3241 1260; x_wconf 91' lang='lat' dir='ltr'><strong>de</strong></span> <span class='ocrx_word' id='word_1_218' title='bbox 3285 1202 3370 1259; x_wconf 87' lang='lat' dir='ltr'><strong>his</strong></span> <span class='ocrx_word' id='word_1_219' title='bbox 3414 1216 3536 1259; x_wconf 88' lang='lat' dir='ltr'><strong>om-</strong></span> 
     </span>
    </p>
   </div>
   <div class='ocr_carea' id='block_1_27' title="bbox 1940 1295 3530 1367">
    <p class='ocr_par' dir='ltr' id='par_1_27' title="bbox 1940 1295 3530 1367">
     <span class='ocr_line' id='line_1_27' title="bbox 1940 1295 3530 1367; baseline 0.001 -17"><span class='ocrx_word' id='word_1_220' title='bbox 1940 1295 2106 1350; x_wconf 88' lang='lat' dir='ltr'><strong>nibus</strong></span> <span class='ocrx_word' id='word_1_221' title='bbox 2153 1302 2399 1361; x_wconf 88' lang='lat' dir='ltr'><strong>tantum,</strong></span> <span class='ocrx_word' id='word_1_222' title='bbox 2444 1295 2537 1364; x_wconf 86' lang='lat' dir='ltr'><strong>qui</strong></span> <span class='ocrx_word' id='word_1_223' title='bbox 2583 1296 2752 1352; x_wconf 91' lang='lat' dir='ltr'><strong>Deum</strong></span> <span class='ocrx_word' id='word_1_224' title='bbox 2794 1304 3023 1366; x_wconf 82' lang='lat' dir='ltr'><strong>negant,</strong></span> <span class='ocrx_word' id='word_1_225' title='bbox 3067 1296 3333 1367; x_wconf 85' lang='lat' dir='ltr'><strong>propheta</strong></span> <span class='ocrx_word' id='word_1_226' title='bbox 3359 1296 3530 1352; x_wconf 86' lang='lat' dir='ltr'><strong>dicit:</strong></span> 
     </span>
    </p>
   </div>
   <div class='ocr_carea' id='block_1_28' title="bbox 1932 1386 3525 1459">
    <p class='ocr_par' dir='ltr' id='par_1_28' title="bbox 1932 1386 3525 1459">
     <span class='ocr_line' id='line_1_28' title="bbox 1932 1386 3525 1459; baseline 0.002 -18"><span class='ocrx_word' id='word_1_227' title='bbox 1932 1386 2056 1456; x_wconf 87' lang='lat' dir='ltr'><strong>quia</strong></span> <span class='ocrx_word' id='word_1_228' title='bbox 2085 1386 2416 1458; x_wconf 88' lang='lat' dir='ltr'><strong>aliquotiens</strong></span> <span class='ocrx_word' id='word_1_229' title='bbox 2446 1387 2588 1443; x_wconf 89' lang='lat' dir='ltr'><strong>bona</strong></span> <span class='ocrx_word' id='word_1_230' title='bbox 2636 1387 2965 1458; x_wconf 91' lang='lat' dir='ltr'><strong>loquuntur:</strong></span> <span class='ocrx_word' id='word_1_231' title='bbox 2999 1402 3297 1459; x_wconf 84' lang='lat' dir='ltr'><strong>numquam</strong></span> <span class='ocrx_word' id='word_1_232' title='bbox 3339 1396 3525 1444; x_wconf 90' lang='lat' dir='ltr'><strong>tamen</strong></span> 
     </span>
    </p>
   </div>
   <div class='ocr_carea' id='block_1_29' title="bbox 1930 1477 2163 1535">
    <p class='ocr_par' dir='ltr' id='par_1_29' title="bbox 1930 1477 2163 1535">
     <span class='ocr_line' id='line_1_29' title="bbox 1930 1477 2163 1535; baseline 0.009 -2"><span class='ocrx_word' id='word_1_233' title='bbox 1930 1477 2163 1535; x_wconf 80' lang='lat' dir='ltr'><strong>faciunt.</strong></span> 
     </span>
    </p>
   </div>
   <div class='ocr_carea' id='block_1_30' title="bbox 2000 1570 3525 1643">
    <p class='ocr_par' dir='ltr' id='par_1_30' title="bbox 2000 1570 3525 1643">
     <span class='ocr_line' id='line_1_30' title="bbox 2000 1570 3525 1643; baseline -0.001 -17"><span class='ocrx_word' id='word_1_234' title='bbox 2000 1570 2259 1629; x_wconf 87' lang='lat' dir='ltr'><strong>Dominus</strong></span> <span class='ocrx_word' id='word_1_235' title='bbox 2287 1572 2352 1628; x_wconf 84' lang='lat' dir='ltr'><strong>de</strong></span> <span class='ocrx_word' id='word_1_236' title='bbox 2380 1572 2508 1629; x_wconf 71' lang='lat' dir='ltr'><strong>creto</strong></span> <span class='ocrx_word' id='word_1_237' title='bbox 2555 1572 2826 1643; x_wconf 77' lang='lat' dir='ltr'><strong>prospexit</strong></span> <span class='ocrx_word' id='word_1_238' title='bbox 2867 1587 3028 1642; x_wconf 85' lang='lat' dir='ltr'><strong>super</strong></span> <span class='ocrx_word' id='word_1_239' title='bbox 3052 1570 3193 1642; x_wconf 79' lang='lat' dir='ltr'><strong>ﬁlios</strong></span> <span class='ocrx_word' id='word_1_240' title='bbox 3226 1571 3525 1637; x_wconf 88' lang='lat' dir='ltr'><strong>hominum,</strong></span> 
     </span>
    </p>
   </div>
   <div class='ocr_carea' id='block_1_31' title="bbox 1929 1671 3523 1745">
    <p class='ocr_par' dir='ltr' id='par_1_31' title="bbox 1929 1671 3523 1745">
     <span class='ocr_line' id='line_1_31' title="bbox 1929 1671 3523 1745; baseline 0.001 -20"><span class='ocrx_word' id='word_1_241' title='bbox 1929 1679 1984 1725; x_wconf 86' lang='lat' dir='ltr'><strong>ut</strong></span> <span class='ocrx_word' id='word_1_242' title='bbox 2013 1672 2181 1727; x_wconf 80' lang='lat' dir='ltr'><strong>videat</strong></span> <span class='ocrx_word' id='word_1_243' title='bbox 2209 1677 2254 1727; x_wconf 86' lang='lat' dir='ltr'><strong>si</strong></span> <span class='ocrx_word' id='word_1_244' title='bbox 2298 1681 2371 1727; x_wconf 79' lang='lat' dir='ltr'><strong>est</strong></span> <span class='ocrx_word' id='word_1_245' title='bbox 2420 1673 2716 1745; x_wconf 76' lang='lat' dir='ltr'><strong>intelligens</strong></span> <span class='ocrx_word' id='word_1_246' title='bbox 2739 1718 2753 1742; x_wconf 90' lang='lat'><strong>,</strong></span> <span class='ocrx_word' id='word_1_247' title='bbox 2785 1680 2876 1727; x_wconf 83' lang='lat' dir='ltr'><strong>aut</strong></span> <span class='ocrx_word' id='word_1_248' title='bbox 2919 1672 3188 1742; x_wconf 84' lang='lat' dir='ltr'><strong>requirens</strong></span> <span class='ocrx_word' id='word_1_249' title='bbox 3226 1671 3523 1727; x_wconf 81' lang='lat' dir='ltr'><strong>Dominum.</strong></span> 
     </span>
    </p>
   </div>
   <div class='ocr_carea' id='block_1_32' title="bbox 1931 1760 3524 1836">
    <p class='ocr_par' dir='ltr' id='par_1_32' title="bbox 1931 1760 3524 1836">
     <span class='ocr_line' id='line_1_32' title="bbox 1931 1760 3524 1836; baseline -0.003 -16"><span class='ocrx_word' id='word_1_250' title='bbox 1931 1764 1986 1820; x_wconf 88' lang='lat' dir='ltr'><strong>Id</strong></span> <span class='ocrx_word' id='word_1_251' title='bbox 2027 1774 2145 1831; x_wconf 90' lang='lat' dir='ltr'><strong>est,</strong></span> <span class='ocrx_word' id='word_1_252' title='bbox 2178 1773 2240 1820; x_wconf 91' lang='lat' dir='ltr'><strong>ut</strong></span> <span class='ocrx_word' id='word_1_253' title='bbox 2280 1764 2559 1821; x_wconf 88' lang='lat' dir='ltr'><strong>inveniret</strong></span> <span class='ocrx_word' id='word_1_254' title='bbox 2587 1780 2725 1835; x_wconf 87' lang='lat' dir='ltr'><strong>quos</strong></span> <span class='ocrx_word' id='word_1_255' title='bbox 2762 1764 3031 1836; x_wconf 84' lang='lat' dir='ltr'><strong>eligeret:</strong></span> <span class='ocrx_word' id='word_1_256' title='bbox 3081 1764 3223 1819; x_wconf 89' lang='lat' dir='ltr'><strong>sicut</strong></span> <span class='ocrx_word' id='word_1_257' title='bbox 3250 1760 3524 1833; x_wconf 91' lang='lat' dir='ltr'><strong>quondam</strong></span> 
     </span>
    </p>
   </div>
   <div class='ocr_carea' id='block_1_33' title="bbox 222 1852 3522 1928">
    <p class='ocr_par' dir='ltr' id='par_1_33' title="bbox 222 1852 3522 1928">
     <span class='ocr_line' id='line_1_33' title="bbox 222 1852 3522 1928; baseline 0.001 -20"><span class='ocrx_word' id='word_1_258' title='bbox 222 1852 375 1908; x_wconf 87' lang='lat' dir='ltr'><strong>enim</strong></span> <span class='ocrx_word' id='word_1_259' title='bbox 431 1852 579 1908; x_wconf 88' lang='lat' dir='ltr'><strong>Deus</strong></span> <span class='ocrx_word' id='word_1_260' title='bbox 623 1854 828 1909; x_wconf 89' lang='lat' dir='ltr'><strong>veteris</strong></span> <span class='ocrx_word' id='word_1_261' title='bbox 883 1854 1115 1926; x_wconf 88' lang='lat' dir='ltr'><strong>novique</strong></span> <span class='ocrx_word' id='word_1_262' title='bbox 1161 1855 1498 1911; x_wconf 88' lang='lat' dir='ltr'><strong>Testamenti</strong></span> <span class='ocrx_word' id='word_1_263' title='bbox 1552 1856 1812 1927; x_wconf 90' lang='lat' dir='ltr'><strong>prolator.</strong></span> <span class='ocrx_word' id='word_1_264' title='bbox 1851 1856 1980 1925; x_wconf 81' lang='lat' dir='ltr'><strong>Bin</strong></span> <span class='ocrx_word' id='word_1_265' title='bbox 2037 1857 2319 1928; x_wconf 85' lang='lat' dir='ltr'><strong>prophetis</strong></span> <span class='ocrx_word' id='word_1_266' title='bbox 2384 1857 2822 1928; x_wconf 88' lang='lat' dir='ltr'><strong>patriarchisque</strong></span> <span class='ocrx_word' id='word_1_267' title='bbox 2888 1857 3060 1913; x_wconf 81' lang='lat' dir='ltr'><strong>fecit:</strong></span> <span class='ocrx_word' id='word_1_268' title='bbox 3125 1857 3522 1928; x_wconf 89' lang='lat' dir='ltr'><strong>inventumque</strong></span> 
     </span>
    </p>
   </div>
   <div class='ocr_carea' id='block_1_34' title="bbox 223 1944 1812 2018">
    <p class='ocr_par' dir='ltr' id='par_1_34' title="bbox 223 1944 1812 2018">
     <span class='ocr_line' id='line_1_34' title="bbox 223 1944 1812 2018; baseline 0.003 -17"><span class='ocrx_word' id='word_1_269' title='bbox 223 1944 379 2001; x_wconf 81' lang='lat' dir='ltr'><strong>Oliva</strong></span> <span class='ocrx_word' id='word_1_270' title='bbox 435 1946 745 2018; x_wconf 77' lang='lat' dir='ltr'><strong>fructifera,</strong></span> <span class='ocrx_word' id='word_1_271' title='bbox 798 1958 982 2004; x_wconf 88' lang='lat' dir='ltr'><strong>sancta</strong></span> <span class='ocrx_word' id='word_1_272' title='bbox 1041 1948 1285 2006; x_wconf 89' lang='lat' dir='ltr'><strong>Ecclesia</strong></span> <span class='ocrx_word' id='word_1_273' title='bbox 1337 1960 1466 2006; x_wconf 88' lang='lat' dir='ltr'><strong>est:</strong></span> <span class='ocrx_word' id='word_1_274' title='bbox 1525 1958 1584 2006; x_wconf 91' lang='lat' dir='ltr'><strong>ut</strong></span> <span class='ocrx_word' id='word_1_275' title='bbox 1636 1950 1812 2006; x_wconf 89' lang='lat' dir='ltr'><strong>illud:</strong></span> 
     </span>
    </p>
   </div>
   <div class='ocr_carea' id='block_1_35' title="bbox 217 2041 1815 2122">
    <p class='ocr_par' dir='ltr' id='par_1_35' title="bbox 217 2041 1815 2122">
     <span class='ocr_line' id='line_1_35' title="bbox 217 2041 1815 2122; baseline 0.004 -23"><span class='ocrx_word' id='word_1_276' title='bbox 217 2041 612 2114; x_wconf 86' lang='lat' dir='ltr'><strong>Promptuaria</strong></span> <span class='ocrx_word' id='word_1_277' title='bbox 636 2058 825 2100; x_wconf 91' lang='lat' dir='ltr'><strong>eorum</strong></span> <span class='ocrx_word' id='word_1_278' title='bbox 852 2046 1034 2118; x_wconf 91' lang='lat' dir='ltr'><strong>plena,</strong></span> <span class='ocrx_word' id='word_1_279' title='bbox 1066 2049 1367 2104; x_wconf 88' lang='lat' dir='ltr'><strong>eructantia</strong></span> <span class='ocrx_word' id='word_1_280' title='bbox 1393 2046 1565 2115; x_wconf 87' lang='lat' dir='ltr'><strong>(Psal.</strong></span> <span class='ocrx_word' id='word_1_281' title='bbox 1593 2052 1815 2122; x_wconf 82' lang='lat' dir='ltr'><strong>cxun).</strong></span> 
     </span>
    </p>
   </div>
   <div class='ocr_carea' id='block_1_36' title="bbox 219 2134 1805 2209">
    <p class='ocr_par' dir='ltr' id='par_1_36' title="bbox 219 2134 1805 2209">
     <span class='ocr_line' id='line_1_36' title="bbox 219 2134 1805 2209; baseline 0.006 -19"><span class='ocrx_word' id='word_1_282' title='bbox 219 2134 404 2192; x_wconf 86' lang='lat' dir='ltr'><strong>Hicin</strong></span> <span class='ocrx_word' id='word_1_283' title='bbox 451 2135 653 2192; x_wconf 85' lang='lat' dir='ltr'><strong>bonam</strong></span> <span class='ocrx_word' id='word_1_284' title='bbox 706 2145 939 2209; x_wconf 86' lang='lat' dir='ltr'><strong>partem.</strong></span> <span class='ocrx_word' id='word_1_285' title='bbox 972 2138 1105 2197; x_wconf 91' lang='lat' dir='ltr'><strong>Item</strong></span> <span class='ocrx_word' id='word_1_286' title='bbox 1134 2141 1279 2197; x_wconf 86' lang='lat' dir='ltr'><strong>oliva</strong></span> <span class='ocrx_word' id='word_1_287' title='bbox 1327 2156 1434 2197; x_wconf 92' lang='lat' dir='ltr'><strong>non</strong></span> <span class='ocrx_word' id='word_1_288' title='bbox 1487 2141 1805 2200; x_wconf 79' lang='lat' dir='ltr'><strong>fructifera:</strong></span> 
     </span>
    </p>
   </div>
   <div class='ocr_carea' id='block_1_37' title="bbox 212 2227 1803 2303">
    <p class='ocr_par' dir='ltr' id='par_1_37' title="bbox 212 2227 1803 2303">
     <span class='ocr_line' id='line_1_37' title="bbox 212 2227 1803 2303; baseline 0.006 -20"><span class='ocrx_word' id='word_1_289' title='bbox 212 2227 357 2284; x_wconf 87' lang='lat' dir='ltr'><strong>sicut</strong></span> <span class='ocrx_word' id='word_1_290' title='bbox 380 2228 459 2284; x_wconf 89' lang='lat' dir='ltr'><strong>ait</strong></span> <span class='ocrx_word' id='word_1_291' title='bbox 487 2229 746 2301; x_wconf 86' lang='lat' dir='ltr'><strong>propheta</strong></span> <span class='ocrx_word' id='word_1_292' title='bbox 774 2248 788 2286; x_wconf 91' lang='lat'><strong>:</strong></span> <span class='ocrx_word' id='word_1_293' title='bbox 824 2231 1044 2289; x_wconf 77' lang='lat' dir='ltr'><strong>Vocavit</strong></span> <span class='ocrx_word' id='word_1_294' title='bbox 1073 2233 1337 2290; x_wconf 90' lang='lat' dir='ltr'><strong>Dominus</strong></span> <span class='ocrx_word' id='word_1_295' title='bbox 1367 2249 1564 2291; x_wconf 87' lang='lat' dir='ltr'><strong>nomen</strong></span> <span class='ocrx_word' id='word_1_296' title='bbox 1608 2246 1760 2292; x_wconf 91' lang='lat' dir='ltr'><strong>tuum</strong></span> <span class='ocrx_word' id='word_1_297' title='bbox 1786 2278 1803 2303; x_wconf 86' lang='lat'><strong>,</strong></span> 
     </span>
    </p>
   </div>
   <div class='ocr_carea' id='block_1_38' title="bbox 213 2317 1810 2400">
    <p class='ocr_par' dir='ltr' id='par_1_38' title="bbox 213 2317 1810 2400">
     <span class='ocr_line' id='line_1_38' title="bbox 213 2317 1810 2400; baseline 0.006 -24"><span class='ocrx_word' id='word_1_298' title='bbox 213 2335 245 2376; x_wconf 89' lang='lat' dir='ltr'><strong>a</strong></span> <span class='ocrx_word' id='word_1_299' title='bbox 271 2317 405 2378; x_wconf 83' lang='lat' dir='ltr'><strong>voce</strong></span> <span class='ocrx_word' id='word_1_300' title='bbox 436 2322 668 2394; x_wconf 86' lang='lat' dir='ltr'><strong>loquelae</strong></span> <span class='ocrx_word' id='word_1_301' title='bbox 694 2325 919 2396; x_wconf 82' lang='lat' dir='ltr'><strong>grandis</strong></span> <span class='ocrx_word' id='word_1_302' title='bbox 949 2327 1153 2383; x_wconf 86' lang='lat' dir='ltr'><strong>exarsit</strong></span> <span class='ocrx_word' id='word_1_303' title='bbox 1186 2328 1326 2400; x_wconf 86' lang='lat' dir='ltr'><strong>ignis</strong></span> <span class='ocrx_word' id='word_1_304' title='bbox 1356 2330 1409 2385; x_wconf 92' lang='lat' dir='ltr'><strong>in</strong></span> <span class='ocrx_word' id='word_1_305' title='bbox 1441 2344 1503 2386; x_wconf 88' lang='lat' dir='ltr'><strong>ea</strong></span> <span class='ocrx_word' id='word_1_306' title='bbox 1532 2347 1546 2388; x_wconf 93' lang='lat'><strong>:</strong></span> <span class='ocrx_word' id='word_1_307' title='bbox 1582 2342 1638 2388; x_wconf 91' lang='lat' dir='ltr'><strong>et</strong></span> <span class='ocrx_word' id='word_1_308' title='bbox 1659 2346 1810 2386; x_wconf 88' lang='lat' dir='ltr'><strong>com-</strong></span> 
     </span>
    </p>
   </div>
   <div class='ocr_carea' id='block_1_39' title="bbox 214 2414 1809 2495">
    <p class='ocr_par' dir='ltr' id='par_1_39' title="bbox 214 2414 1809 2495">
     <span class='ocr_line' id='line_1_39' title="bbox 214 2414 1809 2495; baseline 0.009 -25"><span class='ocrx_word' id='word_1_309' title='bbox 214 2414 374 2472; x_wconf 73' lang='lat' dir='ltr'><strong>busta</strong></span> <span class='ocrx_word' id='word_1_310' title='bbox 400 2424 531 2472; x_wconf 89' lang='lat' dir='ltr'><strong>sunt</strong></span> <span class='ocrx_word' id='word_1_311' title='bbox 550 2415 750 2474; x_wconf 88' lang='lat' dir='ltr'><strong>fruteta</strong></span> <span class='ocrx_word' id='word_1_312' title='bbox 784 2419 902 2491; x_wconf 88' lang='lat' dir='ltr'><strong>cjns</strong></span> <span class='ocrx_word' id='word_1_313' title='bbox 932 2419 1142 2494; x_wconf 85' lang='lat' dir='ltr'><strong>(Jerem.</strong></span> <span class='ocrx_word' id='word_1_314' title='bbox 1169 2422 1270 2495; x_wconf 72' lang='grc' dir='ltr'>ιι).</span> <span class='ocrx_word' id='word_1_315' title='bbox 1302 2424 1369 2480; x_wconf 86' lang='grc' dir='ltr'>Ει</span> <span class='ocrx_word' id='word_1_316' title='bbox 1399 2424 1529 2480; x_wconf 91' lang='lat' dir='ltr'><strong>illud</strong></span> <span class='ocrx_word' id='word_1_317' title='bbox 1557 2443 1571 2480; x_wconf 89' lang='lat'><strong>:</strong></span> <span class='ocrx_word' id='word_1_318' title='bbox 1600 2424 1809 2484; x_wconf 87' lang='lat' dir='ltr'><strong>Olivam</strong></span> 
     </span>
    </p>
   </div>
   <div class='ocr_carea' id='block_1_40' title="bbox 212 2511 1806 2594">
    <p class='ocr_par' dir='ltr' id='par_1_40' title="bbox 212 2511 1806 2594">
     <span class='ocr_line' id='line_1_40' title="bbox 212 2511 1806 2594; baseline 0.01 -28"><span class='ocrx_word' id='word_1_319' title='bbox 212 2511 474 2579; x_wconf 85' lang='lat' dir='ltr'><strong>uberem,</strong></span> <span class='ocrx_word' id='word_1_320' title='bbox 507 2512 812 2583; x_wconf 89' lang='lat' dir='ltr'><strong>pulchram,</strong></span> <span class='ocrx_word' id='word_1_321' title='bbox 844 2514 1217 2582; x_wconf 86' lang='lat' dir='ltr'><strong>fructiferam,</strong></span> <span class='ocrx_word' id='word_1_322' title='bbox 1250 2519 1555 2589; x_wconf 87' lang='lat' dir='ltr'><strong>speciosam</strong></span> <span class='ocrx_word' id='word_1_323' title='bbox 1581 2518 1806 2594; x_wconf 77' lang='lat' dir='ltr'><strong>(Ibid.):</strong></span> 
     </span>
    </p>
   </div>
   <div class='ocr_carea' id='block_1_41' title="bbox 213 2602 1808 2683">
    <p class='ocr_par' dir='ltr' id='par_1_41' title="bbox 213 2602 1808 2683">
     <span class='ocr_line' id='line_1_41' title="bbox 213 2602 1808 2683; baseline 0.008 -25"><span class='ocrx_word' id='word_1_324' title='bbox 213 2602 309 2659; x_wconf 89' lang='lat' dir='ltr'><strong>sed</strong></span> <span class='ocrx_word' id='word_1_325' title='bbox 327 2618 597 2661; x_wconf 85' lang='lat' dir='ltr'><strong>conversa</strong></span> <span class='ocrx_word' id='word_1_326' title='bbox 626 2620 689 2662; x_wconf 90' lang='lat' dir='ltr'><strong>es</strong></span> <span class='ocrx_word' id='word_1_327' title='bbox 720 2607 772 2662; x_wconf 92' lang='lat' dir='ltr'><strong>in</strong></span> <span class='ocrx_word' id='word_1_328' title='bbox 797 2607 1119 2667; x_wconf 86' lang='lat' dir='ltr'><strong>oleastrum.</strong></span> <span class='ocrx_word' id='word_1_329' title='bbox 1140 2608 1271 2665; x_wconf 90' lang='lat' dir='ltr'><strong>Item</strong></span> <span class='ocrx_word' id='word_1_330' title='bbox 1292 2608 1347 2666; x_wconf 91' lang='lat' dir='ltr'><strong>in</strong></span> <span class='ocrx_word' id='word_1_331' title='bbox 1375 2611 1574 2667; x_wconf 89' lang='lat' dir='ltr'><strong>bonam</strong></span> <span class='ocrx_word' id='word_1_332' title='bbox 1600 2624 1808 2683; x_wconf 90' lang='lat' dir='ltr'><strong>partem</strong></span> 
     </span>
    </p>
   </div>
   <div class='ocr_carea' id='block_1_42' title="bbox 211 2693 1807 2767">
    <p class='ocr_par' dir='ltr' id='par_1_42' title="bbox 211 2693 1807 2767">
     <span class='ocr_line' id='line_1_42' title="bbox 211 2693 1807 2767; baseline 0.007 -17"><span class='ocrx_word' id='word_1_333' title='bbox 211 2693 386 2750; x_wconf 90' lang='lat' dir='ltr'><strong>dicit:</strong></span> <span class='ocrx_word' id='word_1_334' title='bbox 419 2694 498 2750; x_wconf 90' lang='lat' dir='ltr'><strong>Tu</strong></span> <span class='ocrx_word' id='word_1_335' title='bbox 540 2704 722 2752; x_wconf 91' lang='lat' dir='ltr'><strong>autem</strong></span> <span class='ocrx_word' id='word_1_336' title='bbox 754 2713 876 2753; x_wconf 92' lang='lat' dir='ltr'><strong>cum</strong></span> <span class='ocrx_word' id='word_1_337' title='bbox 908 2699 1153 2757; x_wconf 87' lang='lat' dir='ltr'><strong>oleaster</strong></span> <span class='ocrx_word' id='word_1_338' title='bbox 1183 2715 1367 2767; x_wconf 87' lang='lat' dir='ltr'><strong>esses,</strong></span> <span class='ocrx_word' id='word_1_339' title='bbox 1400 2703 1638 2759; x_wconf 91' lang='lat' dir='ltr'><strong>insertus</strong></span> <span class='ocrx_word' id='word_1_340' title='bbox 1662 2719 1722 2760; x_wconf 91' lang='lat' dir='ltr'><strong>es</strong></span> <span class='ocrx_word' id='word_1_341' title='bbox 1752 2705 1807 2761; x_wconf 92' lang='lat' dir='ltr'><strong>in</strong></span> 
     </span>
    </p>
   </div>
   <div class='ocr_carea' id='block_1_43' title="bbox 212 2785 1809 2865">
    <p class='ocr_par' dir='ltr' id='par_1_43' title="bbox 212 2785 1809 2865">
     <span class='ocr_line' id='line_1_43' title="bbox 212 2785 1809 2865; baseline 0.008 -25"><span class='ocrx_word' id='word_1_342' title='bbox 212 2785 413 2842; x_wconf 88' lang='lat' dir='ltr'><strong>bonam</strong></span> <span class='ocrx_word' id='word_1_343' title='bbox 440 2787 636 2844; x_wconf 87' lang='lat' dir='ltr'><strong>olivam</strong></span> <span class='ocrx_word' id='word_1_344' title='bbox 672 2789 865 2861; x_wconf 82' lang='lat' dir='ltr'><strong>(Rom.</strong></span> <span class='ocrx_word' id='word_1_345' title='bbox 897 2792 989 2863; x_wconf 73' lang='grc' dir='ltr'>ιι)</span> <span class='ocrx_word' id='word_1_346' title='bbox 1020 2809 1034 2847; x_wconf 90' lang='lat'><strong>:</strong></span> <span class='ocrx_word' id='word_1_347' title='bbox 1068 2791 1120 2847; x_wconf 89' lang='lat' dir='ltr'><strong>id</strong></span> <span class='ocrx_word' id='word_1_348' title='bbox 1144 2802 1258 2860; x_wconf 88' lang='lat' dir='ltr'><strong>est,</strong></span> <span class='ocrx_word' id='word_1_349' title='bbox 1292 2793 1345 2848; x_wconf 93' lang='lat' dir='ltr'><strong>in</strong></span> <span class='ocrx_word' id='word_1_350' title='bbox 1381 2795 1542 2851; x_wconf 86' lang='lat' dir='ltr'><strong>Iidem</strong></span> <span class='ocrx_word' id='word_1_351' title='bbox 1577 2800 1809 2865; x_wconf 87' lang='lat' dir='ltr'><strong>patriar-</strong></span> 
     </span>
    </p>
   </div>
   <div class='ocr_carea' id='block_1_44' title="bbox 209 2880 1806 2959">
    <p class='ocr_par' dir='ltr' id='par_1_44' title="bbox 209 2880 1806 2959">
     <span class='ocr_line' id='line_1_44' title="bbox 209 2880 1806 2959; baseline 0.007 -22"><span class='ocrx_word' id='word_1_352' title='bbox 209 2880 465 2939; x_wconf 84' lang='lat' dir='ltr'><strong>charum.</strong></span> <span class='ocrx_word' id='word_1_353' title='bbox 497 2882 714 2957; x_wconf 77' lang='lat' dir='ltr'><strong>Speraui</strong></span> <span class='ocrx_word' id='word_1_354' title='bbox 750 2886 805 2940; x_wconf 91' lang='lat' dir='ltr'><strong>in</strong></span> <span class='ocrx_word' id='word_1_355' title='bbox 835 2886 1189 2942; x_wconf 79' lang='lat' dir='ltr'><strong>misericordia</strong></span> <span class='ocrx_word' id='word_1_356' title='bbox 1224 2886 1319 2943; x_wconf 86' lang='lat' dir='ltr'><strong>Dei</strong></span> <span class='ocrx_word' id='word_1_357' title='bbox 1345 2889 1399 2943; x_wconf 90' lang='lat' dir='ltr'><strong>in</strong></span> <span class='ocrx_word' id='word_1_358' title='bbox 1440 2897 1726 2959; x_wconf 68' lang='lat' dir='ltr'><strong>arternum,</strong></span> <span class='ocrx_word' id='word_1_359' title='bbox 1757 2900 1806 2948; x_wconf 89' lang='lat' dir='ltr'><strong>et</strong></span> 
     </span>
    </p>
   </div>
   <div class='ocr_carea' id='block_1_45' title="bbox 194 2972 1808 3053">
    <p class='ocr_par' dir='ltr' id='par_1_45' title="bbox 194 2972 1808 3053">
     <span class='ocr_line' id='line_1_45' title="bbox 194 2972 1808 3053; baseline 0.007 -24"><span class='ocrx_word' id='word_1_360' title='bbox 194 2974 267 3029; x_wconf 81' lang='lat' dir='ltr'><strong>’in</strong></span> <span class='ocrx_word' id='word_1_361' title='bbox 297 2972 545 3031; x_wconf 79' lang='lat' dir='ltr'><strong>stvculum</strong></span> <span class='ocrx_word' id='word_1_362' title='bbox 571 2977 770 3032; x_wconf 68' lang='lat' dir='ltr'><strong>saeculi.</strong></span> <span class='ocrx_word' id='word_1_363' title='bbox 797 2975 939 3045; x_wconf 86' lang='lat' dir='ltr'><strong>Quia</strong></span> <span class='ocrx_word' id='word_1_364' title='bbox 969 2992 1075 3033; x_wconf 89' lang='lat' dir='ltr'><strong>non</strong></span> <span class='ocrx_word' id='word_1_365' title='bbox 1107 2989 1190 3034; x_wconf 90' lang='lat' dir='ltr'><strong>est</strong></span> <span class='ocrx_word' id='word_1_366' title='bbox 1214 2978 1465 3037; x_wconf 73' lang='lat' dir='ltr'><strong>humana:</strong></span> <span class='ocrx_word' id='word_1_367' title='bbox 1495 2980 1808 3053; x_wconf 79' lang='lat' dir='ltr'><strong>fragilitatis</strong></span> 
     </span>
    </p>
   </div>
   <div class='ocr_carea' id='block_1_46' title="bbox 210 3065 1807 3145">
    <p class='ocr_par' dir='ltr' id='par_1_46' title="bbox 210 3065 1807 3145">
     <span class='ocr_line' id='line_1_46' title="bbox 210 3065 1807 3145; baseline 0.008 -25"><span class='ocrx_word' id='word_1_368' title='bbox 210 3065 463 3135; x_wconf 78' lang='lat' dir='ltr'><strong>facultas,</strong></span> <span class='ocrx_word' id='word_1_369' title='bbox 499 3078 559 3121; x_wconf 91' lang='lat' dir='ltr'><strong>ut</strong></span> <span class='ocrx_word' id='word_1_370' title='bbox 587 3082 684 3139; x_wconf 88' lang='lat' dir='ltr'><strong>per</strong></span> <span class='ocrx_word' id='word_1_371' title='bbox 722 3083 783 3126; x_wconf 91' lang='lat' dir='ltr'><strong>se</strong></span> <span class='ocrx_word' id='word_1_372' title='bbox 810 3070 933 3142; x_wconf 90' lang='lat' dir='ltr'><strong>quis</strong></span> <span class='ocrx_word' id='word_1_373' title='bbox 960 3071 1144 3128; x_wconf 88' lang='lat' dir='ltr'><strong>salvus</strong></span> <span class='ocrx_word' id='word_1_374' title='bbox 1175 3071 1288 3143; x_wconf 82' lang='lat' dir='ltr'><strong>ﬁat,</strong></span> <span class='ocrx_word' id='word_1_375' title='bbox 1323 3073 1418 3129; x_wconf 89' lang='lat' dir='ltr'><strong>sed</strong></span> <span class='ocrx_word' id='word_1_376' title='bbox 1459 3089 1558 3145; x_wconf 90' lang='lat' dir='ltr'><strong>per</strong></span> <span class='ocrx_word' id='word_1_377' title='bbox 1587 3077 1807 3133; x_wconf 86' lang='lat' dir='ltr'><strong>miseri-</strong></span> 
     </span>
    </p>
   </div>
   <div class='ocr_carea' id='block_1_47' title="bbox 206 3157 597 3217">
    <p class='ocr_par' dir='ltr' id='par_1_47' title="bbox 206 3157 597 3217">
     <span class='ocr_line' id='line_1_47' title="bbox 206 3157 597 3217; baseline 0.005 -3"><span class='ocrx_word' id='word_1_378' title='bbox 206 3157 452 3217; x_wconf 88' lang='lat' dir='ltr'><strong>eordiam</strong></span> <span class='ocrx_word' id='word_1_379' title='bbox 482 3160 597 3217; x_wconf 89' lang='lat' dir='ltr'><strong>Dei.</strong></span> 
     </span>
    </p>
   </div>
   <div class='ocr_carea' id='block_1_48' title="bbox 1925 1947 3525 2021">
    <p class='ocr_par' dir='ltr' id='par_1_48' title="bbox 1925 1947 3525 2021">
     <span class='ocr_line' id='line_1_48' title="bbox 1925 1947 3525 2021; baseline -0.001 -17"><span class='ocrx_word' id='word_1_380' title='bbox 1925 1957 2195 2021; x_wconf 85' lang='lat' dir='ltr'><strong>tamquam</strong></span> <span class='ocrx_word' id='word_1_381' title='bbox 2244 1950 2527 2021; x_wconf 89' lang='lat' dir='ltr'><strong>proprium</strong></span> <span class='ocrx_word' id='word_1_382' title='bbox 2579 1949 2920 2020; x_wconf 89' lang='lat' dir='ltr'><strong>manciparet</strong></span> <span class='ocrx_word' id='word_1_383' title='bbox 2963 1949 3267 2004; x_wconf 89' lang='lat' dir='ltr'><strong>alumnum.</strong></span> <span class='ocrx_word' id='word_1_384' title='bbox 3302 1947 3525 2017; x_wconf 79' lang='lat' dir='ltr'><strong>Pl‘OSpi-</strong></span> 
     </span>
    </p>
   </div>
   <div class='ocr_carea' id='block_1_49' title="bbox 1921 2038 3521 2113">
    <p class='ocr_par' dir='ltr' id='par_1_49' title="bbox 1921 2038 3521 2113">
     <span class='ocr_line' id='line_1_49' title="bbox 1921 2038 3521 2113; baseline -0.002 -16"><span class='ocrx_word' id='word_1_385' title='bbox 1921 2055 2047 2097; x_wconf 88' lang='lat' dir='ltr'><strong>cere</strong></span> <span class='ocrx_word' id='word_1_386' title='bbox 2076 2050 2130 2096; x_wconf 91' lang='lat' dir='ltr'><strong>et</strong></span> <span class='ocrx_word' id='word_1_387' title='bbox 2151 2040 2355 2107; x_wconf 88' lang='lat' dir='ltr'><strong>videre,</strong></span> <span class='ocrx_word' id='word_1_388' title='bbox 2385 2042 2693 2113; x_wconf 88' lang='lat' dir='ltr'><strong>ignorantis</strong></span> <span class='ocrx_word' id='word_1_389' title='bbox 2718 2050 2773 2097; x_wconf 90' lang='lat' dir='ltr'><strong>et</strong></span> <span class='ocrx_word' id='word_1_390' title='bbox 2792 2040 3091 2113; x_wconf 66' lang='lat' dir='ltr'><strong>quaerentis</strong></span> <span class='ocrx_word' id='word_1_391' title='bbox 3117 2048 3222 2096; x_wconf 92' lang='lat' dir='ltr'><strong>est.</strong></span> <span class='ocrx_word' id='word_1_392' title='bbox 3248 2038 3521 2109; x_wconf 89' lang='lat' dir='ltr'><strong>Numquid</strong></span> 
     </span>
    </p>
   </div>
   <div class='ocr_carea' id='block_1_50' title="bbox 1922 2131 3519 2204">
    <p class='ocr_par' dir='ltr' id='par_1_50' title="bbox 1922 2131 3519 2204">
     <span class='ocr_line' id='line_1_50' title="bbox 1922 2131 3519 2204; baseline -0.001 -17"><span class='ocrx_word' id='word_1_393' title='bbox 1922 2131 2065 2187; x_wconf 89' lang='lat' dir='ltr'><strong>Deus</strong></span> <span class='ocrx_word' id='word_1_394' title='bbox 2096 2132 2303 2203; x_wconf 90' lang='lat' dir='ltr'><strong>aliquid</strong></span> <span class='ocrx_word' id='word_1_395' title='bbox 2352 2133 2606 2204; x_wconf 82' lang='lat' dir='ltr'><strong>ignorat?</strong></span> <span class='ocrx_word' id='word_1_396' title='bbox 2644 2132 2801 2200; x_wconf 86' lang='lat' dir='ltr'><strong>Non,</strong></span> <span class='ocrx_word' id='word_1_397' title='bbox 2839 2132 2933 2188; x_wconf 86' lang='lat' dir='ltr'><strong>sed</strong></span> <span class='ocrx_word' id='word_1_398' title='bbox 2973 2131 3103 2188; x_wconf 63' lang='lat' dir='ltr'><strong>caeli</strong></span> <span class='ocrx_word' id='word_1_399' title='bbox 3134 2131 3311 2187; x_wconf 87' lang='lat' dir='ltr'><strong>sancti</strong></span> <span class='ocrx_word' id='word_1_400' title='bbox 3351 2141 3519 2187; x_wconf 90' lang='lat' dir='ltr'><strong>sunt:</strong></span> 
     </span>
    </p>
   </div>
   <div class='ocr_carea' id='block_1_51' title="bbox 1924 2223 3511 2296">
    <p class='ocr_par' dir='ltr' id='par_1_51' title="bbox 1924 2223 3511 2296">
     <span class='ocr_line' id='line_1_51' title="bbox 1924 2223 3511 2296; baseline -0.001 -17"><span class='ocrx_word' id='word_1_401' title='bbox 1924 2233 1982 2279; x_wconf 92' lang='lat' dir='ltr'><strong>ut</strong></span> <span class='ocrx_word' id='word_1_402' title='bbox 2009 2226 2086 2279; x_wconf 87' lang='lat' dir='ltr'><strong>ait</strong></span> <span class='ocrx_word' id='word_1_403' title='bbox 2129 2225 2393 2296; x_wconf 83' lang='lat' dir='ltr'><strong>prepheta</strong></span> <span class='ocrx_word' id='word_1_404' title='bbox 2428 2242 2441 2279; x_wconf 93' lang='lat'><strong>:</strong></span> <span class='ocrx_word' id='word_1_405' title='bbox 2476 2223 2609 2281; x_wconf 77' lang='grc' dir='ltr'><strong>ϐωιί</strong></span> <span class='ocrx_word' id='word_1_406' title='bbox 2659 2233 2924 2282; x_wconf 89' lang='lat' dir='ltr'><strong>enarrant</strong></span> <span class='ocrx_word' id='word_1_407' title='bbox 2950 2226 3182 2296; x_wconf 86' lang='lat' dir='ltr'><strong>gloriam</strong></span> <span class='ocrx_word' id='word_1_408' title='bbox 3205 2223 3303 2280; x_wconf 93' lang='lat' dir='ltr'><strong>Dei</strong></span> <span class='ocrx_word' id='word_1_409' title='bbox 3339 2223 3511 2295; x_wconf 86' lang='lat' dir='ltr'><strong>(Psal.</strong></span> 
     </span>
    </p>
   </div>
   <div class='ocr_carea' id='block_1_52' title="bbox 1920 2316 3514 2413">
    <p class='ocr_par' dir='ltr' id='par_1_52' title="bbox 1920 2316 3514 2413">
     <span class='ocr_line' id='line_1_52' title="bbox 1920 2316 3514 2413; baseline -0.001 -40"><span class='ocrx_word' id='word_1_410' title='bbox 1920 2318 2108 2388; x_wconf 72' lang='lat' dir='ltr'><strong>svnt).</strong></span> <span class='ocrx_word' id='word_1_411' title='bbox 2158 2316 2227 2372; x_wconf 86' lang='lat' dir='ltr'><strong>Et</strong></span> <span class='ocrx_word' id='word_1_412' title='bbox 2278 2317 2408 2372; x_wconf 89' lang='lat' dir='ltr'><strong>alibi</strong></span> <span class='ocrx_word' id='word_1_413' title='bbox 2460 2317 2619 2386; x_wconf 78' lang='lat' dir='ltr'><strong>juxta</strong></span> <span class='ocrx_word' id='word_1_414' title='bbox 2668 2318 3038 2413; x_wconf 50' lang='lat' dir='ltr'><strong>Apostoltt&#39;m:</strong></span> <span class='ocrx_word' id='word_1_415' title='bbox 3087 2317 3514 2392; x_wconf 37' lang='lat' dir='ltr'><strong>Nostra-autem</strong></span> 
     </span>
    </p>
   </div>
   <div class='ocr_carea' id='block_1_53' title="bbox 1913 2411 3509 2485">
    <p class='ocr_par' dir='ltr' id='par_1_53' title="bbox 1913 2411 3509 2485">
     <span class='ocr_line' id='line_1_53' title="bbox 1913 2411 3509 2485; baseline 0.001 -18"><span class='ocrx_word' id='word_1_416' title='bbox 1913 2411 2258 2468; x_wconf 87' lang='lat' dir='ltr'><strong>conversatio</strong></span> <span class='ocrx_word' id='word_1_417' title='bbox 2286 2411 2338 2467; x_wconf 93' lang='lat' dir='ltr'><strong>in</strong></span> <span class='ocrx_word' id='word_1_418' title='bbox 2371 2411 2529 2468; x_wconf 62' lang='lat' dir='ltr'><strong>caelis</strong></span> <span class='ocrx_word' id='word_1_419' title='bbox 2558 2422 2643 2469; x_wconf 86' lang='lat' dir='ltr'><strong>est</strong></span> <span class='ocrx_word' id='word_1_420' title='bbox 2674 2411 3082 2485; x_wconf 63' lang='lat' dir='ltr'><strong>(Pltilip.&#39;m):</strong></span> <span class='ocrx_word' id='word_1_421' title='bbox 3116 2413 3240 2483; x_wconf 89' lang='lat' dir='ltr'><strong>quia</strong></span> <span class='ocrx_word' id='word_1_422' title='bbox 3274 2411 3509 2483; x_wconf 88' lang='lat' dir='ltr'><strong>Spiritus</strong></span> 
     </span>
    </p>
   </div>
   <div class='ocr_carea' id='block_1_54' title="bbox 1912 2503 3513 2576">
    <p class='ocr_par' dir='ltr' id='par_1_54' title="bbox 1912 2503 3513 2576">
     <span class='ocr_line' id='line_1_54' title="bbox 1912 2503 3513 2576; baseline -0.001 -15"><span class='ocrx_word' id='word_1_423' title='bbox 1912 2516 2135 2561; x_wconf 89' lang='lat' dir='ltr'><strong>sanctus</strong></span> <span class='ocrx_word' id='word_1_424' title='bbox 2162 2504 2303 2573; x_wconf 78' lang='lat' dir='ltr'><strong>facit</strong></span> <span class='ocrx_word' id='word_1_425' title='bbox 2351 2514 2570 2560; x_wconf 89' lang='lat' dir='ltr'><strong>sanctos</strong></span> <span class='ocrx_word' id='word_1_426' title='bbox 2613 2519 2799 2560; x_wconf 88' lang='lat' dir='ltr'><strong>amare</strong></span> <span class='ocrx_word' id='word_1_427' title='bbox 2841 2513 2896 2560; x_wconf 92' lang='lat' dir='ltr'><strong>et</strong></span> <span class='ocrx_word' id='word_1_428' title='bbox 2936 2503 3167 2576; x_wconf 86' lang='lat' dir='ltr'><strong>diligere</strong></span> <span class='ocrx_word' id='word_1_429' title='bbox 3210 2503 3412 2570; x_wconf 90' lang='lat' dir='ltr'><strong>Deum,</strong></span> <span class='ocrx_word' id='word_1_430' title='bbox 3458 2513 3513 2560; x_wconf 90' lang='lat' dir='ltr'><strong>et</strong></span> 
     </span>
    </p>
   </div>
   <div class='ocr_carea' id='block_1_55' title="bbox 1910 2597 3505 2671">
    <p class='ocr_par' dir='ltr' id='par_1_55' title="bbox 1910 2597 3505 2671">
     <span class='ocr_line' id='line_1_55' title="bbox 1910 2597 3505 2671; baseline -0.002 -16"><span class='ocrx_word' id='word_1_431' title='bbox 1910 2599 2027 2671; x_wconf 89' lang='lat' dir='ltr'><strong>ipse</strong></span> <span class='ocrx_word' id='word_1_432' title='bbox 2068 2599 2312 2670; x_wconf 88' lang='lat' dir='ltr'><strong>Spiritus</strong></span> <span class='ocrx_word' id='word_1_433' title='bbox 2339 2610 2561 2656; x_wconf 90' lang='lat' dir='ltr'><strong>sanctus</strong></span> <span class='ocrx_word' id='word_1_434' title='bbox 2593 2600 2733 2655; x_wconf 89' lang='lat' dir='ltr'><strong>Deus</strong></span> <span class='ocrx_word' id='word_1_435' title='bbox 2764 2609 2870 2656; x_wconf 90' lang='lat' dir='ltr'><strong>est.</strong></span> <span class='ocrx_word' id='word_1_436' title='bbox 2904 2598 3179 2670; x_wconf 87' lang='lat' dir='ltr'><strong>Prospicit</strong></span> <span class='ocrx_word' id='word_1_437' title='bbox 3226 2597 3370 2654; x_wconf 89' lang='lat' dir='ltr'><strong>Deus</strong></span> <span class='ocrx_word' id='word_1_438' title='bbox 3408 2612 3505 2667; x_wconf 83' lang='lat' dir='ltr'><strong>per</strong></span> 
     </span>
    </p>
   </div>
   <div class='ocr_carea' id='block_1_56' title="bbox 1911 2692 3510 2766">
    <p class='ocr_par' dir='ltr' id='par_1_56' title="bbox 1911 2692 3510 2766">
     <span class='ocr_line' id='line_1_56' title="bbox 1911 2692 3510 2766; baseline -0.004 -14"><span class='ocrx_word' id='word_1_439' title='bbox 1911 2710 2042 2752; x_wconf 89' lang='lat' dir='ltr'><strong>suos</strong></span> <span class='ocrx_word' id='word_1_440' title='bbox 2070 2704 2324 2761; x_wconf 90' lang='lat' dir='ltr'><strong>sanctos,</strong></span> <span class='ocrx_word' id='word_1_441' title='bbox 2373 2696 2497 2766; x_wconf 91' lang='lat' dir='ltr'><strong>quia</strong></span> <span class='ocrx_word' id='word_1_442' title='bbox 2551 2695 2644 2751; x_wconf 91' lang='lat' dir='ltr'><strong>ille</strong></span> <span class='ocrx_word' id='word_1_443' title='bbox 2688 2693 2982 2765; x_wconf 72' lang='lat' dir='ltr'><strong>prtedicat,</strong></span> <span class='ocrx_word' id='word_1_444' title='bbox 3030 2702 3085 2750; x_wconf 89' lang='lat' dir='ltr'><strong>et</strong></span> <span class='ocrx_word' id='word_1_445' title='bbox 3128 2692 3371 2763; x_wconf 85' lang='lat' dir='ltr'><strong>loquitur</strong></span> <span class='ocrx_word' id='word_1_446' title='bbox 3411 2707 3510 2763; x_wconf 82' lang='lat' dir='ltr'><strong>per</strong></span> 
     </span>
    </p>
   </div>
   <div class='ocr_carea' id='block_1_57' title="bbox 1910 2786 3509 2858">
    <p class='ocr_par' dir='ltr' id='par_1_57' title="bbox 1910 2786 3509 2858">
     <span class='ocr_line' id='line_1_57' title="bbox 1910 2786 3509 2858; baseline -0.001 -15"><span class='ocrx_word' id='word_1_447' title='bbox 1910 2787 2061 2854; x_wconf 89' lang='lat' dir='ltr'><strong>illos,</strong></span> <span class='ocrx_word' id='word_1_448' title='bbox 2116 2798 2175 2843; x_wconf 89' lang='lat' dir='ltr'><strong>ut</strong></span> <span class='ocrx_word' id='word_1_449' title='bbox 2226 2787 2493 2843; x_wconf 91' lang='lat' dir='ltr'><strong>Dominus</strong></span> <span class='ocrx_word' id='word_1_450' title='bbox 2545 2788 2666 2842; x_wconf 88' lang='lat' dir='ltr'><strong>ait:</strong></span> <span class='ocrx_word' id='word_1_451' title='bbox 2720 2786 2839 2843; x_wconf 89' lang='lat' dir='ltr'><strong>Non</strong></span> <span class='ocrx_word' id='word_1_452' title='bbox 2898 2787 3045 2843; x_wconf 89' lang='lat' dir='ltr'><strong>enim</strong></span> <span class='ocrx_word' id='word_1_453' title='bbox 3086 2801 3184 2843; x_wconf 90' lang='lat' dir='ltr'><strong>vos</strong></span> <span class='ocrx_word' id='word_1_454' title='bbox 3231 2786 3365 2843; x_wconf 89' lang='lat' dir='ltr'><strong>estis</strong></span> <span class='ocrx_word' id='word_1_455' title='bbox 3415 2786 3509 2858; x_wconf 79' lang='lat' dir='ltr'><strong>qui</strong></span> 
     </span>
    </p>
   </div>
   <div class='ocr_carea' id='block_1_58' title="bbox 1911 2878 3509 2950">
    <p class='ocr_par' dir='ltr' id='par_1_58' title="bbox 1911 2878 3509 2950">
     <span class='ocr_line' id='line_1_58' title="bbox 1911 2878 3509 2950; baseline 0.001 -16"><span class='ocrx_word' id='word_1_456' title='bbox 1911 2878 2218 2949; x_wconf 87' lang='lat' dir='ltr'><strong>loquimini,</strong></span> <span class='ocrx_word' id='word_1_457' title='bbox 2276 2878 2371 2934; x_wconf 87' lang='lat' dir='ltr'><strong>sed</strong></span> <span class='ocrx_word' id='word_1_458' title='bbox 2402 2879 2640 2949; x_wconf 89' lang='lat' dir='ltr'><strong>Spiritus</strong></span> <span class='ocrx_word' id='word_1_459' title='bbox 2671 2879 2851 2935; x_wconf 85' lang='lat' dir='ltr'><strong>Patris</strong></span> <span class='ocrx_word' id='word_1_460' title='bbox 2883 2878 3090 2947; x_wconf 86' lang='lat' dir='ltr'><strong>vestri,</strong></span> <span class='ocrx_word' id='word_1_461' title='bbox 3125 2880 3218 2950; x_wconf 90' lang='lat' dir='ltr'><strong>qui</strong></span> <span class='ocrx_word' id='word_1_462' title='bbox 3268 2879 3509 2949; x_wconf 85' lang='lat' dir='ltr'><strong>loquitur</strong></span> 
     </span>
    </p>
   </div>
   <div class='ocr_carea' id='block_1_59' title="bbox 1910 2968 2530 3044">
    <p class='ocr_par' dir='ltr' id='par_1_59' title="bbox 1910 2968 2530 3044">
     <span class='ocr_line' id='line_1_59' title="bbox 1910 2968 2530 3044; baseline 0 -19"><span class='ocrx_word' id='word_1_463' title='bbox 1910 2970 1963 3025; x_wconf 92' lang='lat' dir='ltr'><strong>in</strong></span> <span class='ocrx_word' id='word_1_464' title='bbox 1996 2970 2146 3026; x_wconf 81' lang='lat' dir='ltr'><strong>vobis</strong></span> <span class='ocrx_word' id='word_1_465' title='bbox 2179 2968 2405 3044; x_wconf 83' lang='lat' dir='ltr'><strong>(Matth.</strong></span> <span class='ocrx_word' id='word_1_466' title='bbox 2438 2968 2530 3039; x_wconf 72' lang='grc' dir='ltr'><strong>χ).</strong></span> 
     </span>
    </p>
   </div>
   <div class='ocr_carea' id='block_1_60' title="bbox 1985 3063 3516 3137">
    <p class='ocr_par' dir='ltr' id='par_1_60' title="bbox 1985 3063 3516 3137">
     <span class='ocr_line' id='line_1_60' title="bbox 1985 3063 3516 3137; baseline 0 -19"><span class='ocrx_word' id='word_1_467' title='bbox 1985 3064 2176 3120; x_wconf 86' lang='lat' dir='ltr'><strong>Omnes</strong></span> <span class='ocrx_word' id='word_1_468' title='bbox 2212 3064 2629 3133; x_wconf 85' lang='lat' dir='ltr'><strong>declinaverunt,</strong></span> <span class='ocrx_word' id='word_1_469' title='bbox 2656 3064 2815 3119; x_wconf 87' lang='lat' dir='ltr'><strong>simul</strong></span> <span class='ocrx_word' id='word_1_470' title='bbox 2843 3063 3058 3119; x_wconf 80' lang='lat' dir='ltr'><strong>inutiles</strong></span> <span class='ocrx_word' id='word_1_471' title='bbox 3102 3064 3229 3137; x_wconf 87' lang='lat' dir='ltr'><strong>facti</strong></span> <span class='ocrx_word' id='word_1_472' title='bbox 3275 3073 3416 3122; x_wconf 82' lang='lat' dir='ltr'><strong>sunt.</strong></span> <span class='ocrx_word' id='word_1_473' title='bbox 3446 3063 3516 3119; x_wconf 78' lang='lat' dir='ltr'><strong>Ili</strong></span> 
     </span>
    </p>
   </div>
   <div class='ocr_carea' id='block_1_61' title="bbox 1908 3156 3509 3231">
    <p class='ocr_par' dir='ltr' id='par_1_61' title="bbox 1908 3156 3509 3231">
     <span class='ocr_line' id='line_1_61' title="bbox 1908 3156 3509 3231; baseline 0.002 -19"><span class='ocrx_word' id='word_1_474' title='bbox 1908 3156 2261 3229; x_wconf 90' lang='lat' dir='ltr'><strong>insipientes,</strong></span> <span class='ocrx_word' id='word_1_475' title='bbox 2289 3159 2419 3230; x_wconf 88' lang='lat' dir='ltr'><strong>quia</strong></span> <span class='ocrx_word' id='word_1_476' title='bbox 2452 3174 2560 3214; x_wconf 92' lang='lat' dir='ltr'><strong>non</strong></span> <span class='ocrx_word' id='word_1_477' title='bbox 2591 3159 2955 3231; x_wconf 89' lang='lat' dir='ltr'><strong>requirebant</strong></span> <span class='ocrx_word' id='word_1_478' title='bbox 2981 3160 3149 3216; x_wconf 91' lang='lat' dir='ltr'><strong>Deum</strong></span> <span class='ocrx_word' id='word_1_479' title='bbox 3178 3178 3191 3214; x_wconf 91' lang='lat'><strong>:</strong></span> <span class='ocrx_word' id='word_1_480' title='bbox 3217 3177 3393 3215; x_wconf 84' lang='lat' dir='ltr'><strong>omnes</strong></span> <span class='ocrx_word' id='word_1_481' title='bbox 3415 3162 3509 3215; x_wconf 83' lang='lat' dir='ltr'><strong>de-</strong></span> 
     </span>
    </p>
   </div>
   <div class='ocr_carea' id='block_1_62' title="bbox 288 3249 3510 3336">
    <p class='ocr_par' dir='ltr' id='par_1_62' title="bbox 288 3249 3510 3336">
     <span class='ocr_line' id='line_1_62' title="bbox 288 3249 3510 3336; baseline 0.001 -32"><span class='ocrx_word' id='word_1_482' title='bbox 288 3249 585 3324; x_wconf 77' lang='lat' dir='ltr'><strong>Conﬁtebor</strong></span> <span class='ocrx_word' id='word_1_483' title='bbox 624 3256 718 3330; x_wconf 72' lang='lat' dir='ltr'><strong>tibi</strong></span> <span class='ocrx_word' id='word_1_484' title='bbox 753 3257 810 3312; x_wconf 73' lang='lat' dir='ltr'><strong>in</strong></span> <span class='ocrx_word' id='word_1_485' title='bbox 845 3260 1092 3315; x_wconf 68' lang='lat' dir='ltr'><strong>swculum</strong></span> <span class='ocrx_word' id='word_1_486' title='bbox 1116 3263 1237 3333; x_wconf 62' lang='lat' dir='ltr'><strong>quia</strong></span> <span class='ocrx_word' id='word_1_487' title='bbox 1265 3263 1452 3336; x_wconf 56' lang='grc' dir='ltr'><strong>[εεῑεελ</strong></span> <span class='ocrx_word' id='word_1_488' title='bbox 1484 3264 1800 3336; x_wconf 49' lang='lat' dir='ltr'><strong>Dein-emus</strong></span> <span class='ocrx_word' id='word_1_489' title='bbox 1835 3253 1881 3318; x_wconf 84' lang='lat' dir='ltr'>C</span> <span class='ocrx_word' id='word_1_490' title='bbox 1912 3249 2265 3319; x_wconf 85' lang='lat' dir='ltr'><strong>clinaverunt,</strong></span> <span class='ocrx_word' id='word_1_491' title='bbox 2308 3252 2363 3308; x_wconf 92' lang='lat' dir='ltr'><strong>in</strong></span> <span class='ocrx_word' id='word_1_492' title='bbox 2401 3252 2723 3320; x_wconf 87' lang='lat' dir='ltr'><strong>passiones:</strong></span> <span class='ocrx_word' id='word_1_493' title='bbox 2752 3253 2913 3308; x_wconf 89' lang='lat' dir='ltr'><strong>simul</strong></span> <span class='ocrx_word' id='word_1_494' title='bbox 2948 3251 3158 3307; x_wconf 87' lang='lat' dir='ltr'><strong>inutiles</strong></span> <span class='ocrx_word' id='word_1_495' title='bbox 3198 3253 3323 3323; x_wconf 89' lang='lat' dir='ltr'><strong>facti</strong></span> <span class='ocrx_word' id='word_1_496' title='bbox 3364 3262 3510 3307; x_wconf 86' lang='lat' dir='ltr'><strong>sunt.</strong></span> 
     </span>
    </p>
   </div>
   <div class='ocr_carea' id='block_1_63' title="bbox 211 3344 1806 3424">
    <p class='ocr_par' dir='ltr' id='par_1_63' title="bbox 211 3344 1806 3424">
     <span class='ocr_line' id='line_1_63' title="bbox 211 3344 1806 3424; baseline 0.01 -26"><span class='ocrx_word' id='word_1_497' title='bbox 211 3352 273 3398; x_wconf 92' lang='lat' dir='ltr'><strong>ut</strong></span> <span class='ocrx_word' id='word_1_498' title='bbox 302 3344 355 3399; x_wconf 91' lang='lat' dir='ltr'><strong>in</strong></span> <span class='ocrx_word' id='word_1_499' title='bbox 388 3345 491 3402; x_wconf 92' lang='lat' dir='ltr'><strong>hoc</strong></span> <span class='ocrx_word' id='word_1_500' title='bbox 511 3348 743 3413; x_wconf 73' lang='lat' dir='ltr'><strong>szeculo,</strong></span> <span class='ocrx_word' id='word_1_501' title='bbox 769 3350 913 3420; x_wconf 78' lang='lat' dir='ltr'><strong>quod</strong></span> <span class='ocrx_word' id='word_1_502' title='bbox 939 3352 1108 3408; x_wconf 85' lang='lat' dir='ltr'><strong>verbo</strong></span> <span class='ocrx_word' id='word_1_503' title='bbox 1137 3355 1371 3424; x_wconf 87' lang='lat' dir='ltr'><strong>creasti,</strong></span> <span class='ocrx_word' id='word_1_504' title='bbox 1404 3356 1806 3415; x_wconf 90' lang='lat' dir='ltr'><strong>confessionem</strong></span> 
     </span>
    </p>
   </div>
   <div class='ocr_carea' id='block_1_64' title="bbox 198 3440 1810 3521">
    <p class='ocr_par' dir='ltr' id='par_1_64' title="bbox 198 3440 1810 3521">
     <span class='ocr_line' id='line_1_64' title="bbox 198 3440 1810 3521; baseline 0.01 -29"><span class='ocrx_word' id='word_1_505' title='bbox 198 3450 451 3506; x_wconf 82' lang='lat' dir='ltr'><strong>merear,</strong></span> <span class='ocrx_word' id='word_1_506' title='bbox 486 3449 542 3496; x_wconf 92' lang='lat' dir='ltr'><strong>et</strong></span> <span class='ocrx_word' id='word_1_507' title='bbox 584 3440 716 3498; x_wconf 87' lang='lat' dir='ltr'><strong>illud</strong></span> <span class='ocrx_word' id='word_1_508' title='bbox 746 3442 1034 3500; x_wconf 91' lang='lat' dir='ltr'><strong>clementia</strong></span> <span class='ocrx_word' id='word_1_509' title='bbox 1083 3446 1243 3504; x_wconf 89' lang='lat' dir='ltr'><strong>solita</strong></span> <span class='ocrx_word' id='word_1_510' title='bbox 1286 3448 1567 3521; x_wconf 87' lang='lat' dir='ltr'><strong>largiatur.</strong></span> <span class='ocrx_word' id='word_1_511' title='bbox 1618 3452 1686 3505; x_wconf 86' lang='lat' dir='ltr'><strong>Et</strong></span> <span class='ocrx_word' id='word_1_512' title='bbox 1717 3470 1810 3507; x_wconf 78' lang='lat' dir='ltr'><strong>ea:-</strong></span> 
     </span>
    </p>
   </div>
   <div class='ocr_carea' id='block_1_65' title="bbox 208 3530 1804 3609">
    <p class='ocr_par' dir='ltr' id='par_1_65' title="bbox 208 3530 1804 3609">
     <span class='ocr_line' id='line_1_65' title="bbox 208 3530 1804 3609; baseline 0.009 -25"><span class='ocrx_word' id='word_1_513' title='bbox 208 3530 454 3600; x_wconf 87' lang='lat' dir='ltr'><strong>spectabo</strong></span> <span class='ocrx_word' id='word_1_514' title='bbox 482 3548 667 3588; x_wconf 87' lang='lat' dir='ltr'><strong>nomen</strong></span> <span class='ocrx_word' id='word_1_515' title='bbox 712 3539 1176 3609; x_wconf 84' lang='lat' dir='ltr'><strong>tuum:quoniam</strong></span> <span class='ocrx_word' id='word_1_516' title='bbox 1218 3540 1409 3595; x_wconf 87' lang='lat' dir='ltr'><strong>bonum</strong></span> <span class='ocrx_word' id='word_1_517' title='bbox 1454 3551 1528 3598; x_wconf 89' lang='lat' dir='ltr'><strong>est</strong></span> <span class='ocrx_word' id='word_1_518' title='bbox 1576 3544 1630 3597; x_wconf 87' lang='lat' dir='ltr'><strong>in</strong></span> <span class='ocrx_word' id='word_1_519' title='bbox 1677 3559 1804 3599; x_wconf 87' lang='lat' dir='ltr'><strong>con-</strong></span> 
     </span>
    </p>
   </div>
   <div class='ocr_carea' id='block_1_66' title="bbox 206 3631 1807 3694">
    <p class='ocr_par' dir='ltr' id='par_1_66' title="bbox 206 3631 1807 3694">
     <span class='ocr_line' id='line_1_66' title="bbox 206 3631 1807 3694; baseline 0.009 -15"><span class='ocrx_word' id='word_1_520' title='bbox 206 3633 394 3694; x_wconf 86' lang='lat' dir='ltr'><strong>spectu</strong></span> <span class='ocrx_word' id='word_1_521' title='bbox 417 3637 716 3682; x_wconf 83' lang='lat' dir='ltr'><strong>sanctorum</strong></span> <span class='ocrx_word' id='word_1_522' title='bbox 746 3637 974 3687; x_wconf 88' lang='lat' dir='ltr'><strong>tuorum.</strong></span> <span class='ocrx_word' id='word_1_523' title='bbox 1023 3631 1231 3690; x_wconf 88' lang='lat' dir='ltr'><strong>Nomen</strong></span> <span class='ocrx_word' id='word_1_524' title='bbox 1275 3634 1408 3691; x_wconf 91' lang='lat' dir='ltr'><strong>illud</strong></span> <span class='ocrx_word' id='word_1_525' title='bbox 1450 3646 1580 3693; x_wconf 88' lang='lat' dir='ltr'><strong>ante</strong></span> <span class='ocrx_word' id='word_1_526' title='bbox 1610 3647 1807 3693; x_wconf 88' lang='lat' dir='ltr'><strong>cuncta</strong></span> 
     </span>
    </p>
   </div>
   <div class='ocr_carea' id='block_1_67' title="bbox 209 3717 1805 3795">
    <p class='ocr_par' dir='ltr' id='par_1_67' title="bbox 209 3717 1805 3795">
     <span class='ocr_line' id='line_1_67' title="bbox 209 3717 1805 3795; baseline 0.008 -23"><span class='ocrx_word' id='word_1_527' title='bbox 209 3717 414 3773; x_wconf 62' lang='lat' dir='ltr'><strong>sarcula</strong></span> <span class='ocrx_word' id='word_1_528' title='bbox 461 3719 808 3777; x_wconf 87' lang='lat' dir='ltr'><strong>benedictum</strong></span> <span class='ocrx_word' id='word_1_529' title='bbox 834 3764 849 3790; x_wconf 93' lang='lat'><strong>,</strong></span> <span class='ocrx_word' id='word_1_530' title='bbox 897 3726 1041 3795; x_wconf 90' lang='lat' dir='ltr'><strong>quod</strong></span> <span class='ocrx_word' id='word_1_531' title='bbox 1092 3726 1271 3782; x_wconf 90' lang='lat' dir='ltr'><strong>reddit</strong></span> <span class='ocrx_word' id='word_1_532' title='bbox 1313 3729 1520 3785; x_wconf 88' lang='lat' dir='ltr'><strong>sanctis</strong></span> <span class='ocrx_word' id='word_1_533' title='bbox 1559 3729 1805 3786; x_wconf 88' lang='lat' dir='ltr'><strong>debitum</strong></span> 
     </span>
    </p>
   </div>
   <div class='ocr_carea' id='block_1_68' title="bbox 210 3812 1804 3891">
    <p class='ocr_par' dir='ltr' id='par_1_68' title="bbox 210 3812 1804 3891">
     <span class='ocr_line' id='line_1_68' title="bbox 210 3812 1804 3891; baseline 0.008 -26"><span class='ocrx_word' id='word_1_534' title='bbox 210 3812 519 3882; x_wconf 64' lang='lat' dir='ltr'><strong>praemium.</strong></span> <span class='ocrx_word' id='word_1_535' title='bbox 570 3814 727 3882; x_wconf 84' lang='lat' dir='ltr'><strong>Quod</strong></span> <span class='ocrx_word' id='word_1_536' title='bbox 774 3817 1039 3889; x_wconf 88' lang='lat' dir='ltr'><strong>propheta</strong></span> <span class='ocrx_word' id='word_1_537' title='bbox 1084 3819 1278 3876; x_wconf 89' lang='lat' dir='ltr'><strong>sitiens</strong></span> <span class='ocrx_word' id='word_1_538' title='bbox 1327 3821 1605 3891; x_wconf 88' lang='lat' dir='ltr'><strong>postulat:</strong></span> <span class='ocrx_word' id='word_1_539' title='bbox 1651 3832 1707 3877; x_wconf 93' lang='lat' dir='ltr'><strong>ut</strong></span> <span class='ocrx_word' id='word_1_540' title='bbox 1749 3823 1804 3878; x_wconf 93' lang='lat' dir='ltr'><strong>in</strong></span> 
     </span>
    </p>
   </div>
   <div class='ocr_carea' id='block_1_69' title="bbox 208 3908 1803 3987">
    <p class='ocr_par' dir='ltr' id='par_1_69' title="bbox 208 3908 1803 3987">
     <span class='ocr_line' id='line_1_69' title="bbox 208 3908 1803 3987; baseline 0.008 -28"><span class='ocrx_word' id='word_1_541' title='bbox 208 3918 509 3979; x_wconf 88' lang='lat' dir='ltr'><strong>conspectu</strong></span> <span class='ocrx_word' id='word_1_542' title='bbox 543 3908 666 3979; x_wconf 87' lang='lat' dir='ltr'><strong>ejus</strong></span> <span class='ocrx_word' id='word_1_543' title='bbox 682 3918 902 3968; x_wconf 79' lang='lat' dir='ltr'><strong>:eternae</strong></span> <span class='ocrx_word' id='word_1_544' title='bbox 933 3912 1288 3971; x_wconf 82' lang='lat' dir='ltr'><strong>beatitudinis</strong></span> <span class='ocrx_word' id='word_1_545' title='bbox 1309 3915 1545 3987; x_wconf 87' lang='lat' dir='ltr'><strong>accipiat</strong></span> <span class='ocrx_word' id='word_1_546' title='bbox 1572 3926 1803 3972; x_wconf 90' lang='lat' dir='ltr'><strong>sortem.</strong></span> 
     </span>
    </p>
   </div>
   <div class='ocr_carea' id='block_1_70' title="bbox 206 3996 1801 4077">
    <p class='ocr_par' dir='ltr' id='par_1_70' title="bbox 206 3996 1801 4077">
     <span class='ocr_line' id='line_1_70' title="bbox 206 3996 1801 4077; baseline 0.009 -26"><span class='ocrx_word' id='word_1_547' title='bbox 206 3996 312 4067; x_wconf 86' lang='lat' dir='ltr'><strong>Qui</strong></span> <span class='ocrx_word' id='word_1_548' title='bbox 337 4000 498 4057; x_wconf 84' lang='lat' dir='ltr'><strong>nobis</strong></span> <span class='ocrx_word' id='word_1_549' title='bbox 525 4012 786 4072; x_wconf 63' lang='lat' dir='ltr'><strong>praestare</strong></span> <span class='ocrx_word' id='word_1_550' title='bbox 817 4004 1091 4076; x_wconf 87' lang='lat' dir='ltr'><strong>dignetur,</strong></span> <span class='ocrx_word' id='word_1_551' title='bbox 1115 4017 1173 4063; x_wconf 92' lang='lat' dir='ltr'><strong>ut</strong></span> <span class='ocrx_word' id='word_1_552' title='bbox 1194 4008 1262 4062; x_wconf 88' lang='lat' dir='ltr'><strong>ah</strong></span> <span class='ocrx_word' id='word_1_553' title='bbox 1286 4011 1436 4064; x_wconf 87' lang='lat' dir='ltr'><strong>omni</strong></span> <span class='ocrx_word' id='word_1_554' title='bbox 1462 4008 1592 4065; x_wconf 90' lang='lat' dir='ltr'><strong>dolo</strong></span> <span class='ocrx_word' id='word_1_555' title='bbox 1619 4010 1801 4077; x_wconf 88' lang='lat' dir='ltr'><strong>liberi,</strong></span> 
     </span>
    </p>
   </div>
   <div class='ocr_carea' id='block_1_71' title="bbox 206 4090 1803 4172">
    <p class='ocr_par' dir='ltr' id='par_1_71' title="bbox 206 4090 1803 4172">
     <span class='ocr_line' id='line_1_71' title="bbox 206 4090 1803 4172; baseline 0.009 -28"><span class='ocrx_word' id='word_1_556' title='bbox 206 4090 280 4146; x_wconf 89' lang='lat' dir='ltr'><strong>ab</strong></span> <span class='ocrx_word' id='word_1_557' title='bbox 319 4094 467 4147; x_wconf 89' lang='lat' dir='ltr'><strong>omni</strong></span> <span class='ocrx_word' id='word_1_558' title='bbox 514 4094 804 4166; x_wconf 88' lang='lat' dir='ltr'><strong>iniquitate</strong></span> <span class='ocrx_word' id='word_1_559' title='bbox 850 4098 1123 4167; x_wconf 82' lang='lat' dir='ltr'><strong>mandati,</strong></span> <span class='ocrx_word' id='word_1_560' title='bbox 1166 4099 1363 4156; x_wconf 81' lang='lat' dir='ltr'><strong>Filium</strong></span> <span class='ocrx_word' id='word_1_561' title='bbox 1398 4101 1489 4156; x_wconf 83' lang='lat' dir='ltr'><strong>Dei</strong></span> <span class='ocrx_word' id='word_1_562' title='bbox 1534 4102 1803 4172; x_wconf 82' lang='lat' dir='ltr'><strong>aequalem</strong></span> 
     </span>
    </p>
   </div>
   <div class='ocr_carea' id='block_1_72' title="bbox 204 4180 1803 4260">
    <p class='ocr_par' dir='ltr' id='par_1_72' title="bbox 204 4180 1803 4260">
     <span class='ocr_line' id='line_1_72' title="bbox 204 4180 1803 4260; baseline 0.007 -23"><span class='ocrx_word' id='word_1_563' title='bbox 204 4180 358 4237; x_wconf 82' lang='lat' dir='ltr'><strong>Patri</strong></span> <span class='ocrx_word' id='word_1_564' title='bbox 390 4183 718 4258; x_wconf 90' lang='lat' dir='ltr'><strong>Spirituique</strong></span> <span class='ocrx_word' id='word_1_565' title='bbox 763 4200 956 4244; x_wconf 89' lang='lat' dir='ltr'><strong>sancto</strong></span> <span class='ocrx_word' id='word_1_566' title='bbox 1000 4190 1259 4260; x_wconf 86' lang='lat' dir='ltr'><strong>confessi,</strong></span> <span class='ocrx_word' id='word_1_567' title='bbox 1310 4207 1621 4248; x_wconf 88' lang='lat' dir='ltr'><strong>mereamur</strong></span> <span class='ocrx_word' id='word_1_568' title='bbox 1662 4192 1803 4248; x_wconf 85' lang='lat' dir='ltr'><strong>sicut</strong></span> 
     </span>
    </p>
   </div>
   <div class='ocr_carea' id='block_1_73' title="bbox 203 4274 1618 4355">
    <p class='ocr_par' dir='ltr' id='par_1_73' title="bbox 203 4274 1618 4355">
     <span class='ocr_line' id='line_1_73' title="bbox 203 4274 1618 4355; baseline 0.008 -26"><span class='ocrx_word' id='word_1_569' title='bbox 203 4274 351 4329; x_wconf 87' lang='lat' dir='ltr'><strong>oliva</strong></span> <span class='ocrx_word' id='word_1_570' title='bbox 385 4274 665 4334; x_wconf 89' lang='lat' dir='ltr'><strong>fructifera</strong></span> <span class='ocrx_word' id='word_1_571' title='bbox 697 4281 750 4336; x_wconf 91' lang='lat' dir='ltr'><strong>in</strong></span> <span class='ocrx_word' id='word_1_572' title='bbox 781 4281 1085 4338; x_wconf 83' lang='lat' dir='ltr'><strong>Jerusalem</strong></span> <span class='ocrx_word' id='word_1_573' title='bbox 1118 4284 1330 4341; x_wconf 69' lang='lat' dir='ltr'><strong>caelesti</strong></span> <span class='ocrx_word' id='word_1_574' title='bbox 1360 4284 1618 4355; x_wconf 91' lang='lat' dir='ltr'><strong>plantari.</strong></span> 
     </span>
    </p>
   </div>
   <div class='ocr_carea' id='block_1_74' title="bbox 695 4374 1236 4433">
    <p class='ocr_par' dir='ltr' id='par_1_74' title="bbox 695 4374 1236 4433">
     <span class='ocr_line' id='line_1_74' title="bbox 695 4374 1236 4433; baseline 0.002 -4"><span class='ocrx_word' id='word_1_575' title='bbox 695 4394 700 4400; x_wconf 68' lang='lat'>&#39;</span> <span class='ocrx_word' id='word_1_576' title='bbox 768 4374 1087 4433; x_wconf 79' lang='lat' dir='ltr'><strong>PSALMUS</strong></span> <span class='ocrx_word' id='word_1_577' title='bbox 1123 4376 1236 4431; x_wconf 90' lang='lat' dir='ltr'><strong>LII.</strong></span> 
     </span>
    </p>
   </div>
   <div class='ocr_carea' id='block_1_75' title="bbox 207 4458 1803 4541">
    <p class='ocr_par' dir='ltr' id='par_1_75' title="bbox 207 4458 1803 4541">
     <span class='ocr_line' id='line_1_75' title="bbox 207 4458 1803 4541; baseline 0.008 -28"><span class='ocrx_word' id='word_1_578' title='bbox 207 4458 486 4541; x_wconf 80' lang='lat' dir='ltr'><strong>In_ﬁn_ctn,</strong></span> <span class='ocrx_word' id='word_1_579' title='bbox 520 4479 615 4535; x_wconf 88' lang='lat' dir='ltr'><strong>pro</strong></span> <span class='ocrx_word' id='word_1_580' title='bbox 648 4465 917 4534; x_wconf 84' lang='lat' dir='ltr'><strong>Amalech,</strong></span> <span class='ocrx_word' id='word_1_581' title='bbox 948 4467 1240 4541; x_wconf 70' lang='lat' dir='ltr'><strong>intellectus</strong></span> <span class='ocrx_word' id='word_1_582' title='bbox 1276 4467 1376 4541; x_wconf 87' lang='lat' dir='ltr'><strong>ipsi</strong></span> <span class='ocrx_word' id='word_1_583' title='bbox 1406 4468 1594 4523; x_wconf 83' lang='lat' dir='ltr'><strong>David.</strong></span> <span class='ocrx_word' id='word_1_584' title='bbox 1637 4471 1803 4526; x_wconf 82' lang='lat' dir='ltr'><strong>Ama-</strong></span> 
     </span>
    </p>
   </div>
   <div class='ocr_carea' id='block_1_76' title="bbox 280 4533 1800 4610">
    <p class='ocr_par' dir='ltr' id='par_1_76' title="bbox 280 4533 1800 4610">
     <span class='ocr_line' id='line_1_76' title="bbox 280 4533 1800 4610; baseline 0.005 -22"><span class='ocrx_word' id='word_1_585' title='bbox 280 4533 402 4588; x_wconf 88' lang='lat' dir='ltr'><strong>lech</strong></span> <span class='ocrx_word' id='word_1_586' title='bbox 458 4533 845 4610; x_wconf 57' lang='lat' dir='ltr'><strong>interpretatur</strong></span> <span class='ocrx_word' id='word_1_587' title='bbox 871 4533 962 4610; x_wconf 10' lang='lat' dir='ltr'><strong>,it‘</strong></span> <span class='ocrx_word' id='word_1_588' title='bbox 1008 4538 1228 4610; x_wconf 77' lang='lat' dir='ltr'><strong>dolens,</strong></span> <span class='ocrx_word' id='word_1_589' title='bbox 1283 4533 1397 4594; x_wconf 72' lang='lat' dir='ltr'><strong>sive</strong></span> <span class='ocrx_word' id='word_1_590' title='bbox 1454 4541 1750 4610; x_wconf 78' lang='lat' dir='ltr'><strong>parturiens</strong></span> <span class='ocrx_word' id='word_1_591' title='bbox 1781 4558 1800 4595; x_wconf 90' lang='lat'><strong>:</strong></span> 
     </span>
    </p>
   </div>
   <div class='ocr_carea' id='block_1_77' title="bbox 278 4606 2228 4702">
    <p class='ocr_par' dir='ltr' id='par_1_77' title="bbox 278 4606 2228 4702">
     <span class='ocr_line' id='line_1_77' title="bbox 278 4606 2228 4702; baseline 0.009 -43"><span class='ocrx_word' id='word_1_592' title='bbox 278 4606 1069 4702; x_wconf 63' lang='lat' dir='ltr'><strong>corpusChristiiutelligitur.</strong></span> <span class='ocrx_word' id='word_1_593' title='bbox 1097 4609 1166 4663; x_wconf 88' lang='lat' dir='ltr'><strong>Et</strong></span> <span class='ocrx_word' id='word_1_594' title='bbox 1196 4606 1463 4702; x_wconf 60' lang='lat' dir='ltr'><strong>Dominus</strong></span> <span class='ocrx_word' id='word_1_595' title='bbox 1483 4608 1664 4693; x_wconf 79' lang='lat' dir='ltr'><strong>doluit</strong></span> <span class='ocrx_word' id='word_1_596' title='bbox 1696 4626 1793 4682; x_wconf 92' lang='lat' dir='ltr'><strong>pro</strong></span> <span class='ocrx_word' id='word_1_597' title='bbox 1821 4641 1875 4702; x_wconf 82' lang='lat' dir='ltr'><strong>D</strong></span> <span class='ocrx_word' id='word_1_598' title='bbox 1899 4642 2008 4688; x_wconf 71' lang='grc' dir='ltr'><em>εναι</em></span> <span class='ocrx_word' id='word_1_599' title='bbox 2053 4634 2228 4689; x_wconf 52' lang='lat' dir='ltr'><strong>timor,</strong></span> 
     </span>
    </p>
   </div>
   <div class='ocr_carea' id='block_1_78' title="bbox 280 4677 1791 4751">
    <p class='ocr_par' dir='ltr' id='par_1_78' title="bbox 280 4677 1791 4751">
     <span class='ocr_line' id='line_1_78' title="bbox 280 4677 1791 4751; baseline 0.004 -20"><span class='ocrx_word' id='word_1_600' title='bbox 280 4677 754 4751; x_wconf 73' lang='lat' dir='ltr'><strong>peccatis_tnostris</strong></span> <span class='ocrx_word' id='word_1_601' title='bbox 784 4677 956 4751; x_wconf 20' lang='lat' dir='ltr'><strong>:Aquia</strong></span> <span class='ocrx_word' id='word_1_602' title='bbox 983 4696 1167 4736; x_wconf 89' lang='lat' dir='ltr'><strong>verum</strong></span> <span class='ocrx_word' id='word_1_603' title='bbox 1194 4695 1395 4751; x_wconf 90' lang='lat' dir='ltr'><strong>corpus</strong></span> <span class='ocrx_word' id='word_1_604' title='bbox 1424 4680 1544 4747; x_wconf 90' lang='lat' dir='ltr'><strong>fuit,</strong></span> <span class='ocrx_word' id='word_1_605' title='bbox 1577 4691 1633 4738; x_wconf 91' lang='lat' dir='ltr'><strong>et</strong></span> <span class='ocrx_word' id='word_1_606' title='bbox 1665 4677 1791 4751; x_wconf 76' lang='lat' dir='ltr'><strong>par-</strong></span> 
     </span>
    </p>
   </div>
   <div class='ocr_carea' id='block_1_79' title="bbox 282 4746 1796 4822">
    <p class='ocr_par' dir='ltr' id='par_1_79' title="bbox 282 4746 1796 4822">
     <span class='ocr_line' id='line_1_79' title="bbox 282 4746 1796 4822; baseline 0.005 -21"><span class='ocrx_word' id='word_1_607' title='bbox 282 4747 471 4801; x_wconf 86' lang='lat' dir='ltr'><strong>turivit</strong></span> <span class='ocrx_word' id='word_1_608' title='bbox 501 4746 661 4822; x_wconf 82' lang='lat' dir='ltr'><strong>ﬁlios.</strong></span> <span class='ocrx_word' id='word_1_609' title='bbox 710 4751 775 4805; x_wconf 85' lang='lat' dir='ltr'><strong>Et</strong></span> <span class='ocrx_word' id='word_1_610' title='bbox 815 4746 1058 4807; x_wconf 83' lang='lat' dir='ltr'><strong>Ecclesia</strong></span> <span class='ocrx_word' id='word_1_611' title='bbox 1106 4746 1310 4822; x_wconf 77' lang='lat' dir='ltr'><strong>corpus</strong></span> <span class='ocrx_word' id='word_1_612' title='bbox 1354 4746 1592 4818; x_wconf 86' lang='lat' dir='ltr'><strong>Christi,</strong></span> <span class='ocrx_word' id='word_1_613' title='bbox 1641 4746 1796 4809; x_wconf 82' lang='lat' dir='ltr'><strong>dolet</strong></span> 
     </span>
    </p>
   </div>
   <div class='ocr_carea' id='block_1_80' title="bbox 280 4820 1798 4895">
    <p class='ocr_par' dir='ltr' id='par_1_80' title="bbox 280 4820 1798 4895">
     <span class='ocr_line' id='line_1_80' title="bbox 280 4820 1798 4895; baseline 0.006 -23"><span class='ocrx_word' id='word_1_614' title='bbox 280 4832 381 4888; x_wconf 89' lang='lat' dir='ltr'><strong>pro</strong></span> <span class='ocrx_word' id='word_1_615' title='bbox 409 4820 649 4895; x_wconf 80' lang='lat' dir='ltr'><strong>peccatis</strong></span> <span class='ocrx_word' id='word_1_616' title='bbox 678 4822 829 4895; x_wconf 75' lang='lat' dir='ltr'><strong>suis,</strong></span> <span class='ocrx_word' id='word_1_617' title='bbox 858 4832 912 4877; x_wconf 92' lang='lat' dir='ltr'><strong>et</strong></span> <span class='ocrx_word' id='word_1_618' title='bbox 932 4823 1170 4895; x_wconf 78' lang='lat' dir='ltr'><strong>aliorum</strong></span> <span class='ocrx_word' id='word_1_619' title='bbox 1190 4820 1295 4895; x_wconf 59' lang='lat' dir='ltr'><strong>{et</strong></span> <span class='ocrx_word' id='word_1_620' title='bbox 1333 4824 1626 4895; x_wconf 89' lang='lat' dir='ltr'><strong>parturivit</strong></span> <span class='ocrx_word' id='word_1_621' title='bbox 1654 4825 1798 4881; x_wconf 83' lang='lat' dir='ltr'><strong>filios</strong></span> 
     </span>
    </p>
   </div>
   <div class='ocr_carea' id='block_1_81' title="bbox 282 4891 1797 4963">
    <p class='ocr_par' dir='ltr' id='par_1_81' title="bbox 282 4891 1797 4963">
     <span class='ocr_line' id='line_1_81' title="bbox 282 4891 1797 4963; baseline 0.005 -19"><span class='ocrx_word' id='word_1_622' title='bbox 282 4904 383 4963; x_wconf 73' lang='lat' dir='ltr'><strong>per</strong></span> <span class='ocrx_word' id='word_1_623' title='bbox 411 4891 632 4944; x_wconf 85' lang='lat' dir='ltr'><strong>verbum</strong></span> <span class='ocrx_word' id='word_1_624' title='bbox 665 4892 1072 4963; x_wconf 79' lang='lat' dir='ltr'><strong>praedicationis</strong></span> <span class='ocrx_word' id='word_1_625' title='bbox 1099 4912 1113 4950; x_wconf 90' lang='lat'><strong>:</strong></span> <span class='ocrx_word' id='word_1_626' title='bbox 1162 4904 1224 4949; x_wconf 91' lang='lat' dir='ltr'><strong>ut</strong></span> <span class='ocrx_word' id='word_1_627' title='bbox 1264 4891 1440 4949; x_wconf 79' lang='lat' dir='ltr'><strong>illud:</strong></span> <span class='ocrx_word' id='word_1_628' title='bbox 1475 4895 1581 4950; x_wconf 92' lang='lat' dir='ltr'><strong>Per</strong></span> <span class='ocrx_word' id='word_1_629' title='bbox 1612 4895 1797 4963; x_wconf 83' lang='lat' dir='ltr'><strong>Evan-</strong></span> 
     </span>
    </p>
   </div>
   <div class='ocr_carea' id='block_1_82' title="bbox 277 4960 1799 5036">
    <p class='ocr_par' dir='ltr' id='par_1_82' title="bbox 277 4960 1799 5036">
     <span class='ocr_line' id='line_1_82' title="bbox 277 4960 1799 5036; baseline 0.005 -22"><span class='ocrx_word' id='word_1_630' title='bbox 277 4960 480 5036; x_wconf 82' lang='lat' dir='ltr'><strong>gelium</strong></span> <span class='ocrx_word' id='word_1_631' title='bbox 512 4976 619 5036; x_wconf 5' lang='lat' dir='ltr'><strong>ego,</strong></span> <span class='ocrx_word' id='word_1_632' title='bbox 644 4977 743 5019; x_wconf 87' lang='lat' dir='ltr'><strong>vos</strong></span> <span class='ocrx_word' id='word_1_633' title='bbox 767 4960 925 5033; x_wconf 84' lang='lat' dir='ltr'><strong>genui</strong></span> <span class='ocrx_word' id='word_1_634' title='bbox 955 4964 1007 5035; x_wconf 89' lang='lat' dir='ltr'><strong>(I</strong></span> <span class='ocrx_word' id='word_1_635' title='bbox 1032 4963 1155 5021; x_wconf 88' lang='lat' dir='ltr'><strong>Cor.</strong></span> <span class='ocrx_word' id='word_1_636' title='bbox 1190 4965 1296 5036; x_wconf 69' lang='lat' dir='ltr'><strong>tv).</strong></span> <span class='ocrx_word' id='word_1_637' title='bbox 1316 4964 1386 5020; x_wconf 86' lang='lat' dir='ltr'><strong>Et</strong></span> <span class='ocrx_word' id='word_1_638' title='bbox 1414 4966 1545 5021; x_wconf 91' lang='lat' dir='ltr'><strong>item</strong></span> <span class='ocrx_word' id='word_1_639' title='bbox 1574 4984 1587 5021; x_wconf 91' lang='lat'><strong>:</strong></span> <span class='ocrx_word' id='word_1_640' title='bbox 1620 4962 1799 5022; x_wconf 86' lang='lat' dir='ltr'><strong>Filioli</strong></span> 
     </span>
    </p>
   </div>
   <div class='ocr_carea' id='block_1_83' title="bbox 281 5031 1801 5103">
    <p class='ocr_par' dir='ltr' id='par_1_83' title="bbox 281 5031 1801 5103">
     <span class='ocr_line' id='line_1_83' title="bbox 281 5031 1801 5103; baseline 0.006 -19"><span class='ocrx_word' id='word_1_641' title='bbox 281 5031 410 5103; x_wconf 86' lang='lat' dir='ltr'><strong>mei,</strong></span> <span class='ocrx_word' id='word_1_642' title='bbox 438 5046 575 5102; x_wconf 86' lang='lat' dir='ltr'><strong>quos</strong></span> <span class='ocrx_word' id='word_1_643' title='bbox 602 5031 804 5103; x_wconf 85' lang='lat' dir='ltr'><strong>iterum</strong></span> <span class='ocrx_word' id='word_1_644' title='bbox 826 5031 1067 5103; x_wconf 81' lang='lat' dir='ltr'><strong>parturio</strong></span> <span class='ocrx_word' id='word_1_645' title='bbox 1083 5031 1258 5092; x_wconf 76' lang='lat' dir='ltr'><strong>donec</strong></span> <span class='ocrx_word' id='word_1_646' title='bbox 1276 5035 1539 5092; x_wconf 85' lang='lat' dir='ltr'><strong>formetur</strong></span> <span class='ocrx_word' id='word_1_647' title='bbox 1554 5038 1801 5094; x_wconf 83' lang='lat' dir='ltr'><strong>Christus</strong></span> 
     </span>
    </p>
   </div>
   <div class='ocr_carea' id='block_1_84' title="bbox 282 5101 1802 5176">
    <p class='ocr_par' dir='ltr' id='par_1_84' title="bbox 282 5101 1802 5176">
     <span class='ocr_line' id='line_1_84' title="bbox 282 5101 1802 5176; baseline 0.003 -19"><span class='ocrx_word' id='word_1_648' title='bbox 282 5101 337 5157; x_wconf 92' lang='lat' dir='ltr'><strong>in</strong></span> <span class='ocrx_word' id='word_1_649' title='bbox 371 5103 525 5176; x_wconf 83' lang='lat' dir='ltr'><strong>vobis</strong></span> <span class='ocrx_word' id='word_1_650' title='bbox 557 5102 758 5174; x_wconf 84' lang='lat' dir='ltr'><strong>(Galat.</strong></span> <span class='ocrx_word' id='word_1_651' title='bbox 792 5101 895 5176; x_wconf 84' lang='lat' dir='ltr'><strong>tv).</strong></span> <span class='ocrx_word' id='word_1_652' title='bbox 922 5105 1021 5161; x_wconf 86' lang='lat' dir='ltr'><strong>I-Iic</strong></span> <span class='ocrx_word' id='word_1_653' title='bbox 1054 5107 1295 5176; x_wconf 88' lang='lat' dir='ltr'><strong>psalmus</strong></span> <span class='ocrx_word' id='word_1_654' title='bbox 1340 5123 1528 5162; x_wconf 89' lang='lat' dir='ltr'><strong>vocem</strong></span> <span class='ocrx_word' id='word_1_655' title='bbox 1558 5109 1802 5165; x_wconf 84' lang='lat' dir='ltr'><strong>continet</strong></span> 
     </span>
    </p>
   </div>
   <div class='ocr_carea' id='block_1_85' title="bbox 281 5173 1771 5249">
    <p class='ocr_par' dir='ltr' id='par_1_85' title="bbox 281 5173 1771 5249">
     <span class='ocr_line' id='line_1_85' title="bbox 281 5173 1771 5249; baseline 0.006 -23"><span class='ocrx_word' id='word_1_656' title='bbox 281 5173 574 5243; x_wconf 70' lang='lat' dir='ltr'><strong>propheta:</strong></span> <span class='ocrx_word' id='word_1_657' title='bbox 610 5173 923 5245; x_wconf 80' lang='lat' dir='ltr'><strong>peccatores</strong></span> <span class='ocrx_word' id='word_1_658' title='bbox 975 5173 1137 5248; x_wconf 82' lang='lat' dir='ltr'><strong>atque</strong></span> <span class='ocrx_word' id='word_1_659' title='bbox 1176 5177 1372 5248; x_wconf 87' lang='lat' dir='ltr'><strong>impios</strong></span> <span class='ocrx_word' id='word_1_660' title='bbox 1413 5178 1771 5249; x_wconf 89' lang='lat' dir='ltr'><strong>increpantis.</strong></span> 
     </span>
    </p>
   </div>
   <div class='ocr_carea' id='block_1_86' title="bbox 284 5262 1812 5339">
    <p class='ocr_par' dir='ltr' id='par_1_86' title="bbox 284 5262 1812 5339">
     <span class='ocr_line' id='line_1_86' title="bbox 284 5262 1812 5339; baseline 0.008 -21"><span class='ocrx_word' id='word_1_661' title='bbox 284 5262 434 5319; x_wconf 70' lang='lat' dir='ltr'><strong>Dixit</strong></span> <span class='ocrx_word' id='word_1_662' title='bbox 478 5266 731 5339; x_wconf 82' lang='lat' dir='ltr'><strong>insipiens</strong></span> <span class='ocrx_word' id='word_1_663' title='bbox 756 5267 812 5322; x_wconf 89' lang='lat' dir='ltr'><strong>in</strong></span> <span class='ocrx_word' id='word_1_664' title='bbox 854 5269 1012 5324; x_wconf 81' lang='lat' dir='ltr'><strong>corde</strong></span> <span class='ocrx_word' id='word_1_665' title='bbox 1036 5285 1130 5326; x_wconf 84' lang='lat' dir='ltr'><strong>suo</strong></span> <span class='ocrx_word' id='word_1_666' title='bbox 1151 5286 1171 5326; x_wconf 88' lang='lat'><strong>:</strong></span> <span class='ocrx_word' id='word_1_667' title='bbox 1197 5286 1305 5325; x_wconf 93' lang='lat' dir='ltr'><strong>non</strong></span> <span class='ocrx_word' id='word_1_668' title='bbox 1332 5278 1409 5326; x_wconf 89' lang='lat' dir='ltr'><strong>est</strong></span> <span class='ocrx_word' id='word_1_669' title='bbox 1454 5268 1621 5327; x_wconf 90' lang='lat' dir='ltr'><strong>Deus.</strong></span> <span class='ocrx_word' id='word_1_670' title='bbox 1656 5270 1812 5330; x_wconf 66' lang='lat' dir='ltr'><strong>Dixit</strong></span> 
     </span>
    </p>
   </div>
   <div class='ocr_carea' id='block_1_87' title="bbox 284 5402 1795 5467">
    <p class='ocr_par' dir='ltr' id='par_1_87' title="bbox 284 5402 1795 5467">
     <span class='ocr_line' id='line_1_87' title="bbox 284 5402 1795 5467; baseline 0.008 -12"><span class='ocrx_word' id='word_1_671' title='bbox 284 5410 311 5439; x_wconf 82' lang='grc' dir='ltr'>ει</span> <span class='ocrx_word' id='word_1_672' title='bbox 350 5402 610 5459; x_wconf 81' lang='lat' dir='ltr'><strong>Amalech</strong></span> <span class='ocrx_word' id='word_1_673' title='bbox 654 5417 853 5459; x_wconf 90' lang='lat' dir='ltr'><strong>nomen</strong></span> <span class='ocrx_word' id='word_1_674' title='bbox 884 5420 985 5459; x_wconf 90' lang='lat' dir='ltr'><strong>nec</strong></span> <span class='ocrx_word' id='word_1_675' title='bbox 1015 5405 1069 5459; x_wconf 88' lang='lat' dir='ltr'><strong>in</strong></span> <span class='ocrx_word' id='word_1_676' title='bbox 1104 5405 1333 5464; x_wconf 72' lang='lat' dir='ltr'><strong>llebrzno</strong></span> <span class='ocrx_word' id='word_1_677' title='bbox 1358 5421 1460 5463; x_wconf 90' lang='lat' dir='ltr'><strong>nec</strong></span> <span class='ocrx_word' id='word_1_678' title='bbox 1502 5407 1556 5462; x_wconf 93' lang='lat' dir='ltr'><strong>in</strong></span> <span class='ocrx_word' id='word_1_679' title='bbox 1601 5409 1795 5467; x_wconf 60' lang='lat' dir='ltr'><strong>Graeco</strong></span> 
     </span>
    </p>
   </div>
   <div class='ocr_carea' id='block_1_88' title="bbox 208 5472 1801 5549">
    <p class='ocr_par' dir='ltr' id='par_1_88' title="bbox 208 5472 1801 5549">
     <span class='ocr_line' id='line_1_88' title="bbox 208 5472 1801 5549; baseline 0.008 -23"><span class='ocrx_word' id='word_1_680' title='bbox 208 5480 307 5549; x_wconf 79' lang='lat' dir='ltr'><strong>aut</strong></span> <span class='ocrx_word' id='word_1_681' title='bbox 335 5472 530 5549; x_wconf 82' lang='lat' dir='ltr'><strong>Latino</strong></span> <span class='ocrx_word' id='word_1_682' title='bbox 558 5481 645 5549; x_wconf 79' lang='lat' dir='ltr'><strong>est</strong></span> <span class='ocrx_word' id='word_1_683' title='bbox 688 5482 860 5529; x_wconf 80' lang='lat' dir='ltr'><strong>textu.</strong></span> <span class='ocrx_word' id='word_1_684' title='bbox 912 5475 1277 5549; x_wconf 73' lang='lat' dir='ltr'><strong>Scriptiouem</strong></span> <span class='ocrx_word' id='word_1_685' title='bbox 1319 5492 1536 5549; x_wconf 87' lang='lat' dir='ltr'><strong>quoque</strong></span> <span class='ocrx_word' id='word_1_686' title='bbox 1564 5480 1801 5538; x_wconf 88' lang='lat' dir='ltr'><strong>nominis</strong></span> 
     </span>
    </p>
   </div>
   <div class='ocr_carea' id='block_1_89' title="bbox 208 5544 1801 5617">
    <p class='ocr_par' dir='ltr' id='par_1_89' title="bbox 208 5544 1801 5617">
     <span class='ocr_line' id='line_1_89' title="bbox 208 5544 1801 5617; baseline 0.005 -18"><span class='ocrx_word' id='word_1_687' title='bbox 208 5544 328 5613; x_wconf 84' lang='lat' dir='ltr'><strong>ipsa</strong></span> <span class='ocrx_word' id='word_1_688' title='bbox 377 5545 560 5617; x_wconf 81' lang='lat' dir='ltr'><strong>statim</strong></span> <span class='ocrx_word' id='word_1_689' title='bbox 592 5545 972 5617; x_wconf 86' lang='lat' dir='ltr'><strong>interpretatio</strong></span> <span class='ocrx_word' id='word_1_690' title='bbox 999 5546 1212 5617; x_wconf 87' lang='lat' dir='ltr'><strong>rejicit,</strong></span> <span class='ocrx_word' id='word_1_691' title='bbox 1243 5544 1367 5603; x_wconf 85' lang='lat' dir='ltr'><strong>nam</strong></span> <span class='ocrx_word' id='word_1_692' title='bbox 1411 5544 1659 5604; x_wconf 59' lang='lat' dir='ltr'><strong>A&#39;malech</strong></span> <span class='ocrx_word' id='word_1_693' title='bbox 1692 5567 1801 5608; x_wconf 92' lang='lat' dir='ltr'><strong>non</strong></span> 
     </span>
    </p>
   </div>
   <div class='ocr_carea' id='block_1_90' title="bbox 210 5616 1807 5693">
    <p class='ocr_par' dir='ltr' id='par_1_90' title="bbox 210 5616 1807 5693">
     <span class='ocr_line' id='line_1_90' title="bbox 210 5616 1807 5693; baseline 0.007 -26"><span class='ocrx_word' id='word_1_694' title='bbox 210 5616 590 5693; x_wconf 69' lang='lat' dir='ltr'><strong>parturientem</strong></span> <span class='ocrx_word' id='word_1_695' title='bbox 615 5616 1411 5693; x_wconf 64' lang='lat' dir='ltr'><strong>interpretaturHieronymus,</strong></span> <span class='ocrx_word' id='word_1_696' title='bbox 1433 5622 1529 5675; x_wconf 87' lang='lat' dir='ltr'><strong>sed</strong></span> <span class='ocrx_word' id='word_1_697' title='bbox 1554 5621 1807 5693; x_wconf 73' lang='lat' dir='ltr'><strong>populum</strong></span> 
     </span>
    </p>
   </div>
   <div class='ocr_carea' id='block_1_91' title="bbox 208 5685 1805 5767">
    <p class='ocr_par' dir='ltr' id='par_1_91' title="bbox 208 5685 1805 5767">
     <span class='ocr_line' id='line_1_91' title="bbox 208 5685 1805 5767; baseline 0.004 -26"><span class='ocrx_word' id='word_1_698' title='bbox 208 5685 557 5752; x_wconf 85' lang='lat' dir='ltr'><strong>lambentem,</strong></span> <span class='ocrx_word' id='word_1_699' title='bbox 582 5694 690 5741; x_wconf 85' lang='lat' dir='ltr'><strong>etc.</strong></span> <span class='ocrx_word' id='word_1_700' title='bbox 724 5686 1115 5767; x_wconf 75' lang='lat' dir='ltr'><strong>Corrigendum</strong></span> <span class='ocrx_word' id='word_1_701' title='bbox 1147 5685 1306 5761; x_wconf 75' lang='lat' dir='ltr'><strong>vulgo</strong></span> <span class='ocrx_word' id='word_1_702' title='bbox 1352 5685 1633 5767; x_wconf 58' lang='lat' dir='ltr'><strong>putant&#39;in&#39;</strong></span> <span class='ocrx_word' id='word_1_703' title='bbox 1679 5690 1805 5747; x_wconf 79' lang='lat' dir='ltr'><strong>Ma-</strong></span> 
     </span>
    </p>
   </div>
   <div class='ocr_carea' id='block_1_92' title="bbox 209 5758 1804 5855">
    <p class='ocr_par' dir='ltr' id='par_1_92' title="bbox 209 5758 1804 5855">
     <span class='ocr_line' id='line_1_92' title="bbox 209 5758 1804 5855; baseline 0.006 -25"><span class='ocrx_word' id='word_1_704' title='bbox 209 5776 421 5855; x_wconf 74' lang='lat' dir='ltr'><strong>chalath</strong></span> <span class='ocrx_word' id='word_1_705' title='bbox 436 5775 752 5855; x_wconf 53' lang='lat' dir='ltr'><strong>,“IIebraice</strong></span> <span class='ocrx_word' id='word_1_706' title='bbox 771 5758 972 5855; x_wconf 29' lang='grc' dir='ltr'><strong>κὴρ-3η,</strong></span> <span class='ocrx_word' id='word_1_707' title='bbox 1006 5784 1100 5829; x_wconf 90' lang='lat' dir='ltr'><strong>aut</strong></span> <span class='ocrx_word' id='word_1_708' title='bbox 1123 5758 1374 5855; x_wconf 72' lang='lat' dir='ltr'><strong>Maeleth,</strong></span> <span class='ocrx_word' id='word_1_709' title='bbox 1397 5789 1455 5835; x_wconf 92' lang='lat' dir='ltr'><strong>ut</strong></span> <span class='ocrx_word' id='word_1_710' title='bbox 1478 5760 1656 5838; x_wconf 71' lang='lat' dir='ltr'><strong>Latini</strong></span> <span class='ocrx_word' id='word_1_711' title='bbox 1682 5785 1804 5855; x_wconf 90' lang='lat' dir='ltr'><strong>qui-</strong></span> 
     </span>
    </p>
   </div>
   <div class='ocr_carea' id='block_1_93' title="bbox 209 5843 1805 5926">
    <p class='ocr_par' dir='ltr' id='par_1_93' title="bbox 209 5843 1805 5926">
     <span class='ocr_line' id='line_1_93' title="bbox 209 5843 1805 5926; baseline 0.005 -23"><span class='ocrx_word' id='word_1_712' title='bbox 209 5848 336 5903; x_wconf 89' lang='lat' dir='ltr'><strong>dam</strong></span> <span class='ocrx_word' id='word_1_713' title='bbox 359 5847 579 5905; x_wconf 85' lang='lat' dir='ltr'><strong>codices</strong></span> <span class='ocrx_word' id='word_1_714' title='bbox 602 5843 824 5900; x_wconf 89' lang='lat' dir='ltr'><strong>habent.</strong></span> <span class='ocrx_word' id='word_1_715' title='bbox 846 5843 1159 5914; x_wconf 59' lang='lat' dir='ltr'><strong>Sed&#39;neque</strong></span> <span class='ocrx_word' id='word_1_716' title='bbox 1179 5849 1321 5907; x_wconf 87' lang='lat' dir='ltr'><strong>istud</strong></span> <span class='ocrx_word' id='word_1_717' title='bbox 1347 5843 1548 5908; x_wconf 85' lang='lat' dir='ltr'><strong>nomen</strong></span> <span class='ocrx_word' id='word_1_718' title='bbox 1576 5843 1805 5926; x_wconf 70' lang='lat' dir='ltr'><strong>exponit</strong></span> 
     </span>
    </p>
   </div>
   <div class='ocr_carea' id='block_1_94' title="bbox 1916 3342 3515 3415">
    <p class='ocr_par' dir='ltr' id='par_1_94' title="bbox 1916 3342 3515 3415">
     <span class='ocr_line' id='line_1_94' title="bbox 1916 3342 3515 3415; baseline 0.001 -17"><span class='ocrx_word' id='word_1_719' title='bbox 1916 3343 2131 3398; x_wconf 84' lang='lat' dir='ltr'><strong>Inutilis</strong></span> <span class='ocrx_word' id='word_1_720' title='bbox 2178 3342 2423 3411; x_wconf 88' lang='lat' dir='ltr'><strong>dicitur,</strong></span> <span class='ocrx_word' id='word_1_721' title='bbox 2458 3345 2557 3414; x_wconf 90' lang='lat' dir='ltr'><strong>qui</strong></span> <span class='ocrx_word' id='word_1_722' title='bbox 2609 3360 2718 3401; x_wconf 91' lang='lat' dir='ltr'><strong>non</strong></span> <span class='ocrx_word' id='word_1_723' title='bbox 2770 3353 3034 3415; x_wconf 89' lang='lat' dir='ltr'><strong>operatur</strong></span> <span class='ocrx_word' id='word_1_724' title='bbox 3078 3342 3289 3415; x_wconf 90' lang='lat' dir='ltr'><strong>aliquid</strong></span> <span class='ocrx_word' id='word_1_725' title='bbox 3334 3343 3515 3400; x_wconf 90' lang='lat' dir='ltr'><strong>boni:</strong></span> 
     </span>
    </p>
   </div>
   <div class='ocr_carea' id='block_1_95' title="bbox 1913 3434 3511 3507">
    <p class='ocr_par' dir='ltr' id='par_1_95' title="bbox 1913 3434 3511 3507">
     <span class='ocr_line' id='line_1_95' title="bbox 1913 3434 3511 3507; baseline -0.001 -17"><span class='ocrx_word' id='word_1_726' title='bbox 1913 3435 2056 3490; x_wconf 91' lang='lat' dir='ltr'><strong>unde</strong></span> <span class='ocrx_word' id='word_1_727' title='bbox 2084 3434 2223 3491; x_wconf 90' lang='lat' dir='ltr'><strong>dicit</strong></span> <span class='ocrx_word' id='word_1_728' title='bbox 2252 3435 2307 3490; x_wconf 90' lang='lat' dir='ltr'><strong>in</strong></span> <span class='ocrx_word' id='word_1_729' title='bbox 2340 3435 2686 3507; x_wconf 81' lang='lat' dir='ltr'><strong>Evangelio:</strong></span> <span class='ocrx_word' id='word_1_730' title='bbox 2719 3435 2919 3492; x_wconf 84' lang='lat' dir='ltr'><strong>Tollite</strong></span> <span class='ocrx_word' id='word_1_731' title='bbox 2942 3435 3208 3492; x_wconf 87' lang='lat' dir='ltr'><strong>talentum</strong></span> <span class='ocrx_word' id='word_1_732' title='bbox 3243 3435 3312 3491; x_wconf 80' lang='lat' dir='ltr'><strong>ab</strong></span> <span class='ocrx_word' id='word_1_733' title='bbox 3336 3449 3424 3500; x_wconf 89' lang='lat' dir='ltr'><strong>eo,</strong></span> <span class='ocrx_word' id='word_1_734' title='bbox 3454 3444 3511 3490; x_wconf 89' lang='lat' dir='ltr'><strong>et</strong></span> 
     </span>
    </p>
   </div>
   <div class='ocr_carea' id='block_1_96' title="bbox 1908 3525 3506 3599">
    <p class='ocr_par' dir='ltr' id='par_1_96' title="bbox 1908 3525 3506 3599">
     <span class='ocr_line' id='line_1_96' title="bbox 1908 3525 3506 3599; baseline -0.001 -17"><span class='ocrx_word' id='word_1_735' title='bbox 1908 3525 2160 3582; x_wconf 87' lang='lat' dir='ltr'><strong>inutilem</strong></span> <span class='ocrx_word' id='word_1_736' title='bbox 2189 3541 2409 3582; x_wconf 90' lang='lat' dir='ltr'><strong>servum</strong></span> <span class='ocrx_word' id='word_1_737' title='bbox 2443 3526 2695 3599; x_wconf 87' lang='lat' dir='ltr'><strong>projicite</strong></span> <span class='ocrx_word' id='word_1_738' title='bbox 2744 3527 2799 3582; x_wconf 93' lang='lat' dir='ltr'><strong>in</strong></span> <span class='ocrx_word' id='word_1_739' title='bbox 2854 3526 3118 3582; x_wconf 89' lang='lat' dir='ltr'><strong>tenebras</strong></span> <span class='ocrx_word' id='word_1_740' title='bbox 3160 3528 3506 3592; x_wconf 74' lang='lat' dir='ltr'><strong>exteriores;</strong></span> 
     </span>
    </p>
   </div>
   <div class='ocr_carea' id='block_1_97' title="bbox 1909 3610 3505 3692">
    <p class='ocr_par' dir='ltr' id='par_1_97' title="bbox 1909 3610 3505 3692">
     <span class='ocr_line' id='line_1_97' title="bbox 1909 3610 3505 3692; baseline 0.001 -17"><span class='ocrx_word' id='word_1_741' title='bbox 1909 3620 1981 3675; x_wconf 90' lang='lat' dir='ltr'><strong>ibi</strong></span> <span class='ocrx_word' id='word_1_742' title='bbox 2014 3610 2125 3675; x_wconf 47' lang='lat' dir='ltr'><strong>&#39;erit</strong></span> <span class='ocrx_word' id='word_1_743' title='bbox 2165 3618 2329 3676; x_wconf 83' lang='lat' dir='ltr'><strong>ﬂetus</strong></span> <span class='ocrx_word' id='word_1_744' title='bbox 2367 3630 2421 3676; x_wconf 86' lang='lat' dir='ltr'><strong>et</strong></span> <span class='ocrx_word' id='word_1_745' title='bbox 2471 3619 2675 3676; x_wconf 89' lang='lat' dir='ltr'><strong>stridor</strong></span> <span class='ocrx_word' id='word_1_746' title='bbox 2716 3620 2961 3675; x_wconf 89' lang='lat' dir='ltr'><strong>dentium</strong></span> <span class='ocrx_word' id='word_1_747' title='bbox 3001 3618 3178 3692; x_wconf 78' lang='lat' dir='ltr'><strong>(Matt.</strong></span> <span class='ocrx_word' id='word_1_748' title='bbox 3215 3619 3372 3692; x_wconf 77' lang='lat' dir='ltr'><strong>xxv).</strong></span> <span class='ocrx_word' id='word_1_749' title='bbox 3415 3619 3505 3675; x_wconf 88' lang='lat' dir='ltr'><strong>Si-</strong></span> 
     </span>
    </p>
   </div>
   <div class='ocr_carea' id='block_1_98' title="bbox 1908 3711 3498 3784">
    <p class='ocr_par' dir='ltr' id='par_1_98' title="bbox 1908 3711 3498 3784">
     <span class='ocr_line' id='line_1_98' title="bbox 1908 3711 3498 3784; baseline 0.001 -17"><span class='ocrx_word' id='word_1_750' title='bbox 1908 3711 2218 3783; x_wconf 90' lang='lat' dir='ltr'><strong>bimctipsis</strong></span> <span class='ocrx_word' id='word_1_751' title='bbox 2245 3721 2372 3768; x_wconf 89' lang='lat' dir='ltr'><strong>sunt</strong></span> <span class='ocrx_word' id='word_1_752' title='bbox 2417 3712 2681 3782; x_wconf 90' lang='lat' dir='ltr'><strong>inutiles,</strong></span> <span class='ocrx_word' id='word_1_753' title='bbox 2733 3713 2823 3784; x_wconf 91' lang='lat' dir='ltr'><strong>qui</strong></span> <span class='ocrx_word' id='word_1_754' title='bbox 2878 3712 3130 3769; x_wconf 88' lang='lat' dir='ltr'><strong>mandata</strong></span> <span class='ocrx_word' id='word_1_755' title='bbox 3173 3714 3271 3770; x_wconf 90' lang='lat' dir='ltr'><strong>Dei</strong></span> <span class='ocrx_word' id='word_1_756' title='bbox 3321 3714 3498 3770; x_wconf 82' lang='lat' dir='ltr'><strong>adim-</strong></span> 
     </span>
    </p>
   </div>
   <div class='ocr_carea' id='block_1_99' title="bbox 1910 3804 3504 3877">
    <p class='ocr_par' dir='ltr' id='par_1_99' title="bbox 1910 3804 3504 3877">
     <span class='ocr_line' id='line_1_99' title="bbox 1910 3804 3504 3877; baseline 0.002 -19"><span class='ocrx_word' id='word_1_757' title='bbox 1910 3804 2067 3876; x_wconf 88' lang='lat' dir='ltr'><strong>plere</strong></span> <span class='ocrx_word' id='word_1_758' title='bbox 2092 3820 2197 3859; x_wconf 90' lang='lat' dir='ltr'><strong>non</strong></span> <span class='ocrx_word' id='word_1_759' title='bbox 2232 3805 2450 3861; x_wconf 90' lang='lat' dir='ltr'><strong>volunt.</strong></span> <span class='ocrx_word' id='word_1_760' title='bbox 2485 3804 2608 3859; x_wconf 89' lang='lat' dir='ltr'><strong>Non</strong></span> <span class='ocrx_word' id='word_1_761' title='bbox 2632 3805 2821 3877; x_wconf 86' lang='lat' dir='ltr'><strong>estqui</strong></span> <span class='ocrx_word' id='word_1_762' title='bbox 2849 3805 3009 3876; x_wconf 86' lang='lat' dir='ltr'><strong>faciat</strong></span> <span class='ocrx_word' id='word_1_763' title='bbox 3040 3804 3231 3860; x_wconf 87' lang='lat' dir='ltr'><strong>bonum</strong></span> <span class='ocrx_word' id='word_1_764' title='bbox 3260 3822 3279 3861; x_wconf 90' lang='lat'><strong>:</strong></span> <span class='ocrx_word' id='word_1_765' title='bbox 3306 3814 3504 3861; x_wconf 85' lang='lat' dir='ltr'><strong>nonest</strong></span> 
     </span>
    </p>
   </div>
   <div class='ocr_carea' id='block_1_100' title="bbox 1909 3896 3508 3969">
    <p class='ocr_par' dir='ltr' id='par_1_100' title="bbox 1909 3896 3508 3969">
     <span class='ocr_line' id='line_1_100' title="bbox 1909 3896 3508 3969; baseline 0.002 -18"><span class='ocrx_word' id='word_1_766' title='bbox 1909 3914 2069 3968; x_wconf 84' lang='lat' dir='ltr'><strong>usque</strong></span> <span class='ocrx_word' id='word_1_767' title='bbox 2093 3897 2161 3950; x_wconf 84' lang='lat' dir='ltr'><strong>ad</strong></span> <span class='ocrx_word' id='word_1_768' title='bbox 2191 3913 2373 3953; x_wconf 89' lang='lat' dir='ltr'><strong>unum.</strong></span> <span class='ocrx_word' id='word_1_769' title='bbox 2402 3896 2594 3953; x_wconf 88' lang='lat' dir='ltr'><strong>Nullus</strong></span> <span class='ocrx_word' id='word_1_770' title='bbox 2620 3898 2770 3954; x_wconf 89' lang='lat' dir='ltr'><strong>enim</strong></span> <span class='ocrx_word' id='word_1_771' title='bbox 2795 3912 2865 3955; x_wconf 79' lang='lat' dir='ltr'><strong>ex</strong></span> <span class='ocrx_word' id='word_1_772' title='bbox 2902 3897 2986 3953; x_wconf 92' lang='lat' dir='ltr'><strong>his</strong></span> <span class='ocrx_word' id='word_1_773' title='bbox 3030 3896 3226 3969; x_wconf 88' lang='lat' dir='ltr'><strong>implet</strong></span> <span class='ocrx_word' id='word_1_774' title='bbox 3252 3898 3508 3954; x_wconf 79' lang='lat' dir='ltr'><strong>volunta-</strong></span> 
     </span>
    </p>
   </div>
   <div class='ocr_carea' id='block_1_101' title="bbox 1909 3989 2531 4046">
    <p class='ocr_par' dir='ltr' id='par_1_101' title="bbox 1909 3989 2531 4046">
     <span class='ocr_line' id='line_1_101' title="bbox 1909 3989 2531 4046; baseline 0 -1"><span class='ocrx_word' id='word_1_775' title='bbox 1909 3996 2017 4045; x_wconf 90' lang='lat' dir='ltr'><strong>tem</strong></span> <span class='ocrx_word' id='word_1_776' title='bbox 2052 3989 2237 4044; x_wconf 86' lang='lat' dir='ltr'><strong>Patris</strong></span> <span class='ocrx_word' id='word_1_777' title='bbox 2263 3989 2531 4046; x_wconf 82' lang='lat' dir='ltr'><strong>caelestis.</strong></span> 
     </span>
    </p>
   </div>
   <div class='ocr_carea' id='block_1_102' title="bbox 1981 4081 3504 4159">
    <p class='ocr_par' dir='ltr' id='par_1_102' title="bbox 1981 4081 3504 4159">
     <span class='ocr_line' id='line_1_102' title="bbox 1981 4081 3504 4159; baseline 0.002 -23"><span class='ocrx_word' id='word_1_778' title='bbox 1981 4081 2175 4137; x_wconf 88' lang='lat' dir='ltr'><strong>Nonne</strong></span> <span class='ocrx_word' id='word_1_779' title='bbox 2201 4091 2509 4156; x_wconf 81' lang='lat' dir='ltr'><strong>cognoscent</strong></span> <span class='ocrx_word' id='word_1_780' title='bbox 2530 4101 2705 4140; x_wconf 87' lang='lat' dir='ltr'><strong>omnes</strong></span> <span class='ocrx_word' id='word_1_781' title='bbox 2722 4085 2814 4158; x_wconf 85' lang='lat' dir='ltr'><strong>qui</strong></span> <span class='ocrx_word' id='word_1_782' title='bbox 2831 4096 3115 4159; x_wconf 84' lang='lat' dir='ltr'><strong>operantur</strong></span> <span class='ocrx_word' id='word_1_783' title='bbox 3137 4085 3459 4158; x_wconf 78' lang='lat' dir='ltr'><strong>iniquitatem</strong></span> <span class='ocrx_word' id='word_1_784' title='bbox 3484 4100 3504 4139; x_wconf 88' lang='lat'><strong>:</strong></span> 
     </span>
    </p>
   </div>
   <div class='ocr_carea' id='block_1_103' title="bbox 1904 4173 3501 4252">
    <p class='ocr_par' dir='ltr' id='par_1_103' title="bbox 1904 4173 3501 4252">
     <span class='ocr_line' id='line_1_103' title="bbox 1904 4173 3501 4252; baseline 0.001 -23"><span class='ocrx_word' id='word_1_785' title='bbox 1904 4174 1992 4246; x_wconf 88' lang='lat' dir='ltr'><strong>qui</strong></span> <span class='ocrx_word' id='word_1_786' title='bbox 2021 4173 2267 4229; x_wconf 82' lang='lat' dir='ltr'><strong>devorant</strong></span> <span class='ocrx_word' id='word_1_787' title='bbox 2294 4175 2492 4248; x_wconf 87' lang='lat' dir='ltr'><strong>plebem</strong></span> <span class='ocrx_word' id='word_1_788' title='bbox 2523 4193 2688 4232; x_wconf 88' lang='lat' dir='ltr'><strong>meam</strong></span> <span class='ocrx_word' id='word_1_789' title='bbox 2714 4178 2848 4233; x_wconf 86' lang='lat' dir='ltr'><strong>sicut</strong></span> <span class='ocrx_word' id='word_1_790' title='bbox 2894 4195 3064 4234; x_wconf 86' lang='lat' dir='ltr'><strong>escam</strong></span> <span class='ocrx_word' id='word_1_791' title='bbox 3094 4180 3280 4252; x_wconf 85' lang='lat' dir='ltr'><strong>panis?</strong></span> <span class='ocrx_word' id='word_1_792' title='bbox 3329 4178 3501 4233; x_wconf 88' lang='lat' dir='ltr'><strong>Deum</strong></span> 
     </span>
    </p>
   </div>
   <div class='ocr_carea' id='block_1_104' title="bbox 1907 4265 3505 4342">
    <p class='ocr_par' dir='ltr' id='par_1_104' title="bbox 1907 4265 3505 4342">
     <span class='ocr_line' id='line_1_104' title="bbox 1907 4265 3505 4342; baseline 0.004 -24"><span class='ocrx_word' id='word_1_793' title='bbox 1907 4281 2012 4319; x_wconf 90' lang='lat' dir='ltr'><strong>non</strong></span> <span class='ocrx_word' id='word_1_794' title='bbox 2041 4266 2423 4322; x_wconf 84' lang='lat' dir='ltr'><strong>invocaverunt.</strong></span> <span class='ocrx_word' id='word_1_795' title='bbox 2448 4265 2803 4340; x_wconf 88' lang='lat' dir='ltr'><strong>Cognoscunt</strong></span> <span class='ocrx_word' id='word_1_796' title='bbox 2842 4271 2986 4326; x_wconf 91' lang='lat' dir='ltr'><strong>enim</strong></span> <span class='ocrx_word' id='word_1_797' title='bbox 3027 4287 3085 4326; x_wconf 88' lang='lat' dir='ltr'><strong>se</strong></span> <span class='ocrx_word' id='word_1_798' title='bbox 3112 4272 3280 4342; x_wconf 92' lang='lat' dir='ltr'><strong>impie</strong></span> <span class='ocrx_word' id='word_1_799' title='bbox 3315 4286 3505 4342; x_wconf 86' lang='lat' dir='ltr'><strong>agere,</strong></span> 
     </span>
    </p>
   </div>
   <div class='ocr_carea' id='block_1_105' title="bbox 1909 4358 3510 4433">
    <p class='ocr_par' dir='ltr' id='par_1_105' title="bbox 1909 4358 3510 4433">
     <span class='ocr_line' id='line_1_105' title="bbox 1909 4358 3510 4433; baseline 0.003 -20"><span class='ocrx_word' id='word_1_800' title='bbox 1909 4367 1961 4413; x_wconf 90' lang='lat' dir='ltr'><strong>et</strong></span> <span class='ocrx_word' id='word_1_801' title='bbox 1994 4372 2102 4411; x_wconf 93' lang='lat' dir='ltr'><strong>non</strong></span> <span class='ocrx_word' id='word_1_802' title='bbox 2131 4358 2304 4414; x_wconf 92' lang='lat' dir='ltr'><strong>solum</strong></span> <span class='ocrx_word' id='word_1_803' title='bbox 2331 4376 2439 4415; x_wconf 88' lang='lat' dir='ltr'><strong>non</strong></span> <span class='ocrx_word' id='word_1_804' title='bbox 2469 4361 2801 4429; x_wconf 88' lang='lat' dir='ltr'><strong>emendant,</strong></span> <span class='ocrx_word' id='word_1_805' title='bbox 2838 4361 2935 4418; x_wconf 89' lang='lat' dir='ltr'><strong>sed</strong></span> <span class='ocrx_word' id='word_1_806' title='bbox 2966 4362 3131 4418; x_wconf 89' lang='lat' dir='ltr'><strong>etiam</strong></span> <span class='ocrx_word' id='word_1_807' title='bbox 3177 4362 3275 4417; x_wconf 92' lang='lat' dir='ltr'><strong>Dei</strong></span> <span class='ocrx_word' id='word_1_808' title='bbox 3332 4378 3510 4433; x_wconf 81' lang='lat' dir='ltr'><strong>pepu—</strong></span> 
     </span>
    </p>
   </div>
   <div class='ocr_carea' id='block_1_106' title="bbox 1908 4449 3511 4528">
    <p class='ocr_par' dir='ltr' id='par_1_106' title="bbox 1908 4449 3511 4528">
     <span class='ocr_line' id='line_1_106' title="bbox 1908 4449 3511 4528; baseline 0.002 -22"><span class='ocrx_word' id='word_1_809' title='bbox 1908 4449 2018 4506; x_wconf 92' lang='lat' dir='ltr'><strong>lum</strong></span> <span class='ocrx_word' id='word_1_810' title='bbox 2047 4450 2312 4507; x_wconf 81' lang='lat' dir='ltr'><strong>devorant</strong></span> <span class='ocrx_word' id='word_1_811' title='bbox 2339 4453 2598 4510; x_wconf 89' lang='lat' dir='ltr'><strong>dentibus</strong></span> <span class='ocrx_word' id='word_1_812' title='bbox 2622 4456 2844 4511; x_wconf 79' lang='lat' dir='ltr'><strong>malitiae</strong></span> <span class='ocrx_word' id='word_1_813' title='bbox 2867 4470 3016 4514; x_wconf 69' lang='lat' dir='ltr'><strong>suta:</strong></span> <span class='ocrx_word' id='word_1_814' title='bbox 3049 4457 3328 4528; x_wconf 90' lang='lat' dir='ltr'><strong>Deumque</strong></span> <span class='ocrx_word' id='word_1_815' title='bbox 3354 4456 3511 4511; x_wconf 83' lang='lat' dir='ltr'><strong>invo-</strong></span> 
     </span>
    </p>
   </div>
   <div class='ocr_carea' id='block_1_107' title="bbox 1907 4544 3507 4617">
    <p class='ocr_par' dir='ltr' id='par_1_107' title="bbox 1907 4544 3507 4617">
     <span class='ocr_line' id='line_1_107' title="bbox 1907 4544 3507 4617; baseline 0.004 -19"><span class='ocrx_word' id='word_1_816' title='bbox 1907 4557 2035 4599; x_wconf 83' lang='lat' dir='ltr'><strong>care</strong></span> <span class='ocrx_word' id='word_1_817' title='bbox 2056 4552 2437 4600; x_wconf 89' lang='lat' dir='ltr'><strong>contemnunt.</strong></span> <span class='ocrx_word' id='word_1_818' title='bbox 2475 4544 2597 4599; x_wconf 86' lang='lat' dir='ltr'><strong>Illic</strong></span> <span class='ocrx_word' id='word_1_819' title='bbox 2627 4548 3023 4617; x_wconf 81' lang='lat' dir='ltr'><strong>trepidavcrunt</strong></span> <span class='ocrx_word' id='word_1_820' title='bbox 3052 4551 3257 4616; x_wconf 88' lang='lat' dir='ltr'><strong>timore,</strong></span> <span class='ocrx_word' id='word_1_821' title='bbox 3284 4550 3373 4603; x_wconf 87' lang='lat' dir='ltr'><strong>ubi</strong></span> <span class='ocrx_word' id='word_1_822' title='bbox 3402 4566 3507 4605; x_wconf 81' lang='lat' dir='ltr'><strong>non</strong></span> 
     </span>
    </p>
   </div>
   <div class='ocr_carea' id='block_1_108' title="bbox 2273 4633 3503 4698">
    <p class='ocr_par' dir='ltr' id='par_1_108' title="bbox 2273 4633 3503 4698">
     <span class='ocr_line' id='line_1_108' title="bbox 2273 4633 3503 4698; baseline 0.007 -10"><span class='ocrx_word' id='word_1_823' title='bbox 2273 4633 2421 4690; x_wconf 90' lang='lat' dir='ltr'><strong>Idola</strong></span> <span class='ocrx_word' id='word_1_824' title='bbox 2466 4651 2530 4691; x_wconf 89' lang='lat' dir='ltr'><strong>ac</strong></span> <span class='ocrx_word' id='word_1_825' title='bbox 2554 4637 2849 4694; x_wconf 89' lang='lat' dir='ltr'><strong>simulacra</strong></span> <span class='ocrx_word' id='word_1_826' title='bbox 2890 4650 3107 4695; x_wconf 89' lang='lat' dir='ltr'><strong>mortua</strong></span> <span class='ocrx_word' id='word_1_827' title='bbox 3151 4642 3449 4698; x_wconf 88' lang='lat' dir='ltr'><strong>timuerunt</strong></span> <span class='ocrx_word' id='word_1_828' title='bbox 3488 4659 3503 4697; x_wconf 93' lang='lat'><strong>:</strong></span> 
     </span>
    </p>
   </div>
   <div class='ocr_carea' id='block_1_109' title="bbox 1903 4726 2787 4799">
    <p class='ocr_par' dir='ltr' id='par_1_109' title="bbox 1903 4726 2787 4799">
     <span class='ocr_line' id='line_1_109' title="bbox 1903 4726 2787 4799; baseline 0.001 -17"><span class='ocrx_word' id='word_1_829' title='bbox 1903 4727 1995 4799; x_wconf 91' lang='lat' dir='ltr'><strong>qui</strong></span> <span class='ocrx_word' id='word_1_830' title='bbox 2028 4726 2197 4783; x_wconf 90' lang='lat' dir='ltr'><strong>Deum</strong></span> <span class='ocrx_word' id='word_1_831' title='bbox 2231 4729 2430 4784; x_wconf 86' lang='lat' dir='ltr'><strong>timere</strong></span> <span class='ocrx_word' id='word_1_832' title='bbox 2457 4729 2787 4785; x_wconf 87' lang='lat' dir='ltr'><strong>debuerant.</strong></span> 
     </span>
    </p>
   </div>
   <div class='ocr_carea' id='block_1_110' title="bbox 1980 4818 3509 4894">
    <p class='ocr_par' dir='ltr' id='par_1_110' title="bbox 1980 4818 3509 4894">
     <span class='ocr_line' id='line_1_110' title="bbox 1980 4818 3509 4894; baseline 0.007 -24"><span class='ocrx_word' id='word_1_833' title='bbox 1980 4819 2240 4887; x_wconf 84' lang='lat' dir='ltr'><strong>Quoniam</strong></span> <span class='ocrx_word' id='word_1_834' title='bbox 2273 4818 2413 4874; x_wconf 89' lang='lat' dir='ltr'><strong>Deus</strong></span> <span class='ocrx_word' id='word_1_835' title='bbox 2441 4820 2713 4892; x_wconf 84' lang='lat' dir='ltr'><strong>dissipavit</strong></span> <span class='ocrx_word' id='word_1_836' title='bbox 2743 4838 2860 4875; x_wconf 91' lang='lat' dir='ltr'><strong>ossa</strong></span> <span class='ocrx_word' id='word_1_837' title='bbox 2896 4838 3106 4893; x_wconf 87' lang='lat' dir='ltr'><strong>eorunt,</strong></span> <span class='ocrx_word' id='word_1_838' title='bbox 3141 4825 3229 4894; x_wconf 89' lang='lat' dir='ltr'><strong>qui</strong></span> <span class='ocrx_word' id='word_1_839' title='bbox 3274 4824 3509 4880; x_wconf 85' lang='lat' dir='ltr'><strong>homini-</strong></span> 
     </span>
    </p>
   </div>
   <div class='ocr_carea' id='block_1_111' title="bbox 1908 4908 3509 4982">
    <p class='ocr_par' dir='ltr' id='par_1_111' title="bbox 1908 4908 3509 4982">
     <span class='ocr_line' id='line_1_111' title="bbox 1908 4908 3509 4982; baseline 0.005 -18"><span class='ocrx_word' id='word_1_840' title='bbox 1908 4909 2002 4965; x_wconf 84' lang='lat' dir='ltr'><strong>bus</strong></span> <span class='ocrx_word' id='word_1_841' title='bbox 2031 4909 2258 4982; x_wconf 86' lang='lat' dir='ltr'><strong>placent.</strong></span> <span class='ocrx_word' id='word_1_842' title='bbox 2286 4908 2544 4967; x_wconf 87' lang='lat' dir='ltr'><strong>Conteret</strong></span> <span class='ocrx_word' id='word_1_843' title='bbox 2577 4910 2723 4966; x_wconf 92' lang='lat' dir='ltr'><strong>enim</strong></span> <span class='ocrx_word' id='word_1_844' title='bbox 2759 4926 2915 4982; x_wconf 88' lang='lat' dir='ltr'><strong>spem</strong></span> <span class='ocrx_word' id='word_1_845' title='bbox 2954 4916 3277 4972; x_wconf 71' lang='lat' dir='ltr'><strong>mter-uitatis</strong></span> <span class='ocrx_word' id='word_1_846' title='bbox 3311 4930 3509 4973; x_wconf 91' lang='lat' dir='ltr'><strong>eorum</strong></span> 
     </span>
    </p>
   </div>
   <div class='ocr_carea' id='block_1_112' title="bbox 1913 5005 3511 5083">
    <p class='ocr_par' dir='ltr' id='par_1_112' title="bbox 1913 5005 3511 5083">
     <span class='ocr_line' id='line_1_112' title="bbox 1913 5005 3511 5083; baseline 0.006 -23"><span class='ocrx_word' id='word_1_847' title='bbox 1913 5005 2080 5075; x_wconf 91' lang='lat' dir='ltr'><strong>Deus,</strong></span> <span class='ocrx_word' id='word_1_848' title='bbox 2115 5007 2206 5077; x_wconf 90' lang='lat' dir='ltr'><strong>qui</strong></span> <span class='ocrx_word' id='word_1_849' title='bbox 2239 5007 2293 5063; x_wconf 91' lang='lat' dir='ltr'><strong>in</strong></span> <span class='ocrx_word' id='word_1_850' title='bbox 2324 5006 2443 5077; x_wconf 88' lang='lat' dir='ltr'><strong>ejus</strong></span> <span class='ocrx_word' id='word_1_851' title='bbox 2470 5008 2861 5064; x_wconf 90' lang='lat' dir='ltr'><strong>contumeliam</strong></span> <span class='ocrx_word' id='word_1_852' title='bbox 2900 5009 3073 5081; x_wconf 88' lang='lat' dir='ltr'><strong>magis</strong></span> <span class='ocrx_word' id='word_1_853' title='bbox 3099 5011 3207 5067; x_wconf 88' lang='lat' dir='ltr'><strong>sibi</strong></span> <span class='ocrx_word' id='word_1_854' title='bbox 3236 5027 3396 5083; x_wconf 87' lang='lat' dir='ltr'><strong>quam</strong></span> <span class='ocrx_word' id='word_1_855' title='bbox 3426 5013 3511 5069; x_wconf 89' lang='lat' dir='ltr'><strong>illi</strong></span> 
     </span>
    </p>
   </div>
   <div class='ocr_carea' id='block_1_113' title="bbox 1917 5097 3517 5174">
    <p class='ocr_par' dir='ltr' id='par_1_113' title="bbox 1917 5097 3517 5174">
     <span class='ocr_line' id='line_1_113' title="bbox 1917 5097 3517 5174; baseline 0.006 -23"><span class='ocrx_word' id='word_1_856' title='bbox 1917 5097 2267 5171; x_wconf 88' lang='lat' dir='ltr'><strong>placuerunt.</strong></span> <span class='ocrx_word' id='word_1_857' title='bbox 2298 5100 2416 5157; x_wconf 88' lang='lat' dir='ltr'><strong>Sibi</strong></span> <span class='ocrx_word' id='word_1_858' title='bbox 2440 5099 2719 5172; x_wconf 85' lang='lat' dir='ltr'><strong>placentes</strong></span> <span class='ocrx_word' id='word_1_859' title='bbox 2748 5099 2966 5156; x_wconf 87' lang='lat' dir='ltr'><strong>confusi</strong></span> <span class='ocrx_word' id='word_1_860' title='bbox 2992 5111 3142 5170; x_wconf 90' lang='lat' dir='ltr'><strong>sunt,</strong></span> <span class='ocrx_word' id='word_1_861' title='bbox 3172 5102 3226 5157; x_wconf 90' lang='lat' dir='ltr'><strong>id</strong></span> <span class='ocrx_word' id='word_1_862' title='bbox 3256 5112 3373 5172; x_wconf 89' lang='lat' dir='ltr'><strong>est,</strong></span> <span class='ocrx_word' id='word_1_863' title='bbox 3420 5104 3517 5174; x_wconf 92' lang='lat' dir='ltr'><strong>qui</strong></span> 
     </span>
    </p>
   </div>
   <div class='ocr_carea' id='block_1_114' title="bbox 1918 5188 3515 5267">
    <p class='ocr_par' dir='ltr' id='par_1_114' title="bbox 1918 5188 3515 5267">
     <span class='ocr_line' id='line_1_114' title="bbox 1918 5188 3515 5267; baseline 0.004 -22"><span class='ocrx_word' id='word_1_864' title='bbox 1918 5188 2235 5247; x_wconf 89' lang='lat' dir='ltr'><strong>hominibus</strong></span> <span class='ocrx_word' id='word_1_865' title='bbox 2263 5191 2505 5263; x_wconf 82' lang='lat' dir='ltr'><strong>placent,</strong></span> <span class='ocrx_word' id='word_1_866' title='bbox 2535 5202 2588 5247; x_wconf 87' lang='lat' dir='ltr'><strong>et</strong></span> <span class='ocrx_word' id='word_1_867' title='bbox 2616 5207 2722 5248; x_wconf 91' lang='lat' dir='ltr'><strong>non</strong></span> <span class='ocrx_word' id='word_1_868' title='bbox 2753 5192 2889 5249; x_wconf 91' lang='lat' dir='ltr'><strong>Deo.</strong></span> <span class='ocrx_word' id='word_1_869' title='bbox 2920 5191 3145 5266; x_wconf 84' lang='lat' dir='ltr'><strong>Confusi</strong></span> <span class='ocrx_word' id='word_1_870' title='bbox 3192 5204 3315 5250; x_wconf 89' lang='lat' dir='ltr'><strong>sunt</strong></span> <span class='ocrx_word' id='word_1_871' title='bbox 3340 5236 3355 5263; x_wconf 93' lang='lat'><strong>,</strong></span> <span class='ocrx_word' id='word_1_872' title='bbox 3383 5211 3515 5267; x_wconf 86' lang='lat' dir='ltr'><strong>quo-</strong></span> 
     </span>
    </p>
   </div>
   <div class='ocr_carea' id='block_1_115' title="bbox 1920 5284 3518 5360">
    <p class='ocr_par' dir='ltr' id='par_1_115' title="bbox 1920 5284 3518 5360">
     <span class='ocr_line' id='line_1_115' title="bbox 1920 5284 3518 5360; baseline 0.004 -22"><span class='ocrx_word' id='word_1_873' title='bbox 1920 5285 2060 5339; x_wconf 87' lang='lat' dir='ltr'><strong>niam</strong></span> <span class='ocrx_word' id='word_1_874' title='bbox 2089 5284 2232 5342; x_wconf 88' lang='lat' dir='ltr'><strong>Deus</strong></span> <span class='ocrx_word' id='word_1_875' title='bbox 2258 5286 2451 5360; x_wconf 86' lang='lat' dir='ltr'><strong>sprevit</strong></span> <span class='ocrx_word' id='word_1_876' title='bbox 2477 5302 2584 5342; x_wconf 89' lang='lat' dir='ltr'><strong>eos.</strong></span> <span class='ocrx_word' id='word_1_877' title='bbox 2629 5285 2823 5345; x_wconf 80' lang='lat' dir='ltr'><strong>Merito</strong></span> <span class='ocrx_word' id='word_1_878' title='bbox 2872 5288 3155 5359; x_wconf 87' lang='lat' dir='ltr'><strong>spernitur</strong></span> <span class='ocrx_word' id='word_1_879' title='bbox 3200 5302 3233 5342; x_wconf 72' lang='grc' dir='ltr'><strong>ει</strong></span> <span class='ocrx_word' id='word_1_880' title='bbox 3267 5287 3381 5343; x_wconf 92' lang='lat' dir='ltr'><strong>Deo</strong></span> <span class='ocrx_word' id='word_1_881' title='bbox 3421 5289 3518 5360; x_wconf 89' lang='lat' dir='ltr'><strong>qui</strong></span> 
     </span>
    </p>
   </div>
   <div class='ocr_carea' id='block_1_116' title="bbox 1909 5420 3516 5495">
    <p class='ocr_par' dir='ltr' id='par_1_116' title="bbox 1909 5420 3516 5495">
     <span class='ocr_line' id='line_1_116' title="bbox 1909 5420 3516 5495; baseline 0.004 -17"><span class='ocrx_word' id='word_1_882' title='bbox 1909 5422 1969 5478; x_wconf 93' lang='lat' dir='ltr'><strong>S.</strong></span> <span class='ocrx_word' id='word_1_883' title='bbox 2018 5420 2210 5495; x_wconf 83' lang='lat' dir='ltr'><strong>doctor</strong></span> <span class='ocrx_word' id='word_1_884' title='bbox 2239 5425 2645 5493; x_wconf 86' lang='lat' dir='ltr'><strong>parturientem,</strong></span> <span class='ocrx_word' id='word_1_885' title='bbox 2695 5427 2823 5495; x_wconf 91' lang='lat' dir='ltr'><strong>quin</strong></span> <span class='ocrx_word' id='word_1_886' title='bbox 2875 5426 3060 5495; x_wconf 90' lang='lat' dir='ltr'><strong>potius</strong></span> <span class='ocrx_word' id='word_1_887' title='bbox 3107 5428 3363 5493; x_wconf 81' lang='lat' dir='ltr'><strong>chorum,</strong></span> <span class='ocrx_word' id='word_1_888' title='bbox 3414 5442 3516 5484; x_wconf 85' lang='lat' dir='ltr'><strong>seu</strong></span> 
     </span>
    </p>
   </div>
   <div class='ocr_carea' id='block_1_117' title="bbox 1908 5491 3518 5566">
    <p class='ocr_par' dir='ltr' id='par_1_117' title="bbox 1908 5491 3518 5566">
     <span class='ocr_line' id='line_1_117' title="bbox 1908 5491 3518 5566; baseline 0.006 -20"><span class='ocrx_word' id='word_1_889' title='bbox 1908 5491 2276 5566; x_wconf 78' lang='lat' dir='ltr'><strong>symphoniam</strong></span> <span class='ocrx_word' id='word_1_890' title='bbox 2297 5538 2312 5563; x_wconf 92' lang='lat'><strong>,</strong></span> <span class='ocrx_word' id='word_1_891' title='bbox 2355 5503 2414 5549; x_wconf 93' lang='lat' dir='ltr'><strong>ut</strong></span> <span class='ocrx_word' id='word_1_892' title='bbox 2444 5496 2496 5551; x_wconf 90' lang='lat' dir='ltr'><strong>in</strong></span> <span class='ocrx_word' id='word_1_893' title='bbox 2529 5491 2693 5566; x_wconf 76' lang='lat' dir='ltr'><strong>epiSt.</strong></span> <span class='ocrx_word' id='word_1_894' title='bbox 2714 5491 2792 5552; x_wconf 72' lang='grc'><strong>’21</strong></span> <span class='ocrx_word' id='word_1_895' title='bbox 2814 5538 2829 5563; x_wconf 86' lang='grc'><em>,</em></span> <span class='ocrx_word' id='word_1_896' title='bbox 2861 5491 2928 5553; x_wconf 76' lang='lat' dir='ltr'><strong>ad</strong></span> <span class='ocrx_word' id='word_1_897' title='bbox 2973 5497 3267 5553; x_wconf 85' lang='lat' dir='ltr'><strong>Damasum</strong></span> <span class='ocrx_word' id='word_1_898' title='bbox 3298 5491 3369 5554; x_wconf 84' lang='lat' dir='ltr'><strong>de</strong></span> <span class='ocrx_word' id='word_1_899' title='bbox 3400 5498 3518 5555; x_wconf 87' lang='lat' dir='ltr'><strong>lilio</strong></span> 
     </span>
    </p>
   </div>
   <div class='ocr_carea' id='block_1_118' title="bbox 1909 5573 3516 5659">
    <p class='ocr_par' dir='ltr' id='par_1_118' title="bbox 1909 5573 3516 5659">
     <span class='ocr_line' id='line_1_118' title="bbox 1909 5573 3516 5659; baseline 0.004 -19"><span class='ocrx_word' id='word_1_900' title='bbox 1909 5585 2161 5658; x_wconf 87' lang='lat' dir='ltr'><strong>prodigo.</strong></span> <span class='ocrx_word' id='word_1_901' title='bbox 2206 5587 2272 5642; x_wconf 88' lang='lat' dir='ltr'><strong>Et</strong></span> <span class='ocrx_word' id='word_1_902' title='bbox 2310 5603 2442 5645; x_wconf 90' lang='lat' dir='ltr'><strong>vero</strong></span> <span class='ocrx_word' id='word_1_903' title='bbox 2475 5573 2656 5659; x_wconf 68' lang='lat' dir='ltr'><strong>5m,</strong></span> <span class='ocrx_word' id='word_1_904' title='bbox 2688 5590 2926 5648; x_wconf 92' lang='lat' dir='ltr'><strong>Chorum</strong></span> <span class='ocrx_word' id='word_1_905' title='bbox 2965 5591 3263 5656; x_wconf 86' lang='lat' dir='ltr'><strong>denotare,</strong></span> <span class='ocrx_word' id='word_1_906' title='bbox 3295 5600 3516 5648; x_wconf 80' lang='lat' dir='ltr'><strong>constat:</strong></span> 
     </span>
    </p>
   </div>
   <div class='ocr_carea' id='block_1_119' title="bbox 1914 5666 3516 5752">
    <p class='ocr_par' dir='ltr' id='par_1_119' title="bbox 1914 5666 3516 5752">
     <span class='ocr_line' id='line_1_119' title="bbox 1914 5666 3516 5752; baseline 0.006 -21"><span class='ocrx_word' id='word_1_907' title='bbox 1914 5693 1976 5752; x_wconf 82' lang='lat' dir='ltr'><strong>ps</strong></span> <span class='ocrx_word' id='word_1_908' title='bbox 1992 5676 2122 5733; x_wconf 90' lang='lat' dir='ltr'><strong>alm.</strong></span> <span class='ocrx_word' id='word_1_909' title='bbox 2147 5693 2327 5746; x_wconf 82' lang='lat' dir='ltr'><strong>cxux,</strong></span> <span class='ocrx_word' id='word_1_910' title='bbox 2360 5680 2471 5752; x_wconf 81' lang='lat' dir='ltr'><strong>5_el</strong></span> <span class='ocrx_word' id='word_1_911' title='bbox 2494 5680 2647 5746; x_wconf 89' lang='lat' dir='ltr'><strong>alibi,</strong></span> <span class='ocrx_word' id='word_1_912' title='bbox 2680 5698 2708 5736; x_wconf 90' lang='lat' dir='ltr'><strong>a</strong></span> <span class='ocrx_word' id='word_1_913' title='bbox 2735 5683 2918 5740; x_wconf 88' lang='lat' dir='ltr'><strong>radice</strong></span> <span class='ocrx_word' id='word_1_914' title='bbox 2943 5666 3065 5751; x_wconf 74' lang='lat' dir='ltr'><strong>&#39;m,</strong></span> <span class='ocrx_word' id='word_1_915' title='bbox 3100 5684 3316 5752; x_wconf 84' lang='lat' dir='ltr'><strong>saltare.</strong></span> <span class='ocrx_word' id='word_1_916' title='bbox 3356 5682 3516 5752; x_wconf 87' lang='lat' dir='ltr'><strong>Quod</strong></span> 
     </span>
    </p>
   </div>
   <div class='ocr_carea' id='block_1_120' title="bbox 1914 5748 3515 5827">
    <p class='ocr_par' dir='ltr' id='par_1_120' title="bbox 1914 5748 3515 5827">
     <span class='ocr_line' id='line_1_120' title="bbox 1914 5748 3515 5827; baseline 0.004 -25"><span class='ocrx_word' id='word_1_917' title='bbox 1914 5748 1959 5802; x_wconf 78' lang='lat' dir='ltr'><strong>si</strong></span> <span class='ocrx_word' id='word_1_918' title='bbox 1992 5751 2359 5827; x_wconf 68' lang='lat' dir='ltr'><strong>parturientem</strong></span> <span class='ocrx_word' id='word_1_919' title='bbox 2390 5748 3058 5827; x_wconf 79' lang='lat' dir='ltr'><strong>interpretarioportent,</strong></span> <span class='ocrx_word' id='word_1_920' title='bbox 3082 5769 3111 5812; x_wconf 74' lang='grc' dir='ltr'><strong><em>λ</em></strong></span> <span class='ocrx_word' id='word_1_921' title='bbox 3139 5751 3280 5811; x_wconf 87' lang='lat' dir='ltr'><strong>Cbul</strong></span> <span class='ocrx_word' id='word_1_922' title='bbox 3312 5748 3515 5812; x_wconf 73' lang='lat' dir='ltr'><strong>delice-</strong></span> 
     </span>
    </p>
   </div>
   <div class='ocr_carea' id='block_1_121' title="bbox 1916 5817 2820 5895">
    <p class='ocr_par' dir='ltr' id='par_1_121' title="bbox 1916 5817 2820 5895">
     <span class='ocr_line' id='line_1_121' title="bbox 1916 5817 2820 5895; baseline 0.007 -22"><span class='ocrx_word' id='word_1_923' title='bbox 1916 5817 2077 5873; x_wconf 85' lang='lat' dir='ltr'><strong>tenda</strong></span> <span class='ocrx_word' id='word_1_924' title='bbox 2106 5820 2176 5874; x_wconf 90' lang='lat' dir='ltr'><strong>sit</strong></span> <span class='ocrx_word' id='word_1_925' title='bbox 2206 5819 2442 5875; x_wconf 90' lang='lat' dir='ltr'><strong>nominis</strong></span> <span class='ocrx_word' id='word_1_926' title='bbox 2467 5817 2820 5895; x_wconf 63' lang='lat' dir='ltr'><strong>etymologia:</strong></span> 
     </span>
    </p>
   </div>
  </div>
