4010 6306
561 284 670 346 983

1347 283 1688 342 APPENDIX
1733 283 1824 341 AD
1863 285 2108 345 TOMUM
2146 285 2500 346 SEPTIMUM
2542 290 2599 348 S.
2648 291 3058 354 HIERONYMI.

3742 301 3828 358 984

640 401 902 468 Quoniam
931 402 978 456 si
1000 399 1238 455 inimicus
1269 416 1406 454 meus
1433 401 1786 456 maledixisset
1813 402 1961 462 mihi.
1994 402 2154 457 susti-
2185 403 2239 465 Α
2339 404 2594 463 Είοαιιόὶεί
2621 406 2785 464 Deus.
2813 410 2895 465 Me
2925 410 3361 482 benedicentem,
3398 427 3503 468 non
3535 413 3660 470 illos
3682 414 3824 472 male-

569 497 801 550 uuissem
827 497 1016 565 utique,
1049 503 1097 548 et
1122 495 1166 548 si
1195 495 1238 547 is
1259 495 1349 565 qui
1375 495 1554 548 oderat
1581 511 1660 549 me
1688 512 1842 566 super
1869 513 1946 551 me
1974 513 2162 568 magna

569 587 771 642 locutus
797 588 976 658 [uisset
1008 603 1026 638 :
1062 586 1448 641 abscondissem
1489 603 1566 640 me
1594 587 1814 657 forsitan
1844 587 1905 640 ab
1927 604 2010 644 eo.
2045 587 2162 643 Non

566 681 658 737 hic
682 692 888 736 tantum
915 680 983 735 de
1013 679 1274 749 passione
1303 680 1571 736 Dominus
1599 683 1865 752 queritur,
1897 682 1991 738 sed
2021 683 2166 739 etde

569 771 841 842 discipulo
890 772 1194 842 proditore.
1242 771 1375 826 Nam
1437 771 1663 843 legimus
1719 773 1770 827 in
1827 773 2162 842 Evangeliis,

569 867 693 938 quia
718 865 1066 923 absconderit
1091 882 1148 922 se
1169 882 1197 921 a
1226 867 1432 922 Iudaeis
1459 867 1640 938 (Joan.
1666 866 1808 938 vm).
1842 869 1882 922 A
1910 868 2046 924 .lnda
2065 884 2167 923 au-

569 968 679 1014 tem
705 975 810 1016 non
830 975 891 1015 se
912 959 1229 1016 abscondit:
1255 959 1350 1014 sed
1369 975 1492 1014 eum
1522 959 1683 1015 etiam
1707 960 1956 1016 convivio
1979 968 2168 1016 sancto

570 1054 787 1119 ascivit,
822 1056 963 1111 sicut
988 1055 1233 1123 sequitur
1263 1073 1274 1108 :
1415 1051 1422 1056 ’

645 1147 726 1202 Tu
755 1164 867 1202 vero
894 1147 1050 1201 homo
1078 1147 1359 1202 unanimis.
1395 1147 1497 1217 Qui
1526 1163 1649 1203 cum
1690 1149 1818 1205 aliis
1847 1151 2171 1220 conjunctus

577 1257 700 1296 eras
748 1241 1032 1312 apostolis.
1093 1240 1214 1294 Dux
1262 1257 1424 1294 meus.
1477 1241 1557 1296 Ad
1601 1243 2002 1309 praedicandum
2046 1258 2167 1298 cum

575 1339 789 1389 ca-tcris
837 1335 1055 1388 missus.
1088 1334 1155 1387 Et
1202 1345 1354 1388 notus
1387 1350 1548 1388 meus.
1596 1335 1731 1401 Quia
1764 1351 1849 1390 me
1897 1351 1995 1405 per
2037 1335 2172 1406 legis

573 1428 893 1500 mysterium
915 1441 1254 1498 cognoveras
1293 1441 1417 1481 esse
1446 1437 1760 1482 venturum.
1795 1426 1922 1482 Dux
1953 1445 2098 1482 meus
2124 1438 2173 1482 et

574 1531 728 1574 notus
774 1535 938 1573 meus.
971 1517 1086 1572 Vox
1127 1517 1332 1573 Christi
1365 1517 1431 1574 de
1463 1519 1622 1574 Juda.
1677 1517 1955 1576 Uuanimis
1991 1520 2123 1574 dicit
2157 1537 2169 1573 :

579 1611 705 1680 quia
739 1610 1025 1666 videbatur
1061 1609 1130 1665 ab
1160 1609 1282 1664 aliis
1312 1611 1465 1681 quasi
1488 1610 1684 1666 bonus.
1722 1611 1842 1667 Dux
1870 1611 2022 1675 dicit,
2047 1627 2168 1683 pro-

579 1713 704 1774 pter
727 1703 870 1774 quod
899 1703 1177 1759 Christum
1207 1703 1450 1773 tradidit,
1477 1703 1586 1758 dux
1612 1705 1804 1760 mortis
1831 1705 1950 1760 fuit.
1977 1705 2169 1772 Natus,

2264 497 2528 555 dicentes.
2581 498 2843 556 Exaudiet
2891 501 3031 558 Deus
3063 520 3080 557 :
3113 515 3333 560 sanctos
3358 519 3507 560 suos.
3566 505 3632 559 Et
3677 508 3824 559 humi-

2267 589 2414 644 liabit
2449 606 2554 645 eos.
2607 591 2720 647 Hoc
2766 602 2870 658 cst,
2909 595 3193 665 Superbos.
3231 596 3332 662 Qui
3370 606 3441 651 est
3480 605 3604 651 ante
3633 597 3822 652 stecula.

2267 681 2430 737 Pater
2454 683 2661 752 utique,
2687 699 2846 754 quem
2871 685 2923 740 in
2945 701 3031 742 me
3057 702 3278 743 manere
3300 704 3403 742 non
3434 701 3823 759 cognoverunt:

2267 776 2393 847 quia
2421 785 2507 832 est
2538 786 2662 833 ante
2691 783 2914 849 saecula,
2949 791 3004 837 et
3034 792 3217 839 manet
3241 784 3294 839 in
3324 794 3613 840 teternum.
3645 786 3736 842 llle
3755 789 3827 858 qui

2270 868 2480 924 initium
2510 872 2740 942 sumpsit
2775 888 2840 927 cx
2880 873 3067 942 Maria,
3097 885 3222 931 ante
3257 879 3455 934 saecula
3491 881 3707 948 genitus
3743 892 3828 934 est.

2344 961 2467 1017 Non
2491 973 2565 1018 est
2584 966 2720 1018 enim
2740 964 2849 1020 illis
2874 970 3226 1024 commutatio.
3258 971 3333 1026 De
3357 972 3502 1026 malo
3529 972 3582 1027 in
3613 971 3824 1027 bonum:

2272 1069 2382 1110 non
2435 1067 2864 1125 commutantur,
2921 1075 3029 1116 non
3090 1063 3494 1119 transferuntur
3551 1064 3825 1120 secundum

2275 1149 2630 1219 Evangelium
2669 1151 2735 1206 de
2781 1161 2955 1208 morte
3007 1154 3058 1208 in
3110 1155 3299 1210 vitam.
3350 1155 3417 1210 Et
3446 1173 3553 1210 non
3582 1157 3830 1212 timuerunt

2277 1238 2467 1294 Deum.
2503 1241 2630 1298 Ideo
2659 1259 2818 1298 causa
2862 1245 2928 1298 ad
2971 1245 3226 1303 ultionem
3258 1248 3564 1313 descendit,
3608 1250 3743 1305 sicut
3769 1267 3838 1306 se-

2275 1335 2460 1405 quitur
2493 1354 2505 1389 :
2553 1336 2817 1408 Expendit
2849 1356 3062 1394 manum
3085 1359 3231 1396 suam
3264 1344 3318 1396 in.
3344 1344 3699 1398 retribuendo.
3727 1343 3836 1413 Quit

2275 1441 2397 1481 cum
2427 1427 2507 1482 eis
2539 1427 2603 1484 ad
2628 1431 2887 1486 auxilium
2927 1444 3178 1502 porrecta
3203 1434 3391 1491 fuisset
3426 1453 3440 1490 :
3486 1451 3599 1491 non
3627 1452 3736 1492 eam
3762 1454 3831 1492 re-

2276 1529 2560 1588 ceperunt.
2596 1521 2718 1576 Non
2747 1524 3028 1578 timuerunt
3060 1525 3230 1581 Deum
3271 1544 3289 1582 :
3323 1537 3613 1599 propterea
3640 1545 3737 1585 non
3760 1531 3836 1586 de-

2278 1611 2622 1668 clinaverunt
2659 1613 2728 1671 de
2763 1617 2903 1672 malo
2936 1617 2989 1672 in
3021 1618 3223 1674 bonum
3252 1639 3264 1675 :
3298 1622 3429 1692 quia
3461 1637 3570 1678 non
3592 1638 3834 1694 ceguove-

2281 1713 2428 1758 runt.
2458 1702 2526 1757 Et
2556 1706 2786 1759 extendit
2815 1725 3022 1763 manum
3046 1727 3212 1777 suam,
3265 1712 3316 1766 in
3363 1714 3700 1769 retribuendo
3737 1717 3838 1771 illis.

588 1795 802 1864 quando
832 1794 978 1848 misit
1009 1809 1104 1849 eos
1136 1795 1292 1849 binos
1324 1803 1448 1851 ante
1493 1793 1686 1850 faciem
1718 1811 1870 1852 suam
1903 1796 1954 1850 in
1979 1797 2176 1867 prtrdi-
2204 1785 2250 1844 Β
2282 1794 2532 1852 Extendit
2562 1816 2771 1854 manuni
2821 1817 2988 1871 suam,
3025 1812 3083 1858 ut
3125 1804 3201 1859 ait
3252 1805 3526 1876 propheta
3559 1825 3572 1862 :
3610 1807 3736 1862 Tota
3775 1809 3843 1862 die

587 1889 856 1942 cationem
882 1886 1034 1961 (Luc.
1070 1889 1148 1959 x).

657 1981 758 2048 Qui
786 1985 943 2038 simul
985 2001 1186 2039 mecum
1209 1985 1385 2040 dulces
1405 1986 1644 2055 capiebas
1674 1985 1834 2040 cibos.
1859 1985 1999 2042 Cum
2028 2001 2181 2041 man-

584 2079 725 2135 datis
774 2080 898 2135 vitze
937 2089 996 2135 et
1029 2081 1309 2136 voluntate
1351 2081 1519 2150 patris
1572 2081 1891 2150 plerumque
1943 2080 2182 2136 refectus

586 2189 669 2231 es.
700 2174 869 2230 Cibus
887 2174 1030 2230 enim
1055 2175 1228 2230 dulcis
1258 2183 1360 2244 est,
1392 2174 1568 2229 Patris
1597 2173 1782 2231 facere
1816 2175 2180 2244 voluntatem,

590 2278 653 2323 ut
677 2269 811 2325 illud
847 2270 986 2336 :Qui
1015 2269 1236 2342 intingit
1276 2283 1488 2324 mecum
1527 2285 1746 2324 manum
1783 2269 1836 2323 in
1867 2270 2179 2340 paropside,

587 2363 786 2419 levabit
807 2371 995 2417 contra
1023 2377 1108 2417 me
1130 2362 1448 2418 calcaneum
1482 2378 1637 2418 suttm
1659 2362 1847 2436 (Matt.
1881 2364 2056 2434 xxvi).
2086 2363 2184 2419 Vel

587 2453 745 2510 cibus
772 2455 970 2523 dulcis,
1006 2455 1057 2510 id
1079 2466 1186 2520 est,
1219 2470 1415 2525 corpus
1437 2465 1487 2510 et
1517 2457 1740 2526 sanguis
1769 2456 1970 2512 Christi
2000 2475 2013 2511 :
2042 2458 2186 2529 quod

588 2548 707 2618 ipse
736 2548 947 2617 accepit
970 2547 1244 2617 indignus.
1279 2546 1344 2601 In
1374 2547 1528 2602 donto
1548 2547 1644 2602 Dei
1670 2549 2051 2604 ambulavimus
2072 2567 2188 2604 cum

591 2657 864 2696 consensu.
899 2642 1055 2712 Stepe
1100 2642 1246 2697 enim
1279 2656 1400 2695 cum
1449 2641 1568 2711 ipso
1612 2641 1842 2696 Domino
1883 2641 1934 2696 in
1987 2642 2190 2712 templo

590 2735 901 2792 Salomonis
929 2751 1051 2792 cum
1085 2735 1491 2807 praedicationis
1516 2749 1786 2792 consensu
1820 2735 1971 2792 abiit.

675 2829 857 2886 Veniat
893 2847 1031 2885 mors
1060 2845 1214 2902 super
1239 2829 1382 2899 illos,
1417 2838 1462 2883 et
1487 2830 1799 2884 descendant
1838 2830 1908 2883 ad
1931 2831 2190 2901 infernum

593 2924 836 2978 viventes.
881 2921 954 2978 Ut
990 2924 1255 2992 majorem
1287 2921 1369 2976 sui
1401 2921 1581 2977 cordis
1616 2921 1863 2978 dolorem
1894 2921 2191 2977 secundum

591 3016 872 3072 hominem
913 3015 1230 3071 ostenderet
1269 3032 1282 3070 :
1328 3013 1452 3070 ideo
1497 3016 1651 3085 quasi
1703 3016 1756 3070 in
1806 3014 2192 3070 maledictione

601 3129 725 3184 qute
753 3113 831 3169 eis
873 3120 1031 3167 erant
1067 3120 1299 3168 ventura
1346 3108 1615 3179 prtedixit.
1660 3109 1838 3165 Veniat
1868 3126 2006 3164 mors
2038 3126 2193 3179 super

597 3208 740 3274 illos,
772 3215 819 3260 et
844 3207 1155 3262 descendant
1178 3206 1249 3259 ad
1279 3206 1545 3277 infernum
1573 3205 1815 3259 viventes.
1841 3202 2067 3258 Factum
2094 3202 2196 3259 fuit

594 3302 702 3358 hoc
727 3301 795 3358 de
823 3301 1053 3365 Datltan,
1099 3309 1154 3354 et
1192 3297 1355 3366 Core,
1388 3307 1443 3354 et
1469 3297 1698 3364 Abiron,
1732 3307 1787 3352 et
1830 3297 1989 3354 simul
2043 3297 2196 3351 venit

595 3396 738 3466 ignis
761 3402 816 3449 et
842 3397 1041 3450 mortui
1068 3391 1312 3458 fuerunt,
1347 3400 1400 3448 et
1434 3401 1575 3446 terra
1599 3389 1886 3447 absorbuit
1914 3403 2012 3446 eos
2041 3389 2196 3444 vivos

595 3489 788 3563 (Num.
823 3487 957 3561 XVI).

672 3582 932 3648 Quoniam
979 3581 1202 3651 nequitia
1245 3579 1297 3633 in
1338 3577 1655 3633 habitaculis
1701 3593 1882 3632 eorum
1920 3577 1975 3630 in
2025 3575 2195 3629 medio

598 3677 851 3750 ipsorum.
887 3673 1100 3730 Etenim
1144 3681 1250 3727 tam
1293 3685 1462 3744 Opere
1503 3685 1667 3741 quam
1716 3670 2068 3740 cogitatione,
2103 3685 2196 3726 ne-

597 3769 768 3841 quitia
801 3768 946 3839 pleni
977 3775 1122 3823 sunt.

675 3861 789 3934 Ego
817 3871 990 3916 autem
1017 3861 1084 3914 ad
1116 3858 1393 3914 Dominum
1425 3859 1667 3926 clamavi,
1718 3868 1765 3912 et
1813 3856 2067 3912 Dominus
2090 3855 2198 3910 sal-

599 3955 741 4010 uabit
767 3971 864 4007 me.
904 3953 1152 4025 Vespere,
1175 3962 1224 4006 et
1247 3969 1416 4020 mane,
1457 3960 1506 4007 et
1534 3951 1770 4009 meridie.
1799 3949 2041 4021 Vespere
2072 3964 2194 4005 cum

602 4051 914 4121 passionem
940 4047 1199 4118 suscepit,
1234 4062 1391 4103 mane
1419 4063 1544 4102 cum
1572 4047 1876 4103 resurrexit
1901 4063 1914 4099 :
1943 4043 2194 4112 meridie,

603 4156 728 4199 cum
773 4141 921 4196 omni
963 4140 1214 4196 claritate
1258 4139 1476 4194 virtutis
1506 4140 1639 4210 jsua:
1680 4138 1992 4208 adimpleta,
2024 4137 2198 4192 caelos

603 4234 874 4302 ascendit,
905 4235 1066 4291 sedet
1093 4234 1158 4288 ad
1187 4232 1476 4288 dexteram
1509 4232 1707 4288 Patris.

675 4329 926 4384 Narrabo
975 4337 1021 4383 et
1061 4327 1400 4394 aununtiabo,
1444 4335 1491 4380 et
1530 4323 1775 4380 exaudiet
1807 4340 1976 4379 vocem
2008 4340 2193 4379 meam.

601 4420 841 4480 Redimet
869 4424 923 4477 in
955 4437 1079 4491 pace
1107 4421 1334 4474 anintam
1377 4435 1562 4482 meam,
1592 4420 1656 4473 ab
1684 4419 1763 4473 Itis
1790 4420 1879 4490 qui
1911 4419 2198 4490 apprOpin-

603 4524 763 4589 quant
783 4515 930 4570 mihi.
959 4513 1159 4569 Narrat
1185 4511 1393 4570 scilicet
1426 4530 1440 4568 :
1478 4511 1624 4584 quod
1651 4527 1774 4568 eum
1805 4511 2071 4568 velociter
2099 4525 2192 4580 pa-

601 4620 690 4668 ter
715 4608 1033 4666 exaudivit:
1068 4609 1212 4680 quod
1242 4623 1366 4664 eum
1407 4608 1476 4664 de
1511 4607 1958 4664 tribulationibus
1999 4604 2196 4661 mortis

602 4707 806 4779 eripuit
836 4725 848 4761 :
873 4705 1017 4778 quod
1049 4704 1102 4760 in
1136 4719 1270 4776 pace
1299 4705 1536 4760 animam
1571 4703 1694 4773 ejus
1721 4703 1790 4758 ab
1817 4703 2076 4766 inimicis,
2104 4701 2195 4770 qui

598 4798 650 4855 ei
672 4797 744 4854 ob
769 4796 1110 4853 inferendam
1144 4803 1372 4850 mortem
1413 4797 1945 4866 propinquaverant,
1996 4793 2196 4848 libera-

597 4892 692 4948 vit.
725 4889 847 4955 Vel,
869 4889 1116 4956 narrabo,
1145 4888 1301 4959 quasi
1328 4888 1562 4954 minora,
1594 4898 1642 4941 et
1670 4887 2014 4952 annuntiabo,
2039 4885 2195 4956 quasi

597 4983 826 5052 majora.
862 4980 1141 5036 Liberavit
1176 4979 1228 5035 in
1260 4994 1396 5051 pace
1425 4979 1664 5034 animam
1711 4993 1910 5033 meam.
1945 4976 2012 5031 1n
2046 4994 2192 5048 pace,

597 5074 704 5130 hoc
733 5082 838 5139 est,
868 5073 923 5127 in
955 5071 1275 5141 semetipso,
1305 5080 1367 5125 ut
1389 5070 1590 5125 Paulus
1621 5070 1758 5124 dixit
1789 5087 1803 5124 :
1837 5071 1958 5140 ipse
1980 5078 2063 5125 est
2091 5085 2193 5139 pax

596 5175 806 5232 nostra,
840 5165 929 5236 qui
963 5165 1094 5221 fecit
1122 5172 1350 5236 utraque
1377 5179 1540 5219 unum
1566 5163 1786 5235 (Ep/tes.
1817 5163 1878 5234 ι).
1903 5164 1980 5218 Ab
2003 5164 2082 5218 his
2104 5165 2194 5234 qui

595 5258 1020 5331 appropinquant
1075 5257 1223 5311 mihi.
1280 5256 1736 5328 Appropinquant
1774 5271 2032 5326 corpore,
2084 5271 2190 5311 non

593 5353 706 5406 vita
736 5365 837 5406 nec
872 5350 1086 5406 merito.
1124 5350 1385 5418 Quoniam
1415 5351 1550 5405 inter
1578 5350 1770 5405 multos
1799 5359 1948 5406 erant
1970 5366 2187 5405 mecum.

596 5440 749 5496 Inter
777 5443 989 5507 multos,
1024 5441 1121 5497 sed
1169 5458 1274 5498 non
1307 5445 1358 5496 in
1391 5441 1600 5512 paucis.
1631 5441 1690 5496 In
1736 5443 1923 5498 multis
1952 5457 2103 5512 vero,
2137 5441 2190 5497 id

591 5543 699 5601 est,
732 5535 784 5588 in
808 5532 1101 5603 baptismo,
1135 5543 1189 5588 et
1227 5535 1282 5589 in
1316 5533 1422 5590 fide
1454 5550 1562 5589 non
1594 5534 1741 5590 ficta.
1772 5533 1831 5590 In
1865 5536 2051 5606 paucis
2081 5551 2189 5591 non

591 5634 740 5689 eunt,
782 5625 886 5678 hoc
915 5632 1023 5690 est,
1071 5625 1124 5679 in
1156 5624 1264 5680 fide
1297 5626 1474 5692 firma,
1524 5634 1579 5682 et
1617 5641 1735 5697 spe,
1785 5635 1839 5682 et
1888 5626 2186 5683 cltaritate.

593 5715 743 5768 Inter
774 5717 986 5782 multos,
1013 5717 1325 5784 credentes,
1359 5727 1505 5773 erant
1529 5735 1750 5786 mecum,
1782 5728 1836 5776 et
1867 5735 1974 5776 non
2004 5720 2190 5778 crede-

595 5801 747 5856 bant.

2282 1890 2519 1961 expandi
2553 1907 2748 1947 manus
2795 1909 2944 1950 meas
2992 1896 3057 1951 ad
3102 1899 3357 1967 populum
3399 1916 3510 1956 non
3562 1902 3842 1958 credentem

2284 1991 2338 2037 et
2367 1985 2832 2040 contradicentetn
2865 1988 2996 2043 mihi
3029 1988 3183 2060 (lsai.
3235 1990 3366 2064 ων)
3399 2012 3413 2047 :
3464 1994 3588 2050 ideo
3618 1997 3732 2066 quia
3755 2012 3840 2051 non

2285 2076 2462 2132 credit
2482 2093 2646 2148 opera
2675 2094 2794 2134 mea
2821 2089 2877 2135 et
2906 2083 3202 2150 potentiam
3227 2101 3424 2140 meam.
3459 2086 3528 2141 In
3555 2089 3846 2143 retribuenda

2287 2170 2416 2237 illis,
2452 2170 2556 2227 hoc
2586 2180 2692 2236 est,
2725 2172 2775 2226 in
2806 2173 3045 2230 vindicta
3077 2175 3130 2232 in
3161 2177 3459 2249 diejudicii
3507 2198 3521 2234 :
3569 2181 3842 2251 prrscrtim

2289 2278 2412 2318 cum
2460 2263 2694 2319 Abrahae
2747 2264 2858 2322 dixi
2917 2283 2934 2325 :
2984 2267 3040 2324 In
3091 2271 3300 2327 semine
3352 2281 3448 2326 tuo
3493 2272 3847 2329 benedicentur

2291 2371 2481 2412 omnes
2500 2366 2694 2428 gentes
2723 2367 2883 2413 terra:
2911 2358 3121 2429 (Genes.
3148 2363 3300 2433 xxv),
3336 2363 3391 2418 id
3418 2374 3527 2429 est,
3553 2366 3608 2419 in
3638 2365 3844 2429 Christo,

2291 2448 2427 2504 etin
2477 2449 2588 2506 alio
2620 2449 2792 2507 loco:
2841 2450 2910 2507 Et
2957 2453 3098 2508 dabo
3128 2455 3228 2510 tibi
3270 2465 3460 2526 gentes
3508 2457 3844 2512 litereditatcm

2293 2551 2459 2611 tuam,
2475 2554 2530 2600 et
2552 2546 2955 2616 possessionem
2980 2556 3126 2602 tuam
3150 2551 3414 2607 terminos
3433 2551 3770 2621 terrae(Psal.
3787 2550 3847 2623 ιι).

2293 2635 2547 2693 Christus
2576 2653 2673 2709 per
2703 2653 2902 2694 novum
2943 2639 3356 2698 Testamentum
3391 2643 3684 2714 acquisivit
3712 2643 3851 2698 haere-

2294 2727 2520 2785 ditatetn
2552 2746 2728 2786 suam.

2367 2823 2855 2880 Contaminaverunt
2896 2834 3256 2882 testamentum
3305 2829 3440 2900 ejus.
3495 2830 3633 2899 Quia
3661 2843 3756 2884 non
3792 2828 3853 2880 in-

2297 2916 2632 2973 tellexerunt
2695 2917 2987 2973 Dominum
3037 2918 3224 2977 Jesnm
3283 2930 3599 2978 sanctorum
3645 2922 3851 2977 virorum

2298 3008 2580 3079 praeconio
2604 3011 3020 3079 repromissum.
3069 3011 3134 3065 Et
3181 3012 3332 3067 divisi
3371 3023 3494 3068 sunt
3532 3016 3594 3069 ab
3621 3015 3698 3068 ira
3719 3013 3853 3067 vultus

2299 3106 2436 3175 ejus.
2477 3102 2558 3158 Ab
2607 3102 2878 3172 spirituali
2926 3104 3295 3175 providentia,
3341 3105 3519 3162 divisa
3546 3115 3628 3162 est
3651 3118 3852 3163 content-

2219 3175 2266 3238 ε
2301 3194 2466 3266 platio
2495 3210 2687 3251 eorum
2725 3213 2737 3249 :
2766 3196 2894 3252 ideo
2925 3213 3051 3267 pars
3077 3213 3265 3254 eorum
3296 3213 3419 3254 eum
3467 3201 3760 3257 infidelibus
3780 3213 3854 3269 po-

2298 3289 2399 3344 sita
2451 3298 2553 3344 est.
2604 3289 2736 3344 Post
2786 3305 2975 3346 eorum
3036 3292 3531 3362 exprobrationem
3581 3292 3647 3349 ad
3693 3291 3850 3349 ludam

2299 3397 2482 3438 sermo
2506 3381 2745 3437 refertur
2773 3381 2962 3440 dicens
2991 3401 3004 3438 :
3039 3383 3104 3438 Et
3123 3385 3587 3455 appropinquavit
3607 3400 3696 3442 cor
3715 3383 3848 3448 illius,

2300 3482 2362 3529 ut
2388 3474 2674 3547 impletum
2701 3490 2731 3529 a
2769 3475 2990 3531 diabolo
3024 3476 3263 3533 traderet
3293 3477 3594 3534 Christum.
3626 3477 3849 3534 Contami-

2301 3579 2552 3624 naverunt
2581 3579 2944 3625 testamentum
2965 3574 3100 3645 ejus,
3124 3581 3172 3628 et
3199 3571 3348 3627 divisi
3373 3583 3495 3628 sunt
3523 3573 3584 3628 ab
3619 3574 3690 3627 ira
3714 3570 3849 3625 vultus

2298 3664 2439 3735 ejus,
2488 3662 2542 3718 id
2583 3671 2690 3731 est,
2743 3663 3012 3730 haeretici,
3059 3665 3150 3735 qui
3204 3665 3499 3721 voluerunt
3528 3663 3848 3722 contaminare

2303 3763 2688 3812 testamentum
2718 3755 2838 3822 Dei,
2868 3755 3028 3812 divisi
3068 3766 3232 3813 erunt
3262 3758 3314 3812 in
3346 3759 3434 3814 die
3457 3758 3647 3829 judieii
3675 3753 3846 3828 quando

2300 3848 2574 3920 accipient
2594 3847 2929 3904 sententiam
2953 3849 3320 3905 damnationis
3347 3867 3359 3904 :
3388 3849 3491 3920 Ite,
3521 3849 3786 3913 maledicti,
3807 3846 3845 3899 in

2302 3941 2476 4011 ignem
2510 3953 2776 3997 aeternum
2817 3942 3000 4013 (Matt.
3028 3943 3180 4016 xxv).
3227 3941 3298 3996 Et
3336 3943 3749 4018 appropinquavit
3781 3955 3846 3992 cor

2301 4034 2471 4090 illius.
2511 4035 2777 4091 Voluntas
2799 4036 2917 4107 ejus
2945 4054 2957 4090 :
2991 4038 3118 4108 quia
3144 4037 3285 4109 quod
3317 4038 3623 4111 intelligunt
3659 4037 3718 4093 de
3738 4032 3845 4091 Scri-

2306 4127 2504 4198 pturis,
2536 4128 2588 4181 in
2625 4127 2825 4182 malum
2876 4137 3121 4196 vertunt,
3165 4130 3289 4200 quia
3338 4130 3406 4186 de
3453 4131 3562 4187 fide
3594 4125 3840 4186 Trinitatis,

2305 4236 2412 4276 non
2444 4230 2594 4278 recte
2624 4220 2882 4278 credunt.
2919 4219 3072 4279 Unde
3113 4223 3318 4278 dictum
3351 4231 3435 4278 est
3467 4238 3483 4280 :
3523 4225 3728 4295 Oportet
3749 4229 3838 4273 esse

2305 4317 2566 4382 haereses,
2598 4325 2660 4372 ut
2689 4317 2780 4386 qui
2813 4317 3028 4387 probati
3061 4327 3210 4388 sunt,
3243 4317 3518 4374 manifesti
3551 4319 3671 4373 fiant
3701 4316 3745 4369 in
3771 4325 3837 4364 vo-

2301 4409 2385 4466 bis
2418 4409 2463 4481 (I
2488 4407 2609 4464 Cor.
2633 4409 2733 4482 x1).

2368 4501 2565 4557 Molliti
2591 4511 2710 4557 sunt
2736 4517 2995 4557 sermones
3023 4506 3136 4576 ejus
3167 4519 3323 4574 super
3347 4501 3541 4570 oleum,
3571 4511 3617 4558 et
3636 4499 3723 4571 ipsi
3747 4501 3834 4550 sunt

2222 4572 2274 4631 D
2291 4596 2495 4670 jacula.
2527 4595 2661 4651 Cum
2693 4596 2788 4662 ait,
2818 4595 3011 4650 molliti
3035 4572 3195 4650 sunt:
3218 4572 3286 4652 de
3313 4597 3558 4668 pluribus
3584 4594 3717 4657 dicit,
3743 4598 3834 4642 cum

2302 4688 2451 4759 prius
2487 4688 2556 4744 de
2597 4705 2706 4743 uno
2734 4689 2944 4744 locutus
2982 4688 3202 4745 fuisset.
3241 4689 3382 4760 Ergo
3424 4689 3657 4758 intellige
3681 4681 3830 4738 diabo-

2302 4782 2411 4836 lum
2434 4790 2824 4852 nuucupatum,
2860 4791 2913 4838 et
2952 4781 3171 4852 ludam,
3215 4782 3306 4852 qui
3340 4781 3574 4838 leniores
3603 4779 3712 4834 oleo
3736 4770 3830 4827 fecit

2299 4892 2582 4934 sermones
2614 4892 2763 4948 suos,
2809 4893 2931 4933 cum
2959 4879 3074 4934 ait:
3113 4877 3248 4942 Ave,
3281 4876 3479 4944 Rabbi,
3511 4885 3565 4933 et
3603 4869 3825 4930 osculatus

2299 4979 2529 5027 esteum
2562 4968 2742 5042 (Matt.
2789 4971 2924 5041 xvi).
2959 4970 3094 5026 Tale
3130 4970 3311 5026 oleum
3358 4978 3668 5032 renuentes,
3711 4957 3824 5014 utin

2303 5064 2746 5120 tribulationibus
2793 5064 2977 5134 positi,
3016 5064 3112 5123 Dei
3158 5074 3406 5136 petamus
3435 5061 3705 5121 auxilium,
3741 5052 3828 5120 ἰρεο

2302 5173 2402 5213 nos
2445 5158 2587 5213 Deus
2613 5173 2715 5213 suo
2741 5158 2994 5228 exemplo
3021 5158 3205 5215 docuit
3233 5159 3455 5216 dicens:

2369 5249 2523 5306 Jacta
2561 5253 2614 5307 in
2644 5253 2921 5306 Dominunt
2944 5269 3122 5307 curam
3161 5262 3323 5322 tuam,
3357 5262 3405 5309 et
3432 5255 3540 5324 ipse
3560 5262 3605 5307 te
3628 5241 3822 5305 euutn'et.

2298 5342 2370 5399 Ut
2392 5344 2461 5398 ab
2487 5359 2554 5401 eo
2580 5345 2844 5400 educatus
2870 5345 3101 5402 inimicis
3124 5346 3289 5401 fortis
3311 5348 3550 5403 resistas.
3581 5343 3690 5400 Non
3718 5331 3829 5390 dabis

2297 5438 2352 5492 in
2382 5449 2632 5494 a’ternum
2669 5441 3061 5510 fluctuationem
3096 5443 3254 5511 justo.
3295 5440 3353 5496 Si
3377 5443 3519 5496 enim
3552 5440 3713 5509 justus
3737 5428 3824 5482 lues

2297 5531 2404 5599 ris,
2433 5546 2542 5586 non
2577 5541 2630 5588 te
2663 5533 2867 5603 patitur
2893 5532 2960 5588 ab
2991 5533 3191 5603 iniquis
3219 5531 3474 5587 fluetibus
3515 5523 3717 5598 fatigari.
3743 5511 3819 5582 Qui

2296 5623 2543 5689 fluctuat,
2574 5625 2625 5679 in
2651 5626 2784 5680 mari
2812 5634 2914 5682 est.
2943 5625 3048 5681 Per
3075 5639 3250 5694 mare,
3290 5621 3521 5679 mundus
3547 5621 3640 5676 iste
3666 5603 3819 5669 intelli‘

2293 5717 2441 5788 gitur
2471 5736 2486 5772 :
2513 5720 2564 5774 iu
2590 5735 2696 5790 quo
2723 5719 2894 5776 sancti
2918 5718 3203 5774 fluctuant.

2367 5809 2447 5864 Tu
2467 5789 2796 5882 περνοξοειιι,
2820 5814 3038 5870 deduces
3058 5811 3178 5870 illos
3207 5813 3260 5868 in
3289 5817 3494 5883 puteum
3513 5802 3744 5863 interitus.
3769 5789 3816 5845 [ι
