4034 6304
263 301 378 359 955

1251 300 1679 358 BREVIABIUM
1719 300 1784 357 IN
1823 298 2157 357 PSALMOS.
2198 296 2450 356 PSALM.
2491 296 2603 354 LV.

3458 302 3565 361 986

262 421 361 492 qui
390 420 693 477 noluerunt
716 420 910 478 bibere
934 393 1175 477 del’onte
1196 434 1351 491 aqua:
1374 419 1544 474 vivae:
1572 418 1624 474 in
1643 427 1863 488 puteum
1892 419 1946 481 Α
1973 415 2185 471 turbam
2213 411 2395 488 (Joan.
2424 410 2544 484 vn).
2575 411 2764 467 Omnia
2784 410 3010 467 consilia
3039 426 3217 468 eorum
3255 413 3310 468 in
3346 414 3567 471 malum.

262 514 525 570 interitus
551 515 960 587 demergantur.
998 514 1063 568 In
1084 524 1294 586 puteum
1314 513 1548 568 interitus
1577 528 1593 567 :
1625 510 1731 569 hoc
1758 522 1863 581 εει,

262 607 321 663 in
358 608 658 676 infernum,
682 608 826 678 justa
853 606 1098 663 vindicta
1127 620 1294 676 super
1320 605 1461 661 illos.

344 701 462 757 Viri
488 702 806 774 sanguinum
836 711 887 757 et
928 701 1118 756 dolosi.
1143 700 1245 771 Qui
1275 709 1404 755 sunt
1440 698 1702 756 eﬁ'usores
1731 715 1860 756 san-

257 793 448 866 guinis
475 792 861 862 Redemptoris
916 792 1108 848 nostri.
1170 790 1298 846 Non
1352 791 1700 845 dimidiabuut
1753 791 1863 846 dies

256 901 388 941 suos
412 902 433 939 :
463 885 579 939 Non
613 884 790 939 solum
822 898 934 939 non
961 883 1330 955 impleverunt
1354 882 1680 937 mternitatis
1716 880 1856 948 dies,

256 978 361 1035 sed
388 993 490 1034 nec
514 978 580 1033 ad
626 976 915 1033 dimidium
945 976 1207 1047 temporis
1248 974 1367 1045 ejus
1414 975 1604 1030 venire
1638 989 1858 1030 merue-

257 1081 413 1129 runt.
439 1070 496 1126 In
524 1071 740 1127 modico
768 1069 915 1125 enim
946 1069 1128 1140 spatio
1154 1068 1207 1123 in
1236 1067 1444 1123 ultione
1481 1066 1764 1123 Dominica
1790 1065 1859 1122 ab

256 1163 514 1220 hostibus
543 1162 800 1218 trucidati
823 1170 973 1217 sunt.

332 1254 449 1329 Ego
477 1264 650 1309 autem
673 1252 892 1326 sperabo
934 1252 991 1307 in
1034 1260 1105 1320 te,
1143 1250 1377 1306 Domine.
1413 1249 1482 1307 Ut
1517 1249 1660 1321 pleni
1707 1249 1857 1305 iuve-

256 1350 488 1405 niantur
512 1348 628 1403 dies
650 1348 778 1402 mei.
810 1347 869 1402 Et
901 1361 998 1401 nos
1029 1346 1313 1417 supplices
1335 1345 1715 1416 deprecamur,
1747 1355 1854 1400 uta

255 1451 337 1510 te,
367 1440 618 1507 Domine,
653 1439 890 1495 exauditi
924 1455 940 1494 :
965 1453 1065 1494 nec
1096 1439 1304 1508 peccati
1334 1438 1456 1494 oleo
1475 1438 1728 1506 delibuti,
1754 1446 1855 1493 ate

253 1535 509 1599 enutriti,
541 1549 571 1589 a
606 1543 660 1589 te
681 1534 748 1589 ab
773 1533 937 1603 hujus
964 1531 1149 1587 saeculi
1179 1529 1435 1587 ﬂuctibus
1471 1530 1712 1595 liberati,
1742 1544 1772 1583 a
1802 1539 1854 1585 te

254 1641 578 1682 mereamur
623 1625 1016 1697 longitudinem
1058 1623 1273 1680 dierum
1305 1638 1404 1696 pro
1447 1622 1604 1679 bonis
1644 1622 1853 1679 actibus

130 1730 149 1755 ³-
250 1719 507 1793 adipisci.
538 1720 735 1776 Amen.

782 1812 1167 1870 I‘SALMUS
1204 1812 1327 1869 LV.

249 1904 325 1961 In
357 1907 544 1977 ﬁnem,
574 1922 668 1974 pro
693 1907 921 1978 populo,
950 1906 1039 1977 qui
1063 1923 1095 1960 a
1123 1907 1315 1961 sanctis
1344 1904 1499 1978 longe
1533 1906 1702 1975 factus
1730 1914 1804 1959 est
1832 1922 1852 1962 :

327 1978 500 2032 David
523 1979 577 2032 in
604 1977 742 2032 tituli
769 1979 1178 2049 inscriptionem,
1205 1977 1417 2049 quando
1443 1986 1714 2032 tenuerunt
1736 1994 1851 2049 eum

324 2049 631 2122 alienigenae
672 2050 725 2102 in
766 2048 919 2122 Gelli.
970 2048 1035 2122 In,
1070 2049 1302 2122 Hebraeo
1342 2049 1418 2122 ita
1458 2050 1635 2122 habet
1677 2066 1690 2102 :
1746 2048 1853 2103 Pro

327 2117 565 2175 columba
608 2128 753 2174 muta
780 2121 1164 2191 longitudinum
1194 2117 1401 2191 David,
1448 2119 1660 2173 humilis
1701 2131 1854 2191 atque

323 2194 573 2263 perfecti,
627 2208 744 2245 cum
785 2190 1067 2263 tenuissent
1104 2207 1222 2245 eum
1262 2190 1552 2246 Philistiim
1598 2192 1651 2244 in
1688 2190 1849 2263 (Gelli.

324 2262 593 2335 Columba
616 2274 768 2335 muta
790 2305 805 2329 ,
839 2272 895 2319 et
922 2262 1090 2317 David
1122 2263 1345 2317 humilis
1384 2273 1545 2335 atque
1576 2262 1852 2333 perlectus

323 2334 575 2392 Christus
613 2334 668 2389 in
698 2335 956 2406 passione
988 2342 1346 2389 monstratur.

324 2450 577 2508 Miserere
604 2451 727 2517 mei,
751 2448 914 2521 Deus,
937 2451 1182 2522 quoniam
1206 2451 1525 2506 conculcavit
1547 2468 1627 2506 me
1647 2450 1803 2506 homo
1830 2467 1850 2509 :

243 2552 359 2599 tota
401 2545 486 2601 die
530 2545 845 2618 impugnans
893 2543 1159 2599 tribulavit
1196 2561 1295 2599 me.
1328 2542 1387 2600 In
1428 2544 1650 2601 homine
1689 2553 1851 2615 atque

245 2637 487 2694 bellante
511 2680 526 2705 ,
568 2637 770 2695 diaboli
798 2638 885 2695 vel
922 2638 1253 2711 reliquarum
1295 2639 1659 2710 nequitiarum
1688 2638 1850 2709 spiri-

244 2734 479 2789 tualium
526 2734 764 2790 ostendit
807 2734 1200 2789 immissionem
1243 2751 1256 2787 :
1305 2748 1538 2804 quorum
1585 2733 1847 2789 instinctu

244 2826 511 2883 Dominus
535 2841 728 2898 passus
749 2834 852 2883 est.
875 2827 932 2882 In
956 2826 1045 2882 die
1062 2835 1244 2882 autem
1263 2825 1607 2897 corporalem
1631 2833 1845 2881 aetatem

244 2930 535 2975 monstrat.
572 2917 820 2976 Miserere
839 2920 959 2986 mei,
996 2919 1235 2973 Domine.
1268 2918 1347 2974 Ac
1370 2920 1415 2974 si
1444 2918 1590 2974 dicat
1618 2936 1631 2973 :
1662 2916 1771 2974 Fac
1790 2919 1844 2975 in

244 3030 335 3071 me
362 3014 825 3071 misericordiam.
862 3015 1121 3083 Quoniam
1147 3014 1460 3069 conculcavit
1479 3031 1559 3069 me
1576 3012 1755 3083 homo,
1792 3013 1845 3070 id

240 3118 351 3173 est,
384 3108 634 3166 Christus
658 3124 689 3166 a
725 3107 930 3167 Judzeis
960 3110 1010 3164 in
1058 3110 1313 3181 passione
1341 3109 1697 3165 conculcatus
1725 3118 1839 3177 est,

241 3212 295 3260 et
325 3202 571 3259 Ecclesia
597 3218 625 3257 a
658 3201 1132 3274 persecutoribus.
1162 3202 1334 3257 llomo
1362 3217 1502 3257 unus
1532 3217 1628 3272 pro
1657 3201 1841 3257 multis
1872 3171 1918 3235 Ο
1949 3207 2239 3265 fessionem
2283 3228 2297 3265 :

240 3298 466 3367 dicitur,
496 3306 552 3353 et
584 3299 769 3369 plures
800 3311 898 3368 pro
926 3311 1035 3352 uno
1070 3296 1344 3352 dicuntur.
1368 3294 1522 3352 Unus
1556 3313 1569 3350 :
1604 3295 1708 3351 hoc
1735 3303 1840 3362 est,

242 3409 342 3467 pro
374 3394 577 3450 unitate
608 3392 852 3449 malitias.
893 3391 1022 3447 Dure
1059 3390 1311 3447 civitates
1358 3391 1565 3447 suntin
1596 3390 1839 3447 mundo:

241 3487 485 3562 Babylon
527 3499 584 3544 et
627 3486 961 3545 Jerusalem.
988 3486 1095 3541 Per
1133 3484 1492 3557 Babyloniam
1527 3484 1845 3557 intelligun-

239 3590 330 3638 tur
346 3581 502 3651 mali,
521 3581 614 3654 qui
637 3587 1045 3652 persequuntur
1060 3586 1282 3635 sanctos
1302 3595 1315 3633 :
1336 3578 1414 3634 sic
1435 3587 1489 3634 et
1508 3578 1835 3646 Jerusalem,

239 3674 293 3731 id
322 3682 436 3744 est,
471 3674 651 3729 anima
680 3674 878 3739 electa,
908 3687 1016 3728 non
1046 3681 1225 3728 cessat
1258 3685 1420 3727 orare
1451 3686 1550 3742 pro
1579 3669 1838 3726 inimicis.

240 3765 372 3821 Tota
403 3766 487 3820 die
506 3768 815 3839 impugnans
842 3765 1100 3821 tribulavi!
1128 3781 1229 3821 me.
1252 3762 1389 3819 Tota
1418 3762 1532 3831 die,
1568 3770 1680 3819 toto
1705 3770 1841 3819 tem-

237 3875 373 3933 pore
398 3875 618 3932 pugute.

307 3953 753 4018 Conculcaverunt
778 3972 858 4009 me
883 3954 1083 4010 inimici
1104 3955 1219 4011 mei.
1253 3953 1427 4012 Judaei
1453 3955 1663 4026 utique.
1708 3950 1839 4007 Tota

235 4050 337 4105 die.
371 4050 413 4106 A
446 4059 694 4121 tempore
723 4050 906 4106 carnis
952 4060 1265 4120 assumpta).
1304 4051 1376 4106 Ab
1412 4050 1693 4105 altitudine
1736 4049 1838 4103 diei

234 4140 440 4195 timebo.
473 4141 617 4197 Duos
646 4155 841 4197 sensus
885 4140 1050 4197 habet
1098 4140 1206 4196 hic.
1243 4140 1446 4210 Unum,
1480 4141 1637 4212 quasi
1691 4140 1840 4196 dicat

236 4232 487 4289 Ecclesia
528 4234 583 4290 in
632 4234 879 4306 rogando
925 4251 938 4287 :
970 4233 1087 4289 Non
1117 4234 1327 4291 timebo
1362 4235 1708 4291 altitudinem
1744 4249 1836 4290 su-

231 4323 547 4395 perborum.
578 4323 759 4379 Alium
784 4323 1112 4380 afﬁrmando
1140 4342 1154 4380 :
1184 4325 1415 4383 Timebo
1440 4327 1784 4383 altitudinem
1817 4344 1830 4383 :

231 4417 338 4475 hoc
365 4426 470 4485 est,
506 4415 852 4473 altitudinem
877 4416 1178 4473 divinitatis
1204 4436 1216 4471 :
1249 4419 1374 4490 quia
1403 4424 1493 4489 qui
1517 4436 1625 4476 non
1655 4420 1831 4489 timet,

231 4518 676 4581 prmsumptuose
698 4509 828 4581 agit.
850 4509 1108 4576 Quoniam
1130 4510 1280 4565 multi
1296 4512 1540 4567 bellantes
1563 4513 1832 4567 adversum

229 4618 331 4658 me.
366 4601 449 4657 Ab
475 4600 773 4657 altitudine
793 4601 898 4658 diei
924 4601 1195 4658 timebunt
1224 4620 1237 4656 :
1266 4603 1389 4675 quia
1418 4619 1523 4660 non
1557 4605 1609 4659 in
1638 4605 1829 4673 Deum,

229 4693 331 4749 sed
364 4694 416 4749 in
446 4691 610 4748 rebus
643 4693 970 4751 transitoriis
1001 4705 1302 4767 posuerunt
1329 4710 1455 4766 spes
1477 4711 1622 4752 suas.

1969 505 2030 563 In
2062 507 2263 563 malum
2305 506 2453 562 enim
2478 505 2558 560 eis
2583 519 2847 561 conversa
2874 511 3004 559 sunt
3034 521 3049 561 :
3096 520 3218 561 cum
3251 519 3349 562 eos
3383 504 3569 563 divina

1968 599 2108 654 ultio
2157 609 2280 670 post
2325 598 2628 654 Dominica:
2658 596 2932 669 passionis
2976 597 3185 653 scelera
3234 598 3566 655 verberavit.

1969 688 2162 745 Omnia
2218 690 2439 745 consilia
2488 706 2663 745 eorum
2715 689 2770 743 in
2826 688 3029 744 malum
3081 706 3101 745 :
3152 689 3323 747 Judtei
3374 700 3567 748 contra

1962 782 2266 851 Christum,
2300 793 2353 839 et
2385 793 2706 853 peccatores
2737 792 2927 838 contra
2957 790 3201 838 sanctos.

2035 873 2430 931 Inhabitabuut.
2463 874 2830 931 Unanimiter.
2857 874 2925 929 Et
2948 875 3282 933 abscondent.
3310 875 3567 946 Laqueus

1962 970 2227 1040 nequitia:
2259 985 2394 1025 sure.
2429 969 2545 1042 Ipsi
2577 968 2884 1025 calcaneum
2908 986 3075 1025 meum
3104 969 3466 1026 observabunt.
3496 970 3571 1027 Ut

1961 1077 2050 1117 me
2076 1063 2436 1133 supplantare
2468 1061 2703 1133 possint,
2728 1062 2874 1118 sicut
2897 1062 3192 1119 voluerunt
3220 1081 3233 1118 :
3258 1063 3347 1119 vel
3378 1063 3431 1119 in
3460 1080 3565 1119 nu-

1962 1157 2219 1211 mismate
2268 1169 2474 1211 census
2502 1154 2659 1229 (Luc.
2689 1157 2786 1226 xx)
2829 1174 2841 1210 :
2873 1156 2960 1212 vel
2996 1157 3048 1210 in
3098 1157 3330 1214 muliere
3359 1157 3565 1227 depre-

1960 1248 2131 1304 hensa
2161 1247 2345 1319 (Joan.
2373 1248 2513 1319 vm).
2541 1248 2653 1316 Ipsi
2682 1248 2984 1303 calcaneum
3008 1265 3177 1304 meum
3199 1250 3559 1309 observabant.

1958 1339 2135 1395 Judaei
2166 1341 2333 1396 linem
2362 1338 2589 1405 Christi,
2624 1348 2679 1394 et
2707 1350 3029 1410 peccatores
3059 1341 3224 1398 linem
3255 1342 3515 1400 Ecclesiae
3541 1362 3555 1399 :

1956 1432 2085 1504 quia
2115 1433 2318 1503 septies
2355 1433 2408 1487 in
2440 1432 2530 1487 die
2565 1431 2713 1487 cadit
2740 1432 2953 1502 justus,
3002 1443 3057 1489 ct
3092 1437 3333 1507 resurgit
3372 1436 3559 1509 (Prov.

1956 1528 2132 1599 χχιι).
2150 1526 2268 1596 Vel,
2290 1527 2590 1582 calcaneum
2612 1541 2780 1581 meum
2801 1526 3180 1582 observabant:
3199 1529 3563 1586 sicutdietum

1954 1631 2040 1677 est
2066 1620 2135 1678 de
2160 1620 2257 1677 illa
2286 1621 2544 1688 muliere,
2575 1629 2629 1675 et
2648 1630 2905 1691 serpente
2924 1620 3081 1691 (Gen.
3113 1620 3221 1693 ut).
3245 1621 3351 1679 Per
3380 1633 3565 1694 caput,

1956 1714 2176 1771 initium
2205 1714 2570 1786 suggestionis
2594 1713 2781 1780 malae,
2809 1723 2864 1769 et
2894 1728 2996 1785 per
3026 1714 3369 1783 calcaneum,
3403 1716 3564 1773 ﬁnem

1885 1814 1932 1875 Β
1960 1807 2112 1864 vitae.
2150 1808 2248 1863 Vel
2287 1807 2530 1863 haeretici
2564 1807 2617 1863 in
2669 1806 3055 1879 qualicumque
3080 1821 3367 1875 sermone,
3401 1808 3566 1865 ﬁnem

1956 1901 2258 1957 observare
2278 1909 2545 1972 qumrunt.

2027 1997 2177 2052 Sicut
2219 1997 2578 2051 sustinuerunt
2624 1995 2854 2051 animum
2894 2011 3081 2051 meam.
3118 1996 3191 2055 Ut
3241 2006 3459 2067 captum
3509 1997 3562 2052 in

1952 2089 2135 2145 verbis
2164 2098 2486 2145 accusarent
2514 2088 2661 2160 apud
2693 2089 2998 2160 principes.
3030 2091 3140 2146 Pro
3171 2090 3337 2146 nihilo
3381 2090 3555 2146 salvos

1953 2182 2116 2254 facies
2152 2181 2296 2236 illos.
2350 2180 2644 2236 Salvantur
2688 2181 2837 2237 enim
2884 2196 2983 2248 pro
3024 2180 3228 2250 nihilo,
3274 2197 3401 2237 cum
3450 2196 3559 2238 non

1951 2282 2364 2330 commutantur
2392 2271 2461 2328 ad
2493 2272 2756 2344 gloriam,
2802 2272 2898 2330 sed
2928 2274 2995 2329 ad
3026 2274 3295 2346 supplicia
3323 2278 3559 2333 transle-

1951 2376 2169 2422 runtur.
2212 2363 2515 2435 Profnihilo
2548 2366 2719 2420 salvos
2750 2365 2908 2437 [acies
2935 2365 3056 2422 illos
3085 2382 3106 2422 :
3130 2368 3258 2438 quia
3290 2381 3397 2423 non
3427 2369 3559 2425 fecit

1950 2458 2203 2516 Christus
2236 2468 2461 2529 propter
2508 2458 2654 2530 quod
2694 2460 2995 2525 sustinuit,
3031 2460 3127 2517 sed
3168 2460 3557 2533 expetiverunt

1950 2550 2124 2608 Judaei
2150 2559 2212 2606 ut
2240 2551 2392 2607 illum
2429 2551 2827 2609 interlicerent.
2858 2551 2927 2607 In
2956 2554 3037 2608 ira
3071 2554 3294 2627 populos
3328 2556 3561 2627 confrin-

1950 2664 2058 2720 ges.
2089 2646 2231 2715 Quia
2273 2649 2495 2719 impacti
2532 2661 2661 2707 sunt
2699 2650 2752 2707 in
2792 2657 3004 2722 petram
3033 2650 3355 2707 oti‘ensionis
3391 2663 3444 2708 et
3477 2652 3558 2707 la-

1949 2739 2133 2811 pidem
2171 2741 2442 2797 scandali.
2473 2742 2605 2798 l’ost
2631 2742 2775 2799 hanc
2813 2746 3080 2801 ultionem
3108 2744 3377 2818 propheta
3415 2761 3553 2818 gau-

1950 2831 2120 2899 dens,
2158 2834 2465 2903 prtevidens
2497 2834 2676 2890 futura
2708 2835 2987 2893 decantat.

2021 2926 2195 2994 Deus,
2222 2930 2381 2986 vitam
2403 2945 2570 2984 meum
2600 2930 2909 2985 annuntiavi
2946 2930 3059 2985 tibi.
3087 2929 3169 2987 Tu
3197 2946 3257 2988 es
3280 2932 3425 2989 enim
3445 2932 3557 2989 vita

1950 3035 2098 3090 mea,
2126 3022 2410 3094 omnisque
2435 3022 2644 3094 populi,
2669 3023 2760 3095 qui
2793 3023 2860 3079 ad
2892 3022 3326 3091 redemptionem
3357 3035 3553 3082 ventu-

1950 3129 2044 3170 rus
2072 3129 2134 3171 es
2163 3114 2371 3171 mundi.
2410 3114 2796 3187 Unusquisque
2818 3115 2983 3172 debet
3008 3116 3263 3173 nuntiare
3294 3133 3391 3189 per
3412 3133 3547 3175 con-

2344 3211 2487 3266 sicut
2530 3210 2735 3267 Paulus
2774 3210 2898 3267 fecit
2924 3213 2956 3281 ζι
2990 3212 3213 3283 quando
3259 3212 3481 3270 dicebat
3539 3232 3555 3271 :

1944 3304 2045 3374 Qui
2073 3307 2227 3377 prius
2255 3307 2327 3362 lui
2380 3306 2733 3377 blasphemus
2753 3351 2767 3374 ,
2802 3314 2860 3364 et
2888 3318 3228 3377 persecutor,
3259 3318 3310 3365 et
3342 3316 3536 3365 contu-

1946 3398 2241 3465 meliosus,
2268 3398 2365 3455 sed
2392 3399 2822 3456 misericordiam
2854 3408 3181 3456 consecutus
3210 3416 3334 3458 sum
3368 3417 3384 3458 :
3414 3402 3537 3474 quia

1946 3488 2210 3562 ignorans
2243 3490 2343 3547 feci
2374 3492 2429 3546 in
2463 3490 2853 3549 incredulitate
2879 3491 2923 3565 (l
2943 3491 3080 3548 Tim.
3110 3494 3171 3561 ι).
3201 3492 3274 3548 Ει
3300 3494 3430 3550 item
3465 3493 3547 3550 di-

1948 3582 2112 3637 cebat
2150 3600 2161 3636 :
2193 3581 2331 3637 Vivo
2359 3591 2540 3639 autem
2561 3582 2675 3653 jam
2710 3598 2821 3638 non
2852 3598 2957 3654 ego
3000 3601 3012 3637 :
3052 3583 3192 3639 vivit
3219 3599 3351 3639 vero
3375 3584 3431 3639 in
3464 3600 3552 3642 me

1942 3675 2203 3732 Christus
2233 3674 2434 3748 (Galat.
2477 3677 2560 3748 ιι).
2592 3675 2828 3732 Posuisti
2861 3676 3121 3749 lacrymas
3162 3694 3301 3733 meas
3339 3678 3394 3732 in
3425 3694 3552 3733 con-

1940 3777 2121 3838 spectu
2150 3778 2271 3832 tuo,
2303 3768 2437 3823 sicut
2458 3777 2507 3822 et
2535 3768 2589 3822 in
2618 3768 2962 3840 promissione
2991 3777 3103 3823 tua.
3143 3768 3293 3822 Tunc
3338 3784 3551 3824 convcr-

1943 3871 2118 3918 tentur
2141 3862 2342 3918 inimici
2363 3865 2469 3918 mei
2489 3873 2792 3917 retrorsum.
2816 3860 3221 3918 Promissioncs
3245 3871 3352 3919 tute
3373 3872 3551 3931 erant,

1944 3968 2001 4012 ut
2023 3967 2241 4014 veteres
2267 3958 2568 4030 lacrymas,
2593 3956 2880 4014 conversis
2906 3967 3031 4030 post
3054 3968 3266 4030 tergum
3291 3957 3548 4027 inimicis,

1947 4051 1999 4106 in
2030 4049 2226 4122 gaudia
2259 4049 2475 4106 novella
2523 4049 2855 4105 transferres
2896 4065 2913 4105 :
2945 4064 3143 4121 meque
3187 4065 3313 4106 cum
3344 4050 3551 4107 sanctis

1941 4144 2154 4198 rteteris
2183 4152 2273 4198 tua
2299 4142 2473 4214 gloria
2496 4157 2845 4199 munerares.
2875 4142 3108 4198 Posuisti
3130 4144 3387 4216 lacrymas
3410 4160 3550 4199 mens

1941 4235 1995 4288 in
2026 4243 2303 4306 conspectu
2325 4244 2414 4288 tuo
2445 4250 2464 4289 :
2491 4233 2597 4290 hoc
2636 4241 2741 4301 est,
2771 4234 2975 4291 audiSIi
3002 4248 3057 4292 et
3085 4234 3289 4292 vidisti.
3314 4236 3465 4292 Sicut
3493 4237 3547 4291 in

1938 4326 2280 4400 promissione
2324 4336 2433 4381 tua.
2466 4327 2611 4381 Deus
2665 4326 3166 4399 promisitsanctis
3196 4328 3309 4383 suis
3358 4326 3499 4383 bona
3532 4344 3548 4384 :

1937 4419 2034 4476 sed
2068 4428 2247 4474 tamen
2274 4418 2405 4474 dicit
2434 4436 2449 4472 :
2478 4416 2755 4476 Conﬁtere
2786 4429 2839 4474 tu
2867 4419 3021 4491 prius
3054 4419 3368 4491 iniquitates
3400 4429 3544 4488 tuas,

1938 4524 1996 4569 ut
2018 4513 2365 4585 justiﬁeeris.
2394 4511 2543 4568 Tunc
2579 4522 2941 4569 convertentur
2965 4514 3167 4569 inimici
3224 4516 3323 4570 mei
3353 4522 3551 4571 retror-

1935 4622 2071 4663 sum.
2109 4606 2359 4678 Optaudo
2397 4604 2529 4661 dicit
2558 4605 2804 4661 Ecclesia
2826 4648 2843 4673 ,
2874 4614 2935 4660 ut
2964 4607 3054 4677 qui
3094 4615 3326 4662 currunt
3354 4606 3421 4662 ad
3456 4607 3548 4661 in-

1937 4701 2185 4769 ternum,
2219 4707 2616 4758 convertantur
2674 4698 2742 4754 ad
2804 4700 2975 4757 Deum
3022 4699 3178 4775 (Isai.
3219 4715 3390 4770 nui,
3436 4716 3543 4760 sec.

305 4784 423 4858 Ego
466 4800 584 4839 vero
610 4784 665 4840 in
693 4793 743 4841 te
774 4786 990 4859 sperabo
1032 4802 1051 4842 :
1089 4787 1142 4841 in
1170 4784 1281 4841 Deo
1303 4788 1526 4843 laudabo
1571 4799 1831 4847 sermones
1932 4790 2125 4864 LXX).

228 4895 392 4933 meos.
439 4877 577 4946 Quia
609 4879 665 4934 in
696 4878 821 4950 ejus
865 4895 968 4951 ope
999 4880 1364 4954 prmsidioque
1394 4882 1610 4939 conﬁdo
1636 4927 1652 4953 ,
1686 4884 1829 4941 sicut

2003 4884 2072 4940 In
2104 4901 2430 4958 quacumque
2457 4884 2545 4940 die
2571 4885 2879 4940 invocavero
2906 4892 2955 4938 te
2984 4899 3001 4938 :
3032 4900 3144 4939 ecce
3172 4883 3388 4957 coynovi
3413 4900 3545 4956 quo-

227 4973 498 5031 Dominus
525 4972 663 5030 dixit
695 4990 709 5029 :
736 4974 853 5031 Mea
884 4975 1133 5032 doctrina
1164 4991 1272 5032 non
1300 4985 1385 5033 est
1412 4992 1556 5044 mea,
1583 4978 1680 5053 sed
1707 4981 1826 5048 ejus
1929 4977 2073 5030 niam
2101 4973 2240 5031 Deus
2259 4993 2404 5032 meus
2426 4993 2501 5031 es.
2531 4975 2590 5032 in
2615 4974 2767 5031 omni
2789 4974 2937 5031 enim
2958 4976 3291 5032 necessitate
3315 4983 3371 5031 tu
3396 4975 3541 5034 Deus

221 5069 313 5140 qui
341 5082 429 5124 me
451 5066 600 5123 misit
630 5066 807 5123 Patris
825 5066 1013 5141 (Joan.
1038 5068 1157 5141 vn).
1179 5068 1391 5137 Quanto
1409 5069 1583 5141 magis
1605 5086 1707 5125 nos
1728 5071 1820 5142 qui
1930 5069 2142 5124 assistis
2166 5087 2179 5123 :
2207 5068 2645 5125 misericordiam
2674 5078 2942 5141 prmstans
2970 5067 3098 5127 tuis.
3126 5065 3192 5122 In
3214 5084 3540 5140 quacumque

221 5162 400 5219 omnia
428 5162 499 5218 ab
522 5161 620 5217 illo
647 5164 984 5233 accepimus,
1008 5172 1062 5219 et
1087 5162 1241 5219 illum
1265 5165 1579 5237 accepimus
1604 5182 1618 5219 :
1639 5164 1818 5236 ipsum
1928 5160 2013 5217 die
2037 5162 2338 5215 invocavero
2366 5170 2434 5229 te,
2470 5160 2521 5215 id
2552 5172 2636 5217 est
2655 5207 2669 5231 ,
2699 5170 2791 5217 aut
2824 5161 2876 5216 in
2905 5161 3209 5233 prosperis,
3242 5144 3414 5216 autin
3441 5159 3539 5216 ad-

220 5268 440 5325 semper
468 5254 689 5311 laudare
714 5254 1008 5312 debemus!
1925 5251 2102 5310 versis
2133 5269 2148 5306 :
2200 5252 2269 5307 Et
2299 5254 2517 5324 cognovi
2561 5255 2810 5327 quoniam
2842 5252 2982 5309 Deus
3025 5269 3172 5308 meus
3210 5268 3263 5307 es
3301 5264 3376 5307 tu.
3420 5250 3541 5307 Vox

290 5345 357 5400 In
382 5346 495 5401 Deo
522 5347 763 5421 sperabo,
795 5364 899 5403 non
924 5349 1114 5404 timebo
1136 5350 1263 5418 quid
1290 5350 1452 5421 faciat
1484 5351 1611 5406 mihi
1640 5351 1811 5406 homo.
1923 5346 2210 5404 Ecclesia.
2242 5345 2419 5416 Aliqui
2450 5354 2811 5416 cognoscunt,
2837 5361 2937 5415 per
2961 5356 3271 5402 creaturam
3298 5344 3420 5401 caeli
3442 5385 3456 5408 ,
3481 5353 3539 5399 ct

218 5436 275 5495 in
305 5437 428 5508 ipso
455 5439 835 5507 conﬁrmatus,
867 5454 973 5495 non
1003 5439 1206 5496 timebo
1231 5440 1373 5497 bella
1403 5457 1525 5512 quae
1553 5441 1687 5497 mihi
1719 5441 1818 5496 ad-
1922 5449 2082 5498 terrae
2115 5456 2129 5494 :
2161 5443 2306 5495 sicut
2334 5448 2553 5497 sanctus
2585 5438 2779 5494 Paulus
2805 5438 2935 5494 dicit
2972 5456 2985 5494 :
3011 5438 3119 5494 Per
3147 5454 3209 5494 ea
3238 5454 3360 5510 qua:
3390 5437 3527 5492 facta

218 5531 493 5586 versarius
527 5542 727 5599 movet,
763 5532 888 5603 quia
918 5530 1125 5588 dictum
1164 5540 1249 5587 est
1283 5550 1298 5588 :
1340 5533 1395 5587 Si
1421 5548 1624 5602 corpus
1663 5532 1811 5589 occi-
1916 5542 2046 5591 sunt
2082 5533 2361 5590 intellecta
2404 5531 2791 5602 concipiuntur
2839 5530 3017 5602 (Rom.
3065 5533 3131 5600 ι).
3182 5530 3251 5585 Et
3300 5530 3387 5584 alii
3431 5544 3535 5598 per

218 5620 355 5677 dunt
377 5639 390 5675 :
414 5622 649 5678 animam
662 5632 844 5680 autem
868 5640 978 5680 non
1000 5632 1224 5696 possunt
1244 5624 1496 5680 occidere
1516 5624 1698 5697 (Matt.
1726 5624 1805 5698 ι).
1916 5628 2112 5695 Deum,
2136 5629 2229 5699 qui
2258 5627 2490 5694 inspirat
2509 5626 2561 5681 in
2594 5622 2804 5679 animas
2830 5622 3051 5677 illorum
3086 5640 3099 5675 :
3133 5622 3274 5677 sicut
3301 5620 3527 5677 Thema:

287 5715 427 5771 Tota
468 5714 553 5772 die
594 5716 744 5771 verba
796 5734 909 5774 mea
942 5717 1345 5773 exsecrabantur
1383 5717 1656 5773 adversum
1703 5736 1803 5777 me.
1912 5723 2049 5780 dixit
2089 5722 2273 5779 :inler
2295 5721 2520 5794 digitum
2547 5728 2697 5775 tuum
2721 5717 2846 5787 huc,
2870 5724 2927 5774 et
2948 5716 3102 5773 mitte
3125 5731 3349 5771 manum
3379 5725 3523 5770 tuam

212 5811 346 5872 Cum
406 5808 653 5869 dicerent
676 5855 691 5882 ,
725 5826 831 5869 non
871 5818 954 5868 est
975 5809 1066 5868 hic
1094 5809 1360 5884 pmpheta
1384 5855 1398 5879 ,
1440 5812 1535 5872 sed
1585 5813 1800 5872 seducit
1911 5815 1966 5872 in
2001 5814 2143 5870 latus
2173 5828 2376 5883 meum,
2411 5824 2466 5869 et
2506 5824 2774 5884 cognosce
2816 5810 2935 5867 loca
2963 5810 3276 5879 clavorum,
3325 5815 3385 5868 et
3410 5805 3521 5864 noli
