4034 6304
378 292 490 348 98f)

1314 295 1748 367 cumtamen
1785 296 1852 355 ιη
1890 295 2226 369 ussuros.
2268 298 2517 373 psunt.
2560 299 2717 371 wn,

3574 306 3681 373 990

378 418 504 464 runt
532 410 587 465 in
613 424 748 465 eant.
774 406 915 465 Cum
962 417 1086 479 post
1113 395 1572 469 resurrectionem
1599 410 1834 479 inimicis
1866 419 1977 481 tra-
2004 417 2052 487 Α
2084 428 2215 481 usus
2247 413 2410 485 fuerit
2434 414 2677 487 publico,
2736 415 2782 471 si
2835 430 3025 487 verum
3064 416 3334 490 loquitur,
3379 427 3437 477 et
3481 436 3669 497 rerum

376 501 507 565 diti,
536 500 700 573 capti,
731 501 1001 567 interiecti
1032 513 1195 574 atque
1227 503 1457 575 dispersi
1485 512 1634 559 sunt.

456 592 708 651 Paratum
731 609 820 649 cor
836 609 1030 659 meum,
1051 594 1219 662 Deus,
1235 604 1474 669 paratum
1504 612 1592 655 cor
1614 611 1785 650 meum
1807 613 1825 651 :
1844 612 1974 651 can-

373 690 499 746 tabo
527 698 575 745 et
607 688 867 762 psalmum
899 689 1069 745 dicam
1098 688 1341 763 Domino.
1376 690 1622 753 Exsultat
1659 700 1715 749 et
1737 693 1976 763 concinit

374 784 449 840 de
479 782 760 855 triumpho
781 783 973 839 mortis
995 783 1148 839 illius
1177 783 1336 839 liber.
1356 783 1607 848 Cantobo,
1630 784 1972 859 prmdicabo;

375 873 657 931 Psalmum
682 874 878 945 diram,
910 889 1076 947 opere
1106 875 1411 946 complebo.

449 965 708 1039 Exsurge,
728 968 897 1038 gloria
925 984 1035 1021 mea
1052 985 1069 1033 ;
1086 984 1323 1040 exsurge,
1343 967 1645 1039 psalterium
1670 978 1718 1023 et
1733 970 1972 1023 cithara:

375 1073 653 1129 exsurgant
685 1056 942 1112 diluculo.
992 1058 1240 1117 Diluculo
1270 1060 1416 1117 enim
1465 1060 1784 1130 resurrexit,
1814 1076 1974 1118 mane

366 1164 502 1215 ,οων
533 1149 711 1207 adhuc
740 1152 983 1211 tenebrae
1013 1164 1196 1209 essent
1225 1168 1389 1221 super
1420 1162 1645 1208 terram.
1693 1152 1784 1209 Sic
1825 1154 1971 1223 enim

378 1245 700 1314 psalterium
745 1254 798 1299 et
834 1244 1040 1303 cithara
1088 1263 1103 1301 :
1148 1246 1266 1303 lucc
1316 1247 1459 1303 enim
1505 1247 1671 1302 dictio
1715 1246 1971 1311 Davidica

370 1336 655 1391 cecinerat
704 1354 718 1390 :
775 1353 991 1408 exsurge
1017 1378 1032 1405 ,
1081 1337 1388 1410 psalterium
1439 1347 1485 1392 et
1544 1336 1767 1393 cithara.
1828 1337 1969 1407 Quid

369 1429 684 1501 signiﬁcant
724 1429 828 1486 ista
870 1429 1112 1500 organa?
1157 1446 1323 1486 unum
1371 1429 1442 1487 de
1497 1432 1780 1502 supernis,
1815 1431 1970 1487 aliud

369 1523 442 1579 de
473 1524 729 1585 terrenis.
774 1522 910 1591 Quid
959 1523 1284 1595 intelligitur
1322 1523 1686 1594 psalterium?
1718 1524 1970 1583 Christus

372 1615 696 1687 intelligitur
723 1627 780 1670 ut
813 1604 946 1671 illud
981 1634 993 1670 :
1026 1615 1124 1681 ite,
1159 1616 1324 1672 dicite
1350 1616 1545 1672 Joanni
1586 1632 1705 1689 qum
1734 1617 1962 1701 yidisds,

359 1719 427 1773 ,οι
455 1708 684 1765 audistis
711 1726 723 1761 :
755 1708 836 1765 Ad
868 1709 1050 1775 lumen
1082 1710 1311 1766 redeunt
1339 1711 1490 1777 caeci,
1537 1712 1734 1769 mortui
1782 1727 1967 1767 resur-

2075 502 2286 573 judicet
2310 520 2324 559 :
2358 519 2459 565 nec
2479 514 2648 578 ponat
2668 505 2953 579 blanditiis
2979 522 3293 583 sumptuum
3316 511 3680 597 muscipulam

2076 594 2439 669 deceptipnis,
2472 613 2759 670 perquam
2785 598 2998 671 occulte
3026 601 3312 675 interimat
3336 594 3678 675 innocentes.

2080 688 2144 745 Si
2193 706 2308 749 cere
2353 691 2531 763 utique
2568 692 2833 764 justitiam
2872 692 3197 765 loquimini:
3242 699 3387 769 iusta
3408 678 3677 771 judicate,

2078 778 2178 849 ﬁlii
2209 780 2497 836 hominum.
2525 780 2699 836 Judazi
2723 782 2870 852 justa
2894 784 3259 857 loquebantur
3286 786 3350 861 ad
3378 780 3676 859 Christum,

2080 871 2299 943 quando
2321 871 2613 935 dicebant:
2644 873 2919 949 Magister,
2946 876 3158 945 scimus
3180 876 3309 949 quia
3332 893 3498 954 vera;
3530 887 3685 954 es.et

2080 961 2133 1015 in
2164 963 2397 1019 veritate
2421 964 2564 1037 viam
2602 965 2693 1017 Dei
2725 965 2891 1039 doces
2920 965 3106 1043 (Matt.
3134 968 3289 1039 μη).
3323 969 3441 1025 Νοη
3465 971 3679 1043 judica-

2081 1052 2211 1108 bant
2254 1054 2440 1129 justa,
2492 1058 2717 1128 quando
2775 1038 3055 1133 petierunt
3108 1038 3674 1130 Barabbampﬁlium

2080 1146 2313 1217 mortis,
2367 1158 2422 1203 et
2478 1148 2881 1221 interfecerunt
2946 1150 3264 1221 Christum,
3325 1154 3492 1210 lilium
3548 1138 3673 1214 vita:

2079 1237 2260 1312 (Iona.
2319 1241 2491 1319 svnt).
2518 1241 2615 1296 Vel
2648 1242 2856 1315 aliter;
2878 1240 3041 1317 Justa
3063 1244 3321 1313 judicate,
3354 1247 3410 1301 id
3440 1256 3544 1316 est,
3577 1264 3674 1306 vos

2078 1333 2167 1402 qui
2188 1332 2724 1407 judicatisjustitiam
2758 1334 2951 1393 bonam
2970 1347 3268 1402 esse,recta
3284 1340 3540 1410 judicate,
3570 1342 3675 1399 hoc

2078 1435 2182 1493 est,
2212 1426 2355 1499 quod
2386 1427 2483 1482 tibi
2515 1443 2620 1482 non
2653 1427 2757 1495 vis,
2792 1428 2949 1484 alteri
2973 1443 3041 1495 ne
3074 1422 3287 1487 facias.‘

2150 1515 2355 1591 Etenim
2375 1520 2429 1574 in
2456 1521 2609 1575 corde
2628 1521 2926 1593 iniquitates
2945 1525 3229 1593 aperamini
3252 1526 3304 1579 in
3323 1527 3545 1599 terraJn
3570 1526 3673 1584 hac

2077 1619 2216 1668 terra
2249 1628 2408 1684 quam
2466 1614 2754 1685 habitatis,
2786 1614 3119 1691 cogitatione
3162 1618 3338 1686 mala,
3369 1619 3499 1689 dum
3522 1621 3667 1695 bona

2073 1705 2331 1777 videmini
2365 1705 2534 1776 loqui.
2574 1704 2916 1795 Iniguitatem
2945 1726 3132 1771 manus
3157 1696 3341 1765 vestra:
3365 1713 3670 1777 concinnat.

366 1812 503 1874 gunt
546 1818 562 1875 ς
612 1817 881 1872 pauperes
922 1802 1400 1874 evangelizantnr,
1455 1813 1509 1859 et
1547 1803 1737 1861 bca'us
1777 1808 1864 1875 qui
1914 1805 1965 1881 in
2000 1806 2046 1869 Β
2072 1797 2247 1868 Opera
2279 1799 2422 1853 enim
2458 1808 2634 1855 vestra
2661 1816 2781 1870 qua:
2803 1801 3105 1856 secundum
3130 1802 3449 1874 allegorian:
3478 1820 3672 1881 manus

370 1909 460 1951 me
493 1909 598 1963 non
632 1892 795 1949 fuerit
831 1894 1251 1975 scandalizatus,
1284 1896 1384 1950 bot-
1413 1905 1498 1949 est
1537 1896 1791 1951 divinitas
1830 1912 1964 1967 ope.-

366 1994 487 2041 rala
540 2001 639 2071 per
672 2001 889 2041 carnem
936 1987 959 2057 (
990 1986 1141 2041 Matt.
1167 2004 1221 2048 χι
1324 1989 1544 2044 Cithara
1582 1990 1655 2057 de
1700 1992 1956 2077 terrenis,

366 2076 474 2131 hoc
498 2084 582 2132 est
603 2077 936 2146 lassescere,
973 2078 1245 2144 dormire,
1277 2095 1467 2150 cgere,
1502 2081 1748 2145 esurire,
1778 2076 1963 2149 sitire,

365 2170 452 2225 vel
482 2177 699 2241 cmtera.
728 2169 897 2225 Aliter
922 2187 935 2224 :
958 2171 1281 2231 Psalterium
1304 2160 1378 2225 ad
1406 2187 1507 2247 nos
1531 2172 1789 2241 pertinet,
1813 2156 1961 2243 spes,

366 2263 530 2333 ﬁdes,
555 2262 818 2337 Charitas,
832 2265 1238 2337 longanimitas,
1267 2252 1605 2331 bonitas,vel
1634 2265 1741 2320 alia
1771 2266 1855 2321 his
1882 2256 1963 2321 si;

373 2357 549 2413 milia.
577 2357 682 2413 Per
711 2334 1001 2425 citharam,
1031 2375 1124 2414 sex
1153 2375 1316 2428 opera
1351 2360 1739 2415 misericordia:
1767 2361 1964 2419 intelli-

362 2458 593 2522 guntur,
622 2467 741 2522 quzc
772 2450 1040 2506 debemus
1092 2432 1319 2529 implere
1342 2495 1356 2517 ,
1390 2452 1443 2508 id
1474 2461 1589 2520 est,
1622 2453 1825 2527 esurivi
1846 2495 1861 2516 ,
1891 2453 1962 2529 si-

364 2544 486 2615 tivi,
515 2543 716 2617 hospes
734 2559 915 2615 ,eram,
947 2545 1141 2619 nudus,
1168 2526 1447 2611 infirmus,
1474 2546 1525 2600 in
1556 2561 1796 2601 carcere.
1824 2546 1960 2617 item

363 2634 694 2711 psalterium,
723 2636 773 2691 id
793 2648 903 2707 ,cst,
930 2638 983 2691 in
1013 2637 1367 2707 tribulatione
1389 2639 1591 2708 gratias
1621 2654 1781 2710 agere
1807 2640 1916 2695 Deo
1943 2656 1959 2695 :

363 2727 435 2783 de
464 2729 714 2803 supernis
738 2730 891 2785 venit
916 2746 1012 2801 per
1034 2747 1196 2801 quem
1225 2732 1482 2787 sustines.
1508 2730 1741 2795 Cithara,
1775 2747 1962 2801 persc-

361 2823 511 2891 cutio
543 2829 592 2876 ct
626 2822 911 2895 tribulatio
943 2839 1062 2893 qua:
1109 2824 1159 2877 in
1194 2838 1426 2897 corpore
1457 2824 1717 2880 sustines.
1759 2823 1959 2879 Exsur-

358 2932 479 2989 gam
512 2915 765 2992 diluculo.
799 2916 1110 3003 Respondit
1145 2917 1396 2973 Christus
1426 2918 1492 2973 ad
1535 2918 1769 2974 Patrem.
1803 2918 1960 2976 Unde

357 3009 611 3081 superius
639 3010 777 3065 dixit
806 3027 818 3063 :
848 3027 1084 3082 exsurge,
1116 3010 1285 3083 gloria
1314 3027 1449 3065 mea.

432 3101 725 3174 Conﬁtebor
753 3104 849 3158 tibi
878 3106 930 3158 in
956 3104 1185 3179 pepulis,
1226 3103 1480 3171 Domine,
1500 3114 1553 3177 .et
1580 3105 1837 3179 psalmum
1869 3107 1955 3161 di-

355 3211 475 3249 cam
503 3196 593 3250 tibi
615 3198 666 3250 in
693 3196 946 3268 gentibus.
969 3196 1116 3265 Quas
1145 3213 1241 3268 per
1270 3198 1585 3271 prophetas.
1620 3199 1705 3254 vel
1734 3208 1955 3287 a‘posto-
1976 3183 2026 3263 λ)

350 3290 443 3367 los
474 3292 686 3364 vocavi.
740 3290 1036 3358 Con/itelror
1073 3292 1166 3346 tibi
1201 3292 1253 3345 in
1286 3284 1520 3373 populis,
1568 3284 1817 3358 Domine,
1853 3292 1954 3347 hoc

362 3391 472 3450 est,
505 3398 573 3454 po
609 3391 791 3454 tquam
820 3400 1196 3459 resurrcxero.
1230 3384 1507 3460 ⁸Ρδαιηιυηι
1544 3386 1714 3439 dicam
1744 3387 1836 3451 tibi
1872 3387 1953 3441 in-

355 3486 433 3530 ter
463 3484 660 3547 gentes,
719 3476 769 3553 id
800 3486 903 3544 est,
936 3478 1265 3554 _pr_:edicare,
1300 3493 1467 3549 opere.
1498 3478 1744 3548 implere.

431 3567 691 3636 Quoniam
720 3552 1051 3639 magni/irata
1078 3578 1151 3625 est
1194 3585 1353 3637 usque
1378 3568 1445 3623 ad
1466 3568 1626 3635 caelos
1658 3570 1951 3623 misericor-

351 3661 443 3715 dia
473 3668 580 3715 tua.
607 3659 720 3715 Mea
745 3660 891 3737 enim
921 3660 1329 3717 resurrectione
1363 3660 1641 3731 paciﬁcata
1676 3671 1800 3733 sunt
1834 3676 1950 3714 om-

350 3753 438 3807 nia
471 3752 598 3829 tibi,
631 3768 750 3824 qua:
783 3753 835 3808 in
860 3753 1003 3810 coelo
1030 3761 1086 3808 ct
1111 3769 1231 3824 qua:
1258 3754 1313 3829 in
1340 3762 1482 3809 terra
1512 3762 1659 3807 sunt.
1696 3752 1761 3807 Et
1791 3769 1950 3823 usque

349 3847 420 3900 ad
464 3846 622 3901 nubes
666 3848 854 3905 veritas
899 3857 1007 3902 tua.
1062 3846 1355 3927 Com‘plens
1384 3863 1480 3918 per
1507 3848 1800 3918 prophetas
1825 3863 1948 3919 qum

350 3937 511 3993 nobis
543 3937 896 4008 prtedixeras.
922 3939 1090 4004 Coeli,
1130 3951 1256 3996 sunt
1298 3941 1473 3995 sancti
1500 3928 1720 4015 quando
1753 3940 1823 3996 de
1852 3956 1947 3996 su-

349 4029 532 4098 pernis
554 4031 1034 4102 contemplantur:
1062 4032 1255 4097 nubes,
1280 4031 1496 4102 quando
1522 4033 1750 4104 irrigant
1771 4032 1944 4107 corda

340 4108 586 4177 humana
611 4121 680 4176 de
700 4121 1116 4193 prtcdicatione.

421 4212 676 4267 Emattare
700 4229 855 4286 super
884 4214 1055 4282 caelos,
1092 4212 1255 4269 Deus.
1285 4214 1551 4285 Propheta
1588 4214 1703 4271 htcc
1719 4215 1852 4270 dicit
1872 4215 1942 4272 de

335 4304 591 4383 gloriosa
619 4304 823 4361 Christi
853 4306 1194 4379 ascensione.
1230 4305 1298 4360 Et
1324 4323 1478 4380 super
1520 4325 1717 4364 onmem
1751 4320 1942 4386 terram

341 4398 510 4469 gloria
540 4406 651 4453 tua.
682 4397 815 4451 Cum
863 4396 1119 4452 effuderis
1160 4398 1363 4454 «lentim
1396 4400 1631 4469 Spiritus
1672 4404 1844 4457 sancti
1870 4401 1935 4483 in

341 4506 560 4546 omnem
593 4506 835 4546 carnem.
868 4490 1022 4556 Quod
1071 4499 1127 4547 et
1178 4507 1320 4568 nunc
1362 4493 1518 4547 nobis
1560 4506 1820 4562 praestare
1847 4496 1935 4551 di-

2068 1891 2432 1973 accipiuntur,
2468 1892 2753 1968 iniquitate
2784 1894 2992 1971 repleta
3020 1904 3169 1963 sunt.

2141 1984 2370 2059 Alienati
2415 1994 2534 2039 sunt
2576 1976 2869 2059 peccatores
2896 1988 3127 2043 avulva.
3174 1987 3407 2057 Quidam
3458 1989 3526 2045 de
3572 1990 3671 2048 de-

2067 2091 2263 2135 scensu
2293 2078 2490 2132 anima:
2518 2077 2571 2132 in
2612 2093 2836 2163 corpus,
2866 2078 2957 2157 alii
2982 2094 3116 2136 vero
3143 2081 3211 2136 de
3232 2080 3435 2151 Judazis
3466 2082 3670 2163 intelli-

2066 2182 2239 2245 gunt:
2274 2171 2418 2253 quod
2472 2158 2762 2247 abalienati
2804 2152 2939 2247 sunt
2978 2189 3009 2249 a
3049 2173 3165 2231 Deo
3196 2194 3209 2228 :
3240 2190 3309 2231 ex
3348 2191 3456 2246 quo
3500 2156 3667 2235 Maria

2062 2265 2252 2337 genuit
2277 2263 2647 2333 .Salvatorem.
2700 2264 3017 2343 Erraverpnt
3046 2267 3109 2321 ab
3137 2276 3287 2331 utero
3306 2312 3323 2345 Α,
3354 2269 3517 2339 locuti
3544 2277 3669 2324 sunt

2065 2354 2219 2424 falsa.
2259 2354 2525 2433 Praescius
2557 2354 2863 2433 futurorum
2898 2356 3065 2433 Deus,
3096 2358 3435 2429 iniquitatem
3463 2359 3663 2430 ipsam,

2068 2447 2216 2515 prius
2241 2462 2402 2515 quam
2433 2456 2774 2514 nasceretur,
2808 2450 3157 2525 esterminat.
3188 2440 3322 2506 ideo
3350 2440 3665 2522 peccatores

2066 2540 2197 2594 falsa
2227 2540 2374 2611 loqui
2404 2541 2531 2619 dicit
2541 2582 2560 2621 ρ
2589 2555 2797 2633 eosque
2824 2559 3013 2623 errare
3044 2553 3209 2616 atque
3260 2545 3492 2611 alienari
3532 2561 3662 2618 pro-

2060 2634 2276 2717 phetat,
2307 2635 2443 2693 sicut
2469 2636 2742 2707 quondam
2786 2636 2854 2692 de
2900 2637 3043 2715 Esau
3090 2637 3182 2708 qui
3224 2639 3539 2708 priusquam
3576 2642 3662 2711 gi-

2064 2738 2345 2797 gneretur,
2376 2727 2447 2781 ab
2478 2728 2797 2785 haereditate
2834 2729 2928 2785 Dei
2961 2740 3044 2785 est
3075 2716 3327 2803 repulsus
3350 2718 3605 2802 (Malach.
3636 2748 3655 2789 ι

2061 2828 2110 2874 et
2145 2819 2295 2873 Rom.
2328 2819 2427 2891 Ix).
3130 2818 3137 2821 ’

2138 2910 2312 2964 Furor
2344 2902 2451 2989 illis
2480 2913 2764 2966 secundum
2784 2913 3183 2983 similitudinem
3208 2918 3479 2988 serpentis.
3510 2916 3654 2985 Illis,

2062 3004 2151 3072 qui
2173 3003 2353 3058 obiter
2370 3018 2469 3072 per
2491 3003 2625 3077 iram
2648 3004 2936 3072 devorare,
2963 3006 3221 3063 veneficis
3243 3009 3536 3077 morsibus,
3560 2994 3655 3067 Dei

2064 3096 2295 3150 famulos
2323 3088 2528 3159 volunt,
2558 3106 2611 3152 et
2640 3113 2741 3171 per
2770 3099 3146 3169 paenitentiam
3176 3101 3477 3172 negligant.
3507 3102 3656 3157 Sicut

2060 3188 2263 3260 aspidis
2294 3189 2486 3255 surda},
2522 3198 2569 3243 et
2598 3189 2887 3259 obturantis
2917 3207 3067 3246 aures
3094 3209 3241 3261 suas,
3274 3184 3381 3247 etc.
3416 3211 3428 3247 :
3459 3193 3659 3248 Diabo-

2062 3281 2170 3333 lum
2202 3280 2286 3335 vcl
2319 3281 2589 3353 satellites
2615 3281 2735 3351 ejus
2765 3281 2900 3336 dicit
2939 3301 2951 3339 :
2990 3284 3081 3354 qui
3120 3299 3243 3338 cum
3287 3284 3530 3355 quotidie
3558 3302 3659 3341 no—

2057 3381 2238 3443 ceant,
2265 3384 2319 3429 et
2344 3375 2429 3429 eis
2461 3376 2650 3445 utique
2679 3377 2767 3445 qui
2800 3376 3082 3453 canticum
3120 3393 3217 3449 per
3247 3379 3653 3453 invocationem

2056 3464 2325 3520 Dominici
2370 3460 2606 3521 nominis
2636 3466 2944 3523 indicamus
2983 3488 2996 3519 :
3030 3460 3397 3525 llliobturato
3437 3471 3650 3527 aurium

2054 3556 2227 3625 aditu,
2258 3556 2456 3633 szevire
2485 3571 2593 3612 non
2633 3557 2914 3635 desinunt.
2942 3560 3111 3637 ,Λευίς
3142 3576 3312 3630 genus
3354 3562 3649 3632 serpentis.

2052 3648 2149 3703 Ille
2180 3647 2343 3704 homo
2366 3650 2457 3726 qui
2483 3652 2749 3718 incantat,
2782 3653 2990 3733 Marsus
3010 3663 3034 3690 ι
3057 3653 3279 3731 dicitur,
3309 3661 3364 3729 et
3388 3654 3555 3733 trahit
3586 3655 3652 3710 il-

2058 3741 2139 3795 las
2163 3742 2231 3797 de
2255 3743 2495 3800 tenebris
2521 3744 2585 3797 ad
2613 3744 2817 3800 lumen.

2125 3832 2264 3887 Deus
2294 3843 2523 3889 conteret
2555 3836 2733 3890 dentes
2774 3854 2951 3892 eorum
2986 3839 3039 3892 in
3070 3855 3157 3893 ore
3188 3840 3421 3909 ipsorum
3441 3882 3457 3904 ,
3483 3842 3650 3897 molas

2051 3925 2255 3979 leonum
2270 3929 2560 3999 confringet
2592 3928 2867 3984 Dominus.
2897 3929 2957 3985 In
2987 3930 3241 3987 dentibus
3262 3973 3278 3999 ,
3312 3940 3497 4002 aperta
3528 3948 3651 4001 per-

2057 4017 2287 4081 secutio,
2317 4019 2368 4073 in
2403 4020 2699 4076 molaribus
2748 4022 3089 4097 signiﬁcatur
3131 4024 3471 4080 abscondita.
3510 4025 3649 4083 Deus

2046 4120 2272 4165 conteret
2309 4112 2487 4167 dentes
2526 4129 2703 4168 eorum
2748 4116 2801 4168 in
2860 4132 2950 4170 ore
2995 4116 3231 4187 ipsorum
3262 4133 3280 4170 :
3311 4131 3379 4173 ne
3404 4117 3648 4175 lacerare

2045 4206 2260 4262 valeant
2294 4206 2497 4279 iniquis
2527 4209 2802 4265 morsibus
2839 4224 3029 4266 servos
3054 4211 3192 4280 ejus.
3232 4210 3402 4266 Malas
3424 4212 3645 4289 leonum

2044 4299 2334 4371 confringet
2368 4296 2639 4356 Dominus.
2671 4300 2931 4357 Maiarum
2966 4303 3333 4375 nequitiarum
3365 4303 3594 4359 insidias
3627 4321 3642 4360 :

2043 4392 2133 4463 qui
2162 4388 2315 4467 quasi
2342 4393 2579 4473 molares
2596 4395 2823 4473 leonum
2841 4396 3036 4453 dentes
3056 4396 3122 4451 ad
3146 4395 3467 4473 validiorem
3496 4413 3642 4453 mor-

2050 4498 2170 4540 sum
2204 4470 2493 4541 babentur.
2596 4470 2603 4477 ’
2788 4515 2812 4530 ι-
3423 4471 3433 4479 ’

341 4581 546 4654 gneris,
571 4594 625 4636 ut
648 4581 703 4641 in
732 4581 946 4637 cunctis
970 4582 1239 4653 pressuris
1260 4598 1321 4637 ac
1356 4585 1793 4641 tribulationibus
1815 4590 1936 4642 uni-

2109 4578 2193 4631 Ad
2246 4577 2471 4633 nihilum
2514 4578 2782 4635 devenient
2827 4590 3090 4653 tamquam
3148 4598 3282 4654 aqua
3336 4582 3639 4639 decurrens.

340 4671 522 4727 versis
556 4672 737 4725 mittas
765 4672 1029 4747 Spiritum
1056 4682 1204 4728 tuum
1235 4684 1481 4730 sanctum
1507 4693 1521 4731 :
1548 4676 1711 4748 eujus
1738 4695 1842 4751 ope
1870 4695 1933 4736 ac

339 4761 620 4843 prresidio,
645 4764 760 4819 sive
790 4766 1089 4822 munitione
1121 4769 1373 4842 protecti,
1409 4768 1476 4825 ad
1499 4779 1704 4825 aeterna
1737 4773 1931 4842 gaudia

342 4858 662 4927 prmparari,
683 4859 748 4935 ad
772 4860 1013 4916 cmlestia
1032 4856 1320 4939 [transferri
1354 4865 1572 4941 praemia
1599 4852 1928 4924 mereamur.

332 4947 533 5007 Amen.

872 5046 1190 5127 Psittth
1226 5048 1386 5107 Lvu.

230 5205 239 5212 ν
330 5179 575 5264 lti‘ginem
596 5225 610 5247 ,
654 5197 719 5234 ne
744 5181 1054 5264 dispendiis,
1084 5184 1274 5249 David,
1306 5185 1360 5239 in
1392 5186 1531 5241 tituli
1562 5187 1922 5264 inscriptione.

402 5251 516 5335 Yos
539 5255 832 5335 suggeritis
861 5253 1174 5335 falsitatem,
1192 5272 1299 5335 ego
1322 5272 1429 5335 non
1464 5251 1811 5335 corrwnpani
1840 5281 1927 5335 ve-

399 5320 665 5379 ritatem'f
677 5320 820 5395 quod
868 5327 1093 5401 scripsi,
1145 5320 1723 5401 scripsilloaanitxi.
1761 5332 1917 5388 Psal-

399 5408 523 5477 mus
548 5410 735 5477 vocem
765 5397 1010 5477 continet
1041 5398 1326 5469 Propheta:
1374 5397 1443 5454 de
1479 5397 1704 5468 iudiciis
1756 5408 1920 5474 atque

394 5471 604 5533 justitia
635 5471 1064 5525 commonentis.
1484 5482 1487 5485 '

1614 5569 1650 5579 ’ς
1680 5572 1757 5587 νος-ν
1785 5568 1912 5587 κει-..ο

395 5573 456 5627 Si
482 5590 597 5629 vere
634 5577 813 5648 utique
853 5579 1119 5650 justitiam
1162 5579 1459 5650 loquimini,
1491 5573 1914 5657 recta‘jt'ulicitbtiz‘,

326 5664 426 5741 [itii
453 5666 738 5723 hominum.
772 5670 977 5727 Educet
1017 5681 1073 5726 ut
1101 5672 1348 5742 quisquis
1376 5674 1686 5730 mortalium
1708 5666 1917 5746 iudicii)

2043 4668 2192 4725 Sicut
2217 4672 2362 4726 enim
2393 4686 2531 4739 aqua
2562 4670 2890 4751 decurrens,
2922 4682 3012 4728 aut
3040 4673 3364 4728 absorbetur
3389 4688 3419 4727 a
3458 4682 3635 4743 terra,

2041 4770 2134 4817 aut
2161 4764 2211 4818 in
2234 4764 2372 4843 mari
2400 4763 2583 4820 deﬁcit
2615 4781 2628 4817 :
2663 4765 2735 4820 ita
2757 4773 2814 4820 et
2838 4766 2924 4820 isti
2957 4764 3022 4819 ad
3056 4765 3160 4821 hoc
3185 4765 3537 4822 deducuntur
3580 4777 3642 4825 ut

2040 4866 2287 4925 pereant.
2334 4857 2487 4913 Sicut
2533 4871 2672 4927 aqua
2701 4872 2823 4929 qua:
2853 4857 2922 4912 ab
2953 4857 3112 4912 initio
3148 4857 3339 4913 smculi
3390 4858 3446 4912 in
3501 4873 3639 4930 gyro

2039 4947 2234 5003 vadit:
2266 4949 2339 5006 ita
2387 4950 2632 5022 ipsorum
2679 4959 2762 5005 est
2809 4950 3081 5004 doctrina.
3130 4949 3277 5017 Aqua
3326 4949 3633 5021 decurrens,

2037 5040 2181 5110 quod
2213 5052 2296 5096 est
2320 5052 2535 5099 torrens
2559 5084 2575 5108 ,
2602 5043 2705 5099 hoc
2744 5052 2864 5113 est,
2908 5056 3046 5114 aqua
3076 5057 3199 5113 qua:
3233 5042 3511 5097 montibus
3536 5043 3634 5098 de-

2036 5133 2209 5188 currit
2239 5134 2292 5188 in
2322 5135 2513 5190 valles.
2550 5135 2645 5190 Vel
2674 5135 2812 5192 sicut
2848 5130 3012 5206 aqum
3057 5133 3335 5207 hyemales
3379 5147 3502 5189 cum
3540 5148 3635 5189 ve-

2028 5224 2207 5290 niunt,
2232 5226 2415 5280 statim
2440 5226 2756 5281 siccantur:
2782 5226 2863 5282 sic
2890 5227 2976 5281 isti
3004 5224 3115 5281 cito
3145 5232 3452 5279 transeunt.
3478 5223 3633 5281 Unde

2029 5318 2233 5372 dictum
2264 5329 2349 5375 est
2382 5339 2394 5375 :
2426 5321 2501 5378 De
2529 5330 2775 5396 torrente
2814 5322 2867 5376 in
2911 5322 2995 5376 via
3031 5321 3167 5376 bibit
3193 5318 3369 5401 (Psnl.
3413 5318 3492 5401 κ).
3529 5320 3633 5375 Do-

2032 5410 2215 5464 minus
2264 5412 2332 5466 de
2376 5420 2620 5469 torrente
2649 5413 2702 5469 in
2741 5413 2829 5469 via
2861 5413 3031 5489 bibit,
3064 5414 3184 5483 quia
3219 5413 3288 5468 de
3319 5420 3510 5467 nostro
3539 5428 3631 5469 ac-

2027 5501 2191 5570 cepit.
2224 5499 2457 5581 Intendit
2499 5519 2681 5557 areum
2731 5520 2882 5581 suum
2934 5503 3101 5558 donec
3137 5504 3493 5581 inﬁrmentur.
3524 5503 3629 5560 Per

2026 5580 2255 5664 arcum,
2290 5594 2388 5671 irae
2449 5604 2505 5653 et
2557 5580 3019 5673 comminationes
3072 5580 3173 5653 Dei
3219 5596 3619 5666 intelliguntur.

2031 5686 2183 5743 Unde
2212 5688 2353 5743 dixit
2381 5707 2393 5743 :
2419 5687 2531 5746 Nisi
2563 5687 2817 5744 conversi
2845 5687 3088 5759 fueritis,
3118 5689 3170 5746 id
3203 5695 3307 5756 est,
3333 5688 3402 5744 de
3430 5673 3627 5759 super-

400 5779 641 5861 9Notum
669 5784 800 5841 illud
826 5786 982 5844 Ovid.
1014 5789 1082 5845 de
1106 5789 1298 5847 Medic.
1336 5789 1440 5848 fac.
1471 5810 1484 5845 :
1517 5800 1619 5857 Nos
1639 5803 1820 5869 media,
1841 5765 2022 5859 Hamis
2046 5804 2293 5862 ﬁnduntur
2310 5809 2754 5875 cantibusaums.
