  <div class='ocr_page' id='page_1' title='image "/cluster/home/n/w/nwhite01/storage/ocr_20150623/26/uva.x000826568/503.png"; bbox 0 0 4010 6306; ppageno 0'>
   <div class='ocr_carea' id='block_1_1' title="bbox 510 304 613 362">
    <p class='ocr_par' dir='ltr' id='par_1_1' title="bbox 510 304 613 362">
     <span class='ocr_line' id='line_1_1' title="bbox 510 304 613 362; baseline 0 0"><span class='ocrx_word' id='word_1_1' title='bbox 510 304 613 362; x_wconf 88' lang='lat' dir='ltr'><strong>99I</strong></span> 
     </span>
    </p>
   </div>
   <div class='ocr_carea' id='block_1_2' title="bbox 1262 293 2972 356">
    <p class='ocr_par' dir='ltr' id='par_1_2' title="bbox 1262 293 2972 356">
     <span class='ocr_line' id='line_1_2' title="bbox 1262 293 2972 356; baseline -0.005 0"><span class='ocrx_word' id='word_1_2' title='bbox 1262 296 1612 356; x_wconf 78' lang='lat' dir='ltr'><strong>APPENDIX</strong></span> <span class='ocrx_word' id='word_1_3' title='bbox 1651 296 1742 353; x_wconf 81' lang='lat' dir='ltr'><strong>AD</strong></span> <span class='ocrx_word' id='word_1_4' title='bbox 1781 295 2028 353; x_wconf 75' lang='lat' dir='ltr'><strong>TOMUM</strong></span> <span class='ocrx_word' id='word_1_5' title='bbox 2069 294 2422 354; x_wconf 75' lang='lat' dir='ltr'><strong>SEPTIMUM</strong></span> <span class='ocrx_word' id='word_1_6' title='bbox 2464 295 2523 355; x_wconf 90' lang='lat' dir='ltr'><strong>S.</strong></span> <span class='ocrx_word' id='word_1_7' title='bbox 2570 293 2972 352; x_wconf 77' lang='lat' dir='ltr'><strong>lllERONYMI.</strong></span> 
     </span>
    </p>
   </div>
   <div class='ocr_carea' id='block_1_3' title="bbox 3709 288 3819 346">
    <p class='ocr_par' dir='ltr' id='par_1_3' title="bbox 3709 288 3819 346">
     <span class='ocr_line' id='line_1_3' title="bbox 3709 288 3819 346; baseline -0.036 0"><span class='ocrx_word' id='word_1_8' title='bbox 3709 288 3819 346; x_wconf 71' lang='lat'><strong>992</strong></span> 
     </span>
    </p>
   </div>
   <div class='ocr_carea' id='block_1_4' title="bbox 511 410 3814 484">
    <p class='ocr_par' dir='ltr' id='par_1_4' title="bbox 511 410 3814 484">
     <span class='ocr_line' id='line_1_4' title="bbox 511 410 3814 484; baseline -0.004 -7"><span class='ocrx_word' id='word_1_9' title='bbox 511 422 598 480; x_wconf 86' lang='lat' dir='ltr'><strong>hia</strong></span> <span class='ocrx_word' id='word_1_10' title='bbox 646 419 714 477; x_wconf 90' lang='lat' dir='ltr'><strong>ad</strong></span> <span class='ocrx_word' id='word_1_11' title='bbox 765 419 1168 483; x_wconf 77' lang='lat' dir='ltr'><strong>humilitatem;</strong></span> <span class='ocrx_word' id='word_1_12' title='bbox 1223 429 1408 470; x_wconf 89' lang='lat' dir='ltr'><strong>arcum</strong></span> <span class='ocrx_word' id='word_1_13' title='bbox 1453 428 1610 473; x_wconf 89' lang='lat' dir='ltr'><strong>suum</strong></span> <span class='ocrx_word' id='word_1_14' title='bbox 1645 410 1916 480; x_wconf 87' lang='lat' dir='ltr'><strong>vibravit,</strong></span> <span class='ocrx_word' id='word_1_15' title='bbox 1959 411 2104 467; x_wconf 92' lang='lat' dir='ltr'><strong>sicut</strong></span> <span class='ocrx_word' id='word_1_16' title='bbox 2131 413 2182 474; x_wconf 77' lang='grc' dir='ltr'>Α</span> <span class='ocrx_word' id='word_1_17' title='bbox 2205 412 2474 484; x_wconf 76' lang='lat' dir='ltr'><strong>judicatus</strong></span> <span class='ocrx_word' id='word_1_18' title='bbox 2505 421 2610 468; x_wconf 89' lang='lat' dir='ltr'><strong>est.</strong></span> <span class='ocrx_word' id='word_1_19' title='bbox 2644 413 2711 468; x_wconf 87' lang='lat' dir='ltr'><strong>Et</strong></span> <span class='ocrx_word' id='word_1_20' title='bbox 2742 427 2840 468; x_wconf 91' lang='lat' dir='ltr'><strong>nos</strong></span> <span class='ocrx_word' id='word_1_21' title='bbox 2867 411 2911 466; x_wconf 91' lang='lat' dir='ltr'><strong>si</strong></span> <span class='ocrx_word' id='word_1_22' title='bbox 2943 411 2995 466; x_wconf 93' lang='lat' dir='ltr'><strong>in</strong></span> <span class='ocrx_word' id='word_1_23' title='bbox 3038 411 3324 484; x_wconf 70' lang='lat' dir='ltr'><strong>praeceptis</strong></span> <span class='ocrx_word' id='word_1_24' title='bbox 3369 410 3489 478; x_wconf 88' lang='lat' dir='ltr'><strong>Dei,</strong></span> <span class='ocrx_word' id='word_1_25' title='bbox 3520 423 3683 465; x_wconf 83' lang='lat' dir='ltr'><strong>aures</strong></span> <span class='ocrx_word' id='word_1_26' title='bbox 3707 426 3814 464; x_wconf 92' lang='lat' dir='ltr'><strong>non</strong></span> 
     </span>
    </p>
   </div>
   <div class='ocr_carea' id='block_1_5' title="bbox 518 503 2106 578">
    <p class='ocr_par' dir='ltr' id='par_1_5' title="bbox 518 503 2106 578">
     <span class='ocr_line' id='line_1_5' title="bbox 518 503 2106 578; baseline -0.009 -6"><span class='ocrx_word' id='word_1_27' title='bbox 518 515 720 572; x_wconf 79' lang='lat' dir='ltr'><strong>Paulus</strong></span> <span class='ocrx_word' id='word_1_28' title='bbox 747 513 947 568; x_wconf 79' lang='lat' dir='ltr'><strong>audivit</strong></span> <span class='ocrx_word' id='word_1_29' title='bbox 981 529 994 566; x_wconf 90' lang='lat'><strong>:</strong></span> <span class='ocrx_word' id='word_1_30' title='bbox 1026 509 1220 577; x_wconf 90' lang='lat' dir='ltr'><strong>Saule,</strong></span> <span class='ocrx_word' id='word_1_31' title='bbox 1252 507 1416 564; x_wconf 91' lang='lat' dir='ltr'><strong>Saule</strong></span> <span class='ocrx_word' id='word_1_32' title='bbox 1439 547 1452 571; x_wconf 93' lang='lat'><strong>,</strong></span> <span class='ocrx_word' id='word_1_33' title='bbox 1485 504 1611 578; x_wconf 90' lang='lat' dir='ltr'><strong>quid</strong></span> <span class='ocrx_word' id='word_1_34' title='bbox 1641 519 1728 558; x_wconf 91' lang='lat' dir='ltr'><strong>me</strong></span> <span class='ocrx_word' id='word_1_35' title='bbox 1756 503 2106 574; x_wconf 88' lang='lat' dir='ltr'><strong>persequeris</strong></span> 
     </span>
    </p>
   </div>
   <div class='ocr_carea' id='block_1_6' title="bbox 520 595 2102 680">
    <p class='ocr_par' dir='ltr' id='par_1_6' title="bbox 520 595 2102 680">
     <span class='ocr_line' id='line_1_6' title="bbox 520 595 2102 680; baseline -0.01 -15"><span class='ocrx_word' id='word_1_36' title='bbox 520 609 658 680; x_wconf 82' lang='lat' dir='ltr'><strong>(Act.</strong></span> <span class='ocrx_word' id='word_1_37' title='bbox 693 608 813 676; x_wconf 77' lang='lat' dir='ltr'><strong>tx)?</strong></span> <span class='ocrx_word' id='word_1_38' title='bbox 843 604 1076 659; x_wconf 85' lang='lat' dir='ltr'><strong>Itttemfit</strong></span> <span class='ocrx_word' id='word_1_39' title='bbox 1105 617 1288 656; x_wconf 86' lang='lat' dir='ltr'><strong>arcum</strong></span> <span class='ocrx_word' id='word_1_40' title='bbox 1314 616 1488 665; x_wconf 86' lang='lat' dir='ltr'><strong>suum,</strong></span> <span class='ocrx_word' id='word_1_41' title='bbox 1522 598 1766 653; x_wconf 82' lang='lat' dir='ltr'><strong>futurum</strong></span> <span class='ocrx_word' id='word_1_42' title='bbox 1793 595 2059 666; x_wconf 84' lang='lat' dir='ltr'><strong>judicium</strong></span> <span class='ocrx_word' id='word_1_43' title='bbox 2090 612 2102 650; x_wconf 93' lang='lat'>:</span> 
     </span>
    </p>
   </div>
   <div class='ocr_carea' id='block_1_7' title="bbox 519 689 2109 768">
    <p class='ocr_par' dir='ltr' id='par_1_7' title="bbox 519 689 2109 768">
     <span class='ocr_line' id='line_1_7' title="bbox 519 689 2109 768; baseline -0.009 -12"><span class='ocrx_word' id='word_1_44' title='bbox 519 701 682 756; x_wconf 84' lang='lat' dir='ltr'><strong>donec</strong></span> <span class='ocrx_word' id='word_1_45' title='bbox 711 699 1036 768; x_wconf 81' lang='lat' dir='ltr'><strong>inﬁrmentur</strong></span> <span class='ocrx_word' id='word_1_46' title='bbox 1064 710 1083 751; x_wconf 91' lang='lat'><strong><em>:</em></strong></span> <span class='ocrx_word' id='word_1_47' title='bbox 1113 694 1218 750; x_wconf 90' lang='lat' dir='ltr'><strong>hoc</strong></span> <span class='ocrx_word' id='word_1_48' title='bbox 1255 699 1372 761; x_wconf 87' lang='lat' dir='ltr'><strong>est,</strong></span> <span class='ocrx_word' id='word_1_49' title='bbox 1407 705 1578 764; x_wconf 88' lang='lat' dir='ltr'><strong>usque</strong></span> <span class='ocrx_word' id='word_1_50' title='bbox 1613 689 1742 746; x_wconf 92' lang='lat' dir='ltr'><strong>dum</strong></span> <span class='ocrx_word' id='word_1_51' title='bbox 1780 695 2109 744; x_wconf 90' lang='lat' dir='ltr'><strong>evanescant</strong></span> 
     </span>
    </p>
   </div>
   <div class='ocr_carea' id='block_1_8' title="bbox 519 791 976 847">
    <p class='ocr_par' dir='ltr' id='par_1_8' title="bbox 519 791 976 847">
     <span class='ocr_line' id='line_1_8' title="bbox 519 791 976 847; baseline -0.013 -1"><span class='ocrx_word' id='word_1_52' title='bbox 519 791 731 847; x_wconf 66' lang='lat' dir='ltr'><strong>insidia:</strong></span> <span class='ocrx_word' id='word_1_53' title='bbox 763 803 976 844; x_wconf 90' lang='lat' dir='ltr'><strong>eorum.</strong></span> 
     </span>
    </p>
   </div>
   <div class='ocr_carea' id='block_1_9' title="bbox 589 879 2109 953">
    <p class='ocr_par' dir='ltr' id='par_1_9' title="bbox 589 879 2109 953">
     <span class='ocr_line' id='line_1_9' title="bbox 589 879 2109 953; baseline -0.003 -15"><span class='ocrx_word' id='word_1_54' title='bbox 589 884 736 938; x_wconf 81' lang='lat' dir='ltr'><strong>Sicut</strong></span> <span class='ocrx_word' id='word_1_55' title='bbox 769 899 883 936; x_wconf 85' lang='lat' dir='ltr'><strong>cera</strong></span> <span class='ocrx_word' id='word_1_56' title='bbox 912 897 1029 953; x_wconf 68' lang='lat' dir='ltr'><strong>quis</strong></span> <span class='ocrx_word' id='word_1_57' title='bbox 1068 881 1204 952; x_wconf 83' lang='lat' dir='ltr'><strong>ﬂuit,</strong></span> <span class='ocrx_word' id='word_1_58' title='bbox 1258 885 1580 952; x_wconf 82' lang='lat' dir='ltr'><strong>aufercntttr.</strong></span> <span class='ocrx_word' id='word_1_59' title='bbox 1615 879 1769 936; x_wconf 86' lang='lat' dir='ltr'><strong>Sicut</strong></span> <span class='ocrx_word' id='word_1_60' title='bbox 1794 879 1940 936; x_wconf 90' lang='lat' dir='ltr'><strong>enim</strong></span> <span class='ocrx_word' id='word_1_61' title='bbox 1983 893 2109 934; x_wconf 90' lang='lat' dir='ltr'><strong>cera</strong></span> 
     </span>
    </p>
   </div>
   <div class='ocr_carea' id='block_1_10' title="bbox 515 974 2110 1049">
    <p class='ocr_par' dir='ltr' id='par_1_10' title="bbox 515 974 2110 1049">
     <span class='ocr_line' id='line_1_10' title="bbox 515 974 2110 1049; baseline -0.004 -15"><span class='ocrx_word' id='word_1_62' title='bbox 515 978 639 1049; x_wconf 91' lang='lat' dir='ltr'><strong>igne</strong></span> <span class='ocrx_word' id='word_1_63' title='bbox 659 977 999 1048; x_wconf 85' lang='lat' dir='ltr'><strong>dissolvitur,</strong></span> <span class='ocrx_word' id='word_1_64' title='bbox 1023 976 1096 1032; x_wconf 90' lang='lat' dir='ltr'><strong>ita</strong></span> <span class='ocrx_word' id='word_1_65' title='bbox 1144 987 1198 1031; x_wconf 93' lang='lat' dir='ltr'><strong>et</strong></span> <span class='ocrx_word' id='word_1_66' title='bbox 1246 975 1333 1031; x_wconf 85' lang='lat' dir='ltr'><strong>isti</strong></span> <span class='ocrx_word' id='word_1_67' title='bbox 1385 974 1569 1030; x_wconf 87' lang='lat' dir='ltr'><strong>futuro</strong></span> <span class='ocrx_word' id='word_1_68' title='bbox 1605 974 1795 1046; x_wconf 90' lang='lat' dir='ltr'><strong>judicii</strong></span> <span class='ocrx_word' id='word_1_69' title='bbox 1829 977 1949 1046; x_wconf 90' lang='lat' dir='ltr'><strong>igne</strong></span> <span class='ocrx_word' id='word_1_70' title='bbox 1983 989 2110 1044; x_wconf 86' lang='lat' dir='ltr'><strong>per-</strong></span> 
     </span>
    </p>
   </div>
   <div class='ocr_carea' id='block_1_11' title="bbox 515 1067 2111 1144">
    <p class='ocr_par' dir='ltr' id='par_1_11' title="bbox 515 1067 2111 1144">
     <span class='ocr_line' id='line_1_11' title="bbox 515 1067 2111 1144; baseline -0.006 -14"><span class='ocrx_word' id='word_1_71' title='bbox 515 1071 733 1130; x_wconf 89' lang='lat' dir='ltr'><strong>dentur.</strong></span> <span class='ocrx_word' id='word_1_72' title='bbox 789 1071 1146 1144; x_wconf 74' lang='lat' dir='ltr'><strong>Supercecidit</strong></span> <span class='ocrx_word' id='word_1_73' title='bbox 1201 1071 1359 1141; x_wconf 88' lang='lat' dir='ltr'><strong>ignis,</strong></span> <span class='ocrx_word' id='word_1_74' title='bbox 1410 1068 1683 1124; x_wconf 67' lang='lat' dir='ltr'><strong>iudicium</strong></span> <span class='ocrx_word' id='word_1_75' title='bbox 1734 1069 2010 1124; x_wconf 88' lang='lat' dir='ltr'><strong>mortuis:</strong></span> <span class='ocrx_word' id='word_1_76' title='bbox 2047 1067 2111 1121; x_wconf 87' lang='lat' dir='ltr'><strong>Et</strong></span> 
     </span>
    </p>
   </div>
   <div class='ocr_carea' id='block_1_12' title="bbox 518 1159 2109 1222">
    <p class='ocr_par' dir='ltr' id='par_1_12' title="bbox 518 1159 2109 1222">
     <span class='ocr_line' id='line_1_12' title="bbox 518 1159 2109 1222; baseline -0.005 0"><span class='ocrx_word' id='word_1_77' title='bbox 518 1182 620 1222; x_wconf 88' lang='lat' dir='ltr'><strong>non</strong></span> <span class='ocrx_word' id='word_1_78' title='bbox 647 1166 888 1220; x_wconf 84' lang='lat' dir='ltr'><strong>viderunt</strong></span> <span class='ocrx_word' id='word_1_79' title='bbox 909 1164 1090 1219; x_wconf 90' lang='lat' dir='ltr'><strong>solem.</strong></span> <span class='ocrx_word' id='word_1_80' title='bbox 1137 1163 1251 1218; x_wconf 81' lang='lat' dir='ltr'><strong>Non</strong></span> <span class='ocrx_word' id='word_1_81' title='bbox 1282 1163 1663 1217; x_wconf 85' lang='lat' dir='ltr'><strong>intellexerunt</strong></span> <span class='ocrx_word' id='word_1_82' title='bbox 1689 1159 1967 1217; x_wconf 83' lang='lat' dir='ltr'><strong>Christum</strong></span> <span class='ocrx_word' id='word_1_83' title='bbox 2000 1159 2109 1214; x_wconf 92' lang='lat' dir='ltr'><strong>Do-</strong></span> 
     </span>
    </p>
   </div>
   <div class='ocr_carea' id='block_1_13' title="bbox 518 1251 2111 1328">
    <p class='ocr_par' dir='ltr' id='par_1_13' title="bbox 518 1251 2111 1328">
     <span class='ocr_line' id='line_1_13' title="bbox 518 1251 2111 1328; baseline -0.006 -12"><span class='ocrx_word' id='word_1_84' title='bbox 518 1259 755 1323; x_wconf 89' lang='lat' dir='ltr'><strong>minum,</strong></span> <span class='ocrx_word' id='word_1_85' title='bbox 809 1256 899 1328; x_wconf 90' lang='lat' dir='ltr'><strong>qui</strong></span> <span class='ocrx_word' id='word_1_86' title='bbox 946 1265 1030 1312; x_wconf 87' lang='lat' dir='ltr'><strong>est</strong></span> <span class='ocrx_word' id='word_1_87' title='bbox 1081 1255 1161 1310; x_wconf 93' lang='lat' dir='ltr'><strong>sol</strong></span> <span class='ocrx_word' id='word_1_88' title='bbox 1190 1255 1436 1326; x_wconf 77' lang='lat' dir='ltr'><strong>justitite,</strong></span> <span class='ocrx_word' id='word_1_89' title='bbox 1472 1254 1541 1309; x_wconf 92' lang='lat' dir='ltr'><strong>de</strong></span> <span class='ocrx_word' id='word_1_90' title='bbox 1571 1270 1680 1325; x_wconf 92' lang='lat' dir='ltr'><strong>quo</strong></span> <span class='ocrx_word' id='word_1_91' title='bbox 1712 1253 1764 1308; x_wconf 92' lang='lat' dir='ltr'><strong>in</strong></span> <span class='ocrx_word' id='word_1_92' title='bbox 1790 1251 1999 1322; x_wconf 86' lang='lat' dir='ltr'><strong>judicio</strong></span> <span class='ocrx_word' id='word_1_93' title='bbox 2024 1252 2111 1306; x_wconf 87' lang='lat' dir='ltr'><strong>di-</strong></span> 
     </span>
    </p>
   </div>
   <div class='ocr_carea' id='block_1_14' title="bbox 518 1344 2110 1417">
    <p class='ocr_par' dir='ltr' id='par_1_14' title="bbox 518 1344 2110 1417">
     <span class='ocr_line' id='line_1_14' title="bbox 518 1344 2110 1417; baseline -0.003 -12"><span class='ocrx_word' id='word_1_94' title='bbox 518 1351 660 1405; x_wconf 88' lang='lat' dir='ltr'><strong>cturi</strong></span> <span class='ocrx_word' id='word_1_95' title='bbox 710 1357 836 1404; x_wconf 90' lang='lat' dir='ltr'><strong>sunt</strong></span> <span class='ocrx_word' id='word_1_96' title='bbox 883 1348 1031 1417; x_wconf 84' lang='lat' dir='ltr'><strong>impii</strong></span> <span class='ocrx_word' id='word_1_97' title='bbox 1068 1366 1082 1404; x_wconf 88' lang='lat'><strong>:</strong></span> <span class='ocrx_word' id='word_1_98' title='bbox 1118 1348 1181 1401; x_wconf 88' lang='lat' dir='ltr'><strong>Et</strong></span> <span class='ocrx_word' id='word_1_99' title='bbox 1218 1348 1300 1401; x_wconf 92' lang='lat' dir='ltr'><strong>sol</strong></span> <span class='ocrx_word' id='word_1_100' title='bbox 1346 1346 1571 1416; x_wconf 75' lang='lat' dir='ltr'><strong>justitim</strong></span> <span class='ocrx_word' id='word_1_101' title='bbox 1617 1362 1721 1400; x_wconf 91' lang='lat' dir='ltr'><strong>non</strong></span> <span class='ocrx_word' id='word_1_102' title='bbox 1767 1345 1905 1400; x_wconf 81' lang='lat' dir='ltr'><strong>luxit</strong></span> <span class='ocrx_word' id='word_1_103' title='bbox 1953 1344 2110 1400; x_wconf 86' lang='lat' dir='ltr'><strong>nobis</strong></span> 
     </span>
    </p>
   </div>
   <div class='ocr_carea' id='block_1_15' title="bbox 524 1440 2111 1519">
    <p class='ocr_par' dir='ltr' id='par_1_15' title="bbox 524 1440 2111 1519">
     <span class='ocr_line' id='line_1_15' title="bbox 524 1440 2111 1519; baseline -0.004 -19"><span class='ocrx_word' id='word_1_104' title='bbox 524 1444 679 1519; x_wconf 76' lang='lat' dir='ltr'><strong>(Sap.</strong></span> <span class='ocrx_word' id='word_1_105' title='bbox 710 1442 792 1512; x_wconf 89' lang='lat' dir='ltr'><strong>v).</strong></span> <span class='ocrx_word' id='word_1_106' title='bbox 823 1441 1019 1496; x_wconf 80' lang='lat' dir='ltr'><strong>Cecidit</strong></span> <span class='ocrx_word' id='word_1_107' title='bbox 1047 1442 1204 1512; x_wconf 86' lang='lat' dir='ltr'><strong>ignis,</strong></span> <span class='ocrx_word' id='word_1_108' title='bbox 1235 1450 1281 1495; x_wconf 90' lang='lat' dir='ltr'><strong>ct</strong></span> <span class='ocrx_word' id='word_1_109' title='bbox 1308 1457 1411 1495; x_wconf 88' lang='lat' dir='ltr'><strong>non</strong></span> <span class='ocrx_word' id='word_1_110' title='bbox 1434 1441 1677 1495; x_wconf 81' lang='lat' dir='ltr'><strong>viderunt</strong></span> <span class='ocrx_word' id='word_1_111' title='bbox 1698 1440 1878 1495; x_wconf 88' lang='lat' dir='ltr'><strong>solem.</strong></span> <span class='ocrx_word' id='word_1_112' title='bbox 1906 1440 2111 1495; x_wconf 80' lang='lat' dir='ltr'><strong>Pecca-</strong></span> 
     </span>
    </p>
   </div>
   <div class='ocr_carea' id='block_1_16' title="bbox 518 1532 2109 1605">
    <p class='ocr_par' dir='ltr' id='par_1_16' title="bbox 518 1532 2109 1605">
     <span class='ocr_line' id='line_1_16' title="bbox 518 1532 2109 1605; baseline -0.004 -12"><span class='ocrx_word' id='word_1_113' title='bbox 518 1547 668 1594; x_wconf 88' lang='lat' dir='ltr'><strong>tores</strong></span> <span class='ocrx_word' id='word_1_114' title='bbox 696 1534 976 1591; x_wconf 86' lang='lat' dir='ltr'><strong>Christum</strong></span> <span class='ocrx_word' id='word_1_115' title='bbox 1021 1534 1198 1605; x_wconf 85' lang='lat' dir='ltr'><strong>ignem</strong></span> <span class='ocrx_word' id='word_1_116' title='bbox 1243 1532 1461 1600; x_wconf 89' lang='lat' dir='ltr'><strong>vident,</strong></span> <span class='ocrx_word' id='word_1_117' title='bbox 1501 1532 1634 1603; x_wconf 85' lang='lat' dir='ltr'><strong>justi</strong></span> <span class='ocrx_word' id='word_1_118' title='bbox 1663 1532 1832 1588; x_wconf 91' lang='lat' dir='ltr'><strong>solem</strong></span> <span class='ocrx_word' id='word_1_119' title='bbox 1860 1533 2109 1602; x_wconf 70' lang='lat' dir='ltr'><strong>justitiaz.</strong></span> 
     </span>
    </p>
   </div>
   <div class='ocr_carea' id='block_1_17' title="bbox 516 1625 2111 1696">
    <p class='ocr_par' dir='ltr' id='par_1_17' title="bbox 516 1625 2111 1696">
     <span class='ocr_line' id='line_1_17' title="bbox 516 1625 2111 1696; baseline -0.005 -9"><span class='ocrx_word' id='word_1_120' title='bbox 516 1629 690 1687; x_wconf 80' lang='lat' dir='ltr'><strong>Aliter</strong></span> <span class='ocrx_word' id='word_1_121' title='bbox 716 1646 728 1682; x_wconf 89' lang='lat'><strong>:</strong></span> <span class='ocrx_word' id='word_1_122' title='bbox 758 1628 858 1696; x_wconf 88' lang='lat' dir='ltr'><strong>Qui</strong></span> <span class='ocrx_word' id='word_1_123' title='bbox 893 1626 1420 1683; x_wconf 80' lang='lat' dir='ltr'><strong>comminationibus</strong></span> <span class='ocrx_word' id='word_1_124' title='bbox 1449 1625 1852 1696; x_wconf 90' lang='lat' dir='ltr'><strong>Scripturarum</strong></span> <span class='ocrx_word' id='word_1_125' title='bbox 1887 1627 2111 1681; x_wconf 90' lang='lat' dir='ltr'><strong>territus</strong></span> 
     </span>
    </p>
   </div>
   <div class='ocr_carea' id='block_1_18' title="bbox 521 1717 2108 1791">
    <p class='ocr_par' dir='ltr' id='par_1_18' title="bbox 521 1717 2108 1791">
     <span class='ocr_line' id='line_1_18' title="bbox 521 1717 2108 1791; baseline -0.003 -15"><span class='ocrx_word' id='word_1_126' title='bbox 521 1722 630 1790; x_wconf 84' lang='lat' dir='ltr'><strong>agit</strong></span> <span class='ocrx_word' id='word_1_127' title='bbox 662 1719 1066 1791; x_wconf 63' lang='lat' dir='ltr'><strong>paenitentiam,</strong></span> <span class='ocrx_word' id='word_1_128' title='bbox 1100 1718 1226 1774; x_wconf 91' lang='lat' dir='ltr'><strong>huic</strong></span> <span class='ocrx_word' id='word_1_129' title='bbox 1256 1733 1354 1790; x_wconf 89' lang='lat' dir='ltr'><strong>per</strong></span> <span class='ocrx_word' id='word_1_130' title='bbox 1399 1717 1579 1789; x_wconf 80' lang='lat' dir='ltr'><strong>ignem</strong></span> <span class='ocrx_word' id='word_1_131' title='bbox 1607 1717 1998 1788; x_wconf 87' lang='lat' dir='ltr'><strong>suppliciorum</strong></span> <span class='ocrx_word' id='word_1_132' title='bbox 2029 1717 2108 1772; x_wconf 91' lang='lat' dir='ltr'><strong>sol</strong></span> 
     </span>
    </p>
   </div>
   <div class='ocr_carea' id='block_1_19' title="bbox 518 1793 1553 1869">
    <p class='ocr_par' dir='ltr' id='par_1_19' title="bbox 518 1793 1553 1869">
     <span class='ocr_line' id='line_1_19' title="bbox 518 1793 1553 1869; baseline -0.001 -1"><span class='ocrx_word' id='word_1_133' title='bbox 518 1828 682 1869; x_wconf 88' lang='lat' dir='ltr'><strong>verus</strong></span> <span class='ocrx_word' id='word_1_134' title='bbox 708 1813 1035 1868; x_wconf 90' lang='lat' dir='ltr'><strong>ostenditur.</strong></span> <span class='ocrx_word' id='word_1_135' title='bbox 1545 1793 1553 1799; x_wconf 32' lang='lat' dir='ltr'><strong>l</strong></span> 
     </span>
    </p>
   </div>
   <div class='ocr_carea' id='block_1_20' title="bbox 592 1905 2111 1980">
    <p class='ocr_par' dir='ltr' id='par_1_20' title="bbox 592 1905 2111 1980">
     <span class='ocr_line' id='line_1_20' title="bbox 592 1905 2111 1980; baseline 0 -19"><span class='ocrx_word' id='word_1_136' title='bbox 592 1909 880 1976; x_wconf 79' lang='lat' dir='ltr'><strong>Antequam</strong></span> <span class='ocrx_word' id='word_1_137' title='bbox 909 1905 1200 1980; x_wconf 80' lang='lat' dir='ltr'><strong>intelligant</strong></span> <span class='ocrx_word' id='word_1_138' title='bbox 1228 1906 1390 1979; x_wconf 73' lang='lat' dir='ltr'><strong>spina:</strong></span> <span class='ocrx_word' id='word_1_139' title='bbox 1418 1916 1598 1961; x_wconf 77' lang='lat' dir='ltr'><strong>vestra:</strong></span> <span class='ocrx_word' id='word_1_140' title='bbox 1625 1906 1921 1961; x_wconf 82' lang='lat' dir='ltr'><strong>rhamnunt.</strong></span> <span class='ocrx_word' id='word_1_141' title='bbox 1948 1905 2111 1974; x_wconf 86' lang='lat' dir='ltr'><strong>Quasi</strong></span> 
     </span>
    </p>
   </div>
   <div class='ocr_carea' id='block_1_21' title="bbox 523 1999 2112 2071">
    <p class='ocr_par' dir='ltr' id='par_1_21' title="bbox 523 1999 2112 2071">
     <span class='ocr_line' id='line_1_21' title="bbox 523 1999 2112 2071; baseline 0 -17"><span class='ocrx_word' id='word_1_142' title='bbox 523 1999 702 2068; x_wconf 88' lang='lat' dir='ltr'><strong>vivos,</strong></span> <span class='ocrx_word' id='word_1_143' title='bbox 724 2000 882 2071; x_wconf 85' lang='lat' dir='ltr'><strong>quasi</strong></span> <span class='ocrx_word' id='word_1_144' title='bbox 915 2000 966 2054; x_wconf 92' lang='lat' dir='ltr'><strong>in</strong></span> <span class='ocrx_word' id='word_1_145' title='bbox 993 2000 1070 2055; x_wconf 89' lang='lat' dir='ltr'><strong>ira</strong></span> <span class='ocrx_word' id='word_1_146' title='bbox 1101 2000 1364 2056; x_wconf 86' lang='lat' dir='ltr'><strong>absorbet</strong></span> <span class='ocrx_word' id='word_1_147' title='bbox 1393 2014 1510 2056; x_wconf 92' lang='lat' dir='ltr'><strong>eos.</strong></span> <span class='ocrx_word' id='word_1_148' title='bbox 1554 2000 1857 2070; x_wconf 87' lang='lat' dir='ltr'><strong>Antequam</strong></span> <span class='ocrx_word' id='word_1_149' title='bbox 1891 2011 2112 2070; x_wconf 90' lang='lat' dir='ltr'><strong>peccata</strong></span> 
     </span>
    </p>
   </div>
   <div class='ocr_carea' id='block_1_22' title="bbox 523 2093 2110 2165">
    <p class='ocr_par' dir='ltr' id='par_1_22' title="bbox 523 2093 2110 2165">
     <span class='ocr_line' id='line_1_22' title="bbox 523 2093 2110 2165; baseline 0 -16"><span class='ocrx_word' id='word_1_150' title='bbox 523 2103 711 2150; x_wconf 88' lang='lat' dir='ltr'><strong>vestra</strong></span> <span class='ocrx_word' id='word_1_151' title='bbox 741 2094 809 2149; x_wconf 91' lang='lat' dir='ltr'><strong>ad</strong></span> <span class='ocrx_word' id='word_1_152' title='bbox 838 2093 999 2149; x_wconf 87' lang='lat' dir='ltr'><strong>finem</strong></span> <span class='ocrx_word' id='word_1_153' title='bbox 1043 2109 1212 2165; x_wconf 89' lang='lat' dir='ltr'><strong>usque</strong></span> <span class='ocrx_word' id='word_1_154' title='bbox 1256 2095 1604 2165; x_wconf 79' lang='lat' dir='ltr'><strong>perveniant,</strong></span> <span class='ocrx_word' id='word_1_155' title='bbox 1633 2103 1689 2149; x_wconf 90' lang='lat' dir='ltr'><strong>et</strong></span> <span class='ocrx_word' id='word_1_156' title='bbox 1717 2094 2110 2165; x_wconf 80' lang='lat' dir='ltr'><strong>cogitationum</strong></span> 
     </span>
    </p>
   </div>
   <div class='ocr_carea' id='block_1_23' title="bbox 517 2186 2112 2258">
    <p class='ocr_par' dir='ltr' id='par_1_23' title="bbox 517 2186 2112 2258">
     <span class='ocr_line' id='line_1_23' title="bbox 517 2186 2112 2258; baseline -0.001 -16"><span class='ocrx_word' id='word_1_157' title='bbox 517 2188 694 2258; x_wconf 71' lang='lat' dir='ltr'><strong>Spina:</strong></span> <span class='ocrx_word' id='word_1_158' title='bbox 733 2187 788 2242; x_wconf 93' lang='lat' dir='ltr'><strong>in</strong></span> <span class='ocrx_word' id='word_1_159' title='bbox 817 2187 1069 2242; x_wconf 89' lang='lat' dir='ltr'><strong>arborem</strong></span> <span class='ocrx_word' id='word_1_160' title='bbox 1103 2186 1368 2242; x_wconf 90' lang='lat' dir='ltr'><strong>ebulliant</strong></span> <span class='ocrx_word' id='word_1_161' title='bbox 1395 2195 1743 2256; x_wconf 82' lang='lat' dir='ltr'><strong>peccatorum</strong></span> <span class='ocrx_word' id='word_1_162' title='bbox 1781 2203 1794 2240; x_wconf 88' lang='lat'><strong>:</strong></span> <span class='ocrx_word' id='word_1_163' title='bbox 1836 2188 1976 2241; x_wconf 81' lang='lat' dir='ltr'><strong>Deus</strong></span> <span class='ocrx_word' id='word_1_164' title='bbox 2015 2201 2112 2241; x_wconf 87' lang='lat' dir='ltr'><strong>vos</strong></span> 
     </span>
    </p>
   </div>
   <div class='ocr_carea' id='block_1_24' title="bbox 515 2278 2114 2353">
    <p class='ocr_par' dir='ltr' id='par_1_24' title="bbox 515 2278 2114 2353">
     <span class='ocr_line' id='line_1_24' title="bbox 515 2278 2114 2353; baseline -0.002 -13"><span class='ocrx_word' id='word_1_165' title='bbox 515 2282 778 2353; x_wconf 83' lang='lat' dir='ltr'><strong>corripiet</strong></span> <span class='ocrx_word' id='word_1_166' title='bbox 799 2295 906 2336; x_wconf 92' lang='lat' dir='ltr'><strong>non</strong></span> <span class='ocrx_word' id='word_1_167' title='bbox 934 2281 1128 2346; x_wconf 90' lang='lat' dir='ltr'><strong>iratus,</strong></span> <span class='ocrx_word' id='word_1_168' title='bbox 1151 2279 1245 2336; x_wconf 91' lang='lat' dir='ltr'><strong>sed</strong></span> <span class='ocrx_word' id='word_1_169' title='bbox 1270 2279 1422 2350; x_wconf 89' lang='lat' dir='ltr'><strong>quasi</strong></span> <span class='ocrx_word' id='word_1_170' title='bbox 1457 2280 1646 2334; x_wconf 91' lang='lat' dir='ltr'><strong>iratus.</strong></span> <span class='ocrx_word' id='word_1_171' title='bbox 1670 2278 1787 2335; x_wconf 85' lang='lat' dir='ltr'><strong>Non</strong></span> <span class='ocrx_word' id='word_1_172' title='bbox 1811 2286 1895 2334; x_wconf 90' lang='lat' dir='ltr'><strong>est</strong></span> <span class='ocrx_word' id='word_1_173' title='bbox 1915 2279 2114 2350; x_wconf 80' lang='lat' dir='ltr'><strong>quippe</strong></span> 
     </span>
    </p>
   </div>
   <div class='ocr_carea' id='block_1_25' title="bbox 517 2371 2112 2442">
    <p class='ocr_par' dir='ltr' id='par_1_25' title="bbox 517 2371 2112 2442">
     <span class='ocr_line' id='line_1_25' title="bbox 517 2371 2112 2442; baseline -0.002 -11"><span class='ocrx_word' id='word_1_174' title='bbox 517 2374 612 2433; x_wconf 88' lang='lat' dir='ltr'><strong>Dei</strong></span> <span class='ocrx_word' id='word_1_175' title='bbox 644 2377 744 2439; x_wconf 90' lang='lat' dir='ltr'><strong>ira,</strong></span> <span class='ocrx_word' id='word_1_176' title='bbox 777 2373 872 2428; x_wconf 88' lang='lat' dir='ltr'><strong>sed</strong></span> <span class='ocrx_word' id='word_1_177' title='bbox 896 2372 1226 2439; x_wconf 87' lang='lat' dir='ltr'><strong>emendatio,</strong></span> <span class='ocrx_word' id='word_1_178' title='bbox 1261 2381 1317 2427; x_wconf 92' lang='lat' dir='ltr'><strong>et</strong></span> <span class='ocrx_word' id='word_1_179' title='bbox 1343 2371 1609 2442; x_wconf 90' lang='lat' dir='ltr'><strong>corripiet</strong></span> <span class='ocrx_word' id='word_1_180' title='bbox 1653 2387 1750 2427; x_wconf 86' lang='lat' dir='ltr'><strong>vos</strong></span> <span class='ocrx_word' id='word_1_181' title='bbox 1791 2387 1896 2428; x_wconf 90' lang='lat' dir='ltr'><strong>non</strong></span> <span class='ocrx_word' id='word_1_182' title='bbox 1940 2384 1997 2428; x_wconf 91' lang='lat' dir='ltr'><strong>ut</strong></span> <span class='ocrx_word' id='word_1_183' title='bbox 2029 2375 2112 2428; x_wconf 87' lang='lat' dir='ltr'><strong>vi-</strong></span> 
     </span>
    </p>
   </div>
   <div class='ocr_carea' id='block_1_26' title="bbox 517 2463 2114 2535">
    <p class='ocr_par' dir='ltr' id='par_1_26' title="bbox 517 2463 2114 2535">
     <span class='ocr_line' id='line_1_26' title="bbox 517 2463 2114 2535; baseline -0.001 -13"><span class='ocrx_word' id='word_1_184' title='bbox 517 2480 638 2532; x_wconf 89' lang='lat' dir='ltr'><strong>vos,</strong></span> <span class='ocrx_word' id='word_1_185' title='bbox 671 2465 768 2520; x_wconf 89' lang='lat' dir='ltr'><strong>sed</strong></span> <span class='ocrx_word' id='word_1_186' title='bbox 801 2463 954 2535; x_wconf 88' lang='lat' dir='ltr'><strong>quasi</strong></span> <span class='ocrx_word' id='word_1_187' title='bbox 995 2463 1172 2519; x_wconf 88' lang='lat' dir='ltr'><strong>vivos.</strong></span> <span class='ocrx_word' id='word_1_188' title='bbox 1211 2463 1314 2533; x_wconf 86' lang='lat' dir='ltr'><strong>Qui</strong></span> <span class='ocrx_word' id='word_1_189' title='bbox 1342 2464 1485 2519; x_wconf 90' lang='lat' dir='ltr'><strong>enim</strong></span> <span class='ocrx_word' id='word_1_190' title='bbox 1518 2465 1703 2534; x_wconf 79' lang='lat' dir='ltr'><strong>Spinas</strong></span> <span class='ocrx_word' id='word_1_191' title='bbox 1748 2464 1950 2520; x_wconf 89' lang='lat' dir='ltr'><strong>habent</strong></span> <span class='ocrx_word' id='word_1_192' title='bbox 1977 2465 2114 2521; x_wconf 86' lang='lat' dir='ltr'><strong>deli-</strong></span> 
     </span>
    </p>
   </div>
   <div class='ocr_carea' id='block_1_27' title="bbox 518 2557 2114 2631">
    <p class='ocr_par' dir='ltr' id='par_1_27' title="bbox 518 2557 2114 2631">
     <span class='ocr_line' id='line_1_27' title="bbox 518 2557 2114 2631; baseline 0 -16"><span class='ocrx_word' id='word_1_193' title='bbox 518 2567 754 2621; x_wconf 88' lang='lat' dir='ltr'><strong>ctorum.</strong></span> <span class='ocrx_word' id='word_1_194' title='bbox 791 2557 896 2612; x_wconf 89' lang='lat' dir='ltr'><strong>vivi</strong></span> <span class='ocrx_word' id='word_1_195' title='bbox 927 2573 1032 2612; x_wconf 92' lang='lat' dir='ltr'><strong>non</strong></span> <span class='ocrx_word' id='word_1_196' title='bbox 1064 2566 1345 2613; x_wconf 86' lang='lat' dir='ltr'><strong>merentur</strong></span> <span class='ocrx_word' id='word_1_197' title='bbox 1374 2559 1576 2614; x_wconf 90' lang='lat' dir='ltr'><strong>vocari.</strong></span> <span class='ocrx_word' id='word_1_198' title='bbox 1606 2559 1921 2631; x_wconf 85' lang='lat' dir='ltr'><strong>Priusquam</strong></span> <span class='ocrx_word' id='word_1_199' title='bbox 1953 2560 2114 2616; x_wconf 88' lang='lat' dir='ltr'><strong>intel-</strong></span> 
     </span>
    </p>
   </div>
   <div class='ocr_carea' id='block_1_28' title="bbox 519 2650 2110 2726">
    <p class='ocr_par' dir='ltr' id='par_1_28' title="bbox 519 2650 2110 2726">
     <span class='ocr_line' id='line_1_28' title="bbox 519 2650 2110 2726; baseline 0.001 -18"><span class='ocrx_word' id='word_1_200' title='bbox 519 2650 755 2721; x_wconf 88' lang='lat' dir='ltr'><strong>ligerent</strong></span> <span class='ocrx_word' id='word_1_201' title='bbox 788 2650 960 2722; x_wconf 67' lang='lat' dir='ltr'><strong>spina:</strong></span> <span class='ocrx_word' id='word_1_202' title='bbox 1002 2658 1199 2706; x_wconf 65' lang='lat' dir='ltr'><strong>vestrae</strong></span> <span class='ocrx_word' id='word_1_203' title='bbox 1250 2650 1538 2707; x_wconf 90' lang='lat' dir='ltr'><strong>rltamnum</strong></span> <span class='ocrx_word' id='word_1_204' title='bbox 1561 2693 1574 2713; x_wconf 90' lang='lat'><strong>.</strong></span> <span class='ocrx_word' id='word_1_205' title='bbox 1609 2652 1724 2707; x_wconf 76' lang='lat' dir='ltr'><strong>hrec</strong></span> <span class='ocrx_word' id='word_1_206' title='bbox 1755 2651 1821 2707; x_wconf 89' lang='lat' dir='ltr'><strong>ad</strong></span> <span class='ocrx_word' id='word_1_207' title='bbox 1853 2653 2110 2726; x_wconf 89' lang='lat' dir='ltr'><strong>p0pulum</strong></span> 
     </span>
    </p>
   </div>
   <div class='ocr_carea' id='block_1_29' title="bbox 517 2743 2113 2818">
    <p class='ocr_par' dir='ltr' id='par_1_29' title="bbox 517 2743 2113 2818">
     <span class='ocr_line' id='line_1_29' title="bbox 517 2743 2113 2818; baseline 0.005 -20"><span class='ocrx_word' id='word_1_208' title='bbox 517 2753 834 2815; x_wconf 87' lang='lat' dir='ltr'><strong>peccantem</strong></span> <span class='ocrx_word' id='word_1_209' title='bbox 866 2743 1110 2815; x_wconf 88' lang='lat' dir='ltr'><strong>loquitur</strong></span> <span class='ocrx_word' id='word_1_210' title='bbox 1153 2762 1168 2799; x_wconf 89' lang='lat'><strong>:</strong></span> <span class='ocrx_word' id='word_1_211' title='bbox 1212 2744 1488 2800; x_wconf 78' lang='lat' dir='ltr'><strong>Rhamnus</strong></span> <span class='ocrx_word' id='word_1_212' title='bbox 1527 2748 1765 2802; x_wconf 91' lang='lat' dir='ltr'><strong>sentium</strong></span> <span class='ocrx_word' id='word_1_213' title='bbox 1816 2764 1986 2818; x_wconf 85' lang='lat' dir='ltr'><strong>genus</strong></span> <span class='ocrx_word' id='word_1_214' title='bbox 2029 2760 2113 2806; x_wconf 91' lang='lat' dir='ltr'><strong>est</strong></span> 
     </span>
    </p>
   </div>
   <div class='ocr_carea' id='block_1_30' title="bbox 518 2838 2112 2909">
    <p class='ocr_par' dir='ltr' id='par_1_30' title="bbox 518 2838 2112 2909">
     <span class='ocr_line' id='line_1_30' title="bbox 518 2838 2112 2909; baseline 0.001 -12"><span class='ocrx_word' id='word_1_215' title='bbox 518 2839 882 2908; x_wconf 72' lang='lat' dir='ltr'><strong>aSperrimum</strong></span> <span class='ocrx_word' id='word_1_216' title='bbox 913 2839 1141 2904; x_wconf 90' lang='lat' dir='ltr'><strong>aculeis,</strong></span> <span class='ocrx_word' id='word_1_217' title='bbox 1173 2849 1228 2894; x_wconf 93' lang='lat' dir='ltr'><strong>et</strong></span> <span class='ocrx_word' id='word_1_218' title='bbox 1248 2838 1385 2894; x_wconf 82' lang='lat' dir='ltr'><strong>ﬂore</strong></span> <span class='ocrx_word' id='word_1_219' title='bbox 1415 2839 1800 2909; x_wconf 86' lang='lat' dir='ltr'><strong>gratissimum.</strong></span> <span class='ocrx_word' id='word_1_220' title='bbox 1836 2841 1988 2897; x_wconf 88' lang='lat' dir='ltr'><strong>Unde</strong></span> <span class='ocrx_word' id='word_1_221' title='bbox 2031 2843 2112 2898; x_wconf 89' lang='lat' dir='ltr'><strong>in-</strong></span> 
     </span>
    </p>
   </div>
   <div class='ocr_carea' id='block_1_31' title="bbox 520 2931 2111 3002">
    <p class='ocr_par' dir='ltr' id='par_1_31' title="bbox 520 2931 2111 3002">
     <span class='ocr_line' id='line_1_31' title="bbox 520 2931 2111 3002; baseline -0.001 -16"><span class='ocrx_word' id='word_1_222' title='bbox 520 2931 787 3001; x_wconf 87' lang='lat' dir='ltr'><strong>telligitur</strong></span> <span class='ocrx_word' id='word_1_223' title='bbox 817 2931 1035 3002; x_wconf 86' lang='lat' dir='ltr'><strong>duplam</strong></span> <span class='ocrx_word' id='word_1_224' title='bbox 1077 2931 1281 2987; x_wconf 88' lang='lat' dir='ltr'><strong>habere</strong></span> <span class='ocrx_word' id='word_1_225' title='bbox 1319 2932 1573 2988; x_wconf 88' lang='lat' dir='ltr'><strong>virtutem</strong></span> <span class='ocrx_word' id='word_1_226' title='bbox 1605 2954 1618 2985; x_wconf 89' lang='lat'><strong>:</strong></span> <span class='ocrx_word' id='word_1_227' title='bbox 1655 2932 1879 2989; x_wconf 84' lang='lat' dir='ltr'><strong>ultionis</strong></span> <span class='ocrx_word' id='word_1_228' title='bbox 1922 2943 1974 2990; x_wconf 88' lang='lat' dir='ltr'><strong>et</strong></span> <span class='ocrx_word' id='word_1_229' title='bbox 2015 2935 2111 2990; x_wconf 85' lang='lat' dir='ltr'><strong>bo-</strong></span> 
     </span>
    </p>
   </div>
   <div class='ocr_carea' id='block_1_32' title="bbox 516 3024 2105 3096">
    <p class='ocr_par' dir='ltr' id='par_1_32' title="bbox 516 3024 2105 3096">
     <span class='ocr_line' id='line_1_32' title="bbox 516 3024 2105 3096; baseline -0.001 -15"><span class='ocrx_word' id='word_1_230' title='bbox 516 3039 711 3081; x_wconf 90' lang='lat' dir='ltr'><strong>norum</strong></span> <span class='ocrx_word' id='word_1_231' title='bbox 736 3024 1150 3080; x_wconf 89' lang='lat' dir='ltr'><strong>retributionis:</strong></span> <span class='ocrx_word' id='word_1_232' title='bbox 1180 3024 1231 3080; x_wconf 88' lang='lat' dir='ltr'><strong>id</strong></span> <span class='ocrx_word' id='word_1_233' title='bbox 1259 3035 1363 3095; x_wconf 89' lang='lat' dir='ltr'><strong>est,</strong></span> <span class='ocrx_word' id='word_1_234' title='bbox 1385 3025 1549 3096; x_wconf 91' lang='lat' dir='ltr'><strong>justis</strong></span> <span class='ocrx_word' id='word_1_235' title='bbox 1570 3026 1728 3081; x_wconf 83' lang='lat' dir='ltr'><strong>ﬂoret</strong></span> <span class='ocrx_word' id='word_1_236' title='bbox 1747 3026 1812 3082; x_wconf 87' lang='lat' dir='ltr'><strong>ad</strong></span> <span class='ocrx_word' id='word_1_237' title='bbox 1831 3036 2105 3095; x_wconf 85' lang='lat' dir='ltr'><strong>ornatum,</strong></span> 
     </span>
    </p>
   </div>
   <div class='ocr_carea' id='block_1_33' title="bbox 518 3120 2007 3195">
    <p class='ocr_par' dir='ltr' id='par_1_33' title="bbox 518 3120 2007 3195">
     <span class='ocr_line' id='line_1_33' title="bbox 518 3120 2007 3195; baseline 0 -18"><span class='ocrx_word' id='word_1_238' title='bbox 518 3120 894 3192; x_wconf 86' lang='lat' dir='ltr'><strong>peccatoribus</strong></span> <span class='ocrx_word' id='word_1_239' title='bbox 921 3120 1130 3192; x_wconf 73' lang='lat' dir='ltr'><strong>prmbet</strong></span> <span class='ocrx_word' id='word_1_240' title='bbox 1159 3122 1348 3191; x_wconf 88' lang='lat' dir='ltr'><strong>spinas</strong></span> <span class='ocrx_word' id='word_1_241' title='bbox 1389 3122 1454 3177; x_wconf 89' lang='lat' dir='ltr'><strong>ad</strong></span> <span class='ocrx_word' id='word_1_242' title='bbox 1482 3131 1505 3158; x_wconf 75' lang='grc' dir='ltr'>α</span> <span class='ocrx_word' id='word_1_243' title='bbox 1528 3122 2007 3195; x_wconf 80' lang='lat' dir='ltr'><strong>confringendum.</strong></span> 
     </span>
    </p>
   </div>
   <div class='ocr_carea' id='block_1_34' title="bbox 589 3184 2181 3278">
    <p class='ocr_par' dir='ltr' id='par_1_34' title="bbox 589 3184 2181 3278">
     <span class='ocr_line' id='line_1_34' title="bbox 589 3184 2181 3278; baseline 0.003 -12"><span class='ocrx_word' id='word_1_244' title='bbox 589 3213 736 3266; x_wconf 82' lang='lat' dir='ltr'><strong>Sicut</strong></span> <span class='ocrx_word' id='word_1_245' title='bbox 757 3213 995 3278; x_wconf 85' lang='lat' dir='ltr'><strong>viventes,</strong></span> <span class='ocrx_word' id='word_1_246' title='bbox 1027 3215 1157 3269; x_wconf 89' lang='lat' dir='ltr'><strong>sicut</strong></span> <span class='ocrx_word' id='word_1_247' title='bbox 1208 3215 1260 3268; x_wconf 90' lang='lat' dir='ltr'><strong>in</strong></span> <span class='ocrx_word' id='word_1_248' title='bbox 1304 3216 1382 3268; x_wconf 90' lang='lat' dir='ltr'><strong>ira</strong></span> <span class='ocrx_word' id='word_1_249' title='bbox 1427 3215 1666 3269; x_wconf 84' lang='lat' dir='ltr'><strong>absorbet</strong></span> <span class='ocrx_word' id='word_1_250' title='bbox 1695 3233 1802 3272; x_wconf 89' lang='lat' dir='ltr'><strong>eos.</strong></span> <span class='ocrx_word' id='word_1_251' title='bbox 1833 3215 2106 3272; x_wconf 80' lang='lat' dir='ltr'><strong>Velociter</strong></span> <span class='ocrx_word' id='word_1_252' title='bbox 2136 3184 2181 3248; x_wconf 71' lang='grc' dir='ltr'>Ο</span> 
     </span>
    </p>
   </div>
   <div class='ocr_carea' id='block_1_35' title="bbox 515 3305 2106 3378">
    <p class='ocr_par' dir='ltr' id='par_1_35' title="bbox 515 3305 2106 3378">
     <span class='ocr_line' id='line_1_35' title="bbox 515 3305 2106 3378; baseline 0.003 -18"><span class='ocrx_word' id='word_1_253' title='bbox 515 3319 610 3360; x_wconf 90' lang='lat' dir='ltr'><strong>eos</strong></span> <span class='ocrx_word' id='word_1_254' title='bbox 647 3305 908 3362; x_wconf 91' lang='lat' dir='ltr'><strong>absorbet</strong></span> <span class='ocrx_word' id='word_1_255' title='bbox 938 3321 1091 3376; x_wconf 67' lang='lat' dir='ltr'><strong>paena</strong></span> <span class='ocrx_word' id='word_1_256' title='bbox 1119 3346 1136 3372; x_wconf 94' lang='lat'><strong>,</strong></span> <span class='ocrx_word' id='word_1_257' title='bbox 1176 3307 1302 3378; x_wconf 90' lang='lat' dir='ltr'><strong>quia</strong></span> <span class='ocrx_word' id='word_1_258' title='bbox 1341 3308 1430 3378; x_wconf 91' lang='lat' dir='ltr'><strong>qui</strong></span> <span class='ocrx_word' id='word_1_259' title='bbox 1480 3323 1588 3363; x_wconf 92' lang='lat' dir='ltr'><strong>non</strong></span> <span class='ocrx_word' id='word_1_260' title='bbox 1634 3308 1966 3376; x_wconf 81' lang='lat' dir='ltr'><strong>crediderit,</strong></span> <span class='ocrx_word' id='word_1_261' title='bbox 1998 3310 2106 3378; x_wconf 75' lang='lat' dir='ltr'><strong>jam</strong></span> 
     </span>
    </p>
   </div>
   <div class='ocr_carea' id='block_1_36' title="bbox 509 3397 2110 3472">
    <p class='ocr_par' dir='ltr' id='par_1_36' title="bbox 509 3397 2110 3472">
     <span class='ocr_line' id='line_1_36' title="bbox 509 3397 2110 3472; baseline 0.004 -22"><span class='ocrx_word' id='word_1_262' title='bbox 509 3397 788 3469; x_wconf 84' lang='lat' dir='ltr'><strong>judicatus</strong></span> <span class='ocrx_word' id='word_1_263' title='bbox 816 3408 901 3454; x_wconf 91' lang='lat' dir='ltr'><strong>est</strong></span> <span class='ocrx_word' id='word_1_264' title='bbox 929 3397 1112 3471; x_wconf 82' lang='lat' dir='ltr'><strong>(Joan.</strong></span> <span class='ocrx_word' id='word_1_265' title='bbox 1149 3400 1254 3470; x_wconf 88' lang='lat' dir='ltr'><strong>ut).</strong></span> <span class='ocrx_word' id='word_1_266' title='bbox 1295 3398 1554 3469; x_wconf 78' lang='lat' dir='ltr'><strong>Viventes,</strong></span> <span class='ocrx_word' id='word_1_267' title='bbox 1593 3400 1644 3455; x_wconf 91' lang='lat' dir='ltr'><strong>id</strong></span> <span class='ocrx_word' id='word_1_268' title='bbox 1690 3409 1795 3465; x_wconf 82' lang='lat' dir='ltr'><strong>est,</strong></span> <span class='ocrx_word' id='word_1_269' title='bbox 1837 3403 2110 3472; x_wconf 84' lang='lat' dir='ltr'><strong>sapientes</strong></span> 
     </span>
    </p>
   </div>
   <div class='ocr_carea' id='block_1_37' title="bbox 517 3493 2108 3567">
    <p class='ocr_par' dir='ltr' id='par_1_37' title="bbox 517 3493 2108 3567">
     <span class='ocr_line' id='line_1_37' title="bbox 517 3493 2108 3567; baseline 0.002 -19"><span class='ocrx_word' id='word_1_270' title='bbox 517 3493 702 3548; x_wconf 90' lang='lat' dir='ltr'><strong>mundi</strong></span> <span class='ocrx_word' id='word_1_271' title='bbox 734 3494 825 3563; x_wconf 91' lang='lat' dir='ltr'><strong>qui</strong></span> <span class='ocrx_word' id='word_1_272' title='bbox 858 3507 957 3564; x_wconf 90' lang='lat' dir='ltr'><strong>per</strong></span> <span class='ocrx_word' id='word_1_273' title='bbox 989 3493 1204 3549; x_wconf 89' lang='lat' dir='ltr'><strong>illorum</strong></span> <span class='ocrx_word' id='word_1_274' title='bbox 1233 3494 1558 3564; x_wconf 87' lang='lat' dir='ltr'><strong>sapientiam</strong></span> <span class='ocrx_word' id='word_1_275' title='bbox 1591 3504 1780 3564; x_wconf 90' lang='lat' dir='ltr'><strong>putant</strong></span> <span class='ocrx_word' id='word_1_276' title='bbox 1821 3510 1880 3550; x_wconf 90' lang='lat' dir='ltr'><strong>se</strong></span> <span class='ocrx_word' id='word_1_277' title='bbox 1907 3537 1921 3561; x_wconf 90' lang='lat'><strong>,</strong></span> <span class='ocrx_word' id='word_1_278' title='bbox 1953 3497 2108 3567; x_wconf 89' lang='lat' dir='ltr'><strong>quasi</strong></span> 
     </span>
    </p>
   </div>
   <div class='ocr_carea' id='block_1_38' title="bbox 516 3585 2106 3657">
    <p class='ocr_par' dir='ltr' id='par_1_38' title="bbox 516 3585 2106 3657">
     <span class='ocr_line' id='line_1_38' title="bbox 516 3585 2106 3657; baseline 0.005 -19"><span class='ocrx_word' id='word_1_279' title='bbox 516 3586 763 3640; x_wconf 82' lang='lat' dir='ltr'><strong>viventes</strong></span> <span class='ocrx_word' id='word_1_280' title='bbox 792 3585 920 3640; x_wconf 91' lang='lat' dir='ltr'><strong>sint.</strong></span> <span class='ocrx_word' id='word_1_281' title='bbox 954 3585 1060 3641; x_wconf 88' lang='lat' dir='ltr'><strong>Sed</strong></span> <span class='ocrx_word' id='word_1_282' title='bbox 1099 3585 1362 3657; x_wconf 88' lang='lat' dir='ltr'><strong>sapientia</strong></span> <span class='ocrx_word' id='word_1_283' title='bbox 1396 3587 1558 3657; x_wconf 86' lang='lat' dir='ltr'><strong>hujus</strong></span> <span class='ocrx_word' id='word_1_284' title='bbox 1600 3587 1824 3653; x_wconf 92' lang='lat' dir='ltr'><strong>mundi,</strong></span> <span class='ocrx_word' id='word_1_285' title='bbox 1877 3589 2106 3646; x_wconf 89' lang='lat' dir='ltr'><strong>stultitia</strong></span> 
     </span>
    </p>
   </div>
   <div class='ocr_carea' id='block_1_39' title="bbox 517 3678 2109 3752">
    <p class='ocr_par' dir='ltr' id='par_1_39' title="bbox 517 3678 2109 3752">
     <span class='ocr_line' id='line_1_39' title="bbox 517 3678 2109 3752; baseline 0.003 -18"><span class='ocrx_word' id='word_1_286' title='bbox 517 3688 600 3734; x_wconf 90' lang='lat' dir='ltr'><strong>est</strong></span> <span class='ocrx_word' id='word_1_287' title='bbox 623 3678 766 3749; x_wconf 88' lang='lat' dir='ltr'><strong>apud</strong></span> <span class='ocrx_word' id='word_1_288' title='bbox 805 3679 996 3735; x_wconf 90' lang='lat' dir='ltr'><strong>Deum.</strong></span> <span class='ocrx_word' id='word_1_289' title='bbox 1027 3679 1133 3736; x_wconf 87' lang='lat' dir='ltr'><strong>Sed</strong></span> <span class='ocrx_word' id='word_1_290' title='bbox 1164 3680 1238 3734; x_wconf 92' lang='lat' dir='ltr'><strong>ira</strong></span> <span class='ocrx_word' id='word_1_291' title='bbox 1269 3679 1364 3736; x_wconf 90' lang='lat' dir='ltr'><strong>Dei</strong></span> <span class='ocrx_word' id='word_1_292' title='bbox 1393 3695 1552 3750; x_wconf 89' lang='lat' dir='ltr'><strong>quam</strong></span> <span class='ocrx_word' id='word_1_293' title='bbox 1581 3680 1736 3749; x_wconf 90' lang='lat' dir='ltr'><strong>dicit,</strong></span> <span class='ocrx_word' id='word_1_294' title='bbox 1759 3682 1903 3752; x_wconf 90' lang='lat' dir='ltr'><strong>justa</strong></span> <span class='ocrx_word' id='word_1_295' title='bbox 1934 3683 2109 3739; x_wconf 86' lang='lat' dir='ltr'><strong>vindi-</strong></span> 
     </span>
    </p>
   </div>
   <div class='ocr_carea' id='block_1_40' title="bbox 515 3783 732 3830">
    <p class='ocr_par' dir='ltr' id='par_1_40' title="bbox 515 3783 732 3830">
     <span class='ocr_line' id='line_1_40' title="bbox 515 3783 732 3830; baseline -0.009 -1"><span class='ocrx_word' id='word_1_296' title='bbox 515 3783 600 3829; x_wconf 89' lang='lat' dir='ltr'><strong>cta</strong></span> <span class='ocrx_word' id='word_1_297' title='bbox 627 3783 732 3830; x_wconf 90' lang='lat' dir='ltr'><strong>est.</strong></span> 
     </span>
    </p>
   </div>
   <div class='ocr_carea' id='block_1_41' title="bbox 589 3867 2105 3942">
    <p class='ocr_par' dir='ltr' id='par_1_41' title="bbox 589 3867 2105 3942">
     <span class='ocr_line' id='line_1_41' title="bbox 589 3867 2105 3942; baseline 0.005 -22"><span class='ocrx_word' id='word_1_298' title='bbox 589 3867 876 3922; x_wconf 67' lang='lat' dir='ltr'><strong>Laetabitur</strong></span> <span class='ocrx_word' id='word_1_299' title='bbox 896 3869 1076 3939; x_wconf 87' lang='lat' dir='ltr'><strong>justus</strong></span> <span class='ocrx_word' id='word_1_300' title='bbox 1097 3883 1215 3922; x_wconf 89' lang='lat' dir='ltr'><strong>cum</strong></span> <span class='ocrx_word' id='word_1_301' title='bbox 1236 3867 1418 3923; x_wconf 79' lang='lat' dir='ltr'><strong>viderit</strong></span> <span class='ocrx_word' id='word_1_302' title='bbox 1441 3869 1739 3923; x_wconf 71' lang='lat' dir='ltr'><strong>vindictam.</strong></span> <span class='ocrx_word' id='word_1_303' title='bbox 1765 3869 2060 3942; x_wconf 88' lang='lat' dir='ltr'><strong>lmpiorum</strong></span> <span class='ocrx_word' id='word_1_304' title='bbox 2092 3889 2105 3927; x_wconf 90' lang='lat'><strong>:</strong></span> 
     </span>
    </p>
   </div>
   <div class='ocr_carea' id='block_1_42' title="bbox 515 3957 2108 4030">
    <p class='ocr_par' dir='ltr' id='par_1_42' title="bbox 515 3957 2108 4030">
     <span class='ocr_line' id='line_1_42' title="bbox 515 3957 2108 4030; baseline 0.004 -20"><span class='ocrx_word' id='word_1_305' title='bbox 515 3958 639 4027; x_wconf 86' lang='lat' dir='ltr'><strong>quia</strong></span> <span class='ocrx_word' id='word_1_306' title='bbox 655 3957 873 4028; x_wconf 91' lang='lat' dir='ltr'><strong>quando</strong></span> <span class='ocrx_word' id='word_1_307' title='bbox 899 3958 974 4012; x_wconf 94' lang='lat' dir='ltr'><strong>illi</strong></span> <span class='ocrx_word' id='word_1_308' title='bbox 1007 3959 1329 4012; x_wconf 89' lang='lat' dir='ltr'><strong>damnantur</strong></span> <span class='ocrx_word' id='word_1_309' title='bbox 1355 3960 1406 4014; x_wconf 92' lang='lat' dir='ltr'><strong>in</strong></span> <span class='ocrx_word' id='word_1_310' title='bbox 1434 3960 1734 4030; x_wconf 73' lang='lat' dir='ltr'><strong>ptenis,isti</strong></span> <span class='ocrx_word' id='word_1_311' title='bbox 1761 3960 2108 4018; x_wconf 75' lang='lat' dir='ltr'><strong>lzetificautur</strong></span> 
     </span>
    </p>
   </div>
   <div class='ocr_carea' id='block_1_43' title="bbox 511 4046 2106 4124">
    <p class='ocr_par' dir='ltr' id='par_1_43' title="bbox 511 4046 2106 4124">
     <span class='ocr_line' id='line_1_43' title="bbox 511 4046 2106 4124; baseline 0.003 -21"><span class='ocrx_word' id='word_1_312' title='bbox 511 4049 572 4103; x_wconf 86' lang='lat' dir='ltr'><strong>in</strong></span> <span class='ocrx_word' id='word_1_313' title='bbox 599 4048 866 4118; x_wconf 70' lang='lat' dir='ltr'><strong>praemiis.</strong></span> <span class='ocrx_word' id='word_1_314' title='bbox 891 4046 1080 4102; x_wconf 82' lang='lat' dir='ltr'><strong>Manus</strong></span> <span class='ocrx_word' id='word_1_315' title='bbox 1106 4065 1230 4104; x_wconf 88' lang='lat' dir='ltr'><strong>suas</strong></span> <span class='ocrx_word' id='word_1_316' title='bbox 1259 4049 1450 4105; x_wconf 84' lang='lat' dir='ltr'><strong>lavabit</strong></span> <span class='ocrx_word' id='word_1_317' title='bbox 1491 4053 1542 4105; x_wconf 91' lang='lat' dir='ltr'><strong>in</strong></span> <span class='ocrx_word' id='word_1_318' title='bbox 1585 4054 1840 4124; x_wconf 87' lang='lat' dir='ltr'><strong>sanguine</strong></span> <span class='ocrx_word' id='word_1_319' title='bbox 1866 4064 2106 4124; x_wconf 79' lang='lat' dir='ltr'><strong>peccato-</strong></span> 
     </span>
    </p>
   </div>
   <div class='ocr_carea' id='block_1_44' title="bbox 517 4140 2107 4216">
    <p class='ocr_par' dir='ltr' id='par_1_44' title="bbox 517 4140 2107 4216">
     <span class='ocr_line' id='line_1_44' title="bbox 517 4140 2107 4216; baseline 0.004 -20"><span class='ocrx_word' id='word_1_320' title='bbox 517 4158 653 4196; x_wconf 88' lang='lat' dir='ltr'><strong>rum.</strong></span> <span class='ocrx_word' id='word_1_321' title='bbox 685 4141 822 4210; x_wconf 86' lang='lat' dir='ltr'><strong>Quia</strong></span> <span class='ocrx_word' id='word_1_322' title='bbox 851 4140 1091 4196; x_wconf 91' lang='lat' dir='ltr'><strong>difficilis</strong></span> <span class='ocrx_word' id='word_1_323' title='bbox 1123 4151 1207 4197; x_wconf 92' lang='lat' dir='ltr'><strong>est</strong></span> <span class='ocrx_word' id='word_1_324' title='bbox 1231 4143 1319 4197; x_wconf 90' lang='lat' dir='ltr'><strong>hic</strong></span> <span class='ocrx_word' id='word_1_325' title='bbox 1346 4145 1651 4200; x_wconf 83' lang='lat' dir='ltr'><strong>versiculus</strong></span> <span class='ocrx_word' id='word_1_326' title='bbox 1689 4146 1756 4200; x_wconf 92' lang='lat' dir='ltr'><strong>ad</strong></span> <span class='ocrx_word' id='word_1_327' title='bbox 1799 4147 2107 4216; x_wconf 83' lang='lat' dir='ltr'><strong>intelligen-</strong></span> 
     </span>
    </p>
   </div>
   <div class='ocr_carea' id='block_1_45' title="bbox 516 4234 2106 4306">
    <p class='ocr_par' dir='ltr' id='par_1_45' title="bbox 516 4234 2106 4306">
     <span class='ocr_line' id='line_1_45' title="bbox 516 4234 2106 4306; baseline 0.004 -16"><span class='ocrx_word' id='word_1_328' title='bbox 516 4234 644 4290; x_wconf 91' lang='lat' dir='ltr'><strong>dum</strong></span> <span class='ocrx_word' id='word_1_329' title='bbox 671 4253 684 4288; x_wconf 90' lang='lat'><strong>:</strong></span> <span class='ocrx_word' id='word_1_330' title='bbox 715 4236 832 4306; x_wconf 90' lang='lat' dir='ltr'><strong>ipsa</strong></span> <span class='ocrx_word' id='word_1_331' title='bbox 858 4235 1027 4290; x_wconf 89' lang='lat' dir='ltr'><strong>verba</strong></span> <span class='ocrx_word' id='word_1_332' title='bbox 1060 4250 1182 4306; x_wconf 85' lang='lat' dir='ltr'><strong>quae</strong></span> <span class='ocrx_word' id='word_1_333' title='bbox 1209 4237 1518 4293; x_wconf 89' lang='lat' dir='ltr'><strong>anteriores</strong></span> <span class='ocrx_word' id='word_1_334' title='bbox 1549 4244 1937 4306; x_wconf 88' lang='lat' dir='ltr'><strong>tractaverunt,</strong></span> <span class='ocrx_word' id='word_1_335' title='bbox 1970 4240 2106 4296; x_wconf 86' lang='lat' dir='ltr'><strong>edu-</strong></span> 
     </span>
    </p>
   </div>
   <div class='ocr_carea' id='block_1_46' title="bbox 518 4327 2107 4400">
    <p class='ocr_par' dir='ltr' id='par_1_46' title="bbox 518 4327 2107 4400">
     <span class='ocr_line' id='line_1_46' title="bbox 518 4327 2107 4400; baseline 0.003 -17"><span class='ocrx_word' id='word_1_336' title='bbox 518 4343 669 4394; x_wconf 88' lang='lat' dir='ltr'><strong>cam;</strong></span> <span class='ocrx_word' id='word_1_337' title='bbox 705 4327 940 4383; x_wconf 89' lang='lat' dir='ltr'><strong>llilarius</strong></span> <span class='ocrx_word' id='word_1_338' title='bbox 966 4328 1158 4384; x_wconf 89' lang='lat' dir='ltr'><strong>beatus</strong></span> <span class='ocrx_word' id='word_1_339' title='bbox 1187 4329 1418 4384; x_wconf 91' lang='lat' dir='ltr'><strong>antistes</strong></span> <span class='ocrx_word' id='word_1_340' title='bbox 1448 4339 1525 4397; x_wconf 93' lang='lat' dir='ltr'><strong>et,</strong></span> <span class='ocrx_word' id='word_1_341' title='bbox 1557 4339 1614 4386; x_wconf 92' lang='lat' dir='ltr'><strong>ut</strong></span> <span class='ocrx_word' id='word_1_342' title='bbox 1645 4331 1716 4385; x_wconf 91' lang='lat' dir='ltr'><strong>ita</strong></span> <span class='ocrx_word' id='word_1_343' title='bbox 1739 4331 1938 4400; x_wconf 91' lang='lat' dir='ltr'><strong>dicam,</strong></span> <span class='ocrx_word' id='word_1_344' title='bbox 1967 4333 2107 4388; x_wconf 90' lang='lat' dir='ltr'><strong>inter</strong></span> 
     </span>
    </p>
   </div>
   <div class='ocr_carea' id='block_1_47' title="bbox 517 4419 2104 4492">
    <p class='ocr_par' dir='ltr' id='par_1_47' title="bbox 517 4419 2104 4492">
     <span class='ocr_line' id='line_1_47' title="bbox 517 4419 2104 4492; baseline 0.005 -20"><span class='ocrx_word' id='word_1_345' title='bbox 517 4419 791 4490; x_wconf 83' lang='lat' dir='ltr'><strong>procellas</strong></span> <span class='ocrx_word' id='word_1_346' title='bbox 837 4419 1027 4475; x_wconf 88' lang='lat' dir='ltr'><strong>mundi</strong></span> <span class='ocrx_word' id='word_1_347' title='bbox 1069 4435 1294 4492; x_wconf 86' lang='lat' dir='ltr'><strong>magnus</strong></span> <span class='ocrx_word' id='word_1_348' title='bbox 1340 4429 1676 4478; x_wconf 89' lang='lat' dir='ltr'><strong>sustentator</strong></span> <span class='ocrx_word' id='word_1_349' title='bbox 1701 4422 1986 4492; x_wconf 66' lang='lat' dir='ltr'><strong>Ecclesiae,</strong></span> <span class='ocrx_word' id='word_1_350' title='bbox 2035 4425 2104 4480; x_wconf 88' lang='lat' dir='ltr'><strong>ita</strong></span> 
     </span>
    </p>
   </div>
   <div class='ocr_carea' id='block_1_48' title="bbox 522 4513 2101 4590">
    <p class='ocr_par' dir='ltr' id='par_1_48' title="bbox 522 4513 2101 4590">
     <span class='ocr_line' id='line_1_48' title="bbox 522 4513 2101 4590; baseline 0.004 -20"><span class='ocrx_word' id='word_1_351' title='bbox 522 4513 590 4570; x_wconf 91' lang='lat' dir='ltr'><strong>de</strong></span> <span class='ocrx_word' id='word_1_352' title='bbox 617 4529 683 4569; x_wconf 87' lang='lat' dir='ltr'><strong>co</strong></span> <span class='ocrx_word' id='word_1_353' title='bbox 707 4514 838 4570; x_wconf 92' lang='lat' dir='ltr'><strong>dicit</strong></span> <span class='ocrx_word' id='word_1_354' title='bbox 870 4533 883 4570; x_wconf 90' lang='lat'><strong>:</strong></span> <span class='ocrx_word' id='word_1_355' title='bbox 920 4533 938 4567; x_wconf 72' lang='grc' dir='ltr'><strong>α</strong></span> <span class='ocrx_word' id='word_1_356' title='bbox 969 4514 1156 4571; x_wconf 88' lang='lat' dir='ltr'><strong>Justus</strong></span> <span class='ocrx_word' id='word_1_357' title='bbox 1184 4531 1374 4573; x_wconf 91' lang='lat' dir='ltr'><strong>manus</strong></span> <span class='ocrx_word' id='word_1_358' title='bbox 1411 4531 1568 4584; x_wconf 90' lang='lat' dir='ltr'><strong>suas,</strong></span> <span class='ocrx_word' id='word_1_359' title='bbox 1607 4533 1714 4574; x_wconf 89' lang='lat' dir='ltr'><strong>non</strong></span> <span class='ocrx_word' id='word_1_360' title='bbox 1753 4531 2101 4590; x_wconf 89' lang='lat' dir='ltr'><strong>peccatorum</strong></span> 
     </span>
    </p>
   </div>
   <div class='ocr_carea' id='block_1_49' title="bbox 514 4582 2188 4685">
    <p class='ocr_par' dir='ltr' id='par_1_49' title="bbox 514 4582 2188 4685">
     <span class='ocr_line' id='line_1_49' title="bbox 514 4582 2188 4685; baseline 0.005 -21"><span class='ocrx_word' id='word_1_361' title='bbox 514 4609 780 4679; x_wconf 79' lang='lat' dir='ltr'><strong>sanguine</strong></span> <span class='ocrx_word' id='word_1_362' title='bbox 808 4609 1012 4666; x_wconf 86' lang='lat' dir='ltr'><strong>abluit:</strong></span> <span class='ocrx_word' id='word_1_363' title='bbox 1062 4609 1158 4666; x_wconf 90' lang='lat' dir='ltr'><strong>sed</strong></span> <span class='ocrx_word' id='word_1_364' title='bbox 1202 4626 1328 4667; x_wconf 91' lang='lat' dir='ltr'><strong>cum</strong></span> <span class='ocrx_word' id='word_1_365' title='bbox 1381 4622 1696 4683; x_wconf 90' lang='lat' dir='ltr'><strong>peccatores</strong></span> <span class='ocrx_word' id='word_1_366' title='bbox 1746 4613 1798 4668; x_wconf 93' lang='lat' dir='ltr'><strong>iu</strong></span> <span class='ocrx_word' id='word_1_367' title='bbox 1844 4616 2106 4685; x_wconf 86' lang='lat' dir='ltr'><strong>sanguine</strong></span> <span class='ocrx_word' id='word_1_368' title='bbox 2136 4582 2188 4643; x_wconf 69' lang='grc' dir='ltr'>Β</span> 
     </span>
    </p>
   </div>
   <div class='ocr_carea' id='block_1_50' title="bbox 513 4703 2105 4776">
    <p class='ocr_par' dir='ltr' id='par_1_50' title="bbox 513 4703 2105 4776">
     <span class='ocr_line' id='line_1_50' title="bbox 513 4703 2105 4776; baseline 0.002 -17"><span class='ocrx_word' id='word_1_369' title='bbox 513 4703 646 4771; x_wconf 90' lang='lat' dir='ltr'><strong>sint,</strong></span> <span class='ocrx_word' id='word_1_370' title='bbox 677 4705 800 4774; x_wconf 90' lang='lat' dir='ltr'><strong>quia</strong></span> <span class='ocrx_word' id='word_1_371' title='bbox 831 4704 906 4760; x_wconf 91' lang='lat' dir='ltr'><strong>rei</strong></span> <span class='ocrx_word' id='word_1_372' title='bbox 940 4713 1070 4760; x_wconf 92' lang='lat' dir='ltr'><strong>sunt</strong></span> <span class='ocrx_word' id='word_1_373' title='bbox 1090 4707 1414 4776; x_wconf 87' lang='lat' dir='ltr'><strong>sanguinum</strong></span> <span class='ocrx_word' id='word_1_374' title='bbox 1439 4748 1454 4772; x_wconf 93' lang='lat'><strong>,</strong></span> <span class='ocrx_word' id='word_1_375' title='bbox 1488 4722 1682 4763; x_wconf 92' lang='lat' dir='ltr'><strong>manus</strong></span> <span class='ocrx_word' id='word_1_376' title='bbox 1725 4721 1854 4762; x_wconf 90' lang='lat' dir='ltr'><strong>suas</strong></span> <span class='ocrx_word' id='word_1_377' title='bbox 1903 4707 1994 4762; x_wconf 92' lang='lat' dir='ltr'><strong>ille</strong></span> <span class='ocrx_word' id='word_1_378' title='bbox 2037 4708 2105 4762; x_wconf 91' lang='lat' dir='ltr'><strong>ab</strong></span> 
     </span>
    </p>
   </div>
   <div class='ocr_carea' id='block_1_51' title="bbox 513 4799 2106 4872">
    <p class='ocr_par' dir='ltr' id='par_1_51' title="bbox 513 4799 2106 4872">
     <span class='ocr_line' id='line_1_51' title="bbox 513 4799 2106 4872; baseline 0.001 -19"><span class='ocrx_word' id='word_1_379' title='bbox 513 4799 659 4854; x_wconf 91' lang='lat' dir='ltr'><strong>omni</strong></span> <span class='ocrx_word' id='word_1_380' title='bbox 691 4809 843 4855; x_wconf 88' lang='lat' dir='ltr'><strong>reatu</strong></span> <span class='ocrx_word' id='word_1_381' title='bbox 881 4799 1158 4872; x_wconf 81' lang='lat' dir='ltr'><strong>sanguinis</strong></span> <span class='ocrx_word' id='word_1_382' title='bbox 1188 4799 1492 4856; x_wconf 90' lang='lat' dir='ltr'><strong>continebit</strong></span> <span class='ocrx_word' id='word_1_383' title='bbox 1520 4800 1760 4856; x_wconf 87' lang='lat' dir='ltr'><strong>ablutas.</strong></span> <span class='ocrx_word' id='word_1_384' title='bbox 1793 4819 1814 4853; x_wconf 73' lang='grc' dir='ltr'><strong><em>ι</em></strong></span> <span class='ocrx_word' id='word_1_385' title='bbox 1849 4799 2001 4855; x_wconf 88' lang='lat' dir='ltr'><strong>Tunc</strong></span> <span class='ocrx_word' id='word_1_386' title='bbox 2029 4802 2106 4855; x_wconf 85' lang='lat' dir='ltr'><strong>la-</strong></span> 
     </span>
    </p>
   </div>
   <div class='ocr_carea' id='block_1_52' title="bbox 513 4890 2107 4962">
    <p class='ocr_par' dir='ltr' id='par_1_52' title="bbox 513 4890 2107 4962">
     <span class='ocr_line' id='line_1_52' title="bbox 513 4890 2107 4962; baseline 0.002 -18"><span class='ocrx_word' id='word_1_387' title='bbox 513 4900 602 4944; x_wconf 89' lang='lat' dir='ltr'><strong>vat</strong></span> <span class='ocrx_word' id='word_1_388' title='bbox 623 4890 804 4958; x_wconf 88' lang='lat' dir='ltr'><strong>justus</strong></span> <span class='ocrx_word' id='word_1_389' title='bbox 851 4906 1041 4947; x_wconf 89' lang='lat' dir='ltr'><strong>manus</strong></span> <span class='ocrx_word' id='word_1_390' title='bbox 1073 4893 1126 4947; x_wconf 90' lang='lat' dir='ltr'><strong>itt</strong></span> <span class='ocrx_word' id='word_1_391' title='bbox 1157 4893 1422 4962; x_wconf 87' lang='lat' dir='ltr'><strong>sanguine</strong></span> <span class='ocrx_word' id='word_1_392' title='bbox 1453 4899 1800 4962; x_wconf 91' lang='lat' dir='ltr'><strong>peccatorum</strong></span> <span class='ocrx_word' id='word_1_393' title='bbox 1834 4908 1956 4948; x_wconf 93' lang='lat' dir='ltr'><strong>cum</strong></span> <span class='ocrx_word' id='word_1_394' title='bbox 1989 4895 2107 4948; x_wconf 85' lang='lat' dir='ltr'><strong>vin-</strong></span> 
     </span>
    </p>
   </div>
   <div class='ocr_carea' id='block_1_53' title="bbox 511 4981 2107 5055">
    <p class='ocr_par' dir='ltr' id='par_1_53' title="bbox 511 4981 2107 5055">
     <span class='ocr_line' id='line_1_53' title="bbox 511 4981 2107 5055; baseline 0.003 -19"><span class='ocrx_word' id='word_1_395' title='bbox 511 4981 715 5038; x_wconf 87' lang='lat' dir='ltr'><strong>dietam</strong></span> <span class='ocrx_word' id='word_1_396' title='bbox 745 4983 812 5039; x_wconf 90' lang='lat' dir='ltr'><strong>de</strong></span> <span class='ocrx_word' id='word_1_397' title='bbox 843 4984 974 5054; x_wconf 90' lang='lat' dir='ltr'><strong>ipsis</strong></span> <span class='ocrx_word' id='word_1_398' title='bbox 997 4985 1220 5051; x_wconf 89' lang='lat' dir='ltr'><strong>viderit,</strong></span> <span class='ocrx_word' id='word_1_399' title='bbox 1241 5001 1348 5041; x_wconf 91' lang='lat' dir='ltr'><strong>non</strong></span> <span class='ocrx_word' id='word_1_400' title='bbox 1364 4986 1784 5055; x_wconf 86' lang='lat' dir='ltr'><strong>procurantibus</strong></span> <span class='ocrx_word' id='word_1_401' title='bbox 1805 4987 2026 5048; x_wconf 85' lang='lat' dir='ltr'><strong>sanctis.</strong></span> <span class='ocrx_word' id='word_1_402' title='bbox 2052 4994 2107 5041; x_wconf 89' lang='lat' dir='ltr'><strong>et</strong></span> 
     </span>
    </p>
   </div>
   <div class='ocr_carea' id='block_1_54' title="bbox 513 5075 2102 5150">
    <p class='ocr_par' dir='ltr' id='par_1_54' title="bbox 513 5075 2102 5150">
     <span class='ocr_line' id='line_1_54' title="bbox 513 5075 2102 5150; baseline 0.005 -23"><span class='ocrx_word' id='word_1_403' title='bbox 513 5082 643 5128; x_wconf 90' lang='lat' dir='ltr'><strong>tunc</strong></span> <span class='ocrx_word' id='word_1_404' title='bbox 665 5075 956 5140; x_wconf 68' lang='lat' dir='ltr'><strong>laetabitur,</strong></span> <span class='ocrx_word' id='word_1_405' title='bbox 993 5091 1116 5131; x_wconf 91' lang='lat' dir='ltr'><strong>cum</strong></span> <span class='ocrx_word' id='word_1_406' title='bbox 1148 5077 1498 5147; x_wconf 79' lang='lat' dir='ltr'><strong>postexitum</strong></span> <span class='ocrx_word' id='word_1_407' title='bbox 1538 5092 1748 5143; x_wconf 88' lang='lat' dir='ltr'><strong>eorum,</strong></span> <span class='ocrx_word' id='word_1_408' title='bbox 1779 5078 1897 5148; x_wconf 88' lang='lat' dir='ltr'><strong>ejus</strong></span> <span class='ocrx_word' id='word_1_409' title='bbox 1937 5094 2102 5150; x_wconf 92' lang='lat' dir='ltr'><strong>opera</strong></span> 
     </span>
    </p>
   </div>
   <div class='ocr_carea' id='block_1_55' title="bbox 511 5165 1072 5237">
    <p class='ocr_par' dir='ltr' id='par_1_55' title="bbox 511 5165 1072 5237">
     <span class='ocr_line' id='line_1_55' title="bbox 511 5165 1072 5237; baseline 0.007 -18"><span class='ocrx_word' id='word_1_410' title='bbox 511 5165 749 5235; x_wconf 87' lang='lat' dir='ltr'><strong>gloriose</strong></span> <span class='ocrx_word' id='word_1_411' title='bbox 779 5166 1072 5237; x_wconf 84' lang='lat' dir='ltr'><strong>refulgent.</strong></span> 
     </span>
    </p>
   </div>
   <div class='ocr_carea' id='block_1_56' title="bbox 572 5257 2095 5336">
    <p class='ocr_par' dir='ltr' id='par_1_56' title="bbox 572 5257 2095 5336">
     <span class='ocr_line' id='line_1_56' title="bbox 572 5257 2095 5336; baseline 0.006 -25"><span class='ocrx_word' id='word_1_412' title='bbox 572 5257 644 5311; x_wconf 83' lang='lat' dir='ltr'><strong>Et</strong></span> <span class='ocrx_word' id='word_1_413' title='bbox 673 5259 806 5314; x_wconf 85' lang='lat' dir='ltr'><strong>dicet</strong></span> <span class='ocrx_word' id='word_1_414' title='bbox 828 5259 979 5314; x_wconf 83' lang='lat' dir='ltr'><strong>homo</strong></span> <span class='ocrx_word' id='word_1_415' title='bbox 995 5261 1039 5315; x_wconf 89' lang='lat' dir='ltr'><strong>si</strong></span> <span class='ocrx_word' id='word_1_416' title='bbox 1054 5261 1226 5333; x_wconf 87' lang='lat' dir='ltr'><strong>utique</strong></span> <span class='ocrx_word' id='word_1_417' title='bbox 1249 5270 1319 5316; x_wconf 88' lang='lat' dir='ltr'><strong>est</strong></span> <span class='ocrx_word' id='word_1_418' title='bbox 1345 5265 1548 5333; x_wconf 76' lang='lat' dir='ltr'><strong>fructus</strong></span> <span class='ocrx_word' id='word_1_419' title='bbox 1563 5266 1731 5336; x_wconf 84' lang='lat' dir='ltr'><strong>justo.</strong></span> <span class='ocrx_word' id='word_1_420' title='bbox 1766 5263 1919 5319; x_wconf 92' lang='lat' dir='ltr'><strong>Tunc</strong></span> <span class='ocrx_word' id='word_1_421' title='bbox 1948 5265 2095 5320; x_wconf 91' lang='lat' dir='ltr'><strong>cnim</strong></span> 
     </span>
    </p>
   </div>
   <div class='ocr_carea' id='block_1_57' title="bbox 507 5349 2100 5420">
    <p class='ocr_par' dir='ltr' id='par_1_57' title="bbox 507 5349 2100 5420">
     <span class='ocr_line' id='line_1_57' title="bbox 507 5349 2100 5420; baseline 0.003 -15"><span class='ocrx_word' id='word_1_422' title='bbox 507 5351 612 5405; x_wconf 90' lang='lat' dir='ltr'><strong>erit</strong></span> <span class='ocrx_word' id='word_1_423' title='bbox 635 5351 754 5420; x_wconf 89' lang='lat' dir='ltr'><strong>ejus</strong></span> <span class='ocrx_word' id='word_1_424' title='bbox 779 5349 1012 5417; x_wconf 83' lang='lat' dir='ltr'><strong>fructus,</strong></span> <span class='ocrx_word' id='word_1_425' title='bbox 1041 5367 1164 5408; x_wconf 93' lang='lat' dir='ltr'><strong>cum</strong></span> <span class='ocrx_word' id='word_1_426' title='bbox 1192 5352 1242 5407; x_wconf 89' lang='lat' dir='ltr'><strong>ei</strong></span> <span class='ocrx_word' id='word_1_427' title='bbox 1276 5351 1527 5408; x_wconf 89' lang='lat' dir='ltr'><strong>Christus</strong></span> <span class='ocrx_word' id='word_1_428' title='bbox 1553 5353 1813 5409; x_wconf 85' lang='lat' dir='ltr'><strong>Dominus</strong></span> <span class='ocrx_word' id='word_1_429' title='bbox 1839 5355 2100 5411; x_wconf 87' lang='lat' dir='ltr'><strong>coelorum</strong></span> 
     </span>
    </p>
   </div>
   <div class='ocr_carea' id='block_1_58' title="bbox 511 5445 2103 5519">
    <p class='ocr_par' dir='ltr' id='par_1_58' title="bbox 511 5445 2103 5519">
     <span class='ocr_line' id='line_1_58' title="bbox 511 5445 2103 5519; baseline 0.004 -21"><span class='ocrx_word' id='word_1_430' title='bbox 511 5457 682 5514; x_wconf 84' lang='lat' dir='ltr'><strong>regna</strong></span> <span class='ocrx_word' id='word_1_431' title='bbox 723 5445 1150 5514; x_wconf 87' lang='lat' dir='ltr'><strong>participaverit.</strong></span> <span class='ocrx_word' id='word_1_432' title='bbox 1199 5445 1388 5518; x_wconf 84' lang='lat' dir='ltr'><strong>Utique</strong></span> <span class='ocrx_word' id='word_1_433' title='bbox 1425 5457 1498 5501; x_wconf 86' lang='lat' dir='ltr'><strong>est</strong></span> <span class='ocrx_word' id='word_1_434' title='bbox 1524 5447 1663 5504; x_wconf 88' lang='lat' dir='ltr'><strong>Deus</strong></span> <span class='ocrx_word' id='word_1_435' title='bbox 1675 5449 1921 5519; x_wconf 87' lang='lat' dir='ltr'><strong>judicans</strong></span> <span class='ocrx_word' id='word_1_436' title='bbox 1945 5466 2030 5504; x_wconf 91' lang='lat' dir='ltr'><strong>eos</strong></span> <span class='ocrx_word' id='word_1_437' title='bbox 2052 5451 2103 5504; x_wconf 89' lang='lat' dir='ltr'><strong>in</strong></span> 
     </span>
    </p>
   </div>
   <div class='ocr_carea' id='block_1_59' title="bbox 509 5535 2102 5612">
    <p class='ocr_par' dir='ltr' id='par_1_59' title="bbox 509 5535 2102 5612">
     <span class='ocr_line' id='line_1_59' title="bbox 509 5535 2102 5612; baseline 0.006 -25"><span class='ocrx_word' id='word_1_438' title='bbox 509 5543 668 5588; x_wconf 88' lang='lat' dir='ltr'><strong>terra.</strong></span> <span class='ocrx_word' id='word_1_439' title='bbox 695 5535 775 5592; x_wconf 92' lang='lat' dir='ltr'><strong>Illi</strong></span> <span class='ocrx_word' id='word_1_440' title='bbox 799 5537 1211 5605; x_wconf 89' lang='lat' dir='ltr'><strong>antejudicium</strong></span> <span class='ocrx_word' id='word_1_441' title='bbox 1244 5539 1366 5594; x_wconf 88' lang='lat' dir='ltr'><strong>tlnis</strong></span> <span class='ocrx_word' id='word_1_442' title='bbox 1393 5539 1444 5595; x_wconf 93' lang='lat' dir='ltr'><strong>in</strong></span> <span class='ocrx_word' id='word_1_443' title='bbox 1473 5539 1573 5596; x_wconf 84' lang='lat' dir='ltr'><strong>hac</strong></span> <span class='ocrx_word' id='word_1_444' title='bbox 1605 5551 1749 5596; x_wconf 88' lang='lat' dir='ltr'><strong>terra</strong></span> <span class='ocrx_word' id='word_1_445' title='bbox 1766 5541 2102 5612; x_wconf 88' lang='lat' dir='ltr'><strong>judicantur,</strong></span> 
     </span>
    </p>
   </div>
   <div class='ocr_carea' id='block_1_60' title="bbox 504 5625 2105 5706">
    <p class='ocr_par' dir='ltr' id='par_1_60' title="bbox 504 5625 2105 5706">
     <span class='ocr_line' id='line_1_60' title="bbox 504 5625 2105 5706; baseline 0.008 -27"><span class='ocrx_word' id='word_1_446' title='bbox 504 5625 573 5680; x_wconf 88' lang='lat' dir='ltr'><strong>de</strong></span> <span class='ocrx_word' id='word_1_447' title='bbox 593 5629 786 5699; x_wconf 88' lang='lat' dir='ltr'><strong>quibus</strong></span> <span class='ocrx_word' id='word_1_448' title='bbox 807 5629 1059 5699; x_wconf 87' lang='lat' dir='ltr'><strong>superius</strong></span> <span class='ocrx_word' id='word_1_449' title='bbox 1079 5631 1313 5686; x_wconf 80' lang='lat' dir='ltr'><strong>diximus</strong></span> <span class='ocrx_word' id='word_1_450' title='bbox 1341 5647 1354 5686; x_wconf 85' lang='lat'><strong>:</strong></span> <span class='ocrx_word' id='word_1_451' title='bbox 1376 5631 1479 5698; x_wconf 92' lang='lat' dir='ltr'><strong>Qui</strong></span> <span class='ocrx_word' id='word_1_452' title='bbox 1512 5647 1620 5688; x_wconf 90' lang='lat' dir='ltr'><strong>non</strong></span> <span class='ocrx_word' id='word_1_453' title='bbox 1651 5632 1968 5702; x_wconf 86' lang='lat' dir='ltr'><strong>crediderit,</strong></span> <span class='ocrx_word' id='word_1_454' title='bbox 1991 5635 2105 5706; x_wconf 84' lang='lat' dir='ltr'><strong>jam</strong></span> 
     </span>
    </p>
   </div>
   <div class='ocr_carea' id='block_1_61' title="bbox 590 5779 1602 5858">
    <p class='ocr_par' dir='ltr' id='par_1_61' title="bbox 590 5779 1602 5858">
     <span class='ocr_line' id='line_1_61' title="bbox 590 5779 1602 5858; baseline 0.008 -27"><span class='ocrx_word' id='word_1_455' title='bbox 590 5788 615 5815; x_wconf 68' lang='grc' dir='ltr'><strong><em>η</em></strong></span> <span class='ocrx_word' id='word_1_456' title='bbox 636 5779 814 5835; x_wconf 81' lang='lat' dir='ltr'><strong>Malim</strong></span> <span class='ocrx_word' id='word_1_457' title='bbox 845 5783 1058 5850; x_wconf 88' lang='lat' dir='ltr'><strong>reponi,</strong></span> <span class='ocrx_word' id='word_1_458' title='bbox 1083 5783 1153 5836; x_wconf 84' lang='lat' dir='ltr'><strong>ad</strong></span> <span class='ocrx_word' id='word_1_459' title='bbox 1183 5785 1602 5858; x_wconf 67' lang='lat' dir='ltr'><strong>contingentium.</strong></span> 
     </span>
    </p>
   </div>
   <div class='ocr_carea' id='block_1_62' title="bbox 2213 505 3814 572">
    <p class='ocr_par' dir='ltr' id='par_1_62' title="bbox 2213 505 3814 572">
     <span class='ocr_line' id='line_1_62' title="bbox 2213 505 3814 572; baseline 0 -12"><span class='ocrx_word' id='word_1_460' title='bbox 2213 509 2535 564; x_wconf 91' lang='lat' dir='ltr'><strong>obturamus</strong></span> <span class='ocrx_word' id='word_1_461' title='bbox 2568 524 2581 561; x_wconf 90' lang='lat'><strong>:</strong></span> <span class='ocrx_word' id='word_1_462' title='bbox 2613 509 2658 563; x_wconf 87' lang='lat' dir='ltr'><strong>si</strong></span> <span class='ocrx_word' id='word_1_463' title='bbox 2688 517 3000 562; x_wconf 91' lang='lat' dir='ltr'><strong>sanctorum</strong></span> <span class='ocrx_word' id='word_1_464' title='bbox 3037 507 3262 572; x_wconf 87' lang='lat' dir='ltr'><strong>monita,</strong></span> <span class='ocrx_word' id='word_1_465' title='bbox 3312 521 3439 562; x_wconf 91' lang='lat' dir='ltr'><strong>cum</strong></span> <span class='ocrx_word' id='word_1_466' title='bbox 3497 505 3814 560; x_wconf 83' lang='lat' dir='ltr'><strong>innocentia</strong></span> 
     </span>
    </p>
   </div>
   <div class='ocr_carea' id='block_1_63' title="bbox 2211 597 3817 674">
    <p class='ocr_par' dir='ltr' id='par_1_63' title="bbox 2211 597 3817 674">
     <span class='ocr_line' id='line_1_63' title="bbox 2211 597 3817 674; baseline -0.005 -15"><span class='ocrx_word' id='word_1_467' title='bbox 2211 619 2597 674; x_wconf 78' lang='lat' dir='ltr'><strong>exsequamur,</strong></span> <span class='ocrx_word' id='word_1_468' title='bbox 2631 602 2675 657; x_wconf 94' lang='lat' dir='ltr'><strong>si</strong></span> <span class='ocrx_word' id='word_1_469' title='bbox 2707 613 3023 658; x_wconf 92' lang='lat' dir='ltr'><strong>nostrorum</strong></span> <span class='ocrx_word' id='word_1_470' title='bbox 3053 600 3222 671; x_wconf 88' lang='lat' dir='ltr'><strong>spinis</strong></span> <span class='ocrx_word' id='word_1_471' title='bbox 3257 599 3566 654; x_wconf 78' lang='lat' dir='ltr'><strong>facinorum</strong></span> <span class='ocrx_word' id='word_1_472' title='bbox 3610 613 3717 653; x_wconf 90' lang='lat' dir='ltr'><strong>non</strong></span> <span class='ocrx_word' id='word_1_473' title='bbox 3740 597 3817 652; x_wconf 79' lang='lat' dir='ltr'><strong>af-</strong></span> 
     </span>
    </p>
   </div>
   <div class='ocr_carea' id='block_1_64' title="bbox 2215 693 3814 769">
    <p class='ocr_par' dir='ltr' id='par_1_64' title="bbox 2215 693 3814 769">
     <span class='ocr_line' id='line_1_64' title="bbox 2215 693 3814 769; baseline -0.004 -17"><span class='ocrx_word' id='word_1_474' title='bbox 2215 697 2468 769; x_wconf 80' lang='lat' dir='ltr'><strong>ﬂigantur</strong></span> <span class='ocrx_word' id='word_1_475' title='bbox 2495 713 2507 750; x_wconf 91' lang='lat'>:</span> <span class='ocrx_word' id='word_1_476' title='bbox 2541 696 2586 750; x_wconf 90' lang='lat' dir='ltr'><strong>si</strong></span> <span class='ocrx_word' id='word_1_477' title='bbox 2617 709 2809 750; x_wconf 89' lang='lat' dir='ltr'><strong>manus</strong></span> <span class='ocrx_word' id='word_1_478' title='bbox 2830 695 2896 750; x_wconf 91' lang='lat' dir='ltr'><strong>ab</strong></span> <span class='ocrx_word' id='word_1_479' title='bbox 2917 695 3066 750; x_wconf 92' lang='lat' dir='ltr'><strong>omni</strong></span> <span class='ocrx_word' id='word_1_480' title='bbox 3097 693 3361 764; x_wconf 84' lang='lat' dir='ltr'><strong>sanguine</strong></span> <span class='ocrx_word' id='word_1_481' title='bbox 3391 693 3674 747; x_wconf 89' lang='lat' dir='ltr'><strong>immunes</strong></span> <span class='ocrx_word' id='word_1_482' title='bbox 3697 707 3814 747; x_wconf 89' lang='lat' dir='ltr'><strong>cum</strong></span> 
     </span>
    </p>
   </div>
   <div class='ocr_carea' id='block_1_65' title="bbox 2213 786 3816 858">
    <p class='ocr_par' dir='ltr' id='par_1_65' title="bbox 2213 786 3816 858">
     <span class='ocr_line' id='line_1_65' title="bbox 2213 786 3816 858; baseline -0.002 -14"><span class='ocrx_word' id='word_1_483' title='bbox 2213 789 2592 846; x_wconf 88' lang='lat' dir='ltr'><strong>innocentibus</strong></span> <span class='ocrx_word' id='word_1_484' title='bbox 2616 789 2923 858; x_wconf 70' lang='lat' dir='ltr'><strong>abluamus,</strong></span> <span class='ocrx_word' id='word_1_485' title='bbox 2948 788 3236 844; x_wconf 89' lang='lat' dir='ltr'><strong>honorabit</strong></span> <span class='ocrx_word' id='word_1_486' title='bbox 3258 803 3354 842; x_wconf 88' lang='lat' dir='ltr'><strong>nos</strong></span> <span class='ocrx_word' id='word_1_487' title='bbox 3371 787 3536 842; x_wconf 80' lang='lat' dir='ltr'><strong>Iesus</strong></span> <span class='ocrx_word' id='word_1_488' title='bbox 3554 786 3816 841; x_wconf 90' lang='lat' dir='ltr'><strong>Dominus</strong></span> 
     </span>
    </p>
   </div>
   <div class='ocr_carea' id='block_1_66' title="bbox 2212 879 3818 956">
    <p class='ocr_par' dir='ltr' id='par_1_66' title="bbox 2212 879 3818 956">
     <span class='ocr_line' id='line_1_66' title="bbox 2212 879 3818 956; baseline -0.002 -18"><span class='ocrx_word' id='word_1_489' title='bbox 2212 883 2390 956; x_wconf 84' lang='lat' dir='ltr'><strong>dignis</strong></span> <span class='ocrx_word' id='word_1_490' title='bbox 2422 882 2680 953; x_wconf 73' lang='lat' dir='ltr'><strong>prmmiis,</strong></span> <span class='ocrx_word' id='word_1_491' title='bbox 2710 884 2908 954; x_wconf 91' lang='lat' dir='ltr'><strong>quibus</strong></span> <span class='ocrx_word' id='word_1_492' title='bbox 2938 883 3109 938; x_wconf 91' lang='lat' dir='ltr'><strong>sancti</strong></span> <span class='ocrx_word' id='word_1_493' title='bbox 3133 897 3253 938; x_wconf 90' lang='lat' dir='ltr'><strong>cum</strong></span> <span class='ocrx_word' id='word_1_494' title='bbox 3278 879 3400 952; x_wconf 87' lang='lat' dir='ltr'><strong>ipso</strong></span> <span class='ocrx_word' id='word_1_495' title='bbox 3424 880 3818 953; x_wconf 89' lang='lat' dir='ltr'><strong>perpetualitcr</strong></span> 
     </span>
    </p>
   </div>
   <div class='ocr_carea' id='block_1_67' title="bbox 2213 978 2798 1034">
    <p class='ocr_par' dir='ltr' id='par_1_67' title="bbox 2213 978 2798 1034">
     <span class='ocr_line' id='line_1_67' title="bbox 2213 978 2798 1034; baseline -0.002 0"><span class='ocrx_word' id='word_1_496' title='bbox 2213 978 2570 1034; x_wconf 65' lang='lat' dir='ltr'><strong>collzctautur.</strong></span> <span class='ocrx_word' id='word_1_497' title='bbox 2605 979 2798 1033; x_wconf 81' lang='lat' dir='ltr'><strong>Anton.</strong></span> 
     </span>
    </p>
   </div>
   <div class='ocr_carea' id='block_1_68' title="bbox 2740 1066 3282 1125">
    <p class='ocr_par' dir='ltr' id='par_1_68' title="bbox 2740 1066 3282 1125">
     <span class='ocr_line' id='line_1_68' title="bbox 2740 1066 3282 1125; baseline -0.006 -1"><span class='ocrx_word' id='word_1_498' title='bbox 2740 1068 2965 1124; x_wconf 84' lang='lat' dir='ltr'><strong>PSALM</strong></span> <span class='ocrx_word' id='word_1_499' title='bbox 2973 1067 3059 1125; x_wconf 91' lang='lat' dir='ltr'><strong>US</strong></span> <span class='ocrx_word' id='word_1_500' title='bbox 3098 1066 3282 1123; x_wconf 79' lang='lat' dir='ltr'><strong>LVIII.</strong></span> 
     </span>
    </p>
   </div>
   <div class='ocr_carea' id='block_1_69' title="bbox 2215 1159 3820 1232">
    <p class='ocr_par' dir='ltr' id='par_1_69' title="bbox 2215 1159 3820 1232">
     <span class='ocr_line' id='line_1_69' title="bbox 2215 1159 3820 1232; baseline -0.005 -13"><span class='ocrx_word' id='word_1_501' title='bbox 2215 1163 2280 1220; x_wconf 87' lang='lat' dir='ltr'><strong>In</strong></span> <span class='ocrx_word' id='word_1_502' title='bbox 2296 1165 2472 1232; x_wconf 82' lang='lat' dir='ltr'><strong>ﬁnem,</strong></span> <span class='ocrx_word' id='word_1_503' title='bbox 2495 1181 2558 1218; x_wconf 91' lang='lat' dir='ltr'><strong>ne</strong></span> <span class='ocrx_word' id='word_1_504' title='bbox 2571 1164 2840 1230; x_wconf 87' lang='lat' dir='ltr'><strong>disperdas</strong></span> <span class='ocrx_word' id='word_1_505' title='bbox 2858 1162 3023 1216; x_wconf 76' lang='lat' dir='ltr'><strong>David</strong></span> <span class='ocrx_word' id='word_1_506' title='bbox 3035 1163 3087 1215; x_wconf 88' lang='lat' dir='ltr'><strong>in</strong></span> <span class='ocrx_word' id='word_1_507' title='bbox 3102 1160 3436 1231; x_wconf 85' lang='lat' dir='ltr'><strong>inscriptione</strong></span> <span class='ocrx_word' id='word_1_508' title='bbox 3458 1159 3602 1213; x_wconf 86' lang='lat' dir='ltr'><strong>tituli</strong></span> <span class='ocrx_word' id='word_1_509' title='bbox 3626 1175 3820 1228; x_wconf 86' lang='lat' dir='ltr'><strong>:quan-</strong></span> 
     </span>
    </p>
   </div>
   <div class='ocr_carea' id='block_1_70' title="bbox 2285 1232 3820 1303">
    <p class='ocr_par' dir='ltr' id='par_1_70' title="bbox 2285 1232 3820 1303">
     <span class='ocr_line' id='line_1_70' title="bbox 2285 1232 3820 1303; baseline -0.004 -14"><span class='ocrx_word' id='word_1_510' title='bbox 2285 1237 2352 1290; x_wconf 86' lang='lat' dir='ltr'><strong>do</strong></span> <span class='ocrx_word' id='word_1_511' title='bbox 2383 1237 2518 1289; x_wconf 86' lang='lat' dir='ltr'><strong>misit</strong></span> <span class='ocrx_word' id='word_1_512' title='bbox 2555 1235 2688 1291; x_wconf 87' lang='lat' dir='ltr'><strong>Saul</strong></span> <span class='ocrx_word' id='word_1_513' title='bbox 2720 1234 2976 1289; x_wconf 84' lang='lat' dir='ltr'><strong>custodire</strong></span> <span class='ocrx_word' id='word_1_514' title='bbox 3003 1233 3216 1286; x_wconf 86' lang='lat' dir='ltr'><strong>domum</strong></span> <span class='ocrx_word' id='word_1_515' title='bbox 3254 1235 3368 1303; x_wconf 87' lang='lat' dir='ltr'><strong>ejus</strong></span> <span class='ocrx_word' id='word_1_516' title='bbox 3397 1241 3452 1284; x_wconf 87' lang='lat' dir='ltr'><strong>ut</strong></span> <span class='ocrx_word' id='word_1_517' title='bbox 3497 1232 3820 1297; x_wconf 81' lang='lat' dir='ltr'><strong>interﬁceret</strong></span> 
     </span>
    </p>
   </div>
   <div class='ocr_carea' id='block_1_71' title="bbox 2285 1303 3818 1377">
    <p class='ocr_par' dir='ltr' id='par_1_71' title="bbox 2285 1303 3818 1377">
     <span class='ocr_line' id='line_1_71' title="bbox 2285 1303 3818 1377; baseline -0.005 -15"><span class='ocrx_word' id='word_1_518' title='bbox 2285 1325 2420 1362; x_wconf 88' lang='lat' dir='ltr'><strong>eum.</strong></span> <span class='ocrx_word' id='word_1_519' title='bbox 2471 1307 2577 1362; x_wconf 60' lang='lat' dir='ltr'><strong>Iste</strong></span> <span class='ocrx_word' id='word_1_520' title='bbox 2604 1308 2844 1377; x_wconf 88' lang='lat' dir='ltr'><strong>psalmus</strong></span> <span class='ocrx_word' id='word_1_521' title='bbox 2887 1305 3012 1375; x_wconf 91' lang='lat' dir='ltr'><strong>quia</strong></span> <span class='ocrx_word' id='word_1_522' title='bbox 3066 1303 3248 1377; x_wconf 81' lang='lat' dir='ltr'><strong>David</strong></span> <span class='ocrx_word' id='word_1_523' title='bbox 3267 1308 3432 1377; x_wconf 76' lang='lat' dir='ltr'><strong>docet</strong></span> <span class='ocrx_word' id='word_1_524' title='bbox 3455 1317 3556 1371; x_wconf 89' lang='lat' dir='ltr'><strong>per</strong></span> <span class='ocrx_word' id='word_1_525' title='bbox 3603 1303 3818 1357; x_wconf 87' lang='lat' dir='ltr'><strong>titulum</strong></span> 
     </span>
    </p>
   </div>
   <div class='ocr_carea' id='block_1_72' title="bbox 2285 1373 3820 1446">
    <p class='ocr_par' dir='ltr' id='par_1_72' title="bbox 2285 1373 3820 1446">
     <span class='ocr_line' id='line_1_72' title="bbox 2285 1373 3820 1446; baseline -0.005 -12"><span class='ocrx_word' id='word_1_526' title='bbox 2285 1379 2560 1434; x_wconf 91' lang='lat' dir='ltr'><strong>custodire</strong></span> <span class='ocrx_word' id='word_1_527' title='bbox 2592 1373 2620 1442; x_wconf 67' lang='grc'><strong>,⁷</strong></span> <span class='ocrx_word' id='word_1_528' title='bbox 2668 1373 2967 1433; x_wconf 72' lang='grc' dir='ltr'><strong>υοῐηὶιιῑόω</strong></span> <span class='ocrx_word' id='word_1_529' title='bbox 3013 1373 3282 1446; x_wconf 91' lang='lat' dir='ltr'><strong>passionis</strong></span> <span class='ocrx_word' id='word_1_530' title='bbox 3313 1374 3563 1429; x_wconf 87' lang='lat' dir='ltr'><strong>declarat</strong></span> <span class='ocrx_word' id='word_1_531' title='bbox 3611 1386 3820 1446; x_wconf 75' lang='lat' dir='ltr'><strong>myste-</strong></span> 
     </span>
    </p>
   </div>
   <div class='ocr_carea' id='block_1_73' title="bbox 2285 1450 2700 1514">
    <p class='ocr_par' dir='ltr' id='par_1_73' title="bbox 2285 1450 2700 1514">
     <span class='ocr_line' id='line_1_73' title="bbox 2285 1450 2700 1514; baseline -0.005 -8"><span class='ocrx_word' id='word_1_532' title='bbox 2285 1450 2447 1514; x_wconf 87' lang='lat' dir='ltr'><strong>rium,</strong></span> <span class='ocrx_word' id='word_1_533' title='bbox 2481 1450 2700 1504; x_wconf 74' lang='lat' dir='ltr'><strong>(licens:</strong></span> 
     </span>
    </p>
   </div>
   <div class='ocr_carea' id='block_1_74' title="bbox 2285 1539 3817 1617">
    <p class='ocr_par' dir='ltr' id='par_1_74' title="bbox 2285 1539 3817 1617">
     <span class='ocr_line' id='line_1_74' title="bbox 2285 1539 3817 1617; baseline -0.003 -17"><span class='ocrx_word' id='word_1_534' title='bbox 2285 1544 2446 1617; x_wconf 85' lang='lat' dir='ltr'><strong>Eripe</strong></span> <span class='ocrx_word' id='word_1_535' title='bbox 2475 1562 2552 1599; x_wconf 88' lang='lat' dir='ltr'><strong>tne</strong></span> <span class='ocrx_word' id='word_1_536' title='bbox 2582 1545 2644 1599; x_wconf 81' lang='lat' dir='ltr'><strong>de</strong></span> <span class='ocrx_word' id='word_1_537' title='bbox 2670 1543 2893 1598; x_wconf 86' lang='lat' dir='ltr'><strong>inimicis</strong></span> <span class='ocrx_word' id='word_1_538' title='bbox 2911 1543 3055 1611; x_wconf 86' lang='lat' dir='ltr'><strong>meis,</strong></span> <span class='ocrx_word' id='word_1_539' title='bbox 3081 1541 3218 1597; x_wconf 86' lang='lat' dir='ltr'><strong>Deus</strong></span> <span class='ocrx_word' id='word_1_540' title='bbox 3242 1557 3408 1610; x_wconf 85' lang='lat' dir='ltr'><strong>meus,</strong></span> <span class='ocrx_word' id='word_1_541' title='bbox 3443 1548 3554 1596; x_wconf 86' lang='lat' dir='ltr'><strong>etc.</strong></span> <span class='ocrx_word' id='word_1_542' title='bbox 3583 1539 3692 1594; x_wconf 87' lang='lat' dir='ltr'><strong>Per</strong></span> <span class='ocrx_word' id='word_1_543' title='bbox 3719 1540 3817 1595; x_wconf 93' lang='lat' dir='ltr'><strong>hos</strong></span> 
     </span>
    </p>
   </div>
   <div class='ocr_carea' id='block_1_75' title="bbox 2214 1635 3812 1708">
    <p class='ocr_par' dir='ltr' id='par_1_75' title="bbox 2214 1635 3812 1708">
     <span class='ocr_line' id='line_1_75' title="bbox 2214 1635 3812 1708; baseline -0.004 -13"><span class='ocrx_word' id='word_1_544' title='bbox 2214 1639 2618 1695; x_wconf 89' lang='lat' dir='ltr'><strong>inimicitiarum</strong></span> <span class='ocrx_word' id='word_1_545' title='bbox 2666 1637 2864 1708; x_wconf 87' lang='lat' dir='ltr'><strong>gradus</strong></span> <span class='ocrx_word' id='word_1_546' title='bbox 2897 1652 3067 1708; x_wconf 90' lang='lat' dir='ltr'><strong>usque</strong></span> <span class='ocrx_word' id='word_1_547' title='bbox 3090 1636 3155 1690; x_wconf 91' lang='lat' dir='ltr'><strong>ad</strong></span> <span class='ocrx_word' id='word_1_548' title='bbox 3183 1635 3508 1691; x_wconf 86' lang='lat' dir='ltr'><strong>effusionem</strong></span> <span class='ocrx_word' id='word_1_549' title='bbox 3550 1635 3812 1690; x_wconf 88' lang='lat' dir='ltr'><strong>ascendi—</strong></span> 
     </span>
    </p>
   </div>
   <div class='ocr_carea' id='block_1_76' title="bbox 2216 1729 3816 1805">
    <p class='ocr_par' dir='ltr' id='par_1_76' title="bbox 2216 1729 3816 1805">
     <span class='ocr_line' id='line_1_76' title="bbox 2216 1729 3816 1805; baseline -0.003 -17"><span class='ocrx_word' id='word_1_550' title='bbox 2216 1745 2303 1789; x_wconf 86' lang='lat' dir='ltr'><strong>tur</strong></span> <span class='ocrx_word' id='word_1_551' title='bbox 2350 1734 2653 1805; x_wconf 80' lang='lat' dir='ltr'><strong>sanguinis.</strong></span> <span class='ocrx_word' id='word_1_552' title='bbox 2708 1732 2913 1789; x_wconf 89' lang='lat' dir='ltr'><strong>Inimici</strong></span> <span class='ocrx_word' id='word_1_553' title='bbox 2948 1733 3152 1789; x_wconf 90' lang='lat' dir='ltr'><strong>etenim</strong></span> <span class='ocrx_word' id='word_1_554' title='bbox 3199 1731 3414 1786; x_wconf 88' lang='lat' dir='ltr'><strong>fuerqu</strong></span> <span class='ocrx_word' id='word_1_555' title='bbox 3468 1729 3646 1786; x_wconf 67' lang='lat' dir='ltr'><strong>Judmi</strong></span> <span class='ocrx_word' id='word_1_556' title='bbox 3691 1732 3816 1786; x_wconf 83' lang='lat' dir='ltr'><strong>Jesu</strong></span> 
     </span>
    </p>
   </div>
   <div class='ocr_carea' id='block_1_77' title="bbox 2145 1802 3814 1894">
    <p class='ocr_par' dir='ltr' id='par_1_77' title="bbox 2145 1802 3814 1894">
     <span class='ocr_line' id='line_1_77' title="bbox 2145 1802 3814 1894; baseline -0.002 -12"><span class='ocrx_word' id='word_1_557' title='bbox 2145 1802 2188 1863; x_wconf 73' lang='grc' dir='ltr'><strong>Β</strong></span> <span class='ocrx_word' id='word_1_558' title='bbox 2215 1825 2434 1882; x_wconf 89' lang='lat' dir='ltr'><strong>Christo</strong></span> <span class='ocrx_word' id='word_1_559' title='bbox 2461 1827 2688 1881; x_wconf 90' lang='lat' dir='ltr'><strong>Domino</strong></span> <span class='ocrx_word' id='word_1_560' title='bbox 2719 1837 2931 1894; x_wconf 91' lang='lat' dir='ltr'><strong>nostro,</strong></span> <span class='ocrx_word' id='word_1_561' title='bbox 2963 1841 3085 1881; x_wconf 92' lang='lat' dir='ltr'><strong>cum</strong></span> <span class='ocrx_word' id='word_1_562' title='bbox 3118 1824 3167 1880; x_wconf 89' lang='lat' dir='ltr'><strong>ei</strong></span> <span class='ocrx_word' id='word_1_563' title='bbox 3217 1821 3538 1878; x_wconf 86' lang='lat' dir='ltr'><strong>invidebant</strong></span> <span class='ocrx_word' id='word_1_564' title='bbox 3581 1824 3814 1878; x_wconf 88' lang='lat' dir='ltr'><strong>occulte.</strong></span> 
     </span>
    </p>
   </div>
   <div class='ocr_carea' id='block_1_78' title="bbox 2213 1915 3816 1988">
    <p class='ocr_par' dir='ltr' id='par_1_78' title="bbox 2213 1915 3816 1988">
     <span class='ocr_line' id='line_1_78' title="bbox 2213 1915 3816 1988; baseline -0.006 -11"><span class='ocrx_word' id='word_1_565' title='bbox 2213 1921 2634 1977; x_wconf 81' lang='lat' dir='ltr'><strong>Insurrexerunt</strong></span> <span class='ocrx_word' id='word_1_566' title='bbox 2661 1929 2857 1975; x_wconf 90' lang='lat' dir='ltr'><strong>contra</strong></span> <span class='ocrx_word' id='word_1_567' title='bbox 2887 1935 3010 1975; x_wconf 93' lang='lat' dir='ltr'><strong>eum</strong></span> <span class='ocrx_word' id='word_1_568' title='bbox 3037 1961 3052 1985; x_wconf 94' lang='lat'><strong>,</strong></span> <span class='ocrx_word' id='word_1_569' title='bbox 3083 1933 3204 1974; x_wconf 92' lang='lat' dir='ltr'><strong>cum</strong></span> <span class='ocrx_word' id='word_1_570' title='bbox 3236 1915 3527 1988; x_wconf 72' lang='lat' dir='ltr'><strong>prmceptis</strong></span> <span class='ocrx_word' id='word_1_571' title='bbox 3577 1915 3696 1985; x_wconf 89' lang='lat' dir='ltr'><strong>ejus</strong></span> <span class='ocrx_word' id='word_1_572' title='bbox 3721 1915 3816 1969; x_wconf 88' lang='lat' dir='ltr'><strong>ob-</strong></span> 
     </span>
    </p>
   </div>
   <div class='ocr_carea' id='block_1_79' title="bbox 2213 2010 3817 2085">
    <p class='ocr_par' dir='ltr' id='par_1_79' title="bbox 2213 2010 3817 2085">
     <span class='ocr_line' id='line_1_79' title="bbox 2213 2010 3817 2085; baseline -0.004 -17"><span class='ocrx_word' id='word_1_573' title='bbox 2213 2016 2518 2070; x_wconf 87' lang='lat' dir='ltr'><strong>viaverunt.</strong></span> <span class='ocrx_word' id='word_1_574' title='bbox 2546 2015 2793 2085; x_wconf 86' lang='lat' dir='ltr'><strong>Operarii</strong></span> <span class='ocrx_word' id='word_1_575' title='bbox 2826 2012 3131 2085; x_wconf 89' lang='lat' dir='ltr'><strong>iniquitatis</strong></span> <span class='ocrx_word' id='word_1_576' title='bbox 3154 2010 3333 2067; x_wconf 76' lang='lat' dir='ltr'><strong>eliecti</strong></span> <span class='ocrx_word' id='word_1_577' title='bbox 3366 2019 3518 2076; x_wconf 91' lang='lat' dir='ltr'><strong>sunt,</strong></span> <span class='ocrx_word' id='word_1_578' title='bbox 3551 2023 3676 2064; x_wconf 91' lang='lat' dir='ltr'><strong>cum</strong></span> <span class='ocrx_word' id='word_1_579' title='bbox 3707 2023 3817 2062; x_wconf 58' lang='lat' dir='ltr'><strong>ma.</strong></span> 
     </span>
    </p>
   </div>
   <div class='ocr_carea' id='block_1_80' title="bbox 2212 2099 3814 2164">
    <p class='ocr_par' dir='ltr' id='par_1_80' title="bbox 2212 2099 3814 2164">
     <span class='ocr_line' id='line_1_80' title="bbox 2212 2099 3814 2164; baseline -0.006 0"><span class='ocrx_word' id='word_1_580' title='bbox 2212 2124 2314 2164; x_wconf 90' lang='lat' dir='ltr'><strong>nus</strong></span> <span class='ocrx_word' id='word_1_581' title='bbox 2343 2115 2692 2164; x_wconf 89' lang='lat' dir='ltr'><strong>armaverunt</strong></span> <span class='ocrx_word' id='word_1_582' title='bbox 2737 2106 2803 2161; x_wconf 89' lang='lat' dir='ltr'><strong>ad</strong></span> <span class='ocrx_word' id='word_1_583' title='bbox 2855 2104 3317 2162; x_wconf 82' lang='lat' dir='ltr'><strong>interfectionem.</strong></span> <span class='ocrx_word' id='word_1_584' title='bbox 3353 2100 3471 2159; x_wconf 83' lang='lat' dir='ltr'><strong>Viri</strong></span> <span class='ocrx_word' id='word_1_585' title='bbox 3516 2110 3643 2156; x_wconf 90' lang='lat' dir='ltr'><strong>sunt</strong></span> <span class='ocrx_word' id='word_1_586' title='bbox 3690 2099 3814 2156; x_wconf 82' lang='lat' dir='ltr'><strong>facti</strong></span> 
     </span>
    </p>
   </div>
   <div class='ocr_carea' id='block_1_81' title="bbox 2212 2193 3814 2272">
    <p class='ocr_par' dir='ltr' id='par_1_81' title="bbox 2212 2193 3814 2272">
     <span class='ocr_line' id='line_1_81' title="bbox 2212 2193 3814 2272; baseline -0.006 -15"><span class='ocrx_word' id='word_1_587' title='bbox 2212 2202 2446 2270; x_wconf 90' lang='lat' dir='ltr'><strong>cruoris,</strong></span> <span class='ocrx_word' id='word_1_588' title='bbox 2477 2216 2603 2256; x_wconf 94' lang='lat' dir='ltr'><strong>cum</strong></span> <span class='ocrx_word' id='word_1_589' title='bbox 2633 2200 2950 2272; x_wconf 91' lang='lat' dir='ltr'><strong>sanguinem</strong></span> <span class='ocrx_word' id='word_1_590' title='bbox 2979 2199 3108 2269; x_wconf 87' lang='lat' dir='ltr'><strong>justi</strong></span> <span class='ocrx_word' id='word_1_591' title='bbox 3138 2211 3302 2267; x_wconf 90' lang='lat' dir='ltr'><strong>super</strong></span> <span class='ocrx_word' id='word_1_592' title='bbox 3327 2210 3388 2251; x_wconf 90' lang='lat' dir='ltr'><strong>se</strong></span> <span class='ocrx_word' id='word_1_593' title='bbox 3413 2209 3656 2266; x_wconf 89' lang='lat' dir='ltr'><strong>suosque</strong></span> <span class='ocrx_word' id='word_1_594' title='bbox 3680 2193 3814 2252; x_wconf 78' lang='lat' dir='ltr'><strong>filios</strong></span> 
     </span>
    </p>
   </div>
   <div class='ocr_carea' id='block_1_82' title="bbox 2214 2289 3394 2366">
    <p class='ocr_par' dir='ltr' id='par_1_82' title="bbox 2214 2289 3394 2366">
     <span class='ocr_line' id='line_1_82' title="bbox 2214 2289 3394 2366; baseline -0.009 -12"><span class='ocrx_word' id='word_1_595' title='bbox 2214 2297 2452 2354; x_wconf 84' lang='lat' dir='ltr'><strong>futurum</strong></span> <span class='ocrx_word' id='word_1_596' title='bbox 2493 2312 2617 2353; x_wconf 86' lang='lat' dir='ltr'><strong>esse</strong></span> <span class='ocrx_word' id='word_1_597' title='bbox 2644 2292 3154 2366; x_wconf 73' lang='lat' dir='ltr'><strong>dixeruntUIattlt.</strong></span> <span class='ocrx_word' id='word_1_598' title='bbox 3188 2289 3394 2362; x_wconf 77' lang='lat' dir='ltr'><strong>xxv&quot;).</strong></span> 
     </span>
    </p>
   </div>
   <div class='ocr_carea' id='block_1_83' title="bbox 2287 2384 3813 2462">
    <p class='ocr_par' dir='ltr' id='par_1_83' title="bbox 2287 2384 3813 2462">
     <span class='ocr_line' id='line_1_83' title="bbox 2287 2384 3813 2462; baseline -0.005 -16"><span class='ocrx_word' id='word_1_599' title='bbox 2287 2391 2424 2459; x_wconf 83' lang='lat' dir='ltr'><strong>Quia</strong></span> <span class='ocrx_word' id='word_1_600' title='bbox 2463 2407 2576 2444; x_wconf 78' lang='lat' dir='ltr'><strong>ecce</strong></span> <span class='ocrx_word' id='word_1_601' title='bbox 2599 2399 2840 2462; x_wconf 85' lang='lat' dir='ltr'><strong>ceperunt</strong></span> <span class='ocrx_word' id='word_1_602' title='bbox 2871 2388 3097 2441; x_wconf 88' lang='lat' dir='ltr'><strong>animant</strong></span> <span class='ocrx_word' id='word_1_603' title='bbox 3127 2400 3327 2441; x_wconf 83' lang='lat' dir='ltr'><strong>nteant:</strong></span> <span class='ocrx_word' id='word_1_604' title='bbox 3360 2385 3624 2439; x_wconf 86' lang='lat' dir='ltr'><strong>irruerttnt</strong></span> <span class='ocrx_word' id='word_1_605' title='bbox 3654 2384 3708 2437; x_wconf 88' lang='lat' dir='ltr'><strong>in</strong></span> <span class='ocrx_word' id='word_1_606' title='bbox 3737 2397 3813 2438; x_wconf 73' lang='lat' dir='ltr'><strong>nte</strong></span> 
     </span>
    </p>
   </div>
   <div class='ocr_carea' id='block_1_84' title="bbox 2213 2482 3132 2557">
    <p class='ocr_par' dir='ltr' id='par_1_84' title="bbox 2213 2482 3132 2557">
     <span class='ocr_line' id='line_1_84' title="bbox 2213 2482 3132 2557; baseline -0.005 -18"><span class='ocrx_word' id='word_1_607' title='bbox 2213 2486 2392 2557; x_wconf 81' lang='lat' dir='ltr'><strong>fortes.</strong></span> <span class='ocrx_word' id='word_1_608' title='bbox 2429 2484 2496 2540; x_wconf 92' lang='lat' dir='ltr'><strong>Ut</strong></span> <span class='ocrx_word' id='word_1_609' title='bbox 2525 2499 2610 2539; x_wconf 90' lang='lat' dir='ltr'><strong>me</strong></span> <span class='ocrx_word' id='word_1_610' title='bbox 2641 2482 2918 2538; x_wconf 90' lang='lat' dir='ltr'><strong>traderent</strong></span> <span class='ocrx_word' id='word_1_611' title='bbox 2947 2483 3132 2535; x_wconf 89' lang='lat' dir='ltr'><strong>morti.</strong></span> 
     </span>
    </p>
   </div>
   <div class='ocr_carea' id='block_1_85' title="bbox 2287 2570 3811 2647">
    <p class='ocr_par' dir='ltr' id='par_1_85' title="bbox 2287 2570 3811 2647">
     <span class='ocr_line' id='line_1_85' title="bbox 2287 2570 3811 2647; baseline -0.004 -15"><span class='ocrx_word' id='word_1_612' title='bbox 2287 2576 2468 2647; x_wconf 85' lang='lat' dir='ltr'><strong>Neque</strong></span> <span class='ocrx_word' id='word_1_613' title='bbox 2491 2577 2731 2647; x_wconf 88' lang='lat' dir='ltr'><strong>iniquitas</strong></span> <span class='ocrx_word' id='word_1_614' title='bbox 2758 2592 2872 2630; x_wconf 89' lang='lat' dir='ltr'><strong>mea</strong></span> <span class='ocrx_word' id='word_1_615' title='bbox 2903 2590 3064 2646; x_wconf 83' lang='lat' dir='ltr'><strong>neque</strong></span> <span class='ocrx_word' id='word_1_616' title='bbox 3089 2581 3374 2646; x_wconf 86' lang='lat' dir='ltr'><strong>peccatum,</strong></span> <span class='ocrx_word' id='word_1_617' title='bbox 3405 2570 3657 2636; x_wconf 89' lang='lat' dir='ltr'><strong>Domine,</strong></span> <span class='ocrx_word' id='word_1_618' title='bbox 3704 2572 3811 2626; x_wconf 84' lang='lat' dir='ltr'><strong>sine</strong></span> 
     </span>
    </p>
   </div>
   <div class='ocr_carea' id='block_1_86' title="bbox 2212 2665 3809 2741">
    <p class='ocr_par' dir='ltr' id='par_1_86' title="bbox 2212 2665 3809 2741">
     <span class='ocr_line' id='line_1_86' title="bbox 2212 2665 3809 2741; baseline -0.005 -15"><span class='ocrx_word' id='word_1_619' title='bbox 2212 2673 2480 2741; x_wconf 83' lang='lat' dir='ltr'><strong>iniquitate</strong></span> <span class='ocrx_word' id='word_1_620' title='bbox 2501 2671 2728 2738; x_wconf 86' lang='lat' dir='ltr'><strong>cucurri,</strong></span> <span class='ocrx_word' id='word_1_621' title='bbox 2751 2681 2800 2725; x_wconf 90' lang='lat' dir='ltr'><strong>et</strong></span> <span class='ocrx_word' id='word_1_622' title='bbox 2826 2668 3014 2724; x_wconf 78' lang='lat' dir='ltr'><strong>direxi.</strong></span> <span class='ocrx_word' id='word_1_623' title='bbox 3040 2667 3154 2723; x_wconf 82' lang='lat' dir='ltr'><strong>Non</strong></span> <span class='ocrx_word' id='word_1_624' title='bbox 3189 2668 3306 2722; x_wconf 78' lang='lat' dir='ltr'><strong>bch</strong></span> <span class='ocrx_word' id='word_1_625' title='bbox 3326 2665 3502 2721; x_wconf 83' lang='lat' dir='ltr'><strong>David</strong></span> <span class='ocrx_word' id='word_1_626' title='bbox 3530 2665 3601 2722; x_wconf 91' lang='lat' dir='ltr'><strong>de</strong></span> <span class='ocrx_word' id='word_1_627' title='bbox 3629 2680 3688 2720; x_wconf 88' lang='lat' dir='ltr'><strong>se</strong></span> <span class='ocrx_word' id='word_1_628' title='bbox 3729 2665 3809 2720; x_wconf 85' lang='lat' dir='ltr'><strong>di-</strong></span> 
     </span>
    </p>
   </div>
   <div class='ocr_carea' id='block_1_87' title="bbox 2211 2760 3807 2836">
    <p class='ocr_par' dir='ltr' id='par_1_87' title="bbox 2211 2760 3807 2836">
     <span class='ocr_line' id='line_1_87' title="bbox 2211 2760 3807 2836; baseline -0.004 -15"><span class='ocrx_word' id='word_1_629' title='bbox 2211 2781 2337 2821; x_wconf 90' lang='lat' dir='ltr'><strong>cere</strong></span> <span class='ocrx_word' id='word_1_630' title='bbox 2368 2765 2564 2836; x_wconf 89' lang='lat' dir='ltr'><strong>potuit,</strong></span> <span class='ocrx_word' id='word_1_631' title='bbox 2595 2763 2687 2834; x_wconf 89' lang='lat' dir='ltr'><strong>qui</strong></span> <span class='ocrx_word' id='word_1_632' title='bbox 2719 2779 2778 2818; x_wconf 91' lang='lat' dir='ltr'><strong>se</strong></span> <span class='ocrx_word' id='word_1_633' title='bbox 2815 2762 2867 2817; x_wconf 88' lang='lat' dir='ltr'><strong>in</strong></span> <span class='ocrx_word' id='word_1_634' title='bbox 2900 2761 3006 2816; x_wconf 89' lang='lat' dir='ltr'><strong>alio</strong></span> <span class='ocrx_word' id='word_1_635' title='bbox 3039 2761 3247 2830; x_wconf 85' lang='lat' dir='ltr'><strong>psalmo</strong></span> <span class='ocrx_word' id='word_1_636' title='bbox 3289 2760 3514 2831; x_wconf 90' lang='lat' dir='ltr'><strong>plenum</strong></span> <span class='ocrx_word' id='word_1_637' title='bbox 3567 2761 3807 2829; x_wconf 84' lang='lat' dir='ltr'><strong>peccatis</strong></span> 
     </span>
    </p>
   </div>
   <div class='ocr_carea' id='block_1_88' title="bbox 2211 2856 3806 2930">
    <p class='ocr_par' dir='ltr' id='par_1_88' title="bbox 2211 2856 3806 2930">
     <span class='ocr_line' id='line_1_88' title="bbox 2211 2856 3806 2930; baseline -0.005 -14"><span class='ocrx_word' id='word_1_638' title='bbox 2211 2875 2335 2916; x_wconf 87' lang='lat' dir='ltr'><strong>esse</strong></span> <span class='ocrx_word' id='word_1_639' title='bbox 2357 2860 2645 2930; x_wconf 87' lang='lat' dir='ltr'><strong>cognovit;</strong></span> <span class='ocrx_word' id='word_1_640' title='bbox 2676 2858 2771 2914; x_wconf 88' lang='lat' dir='ltr'><strong>sed</strong></span> <span class='ocrx_word' id='word_1_641' title='bbox 2803 2857 2871 2914; x_wconf 88' lang='lat' dir='ltr'><strong>de</strong></span> <span class='ocrx_word' id='word_1_642' title='bbox 2895 2872 2964 2913; x_wconf 90' lang='lat' dir='ltr'><strong>eo</strong></span> <span class='ocrx_word' id='word_1_643' title='bbox 2989 2856 3080 2926; x_wconf 90' lang='lat' dir='ltr'><strong>qui</strong></span> <span class='ocrx_word' id='word_1_644' title='bbox 3104 2864 3322 2926; x_wconf 90' lang='lat' dir='ltr'><strong>peccata</strong></span> <span class='ocrx_word' id='word_1_645' title='bbox 3345 2862 3533 2910; x_wconf 90' lang='lat' dir='ltr'><strong>nostra</strong></span> <span class='ocrx_word' id='word_1_646' title='bbox 3561 2862 3806 2926; x_wconf 80' lang='lat' dir='ltr'><strong>portans,</strong></span> 
     </span>
    </p>
   </div>
   <div class='ocr_carea' id='block_1_89' title="bbox 2210 2948 3809 3023">
    <p class='ocr_par' dir='ltr' id='par_1_89' title="bbox 2210 2948 3809 3023">
     <span class='ocr_line' id='line_1_89' title="bbox 2210 2948 3809 3023; baseline -0.006 -15"><span class='ocrx_word' id='word_1_647' title='bbox 2210 2955 2330 3009; x_wconf 91' lang='lat' dir='ltr'><strong>sine</strong></span> <span class='ocrx_word' id='word_1_648' title='bbox 2354 2953 2464 3008; x_wconf 92' lang='lat' dir='ltr'><strong>ullo</strong></span> <span class='ocrx_word' id='word_1_649' title='bbox 2493 2953 2790 3023; x_wconf 89' lang='lat' dir='ltr'><strong>iniquitatis</strong></span> <span class='ocrx_word' id='word_1_650' title='bbox 2820 2951 3059 3021; x_wconf 88' lang='lat' dir='ltr'><strong>pondere</strong></span> <span class='ocrx_word' id='word_1_651' title='bbox 3081 2963 3252 3020; x_wconf 89' lang='lat' dir='ltr'><strong>usque</strong></span> <span class='ocrx_word' id='word_1_652' title='bbox 3280 2948 3348 3004; x_wconf 87' lang='lat' dir='ltr'><strong>ad</strong></span> <span class='ocrx_word' id='word_1_653' title='bbox 3369 2949 3578 3005; x_wconf 83' lang='lat' dir='ltr'><strong>exitum</strong></span> <span class='ocrx_word' id='word_1_654' title='bbox 3611 2963 3809 3017; x_wconf 84' lang='lat' dir='ltr'><strong>corpo-</strong></span> 
     </span>
    </p>
   </div>
   <div class='ocr_carea' id='block_1_90' title="bbox 2210 3040 3810 3114">
    <p class='ocr_par' dir='ltr' id='par_1_90' title="bbox 2210 3040 3810 3114">
     <span class='ocr_line' id='line_1_90' title="bbox 2210 3040 3810 3114; baseline -0.006 -12"><span class='ocrx_word' id='word_1_655' title='bbox 2210 3061 2318 3102; x_wconf 82' lang='lat' dir='ltr'><strong>reae</strong></span> <span class='ocrx_word' id='word_1_656' title='bbox 2347 3046 2538 3101; x_wconf 92' lang='lat' dir='ltr'><strong>mortis</strong></span> <span class='ocrx_word' id='word_1_657' title='bbox 2563 3044 2825 3100; x_wconf 87' lang='lat' dir='ltr'><strong>cucurrit.</strong></span> <span class='ocrx_word' id='word_1_658' title='bbox 2860 3043 2988 3099; x_wconf 87' lang='lat' dir='ltr'><strong>Sine</strong></span> <span class='ocrx_word' id='word_1_659' title='bbox 3015 3043 3285 3114; x_wconf 83' lang='lat' dir='ltr'><strong>iniquitate</strong></span> <span class='ocrx_word' id='word_1_660' title='bbox 3335 3040 3562 3105; x_wconf 88' lang='lat' dir='ltr'><strong>cucurri,</strong></span> <span class='ocrx_word' id='word_1_661' title='bbox 3596 3049 3646 3092; x_wconf 90' lang='lat' dir='ltr'><strong>et</strong></span> <span class='ocrx_word' id='word_1_662' title='bbox 3676 3040 3810 3093; x_wconf 83' lang='lat' dir='ltr'><strong>dire-</strong></span> 
     </span>
    </p>
   </div>
   <div class='ocr_carea' id='block_1_91' title="bbox 2210 3131 3808 3210">
    <p class='ocr_par' dir='ltr' id='par_1_91' title="bbox 2210 3131 3808 3210">
     <span class='ocr_line' id='line_1_91' title="bbox 2210 3131 3808 3210; baseline -0.006 -14"><span class='ocrx_word' id='word_1_663' title='bbox 2210 3142 2284 3196; x_wconf 65' lang='grc' dir='ltr'><strong>τά.</strong></span> <span class='ocrx_word' id='word_1_664' title='bbox 2317 3142 2382 3197; x_wconf 86' lang='lat' dir='ltr'><strong>Et</strong></span> <span class='ocrx_word' id='word_1_665' title='bbox 2422 3140 2522 3195; x_wconf 86' lang='lat' dir='ltr'><strong>iste</strong></span> <span class='ocrx_word' id='word_1_666' title='bbox 2547 3139 2783 3210; x_wconf 90' lang='lat' dir='ltr'><strong>psalmus</strong></span> <span class='ocrx_word' id='word_1_667' title='bbox 2813 3153 2881 3194; x_wconf 81' lang='lat' dir='ltr'><strong>ex</strong></span> <span class='ocrx_word' id='word_1_668' title='bbox 2911 3151 3142 3208; x_wconf 89' lang='lat' dir='ltr'><strong>persona</strong></span> <span class='ocrx_word' id='word_1_669' title='bbox 3187 3134 3402 3190; x_wconf 86' lang='lat' dir='ltr'><strong>Domini</strong></span> <span class='ocrx_word' id='word_1_670' title='bbox 3437 3131 3674 3203; x_wconf 89' lang='lat' dir='ltr'><strong>intelligi</strong></span> <span class='ocrx_word' id='word_1_671' title='bbox 3706 3147 3808 3202; x_wconf 86' lang='lat' dir='ltr'><strong>po-</strong></span> 
     </span>
    </p>
   </div>
   <div class='ocr_carea' id='block_1_92' title="bbox 2214 3226 3811 3305">
    <p class='ocr_par' dir='ltr' id='par_1_92' title="bbox 2214 3226 3811 3305">
     <span class='ocr_line' id='line_1_92' title="bbox 2214 3226 3811 3305; baseline -0.007 -13"><span class='ocrx_word' id='word_1_672' title='bbox 2214 3246 2335 3292; x_wconf 84' lang='lat' dir='ltr'><strong>test.</strong></span> <span class='ocrx_word' id='word_1_673' title='bbox 2367 3235 2459 3290; x_wconf 90' lang='lat' dir='ltr'><strong>Ait</strong></span> <span class='ocrx_word' id='word_1_674' title='bbox 2483 3235 2682 3305; x_wconf 90' lang='lat' dir='ltr'><strong>quippe</strong></span> <span class='ocrx_word' id='word_1_675' title='bbox 2711 3251 2724 3289; x_wconf 92' lang='lat'>:</span> <span class='ocrx_word' id='word_1_676' title='bbox 2759 3231 2916 3288; x_wconf 86' lang='lat' dir='ltr'><strong>Venit</strong></span> <span class='ocrx_word' id='word_1_677' title='bbox 2939 3231 3190 3302; x_wconf 87' lang='lat' dir='ltr'><strong>princeps</strong></span> <span class='ocrx_word' id='word_1_678' title='bbox 3218 3228 3402 3282; x_wconf 90' lang='lat' dir='ltr'><strong>mundi</strong></span> <span class='ocrx_word' id='word_1_679' title='bbox 3427 3227 3614 3289; x_wconf 87' lang='lat' dir='ltr'><strong>istius.</strong></span> <span class='ocrx_word' id='word_1_680' title='bbox 3642 3236 3696 3282; x_wconf 90' lang='lat' dir='ltr'><strong>et</strong></span> <span class='ocrx_word' id='word_1_681' title='bbox 3731 3226 3811 3281; x_wconf 82' lang='lat' dir='ltr'><strong>in-</strong></span> 
     </span>
    </p>
   </div>
   <div class='ocr_carea' id='block_1_93' title="bbox 2213 3318 3805 3393">
    <p class='ocr_par' dir='ltr' id='par_1_93' title="bbox 2213 3318 3805 3393">
     <span class='ocr_line' id='line_1_93' title="bbox 2213 3318 3805 3393; baseline -0.005 -13"><span class='ocrx_word' id='word_1_682' title='bbox 2213 3325 2362 3382; x_wconf 88' lang='lat' dir='ltr'><strong>venit</strong></span> <span class='ocrx_word' id='word_1_683' title='bbox 2385 3326 2438 3381; x_wconf 91' lang='lat' dir='ltr'><strong>in</strong></span> <span class='ocrx_word' id='word_1_684' title='bbox 2465 3340 2550 3380; x_wconf 91' lang='lat' dir='ltr'><strong>me</strong></span> <span class='ocrx_word' id='word_1_685' title='bbox 2580 3323 2714 3378; x_wconf 91' lang='lat' dir='ltr'><strong>nihil</strong></span> <span class='ocrx_word' id='word_1_686' title='bbox 2739 3323 2758 3393; x_wconf 93' lang='lat'>(</span> <span class='ocrx_word' id='word_1_687' title='bbox 2779 3322 2940 3377; x_wconf 85' lang='lat' dir='ltr'><strong>Joan.</strong></span> <span class='ocrx_word' id='word_1_688' title='bbox 2969 3320 3113 3389; x_wconf 71' lang='lat' dir='ltr'><strong>svi).</strong></span> <span class='ocrx_word' id='word_1_689' title='bbox 3144 3319 3241 3375; x_wconf 79' lang='lat' dir='ltr'><strong>Vel</strong></span> <span class='ocrx_word' id='word_1_690' title='bbox 3267 3327 3418 3374; x_wconf 89' lang='lat' dir='ltr'><strong>certe</strong></span> <span class='ocrx_word' id='word_1_691' title='bbox 3451 3320 3682 3373; x_wconf 84' lang='lat' dir='ltr'><strong>cucurrit</strong></span> <span class='ocrx_word' id='word_1_692' title='bbox 3708 3335 3725 3371; x_wconf 90' lang='lat'><em>:</em></span> <span class='ocrx_word' id='word_1_693' title='bbox 3756 3318 3805 3372; x_wconf 91' lang='lat' dir='ltr'><strong>id</strong></span> 
     </span>
    </p>
   </div>
   <div class='ocr_carea' id='block_1_94' title="bbox 2212 3411 3806 3482">
    <p class='ocr_par' dir='ltr' id='par_1_94' title="bbox 2212 3411 3806 3482">
     <span class='ocr_line' id='line_1_94' title="bbox 2212 3411 3806 3482; baseline -0.004 -9"><span class='ocrx_word' id='word_1_694' title='bbox 2212 3428 2318 3482; x_wconf 88' lang='lat' dir='ltr'><strong>est,</strong></span> <span class='ocrx_word' id='word_1_695' title='bbox 2345 3417 2413 3474; x_wconf 92' lang='lat' dir='ltr'><strong>de</strong></span> <span class='ocrx_word' id='word_1_696' title='bbox 2439 3418 2580 3474; x_wconf 71' lang='lat' dir='ltr'><strong>cm‘o</strong></span> <span class='ocrx_word' id='word_1_697' title='bbox 2607 3415 2759 3470; x_wconf 91' lang='lat' dir='ltr'><strong>venit</strong></span> <span class='ocrx_word' id='word_1_698' title='bbox 2787 3415 2839 3470; x_wconf 93' lang='lat' dir='ltr'><strong>in</strong></span> <span class='ocrx_word' id='word_1_699' title='bbox 2865 3423 3106 3477; x_wconf 88' lang='lat' dir='ltr'><strong>uterum,</strong></span> <span class='ocrx_word' id='word_1_700' title='bbox 3151 3411 3220 3467; x_wconf 94' lang='lat' dir='ltr'><strong>de</strong></span> <span class='ocrx_word' id='word_1_701' title='bbox 3249 3421 3403 3467; x_wconf 91' lang='lat' dir='ltr'><strong>utero</strong></span> <span class='ocrx_word' id='word_1_702' title='bbox 3435 3412 3487 3466; x_wconf 91' lang='lat' dir='ltr'><strong>in</strong></span> <span class='ocrx_word' id='word_1_703' title='bbox 3541 3426 3806 3481; x_wconf 74' lang='lat' dir='ltr'><strong>prmsepe,</strong></span> 
     </span>
    </p>
   </div>
   <div class='ocr_carea' id='block_1_95' title="bbox 2211 3504 3807 3582">
    <p class='ocr_par' dir='ltr' id='par_1_95' title="bbox 2211 3504 3807 3582">
     <span class='ocr_line' id='line_1_95' title="bbox 2211 3504 3807 3582; baseline -0.006 -15"><span class='ocrx_word' id='word_1_704' title='bbox 2211 3510 2279 3567; x_wconf 93' lang='lat' dir='ltr'><strong>de</strong></span> <span class='ocrx_word' id='word_1_705' title='bbox 2310 3512 2538 3582; x_wconf 73' lang='lat' dir='ltr'><strong>prtesepi</strong></span> <span class='ocrx_word' id='word_1_706' title='bbox 2589 3510 2643 3564; x_wconf 91' lang='lat' dir='ltr'><strong>in</strong></span> <span class='ocrx_word' id='word_1_707' title='bbox 2671 3523 2892 3564; x_wconf 78' lang='lat' dir='ltr'><strong>crucem</strong></span> <span class='ocrx_word' id='word_1_708' title='bbox 2919 3525 2932 3562; x_wconf 90' lang='lat'><strong>:</strong></span> <span class='ocrx_word' id='word_1_709' title='bbox 2962 3507 3031 3562; x_wconf 94' lang='lat' dir='ltr'><strong>de</strong></span> <span class='ocrx_word' id='word_1_710' title='bbox 3057 3520 3220 3562; x_wconf 90' lang='lat' dir='ltr'><strong>cruce</strong></span> <span class='ocrx_word' id='word_1_711' title='bbox 3271 3504 3322 3560; x_wconf 93' lang='lat' dir='ltr'><strong>in</strong></span> <span class='ocrx_word' id='word_1_712' title='bbox 3359 3505 3676 3576; x_wconf 84' lang='lat' dir='ltr'><strong>sepulcrum</strong></span> <span class='ocrx_word' id='word_1_713' title='bbox 3704 3523 3718 3559; x_wconf 89' lang='lat'><strong>:</strong></span> <span class='ocrx_word' id='word_1_714' title='bbox 3742 3504 3807 3558; x_wconf 84' lang='lat' dir='ltr'><strong>de</strong></span> 
     </span>
    </p>
   </div>
   <div class='ocr_carea' id='block_1_96' title="bbox 2211 3597 3807 3674">
    <p class='ocr_par' dir='ltr' id='par_1_96' title="bbox 2211 3597 3807 3674">
     <span class='ocr_line' id='line_1_96' title="bbox 2211 3597 3807 3674; baseline -0.006 -14"><span class='ocrx_word' id='word_1_715' title='bbox 2211 3603 2464 3674; x_wconf 87' lang='lat' dir='ltr'><strong>sepulcro</strong></span> <span class='ocrx_word' id='word_1_716' title='bbox 2513 3601 2578 3656; x_wconf 89' lang='lat' dir='ltr'><strong>ad</strong></span> <span class='ocrx_word' id='word_1_717' title='bbox 2605 3600 2846 3657; x_wconf 89' lang='lat' dir='ltr'><strong>inferos:</strong></span> <span class='ocrx_word' id='word_1_718' title='bbox 2890 3600 2957 3656; x_wconf 92' lang='lat' dir='ltr'><strong>de</strong></span> <span class='ocrx_word' id='word_1_719' title='bbox 2980 3598 3170 3656; x_wconf 79' lang='lat' dir='ltr'><strong>inferis</strong></span> <span class='ocrx_word' id='word_1_720' title='bbox 3217 3599 3392 3653; x_wconf 90' lang='lat' dir='ltr'><strong>victor</strong></span> <span class='ocrx_word' id='word_1_721' title='bbox 3440 3599 3706 3654; x_wconf 86' lang='lat' dir='ltr'><strong>remeavit</strong></span> <span class='ocrx_word' id='word_1_722' title='bbox 3744 3597 3807 3652; x_wconf 88' lang='lat' dir='ltr'><strong>ad</strong></span> 
     </span>
    </p>
   </div>
   <div class='ocr_carea' id='block_1_97' title="bbox 2209 3692 3804 3760">
    <p class='ocr_par' dir='ltr' id='par_1_97' title="bbox 2209 3692 3804 3760">
     <span class='ocr_line' id='line_1_97' title="bbox 2209 3692 3804 3760; baseline -0.005 -7"><span class='ocrx_word' id='word_1_723' title='bbox 2209 3697 2402 3754; x_wconf 83' lang='lat' dir='ltr'><strong>caelos.</strong></span> <span class='ocrx_word' id='word_1_724' title='bbox 2448 3694 2515 3750; x_wconf 84' lang='lat' dir='ltr'><strong>Et</strong></span> <span class='ocrx_word' id='word_1_725' title='bbox 2553 3696 2780 3760; x_wconf 71' lang='lat' dir='ltr'><strong>direxit,</strong></span> <span class='ocrx_word' id='word_1_726' title='bbox 2820 3709 2928 3748; x_wconf 92' lang='lat' dir='ltr'><strong>non</strong></span> <span class='ocrx_word' id='word_1_727' title='bbox 2974 3707 3169 3748; x_wconf 90' lang='lat' dir='ltr'><strong>sensus</strong></span> <span class='ocrx_word' id='word_1_728' title='bbox 3215 3706 3379 3758; x_wconf 85' lang='lat' dir='ltr'><strong>suos.</strong></span> <span class='ocrx_word' id='word_1_729' title='bbox 3420 3692 3518 3746; x_wconf 91' lang='lat' dir='ltr'><strong>sed</strong></span> <span class='ocrx_word' id='word_1_730' title='bbox 3554 3699 3804 3752; x_wconf 80' lang='lat' dir='ltr'><strong>nostros.</strong></span> 
     </span>
    </p>
   </div>
   <div class='ocr_carea' id='block_1_98' title="bbox 2210 3784 3804 3862">
    <p class='ocr_par' dir='ltr' id='par_1_98' title="bbox 2210 3784 3804 3862">
     <span class='ocr_line' id='line_1_98' title="bbox 2210 3784 3804 3862; baseline -0.007 -15"><span class='ocrx_word' id='word_1_731' title='bbox 2210 3793 2337 3861; x_wconf 89' lang='lat' dir='ltr'><strong>quia</strong></span> <span class='ocrx_word' id='word_1_732' title='bbox 2364 3791 2508 3862; x_wconf 89' lang='lat' dir='ltr'><strong>pravi</strong></span> <span class='ocrx_word' id='word_1_733' title='bbox 2548 3799 2730 3856; x_wconf 86' lang='lat' dir='ltr'><strong>erant,</strong></span> <span class='ocrx_word' id='word_1_734' title='bbox 2758 3797 2814 3844; x_wconf 92' lang='lat' dir='ltr'><strong>et</strong></span> <span class='ocrx_word' id='word_1_735' title='bbox 2843 3787 3099 3843; x_wconf 81' lang='lat' dir='ltr'><strong>tortuosi.</strong></span> <span class='ocrx_word' id='word_1_736' title='bbox 3136 3784 3291 3842; x_wconf 88' lang='lat' dir='ltr'><strong>Unde</strong></span> <span class='ocrx_word' id='word_1_737' title='bbox 3323 3784 3588 3854; x_wconf 86' lang='lat' dir='ltr'><strong>propheta</strong></span> <span class='ocrx_word' id='word_1_738' title='bbox 3639 3785 3804 3840; x_wconf 73' lang='lat' dir='ltr'><strong>dixit:</strong></span> 
     </span>
    </p>
   </div>
   <div class='ocr_carea' id='block_1_99' title="bbox 2213 3877 3806 3952">
    <p class='ocr_par' dir='ltr' id='par_1_99' title="bbox 2213 3877 3806 3952">
     <span class='ocr_line' id='line_1_99' title="bbox 2213 3877 3806 3952; baseline -0.005 -13"><span class='ocrx_word' id='word_1_739' title='bbox 2213 3885 2276 3940; x_wconf 83' lang='lat' dir='ltr'><strong>Et</strong></span> <span class='ocrx_word' id='word_1_740' title='bbox 2305 3893 2462 3938; x_wconf 91' lang='lat' dir='ltr'><strong>erunt</strong></span> <span class='ocrx_word' id='word_1_741' title='bbox 2492 3897 2654 3952; x_wconf 82' lang='lat' dir='ltr'><strong>prava</strong></span> <span class='ocrx_word' id='word_1_742' title='bbox 2707 3882 2758 3935; x_wconf 91' lang='lat' dir='ltr'><strong>in</strong></span> <span class='ocrx_word' id='word_1_743' title='bbox 2787 3879 3018 3945; x_wconf 90' lang='lat' dir='ltr'><strong>directa,</strong></span> <span class='ocrx_word' id='word_1_744' title='bbox 3065 3886 3121 3934; x_wconf 92' lang='lat' dir='ltr'><strong>et</strong></span> <span class='ocrx_word' id='word_1_745' title='bbox 3145 3892 3341 3949; x_wconf 90' lang='lat' dir='ltr'><strong>aspera</strong></span> <span class='ocrx_word' id='word_1_746' title='bbox 3392 3877 3446 3932; x_wconf 92' lang='lat' dir='ltr'><strong>in</strong></span> <span class='ocrx_word' id='word_1_747' title='bbox 3474 3877 3594 3931; x_wconf 88' lang='lat' dir='ltr'><strong>vias</strong></span> <span class='ocrx_word' id='word_1_748' title='bbox 3627 3877 3806 3947; x_wconf 84' lang='lat' dir='ltr'><strong>planas</strong></span> 
     </span>
    </p>
   </div>
   <div class='ocr_carea' id='block_1_100' title="bbox 2213 3973 2570 4047">
    <p class='ocr_par' dir='ltr' id='par_1_100' title="bbox 2213 3973 2570 4047">
     <span class='ocr_line' id='line_1_100' title="bbox 2213 3973 2570 4047; baseline -0.006 -17"><span class='ocrx_word' id='word_1_749' title='bbox 2213 3975 2385 4047; x_wconf 84' lang='lat' dir='ltr'><strong>(Isai.</strong></span> <span class='ocrx_word' id='word_1_750' title='bbox 2419 3973 2570 4046; x_wconf 72' lang='lat' dir='ltr'><strong>xxv).</strong></span> 
     </span>
    </p>
   </div>
   <div class='ocr_carea' id='block_1_101' title="bbox 2286 4061 3806 4137">
    <p class='ocr_par' dir='ltr' id='par_1_101' title="bbox 2286 4061 3806 4137">
     <span class='ocr_line' id='line_1_101' title="bbox 2286 4061 3806 4137; baseline -0.004 -17"><span class='ocrx_word' id='word_1_751' title='bbox 2286 4066 2522 4137; x_wconf 73' lang='lat' dir='ltr'><strong>Exsurge</strong></span> <span class='ocrx_word' id='word_1_752' title='bbox 2547 4067 2598 4118; x_wconf 87' lang='lat' dir='ltr'><strong>in</strong></span> <span class='ocrx_word' id='word_1_753' title='bbox 2630 4081 2900 4119; x_wconf 87' lang='lat' dir='ltr'><strong>occursum</strong></span> <span class='ocrx_word' id='word_1_754' title='bbox 2928 4079 3114 4118; x_wconf 87' lang='lat' dir='ltr'><strong>meum.</strong></span> <span class='ocrx_word' id='word_1_755' title='bbox 3143 4061 3222 4116; x_wconf 75' lang='lat' dir='ltr'><strong>Ad</strong></span> <span class='ocrx_word' id='word_1_756' title='bbox 3253 4061 3467 4118; x_wconf 87' lang='lat' dir='ltr'><strong>Patrem</strong></span> <span class='ocrx_word' id='word_1_757' title='bbox 3494 4062 3613 4116; x_wconf 76' lang='lat' dir='ltr'><strong>lure</strong></span> <span class='ocrx_word' id='word_1_758' title='bbox 3637 4061 3806 4131; x_wconf 88' lang='lat' dir='ltr'><strong>loqui-</strong></span> 
     </span>
    </p>
   </div>
   <div class='ocr_carea' id='block_1_102' title="bbox 2211 4153 3808 4230">
    <p class='ocr_par' dir='ltr' id='par_1_102' title="bbox 2211 4153 3808 4230">
     <span class='ocr_line' id='line_1_102' title="bbox 2211 4153 3808 4230; baseline -0.006 -14"><span class='ocrx_word' id='word_1_759' title='bbox 2211 4169 2320 4228; x_wconf 91' lang='lat' dir='ltr'><strong>tur,</strong></span> <span class='ocrx_word' id='word_1_760' title='bbox 2355 4174 2384 4213; x_wconf 88' lang='lat' dir='ltr'><strong>a</strong></span> <span class='ocrx_word' id='word_1_761' title='bbox 2407 4174 2514 4230; x_wconf 92' lang='lat' dir='ltr'><strong>quo</strong></span> <span class='ocrx_word' id='word_1_762' title='bbox 2538 4173 2597 4213; x_wconf 91' lang='lat' dir='ltr'><strong>se</strong></span> <span class='ocrx_word' id='word_1_763' title='bbox 2620 4158 2672 4212; x_wconf 91' lang='lat' dir='ltr'><strong>in</strong></span> <span class='ocrx_word' id='word_1_764' title='bbox 2697 4154 3305 4228; x_wconf 88' lang='lat' dir='ltr'><strong>Evangeliisclarificari</strong></span> <span class='ocrx_word' id='word_1_765' title='bbox 3337 4161 3614 4226; x_wconf 90' lang='lat' dir='ltr'><strong>precatur.</strong></span> <span class='ocrx_word' id='word_1_766' title='bbox 3637 4153 3740 4221; x_wconf 88' lang='lat' dir='ltr'><strong>Qui</strong></span> <span class='ocrx_word' id='word_1_767' title='bbox 3761 4161 3808 4207; x_wconf 87' lang='lat' dir='ltr'><strong>ct</strong></span> 
     </span>
    </p>
   </div>
   <div class='ocr_carea' id='block_1_103' title="bbox 2213 4248 3809 4322">
    <p class='ocr_par' dir='ltr' id='par_1_103' title="bbox 2213 4248 3809 4322">
     <span class='ocr_line' id='line_1_103' title="bbox 2213 4248 3809 4322; baseline -0.006 -14"><span class='ocrx_word' id='word_1_768' title='bbox 2213 4261 2488 4322; x_wconf 89' lang='lat' dir='ltr'><strong>tamquam</strong></span> <span class='ocrx_word' id='word_1_769' title='bbox 2515 4265 2810 4306; x_wconf 85' lang='lat' dir='ltr'><strong>occurrens</strong></span> <span class='ocrx_word' id='word_1_770' title='bbox 2830 4291 2844 4314; x_wconf 91' lang='lat'><strong>,</strong></span> <span class='ocrx_word' id='word_1_771' title='bbox 2876 4262 3207 4318; x_wconf 89' lang='lat' dir='ltr'><strong>manumque</strong></span> <span class='ocrx_word' id='word_1_772' title='bbox 3237 4248 3545 4318; x_wconf 86' lang='lat' dir='ltr'><strong>porrigens,</strong></span> <span class='ocrx_word' id='word_1_773' title='bbox 3589 4263 3809 4316; x_wconf 89' lang='lat' dir='ltr'><strong>respon-</strong></span> 
     </span>
    </p>
   </div>
   <div class='ocr_carea' id='block_1_104' title="bbox 2211 4338 3808 4407">
    <p class='ocr_par' dir='ltr' id='par_1_104' title="bbox 2211 4338 3808 4407">
     <span class='ocr_line' id='line_1_104' title="bbox 2211 4338 3808 4407; baseline -0.006 -7"><span class='ocrx_word' id='word_1_774' title='bbox 2211 4344 2287 4400; x_wconf 92' lang='lat' dir='ltr'><strong>dit</strong></span> <span class='ocrx_word' id='word_1_775' title='bbox 2320 4343 2510 4399; x_wconf 87' lang='lat' dir='ltr'><strong>dicens</strong></span> <span class='ocrx_word' id='word_1_776' title='bbox 2563 4360 2576 4396; x_wconf 89' lang='lat'><strong>:</strong></span> <span class='ocrx_word' id='word_1_777' title='bbox 2647 4342 2714 4396; x_wconf 90' lang='lat' dir='ltr'><strong>Et</strong></span> <span class='ocrx_word' id='word_1_778' title='bbox 2760 4341 3092 4407; x_wconf 84' lang='lat' dir='ltr'><strong>clariﬁcavi,</strong></span> <span class='ocrx_word' id='word_1_779' title='bbox 3137 4347 3196 4395; x_wconf 90' lang='lat' dir='ltr'><strong>et</strong></span> <span class='ocrx_word' id='word_1_780' title='bbox 3252 4340 3450 4394; x_wconf 88' lang='lat' dir='ltr'><strong>iterum</strong></span> <span class='ocrx_word' id='word_1_781' title='bbox 3500 4338 3808 4393; x_wconf 88' lang='lat' dir='ltr'><strong>clarificaho</strong></span> 
     </span>
    </p>
   </div>
   <div class='ocr_carea' id='block_1_105' title="bbox 2210 4431 3806 4509">
    <p class='ocr_par' dir='ltr' id='par_1_105' title="bbox 2210 4431 3806 4509">
     <span class='ocr_line' id='line_1_105' title="bbox 2210 4431 3806 4509; baseline -0.004 -19"><span class='ocrx_word' id='word_1_782' title='bbox 2210 4436 2406 4509; x_wconf 85' lang='lat' dir='ltr'><strong>(Joan.</strong></span> <span class='ocrx_word' id='word_1_783' title='bbox 2443 4434 2572 4506; x_wconf 75' lang='lat' dir='ltr'><strong>xu).</strong></span> <span class='ocrx_word' id='word_1_784' title='bbox 2602 4434 2775 4502; x_wconf 90' lang='lat' dir='ltr'><strong>Quem</strong></span> <span class='ocrx_word' id='word_1_785' title='bbox 2807 4448 3094 4488; x_wconf 92' lang='lat' dir='ltr'><strong>occursum</strong></span> <span class='ocrx_word' id='word_1_786' title='bbox 3127 4446 3302 4502; x_wconf 91' lang='lat' dir='ltr'><strong>usque</strong></span> <span class='ocrx_word' id='word_1_787' title='bbox 3345 4431 3411 4486; x_wconf 91' lang='lat' dir='ltr'><strong>ad</strong></span> <span class='ocrx_word' id='word_1_788' title='bbox 3447 4431 3806 4486; x_wconf 87' lang='lat' dir='ltr'><strong>visitationem</strong></span> 
     </span>
    </p>
   </div>
   <div class='ocr_carea' id='block_1_106' title="bbox 2210 4523 3810 4598">
    <p class='ocr_par' dir='ltr' id='par_1_106' title="bbox 2210 4523 3810 4598">
     <span class='ocr_line' id='line_1_106' title="bbox 2210 4523 3810 4598; baseline -0.005 -14"><span class='ocrx_word' id='word_1_789' title='bbox 2210 4529 2447 4598; x_wconf 79' lang='lat' dir='ltr'><strong>gentium</strong></span> <span class='ocrx_word' id='word_1_790' title='bbox 2475 4527 2693 4584; x_wconf 69' lang='lat' dir='ltr'><strong>estendi</strong></span> <span class='ocrx_word' id='word_1_791' title='bbox 2727 4526 2984 4597; x_wconf 90' lang='lat' dir='ltr'><strong>postulat,</strong></span> <span class='ocrx_word' id='word_1_792' title='bbox 3013 4525 3202 4580; x_wconf 91' lang='lat' dir='ltr'><strong>dicens</strong></span> <span class='ocrx_word' id='word_1_793' title='bbox 3232 4542 3245 4577; x_wconf 91' lang='lat'>:</span> <span class='ocrx_word' id='word_1_794' title='bbox 3276 4523 3385 4578; x_wconf 77' lang='lat' dir='ltr'><strong>Sed</strong></span> <span class='ocrx_word' id='word_1_795' title='bbox 3409 4540 3630 4594; x_wconf 66' lang='lat' dir='ltr'><strong>exsurge</strong></span> <span class='ocrx_word' id='word_1_796' title='bbox 3654 4525 3708 4578; x_wconf 90' lang='lat' dir='ltr'><strong>in</strong></span> <span class='ocrx_word' id='word_1_797' title='bbox 3729 4540 3810 4577; x_wconf 90' lang='lat' dir='ltr'><strong>oc-</strong></span> 
     </span>
    </p>
   </div>
   <div class='ocr_carea' id='block_1_107' title="bbox 2212 4614 3810 4683">
    <p class='ocr_par' dir='ltr' id='par_1_107' title="bbox 2212 4614 3810 4683">
     <span class='ocr_line' id='line_1_107' title="bbox 2212 4614 3810 4683; baseline -0.004 -9"><span class='ocrx_word' id='word_1_798' title='bbox 2212 4636 2414 4674; x_wconf 88' lang='lat' dir='ltr'><strong>cursum</strong></span> <span class='ocrx_word' id='word_1_799' title='bbox 2447 4619 2573 4673; x_wconf 86' lang='lat' dir='ltr'><strong>ntilti</strong></span> <span class='ocrx_word' id='word_1_800' title='bbox 2605 4635 2624 4672; x_wconf 90' lang='lat'><strong><em>:</em></strong></span> <span class='ocrx_word' id='word_1_801' title='bbox 2648 4617 2698 4672; x_wconf 90' lang='lat' dir='ltr'><strong>id</strong></span> <span class='ocrx_word' id='word_1_802' title='bbox 2729 4625 2835 4683; x_wconf 90' lang='lat' dir='ltr'><strong>est,</strong></span> <span class='ocrx_word' id='word_1_803' title='bbox 2870 4616 2953 4671; x_wconf 89' lang='lat' dir='ltr'><strong>f&#39;ac</strong></span> <span class='ocrx_word' id='word_1_804' title='bbox 2985 4615 3108 4670; x_wconf 92' lang='lat' dir='ltr'><strong>illos</strong></span> <span class='ocrx_word' id='word_1_805' title='bbox 3136 4614 3444 4683; x_wconf 88' lang='lat' dir='ltr'><strong>intelligere</strong></span> <span class='ocrx_word' id='word_1_806' title='bbox 3467 4614 3539 4669; x_wconf 89' lang='lat' dir='ltr'><strong>de</strong></span> <span class='ocrx_word' id='word_1_807' title='bbox 3571 4615 3668 4668; x_wconf 89' lang='lat' dir='ltr'><strong>illo</strong></span> <span class='ocrx_word' id='word_1_808' title='bbox 3693 4629 3810 4668; x_wconf 89' lang='lat' dir='ltr'><strong>cur—</strong></span> 
     </span>
    </p>
   </div>
   <div class='ocr_carea' id='block_1_108' title="bbox 2212 4705 3807 4782">
    <p class='ocr_par' dir='ltr' id='par_1_108' title="bbox 2212 4705 3807 4782">
     <span class='ocr_line' id='line_1_108' title="bbox 2212 4705 3807 4782; baseline -0.003 -15"><span class='ocrx_word' id='word_1_809' title='bbox 2212 4726 2275 4767; x_wconf 85' lang='lat' dir='ltr'><strong>su</strong></span> <span class='ocrx_word' id='word_1_810' title='bbox 2299 4726 2459 4782; x_wconf 91' lang='lat' dir='ltr'><strong>quem</strong></span> <span class='ocrx_word' id='word_1_811' title='bbox 2513 4709 2698 4775; x_wconf 90' lang='lat' dir='ltr'><strong>habui,</strong></span> <span class='ocrx_word' id='word_1_812' title='bbox 2732 4707 2876 4779; x_wconf 90' lang='lat' dir='ltr'><strong>quod</strong></span> <span class='ocrx_word' id='word_1_813' title='bbox 2905 4723 3007 4778; x_wconf 84' lang='lat' dir='ltr'><strong>ego</strong></span> <span class='ocrx_word' id='word_1_814' title='bbox 3036 4706 3262 4778; x_wconf 72' lang='lat' dir='ltr'><strong>mqualis</strong></span> <span class='ocrx_word' id='word_1_815' title='bbox 3291 4705 3410 4760; x_wconf 91' lang='lat' dir='ltr'><strong>tibi.</strong></span> <span class='ocrx_word' id='word_1_816' title='bbox 3442 4706 3598 4762; x_wconf 90' lang='lat' dir='ltr'><strong>Unde</strong></span> <span class='ocrx_word' id='word_1_817' title='bbox 3624 4708 3738 4764; x_wconf 88' lang='lat' dir='ltr'><strong>ait:</strong></span> <span class='ocrx_word' id='word_1_818' title='bbox 3767 4707 3807 4762; x_wconf 78' lang='grc' dir='ltr'><strong>Α</strong></span> 
     </span>
    </p>
   </div>
   <div class='ocr_carea' id='block_1_109' title="bbox 2210 4799 3810 4872">
    <p class='ocr_par' dir='ltr' id='par_1_109' title="bbox 2210 4799 3810 4872">
     <span class='ocr_line' id='line_1_109' title="bbox 2210 4799 3810 4872; baseline -0.003 -13"><span class='ocrx_word' id='word_1_819' title='bbox 2210 4818 2425 4860; x_wconf 89' lang='lat' dir='ltr'><strong>summo</strong></span> <span class='ocrx_word' id='word_1_820' title='bbox 2465 4803 2602 4858; x_wconf 66' lang='lat' dir='ltr'><strong>coelo</strong></span> <span class='ocrx_word' id='word_1_821' title='bbox 2630 4801 2873 4872; x_wconf 88' lang='lat' dir='ltr'><strong>egressio</strong></span> <span class='ocrx_word' id='word_1_822' title='bbox 2905 4801 3046 4870; x_wconf 90' lang='lat' dir='ltr'><strong>ejus,</strong></span> <span class='ocrx_word' id='word_1_823' title='bbox 3094 4808 3149 4855; x_wconf 87' lang='lat' dir='ltr'><strong>et</strong></span> <span class='ocrx_word' id='word_1_824' title='bbox 3201 4814 3463 4854; x_wconf 83' lang='lat' dir='ltr'><strong>occursus</strong></span> <span class='ocrx_word' id='word_1_825' title='bbox 3493 4799 3613 4868; x_wconf 86' lang='lat' dir='ltr'><strong>ejus</strong></span> <span class='ocrx_word' id='word_1_826' title='bbox 3647 4813 3810 4870; x_wconf 89' lang='lat' dir='ltr'><strong>usque</strong></span> 
     </span>
    </p>
   </div>
   <div class='ocr_carea' id='block_1_110' title="bbox 2213 4892 3810 4967">
    <p class='ocr_par' dir='ltr' id='par_1_110' title="bbox 2213 4892 3810 4967">
     <span class='ocr_line' id='line_1_110' title="bbox 2213 4892 3810 4967; baseline -0.004 -15"><span class='ocrx_word' id='word_1_827' title='bbox 2213 4897 2279 4952; x_wconf 91' lang='lat' dir='ltr'><strong>ad</strong></span> <span class='ocrx_word' id='word_1_828' title='bbox 2314 4912 2585 4952; x_wconf 88' lang='lat' dir='ltr'><strong>summum</strong></span> <span class='ocrx_word' id='word_1_829' title='bbox 2619 4895 2740 4964; x_wconf 92' lang='lat' dir='ltr'><strong>ejus</strong></span> <span class='ocrx_word' id='word_1_830' title='bbox 2774 4893 2904 4967; x_wconf 85' lang='lat' dir='ltr'><strong>(Ps.</strong></span> <span class='ocrx_word' id='word_1_831' title='bbox 2939 4892 3109 4963; x_wconf 76' lang='lat' dir='ltr'><strong>xvut)</strong></span> <span class='ocrx_word' id='word_1_832' title='bbox 3147 4911 3158 4947; x_wconf 88' lang='lat'>:</span> <span class='ocrx_word' id='word_1_833' title='bbox 3198 4893 3303 4948; x_wconf 92' lang='lat' dir='ltr'><strong>hoc</strong></span> <span class='ocrx_word' id='word_1_834' title='bbox 3333 4901 3439 4957; x_wconf 90' lang='lat' dir='ltr'><strong>est,</strong></span> <span class='ocrx_word' id='word_1_835' title='bbox 3475 4893 3617 4947; x_wconf 90' lang='lat' dir='ltr'><strong>Deus</strong></span> <span class='ocrx_word' id='word_1_836' title='bbox 3656 4894 3810 4948; x_wconf 82' lang='lat' dir='ltr'><strong>Pater</strong></span> 
     </span>
    </p>
   </div>
   <div class='ocr_carea' id='block_1_111' title="bbox 2213 4982 3808 5060">
    <p class='ocr_par' dir='ltr' id='par_1_111' title="bbox 2213 4982 3808 5060">
     <span class='ocr_line' id='line_1_111' title="bbox 2213 4982 3808 5060; baseline -0.005 -16"><span class='ocrx_word' id='word_1_837' title='bbox 2213 5004 2378 5060; x_wconf 87' lang='lat' dir='ltr'><strong>super</strong></span> <span class='ocrx_word' id='word_1_838' title='bbox 2407 5003 2597 5043; x_wconf 89' lang='lat' dir='ltr'><strong>omnes</strong></span> <span class='ocrx_word' id='word_1_839' title='bbox 2649 4995 2934 5042; x_wconf 88' lang='lat' dir='ltr'><strong>creaturas</strong></span> <span class='ocrx_word' id='word_1_840' title='bbox 2971 4985 3305 5056; x_wconf 89' lang='lat' dir='ltr'><strong>spirituales.</strong></span> <span class='ocrx_word' id='word_1_841' title='bbox 3369 4982 3438 5038; x_wconf 87' lang='lat' dir='ltr'><strong>Et</strong></span> <span class='ocrx_word' id='word_1_842' title='bbox 3486 4985 3624 5038; x_wconf 82' lang='lat' dir='ltr'><strong>vide.</strong></span> <span class='ocrx_word' id='word_1_843' title='bbox 3660 4987 3735 5039; x_wconf 77' lang='lat' dir='ltr'><strong>Ac</strong></span> <span class='ocrx_word' id='word_1_844' title='bbox 3765 4982 3808 5036; x_wconf 92' lang='lat' dir='ltr'><strong>si</strong></span> 
     </span>
    </p>
   </div>
   <div class='ocr_carea' id='block_1_112' title="bbox 2213 5077 3808 5144">
    <p class='ocr_par' dir='ltr' id='par_1_112' title="bbox 2213 5077 3808 5144">
     <span class='ocr_line' id='line_1_112' title="bbox 2213 5077 3808 5144; baseline -0.006 -5"><span class='ocrx_word' id='word_1_845' title='bbox 2213 5082 2359 5140; x_wconf 90' lang='lat' dir='ltr'><strong>dicat</strong></span> <span class='ocrx_word' id='word_1_846' title='bbox 2389 5101 2399 5137; x_wconf 95' lang='lat'>:</span> <span class='ocrx_word' id='word_1_847' title='bbox 2433 5090 2493 5137; x_wconf 92' lang='lat' dir='ltr'><strong>ut</strong></span> <span class='ocrx_word' id='word_1_848' title='bbox 2543 5081 2709 5136; x_wconf 82' lang='lat' dir='ltr'><strong>facias</strong></span> <span class='ocrx_word' id='word_1_849' title='bbox 2761 5089 2815 5135; x_wconf 91' lang='lat' dir='ltr'><strong>tu</strong></span> <span class='ocrx_word' id='word_1_850' title='bbox 2863 5094 2960 5135; x_wconf 89' lang='lat' dir='ltr'><strong>eos</strong></span> <span class='ocrx_word' id='word_1_851' title='bbox 2987 5079 3174 5134; x_wconf 89' lang='lat' dir='ltr'><strong>videre</strong></span> <span class='ocrx_word' id='word_1_852' title='bbox 3205 5096 3218 5132; x_wconf 91' lang='lat'><strong>:</strong></span> <span class='ocrx_word' id='word_1_853' title='bbox 3255 5077 3309 5133; x_wconf 88' lang='lat' dir='ltr'><strong>id</strong></span> <span class='ocrx_word' id='word_1_854' title='bbox 3357 5087 3464 5144; x_wconf 88' lang='lat' dir='ltr'><strong>est,</strong></span> <span class='ocrx_word' id='word_1_855' title='bbox 3498 5085 3558 5132; x_wconf 92' lang='lat' dir='ltr'><strong>ut</strong></span> <span class='ocrx_word' id='word_1_856' title='bbox 3587 5078 3808 5133; x_wconf 88' lang='lat' dir='ltr'><strong>credant</strong></span> 
     </span>
    </p>
   </div>
   <div class='ocr_carea' id='block_1_113' title="bbox 2210 5172 2739 5245">
    <p class='ocr_par' dir='ltr' id='par_1_113' title="bbox 2210 5172 2739 5245">
     <span class='ocr_line' id='line_1_113' title="bbox 2210 5172 2739 5245; baseline -0.011 -13"><span class='ocrx_word' id='word_1_857' title='bbox 2210 5190 2299 5232; x_wconf 91' lang='lat' dir='ltr'><strong>me</strong></span> <span class='ocrx_word' id='word_1_858' title='bbox 2326 5174 2586 5245; x_wconf 62' lang='lat' dir='ltr'><strong>aequalem</strong></span> <span class='ocrx_word' id='word_1_859' title='bbox 2622 5172 2739 5227; x_wconf 91' lang='lat' dir='ltr'><strong>tibi.</strong></span> 
     </span>
    </p>
   </div>
   <div class='ocr_carea' id='block_1_114' title="bbox 2284 5262 3805 5334">
    <p class='ocr_par' dir='ltr' id='par_1_114' title="bbox 2284 5262 3805 5334">
     <span class='ocr_line' id='line_1_114' title="bbox 2284 5262 3805 5334; baseline -0.003 -12"><span class='ocrx_word' id='word_1_860' title='bbox 2284 5268 2352 5323; x_wconf 83' lang='lat' dir='ltr'><strong>Et</strong></span> <span class='ocrx_word' id='word_1_861' title='bbox 2379 5277 2457 5334; x_wconf 88' lang='lat' dir='ltr'><strong>tu,</strong></span> <span class='ocrx_word' id='word_1_862' title='bbox 2484 5266 2704 5321; x_wconf 85' lang='lat' dir='ltr'><strong>Domine</strong></span> <span class='ocrx_word' id='word_1_863' title='bbox 2729 5265 2869 5320; x_wconf 88' lang='lat' dir='ltr'><strong>Deus</strong></span> <span class='ocrx_word' id='word_1_864' title='bbox 2893 5265 3157 5333; x_wconf 83' lang='lat' dir='ltr'><strong>virtutum,</strong></span> <span class='ocrx_word' id='word_1_865' title='bbox 3187 5262 3326 5318; x_wconf 88' lang='lat' dir='ltr'><strong>Deus</strong></span> <span class='ocrx_word' id='word_1_866' title='bbox 3355 5262 3530 5318; x_wconf 83' lang='lat' dir='ltr'><strong>Israel</strong></span> <span class='ocrx_word' id='word_1_867' title='bbox 3559 5281 3578 5318; x_wconf 92' lang='lat'><strong><em>:</em></strong></span> <span class='ocrx_word' id='word_1_868' title='bbox 3608 5264 3805 5319; x_wconf 82' lang='lat' dir='ltr'><strong>intende</strong></span> 
     </span>
    </p>
   </div>
   <div class='ocr_carea' id='block_1_115' title="bbox 2210 5356 3806 5429">
    <p class='ocr_par' dir='ltr' id='par_1_115' title="bbox 2210 5356 3806 5429">
     <span class='ocr_line' id='line_1_115' title="bbox 2210 5356 3806 5429; baseline -0.004 -16"><span class='ocrx_word' id='word_1_869' title='bbox 2210 5360 2278 5413; x_wconf 88' lang='lat' dir='ltr'><strong>ad</strong></span> <span class='ocrx_word' id='word_1_870' title='bbox 2305 5360 2587 5414; x_wconf 78' lang='lat' dir='ltr'><strong>visitandas</strong></span> <span class='ocrx_word' id='word_1_871' title='bbox 2618 5375 2792 5413; x_wconf 87' lang='lat' dir='ltr'><strong>omnes</strong></span> <span class='ocrx_word' id='word_1_872' title='bbox 2823 5367 2996 5429; x_wconf 85' lang='lat' dir='ltr'><strong>gentes</strong></span> <span class='ocrx_word' id='word_1_873' title='bbox 3027 5373 3044 5410; x_wconf 89' lang='lat'><strong><em>:</em></strong></span> <span class='ocrx_word' id='word_1_874' title='bbox 3087 5372 3191 5411; x_wconf 90' lang='lat' dir='ltr'><strong>non</strong></span> <span class='ocrx_word' id='word_1_875' title='bbox 3235 5356 3530 5411; x_wconf 88' lang='lat' dir='ltr'><strong>miserearis</strong></span> <span class='ocrx_word' id='word_1_876' title='bbox 3577 5357 3806 5410; x_wconf 82' lang='lat' dir='ltr'><strong>omnibus</strong></span> 
     </span>
    </p>
   </div>
   <div class='ocr_carea' id='block_1_116' title="bbox 2209 5449 3806 5525">
    <p class='ocr_par' dir='ltr' id='par_1_116' title="bbox 2209 5449 3806 5525">
     <span class='ocr_line' id='line_1_116' title="bbox 2209 5449 3806 5525; baseline -0.003 -18"><span class='ocrx_word' id='word_1_877' title='bbox 2209 5455 2298 5525; x_wconf 90' lang='lat' dir='ltr'><strong>qui</strong></span> <span class='ocrx_word' id='word_1_878' title='bbox 2318 5463 2600 5523; x_wconf 74' lang='lat' dir='ltr'><strong>Oper-antur</strong></span> <span class='ocrx_word' id='word_1_879' title='bbox 2629 5452 2971 5522; x_wconf 87' lang='lat' dir='ltr'><strong>iniquitatem.</strong></span> <span class='ocrx_word' id='word_1_880' title='bbox 2995 5449 3066 5506; x_wconf 88' lang='lat' dir='ltr'><strong>Ut</strong></span> <span class='ocrx_word' id='word_1_881' title='bbox 3093 5464 3214 5504; x_wconf 91' lang='lat' dir='ltr'><strong>cum</strong></span> <span class='ocrx_word' id='word_1_882' title='bbox 3243 5449 3421 5517; x_wconf 89' lang='lat' dir='ltr'><strong>justos</strong></span> <span class='ocrx_word' id='word_1_883' title='bbox 3443 5449 3692 5503; x_wconf 77' lang='lat' dir='ltr'><strong>visitatio</strong></span> <span class='ocrx_word' id='word_1_884' title='bbox 3731 5449 3806 5502; x_wconf 86' lang='lat' dir='ltr'><strong>di-</strong></span> 
     </span>
    </p>
   </div>
   <div class='ocr_carea' id='block_1_117' title="bbox 2210 5537 3796 5615">
    <p class='ocr_par' dir='ltr' id='par_1_117' title="bbox 2210 5537 3796 5615">
     <span class='ocr_line' id='line_1_117' title="bbox 2210 5537 3796 5615; baseline -0.007 -15"><span class='ocrx_word' id='word_1_885' title='bbox 2210 5547 2334 5600; x_wconf 88' lang='lat' dir='ltr'><strong>vina</strong></span> <span class='ocrx_word' id='word_1_886' title='bbox 2376 5545 2618 5615; x_wconf 91' lang='lat' dir='ltr'><strong>respicit,</strong></span> <span class='ocrx_word' id='word_1_887' title='bbox 2647 5543 2771 5598; x_wconf 86' lang='lat' dir='ltr'><strong>illos</strong></span> <span class='ocrx_word' id='word_1_888' title='bbox 2804 5543 3012 5612; x_wconf 82' lang='lat' dir='ltr'><strong>peccati</strong></span> <span class='ocrx_word' id='word_1_889' title='bbox 3048 5555 3205 5610; x_wconf 72' lang='lat' dir='ltr'><strong>poena</strong></span> <span class='ocrx_word' id='word_1_890' title='bbox 3227 5540 3596 5609; x_wconf 86' lang='lat' dir='ltr'><strong>constringat.</strong></span> <span class='ocrx_word' id='word_1_891' title='bbox 3629 5537 3697 5592; x_wconf 86' lang='lat' dir='ltr'><strong>Et</strong></span> <span class='ocrx_word' id='word_1_892' title='bbox 3723 5548 3796 5604; x_wconf 85' lang='lat' dir='ltr'><strong>tu,</strong></span> 
     </span>
    </p>
   </div>
   <div class='ocr_carea' id='block_1_118' title="bbox 2214 5629 3801 5703">
    <p class='ocr_par' dir='ltr' id='par_1_118' title="bbox 2214 5629 3801 5703">
     <span class='ocr_line' id='line_1_118' title="bbox 2214 5629 3801 5703; baseline -0.004 -12"><span class='ocrx_word' id='word_1_893' title='bbox 2214 5635 2441 5692; x_wconf 87' lang='lat' dir='ltr'><strong>Domine</strong></span> <span class='ocrx_word' id='word_1_894' title='bbox 2467 5638 2610 5694; x_wconf 86' lang='lat' dir='ltr'><strong>Deus</strong></span> <span class='ocrx_word' id='word_1_895' title='bbox 2635 5636 2881 5690; x_wconf 78' lang='lat' dir='ltr'><strong>virtutum</strong></span> <span class='ocrx_word' id='word_1_896' title='bbox 2913 5650 2930 5688; x_wconf 90' lang='lat'><strong><em>:</em></strong></span> <span class='ocrx_word' id='word_1_897' title='bbox 2964 5631 3019 5689; x_wconf 89' lang='lat' dir='ltr'><strong>id</strong></span> <span class='ocrx_word' id='word_1_898' title='bbox 3068 5642 3152 5689; x_wconf 90' lang='lat' dir='ltr'><strong>est</strong></span> <span class='ocrx_word' id='word_1_899' title='bbox 3181 5631 3497 5703; x_wconf 85' lang='lat' dir='ltr'><strong>angelorum</strong></span> <span class='ocrx_word' id='word_1_900' title='bbox 3536 5641 3591 5688; x_wconf 88' lang='lat' dir='ltr'><strong>et</strong></span> <span class='ocrx_word' id='word_1_901' title='bbox 3640 5629 3801 5686; x_wconf 88' lang='lat' dir='ltr'><strong>homi-</strong></span> 
     </span>
    </p>
   </div>
  </div>
