4010 6370
205 332 328 395 993

1160 332 1595 393 BREVIARIUM
1636 332 1702 392 IN
1742 329 2080 393 PSALMOS.
2124 330 2368 393 PSALM.
2414 330 2548 392 LIX.

3360 332 3367 337 ’
3413 334 3520 396 094

202 467 369 507 num.
404 450 549 507 Deus
592 452 765 509 Israel
784 471 803 510 :
826 455 928 510 hoc
973 461 1075 518 ρει,
1109 452 1253 511 Deus
1279 456 1584 512 animarum
1635 454 1825 512 viden-
1850 459 1905 519 Α
1929 454 2148 510 aiebant
2174 453 2411 526 (Matth.
2450 455 2557 526 is).
2594 450 2659 508 lu
2684 452 2764 509 ira
2791 450 3251 509 consummationis
3276 491 3291 519 ,
3342 462 3388 506 et
3417 469 3525 507 non

202 542 351 597 tium
389 543 850 601 Deum.Cbristus
894 546 962 601 ad
988 546 1204 602 Patrem
1240 565 1252 602 :
1302 545 1523 603 Intende
1575 547 1644 602 ad
1698 546 1821 602 visi-

203 634 405 688 tandas
426 651 600 689 omnes
625 645 802 709 gentes
822 678 838 706 ,
871 651 981 693 non
1007 636 1184 693 solum
1214 638 1268 694 in
1292 637 1504 710 Iudaea,
1536 638 1629 695 sed
1654 638 1818 695 etiam

199 734 266 783 et
291 725 345 780 in
378 727 656 796 gentibus.

284 818 746 876 Cortvertanturad
775 838 1063 894 vesperum,
1092 834 1138 879 et
1155 824 1346 895 [amem
1367 824 1629 896 patientur
1654 833 1707 878 ut
1726 839 1819 878 ca-

200 930 323 971 nes.
355 913 540 986 Usque
565 914 632 971 ad
650 916 852 972 exitum
876 917 1004 974 vine
1036 934 1169 985 suzc,
1197 918 1395 974 famem
1423 918 1576 974 verbi
1602 917 1697 974 Dei
1726 932 1820 988 pa-

205 1005 441 1072 tientur,
474 1021 575 1063 nec
605 1018 908 1079 arguuntur
957 1009 1012 1064 in
1061 1009 1295 1065 diversis
1333 1010 1512 1076 malis,
1556 1018 1616 1065 ut
1644 1009 1823 1081 ι)ωηὶ-

207 1097 442 1154 tentiam
474 1107 722 1170 agerent.
749 1098 819 1153 Et
848 1100 1137 1155 circuibunt
1159 1101 1437 1156 civitatem.
1471 1099 1581 1156 Sed
1613 1100 1819 1155 nullam

205 1189 615 1246 solemnitatum
637 1191 1037 1261 jucunditatcm
1059 1208 1123 1249 ac
1144 1193 1541 1250 sacriﬁciorum
1565 1193 1621 1248 in
1648 1208 1711 1249 ea
1735 1207 1822 1249 re-

207 1285 457 1353 periunt.
489 1281 589 1340 Vel
614 1282 683 1339 de
712 1282 799 1339 bis
830 1284 1095 1356 loquitur,
1128 1285 1221 1356 qui
1254 1286 1310 1342 in
1343 1288 1450 1343 ﬁne
1494 1302 1563 1342 ex
1619 1284 1822 1342 Judaeis

206 1374 474 1430 credituri
498 1383 643 1430 sunt.
674 1374 808 1431 Cum
832 1376 975 1432 enim
998 1378 1377 1434 subintroierit
1392 1377 1673 1449 plenitudo
1688 1392 1820 1448 gen-

206 1468 370 1535 tium,
406 1477 533 1524 tunc
554 1468 735 1525 omnis
756 1469 921 1527 Israel
948 1472 1135 1527 salvus
1162 1473 1267 1528 erit
1299 1470 1489 1544 (Rom.
1518 1488 1569 1527 si
1596 1471 1638 1544 ).

284 1559 421 1616 Ecce
449 1562 721 1632 loquentur
752 1564 804 1617 in
853 1580 941 1619 ore
966 1581 1064 1619 suo
1093 1580 1112 1619 :
1141 1573 1190 1619 et
1216 1565 1424 1638 gladius
1451 1567 1507 1620 in
1551 1565 1707 1620 labiis
1735 1582 1822 1620 eo-

204 1670 351 1711 rum.
376 1654 738 1727 Blaspbemia:
767 1666 822 1713 et
848 1655 1196 1716 inﬁdelitates
1221 1673 1429 1723 eorum,
1461 1656 1646 1730 gladio
1672 1671 1822 1713 com-

206 1760 419 1820 parata:
466 1758 613 1806 sunt.
650 1750 911 1818 Quoniam
938 1751 1055 1822 quis
1095 1752 1314 1806 audivit.
1344 1751 1517 1807 Nemo
1543 1751 1689 1807 enim
1716 1753 1819 1807 hoc

1920 556 2091 603 erunt.
2122 545 2193 604 Ut
2223 562 2328 602 non
2355 544 2566 617 possint
2591 562 2950 617 perseverare
2970 546 3025 602 in
3052 544 3258 602 malitis
3278 560 3398 612 sua,
3423 543 3521 601 sed

1920 640 1974 696 in
2005 654 2069 697 ea
2095 646 2569 696 consummentur.

1992 729 2062 787 Et
2096 732 2259 787 scient
2281 731 2404 803 quia
2436 729 2577 787 Deus
2600 731 2951 788 dominabitur
2976 728 3162 797 Iacob,
3204 729 3389 800 ﬁnium
3420 736 3524 786 ter-

1918 840 2012 879 rae.
2043 823 2175 880 Nam
2229 832 2355 881 sunt
2385 824 2631 880 nonnulli
2652 823 2743 896 qui
2772 840 2834 881 se
2877 824 3213 882 descendere
3241 823 3311 878 ab
3354 822 3523 879 Jacob

1918 929 2119 987 genere
2142 915 2463 987 gloriantur.
2494 915 2565 972 Et
2607 916 2795 987 ﬁnium
2824 915 3100 973 terranid
3143 923 3228 973 est
3273 914 3517 971 omnium

1919 1008 2185 1081 gentium.

1993 1099 2365 1157 (Ionvertentur
2380 1102 2451 1155 ad
2478 1117 2765 1173 vesperam,
2791 1110 2838 1158 et
2860 1104 3048 1175 [autem
3070 1102 3333 1175 patientur
3356 1110 3410 1157 ut
3434 1117 3522 1156 ca-

1921 1213 2032 1263 nes,
2056 1205 2104 1252 et
2134 1195 2423 1251 circuibunt
2445 1188 2721 1252 civitatem.
2745 1195 2864 1265 Ipsi
2892 1196 3254 1269 dispergentur
3281 1195 3350 1251 ad
3373 1212 3522 1251 matt-

1922 1290 2225 1345 ducandum
2253 1304 2269 1344 :
2296 1289 2343 1343 si
2371 1306 2487 1345 vero
2520 1306 2621 1344 non
2644 1290 2841 1361 fuerint
2883 1292 3124 1357 saturati,
3155 1300 3202 1345 et
3228 1306 3525 1345 murmura-

1921 1382 2069 1438 bnnt.
2100 1382 2232 1438 Post
2257 1382 2580 1454 diapsalma,
2622 1383 2785 1438 iterat
2808 1382 3159 1451 sententiam,
3186 1399 3290 1455 qua
3318 1383 3524 1440 inimici

1919 1475 2125 1531 famem
2149 1475 2430 1547 patientur
2452 1484 2510 1531 ut
2538 1491 2709 1532 canes
2744 1493 2757 1530 :
2797 1475 2926 1532 dum
2975 1475 3112 1547 legis
3144 1476 3378 1533 litteram
3398 1493 3523 1534 cum

1922 1567 2342 1625 circumcisione
2370 1568 2600 1637 carnali,
2629 1577 2685 1625 et
2717 1568 2990 1624 sacriﬁcia
3013 1569 3081 1625 de
3104 1585 3234 1626 nece
3255 1570 3525 1641 pecudum

1921 1673 2358 1732 prosequuntur.
2390 1661 2498 1718 Sed
2522 1661 2650 1733 quia
2677 1662 2730 1716 in
2754 1662 3198 1733 peregrinatione
3230 1662 3349 1720 base
3373 1662 3524 1720 cele-

1922 1753 2101 1822 brant,
2137 1769 2239 1810 nec
2281 1755 2349 1812 ab
2394 1755 2481 1811 his
2510 1755 2832 1813 reﬁciuntur
2872 1756 3251 1829 spiritualiter,
3283 1772 3524 1813 murmu—

205 1843 418 1898 minum
443 1843 618 1913 audit,
646 1860 768 1901 cum
795 1844 850 1901 hi
882 1861 911 1900 a
946 1845 1512 1913 Dominoirridentur,
1539 1846 1683 1903 sicut
1727 1860 1818 1903 se-
1849 1848 1898 1912 B
1924 1858 2045 1902 rant
2076 1856 2265 1903 contra
2298 1847 2492 1904 Deum.
2535 1848 2675 1905 Hinc
2700 1848 2966 1920 propheta
2997 1849 3295 1906 Dominicte
3324 1859 3526 1924 myste-

204 1935 420 2006 quitur.

283 2027 354 2083 Et
381 2039 459 2096 tu,
491 2028 735 2098 Domine,
776 2030 1032 2087 deridebis
1069 2047 1173 2087 eos.
1205 2032 1308 2101 Qui
1338 2039 1391 2088 te
1420 2031 1479 2088 in
1510 2033 1622 2088 risu
1644 2040 1697 2089 et
1724 2031 1822 2089 de-

207 2129 409 2191 spectu
440 2120 664 2178 habent.
690 2121 799 2178 Pro
827 2121 990 2179 nihilo
1016 2123 1240 2179 deduces
1263 2140 1440 2179 omnes
1465 2132 1661 2196 gentes.
1694 2124 1818 2180 Illas

210 2232 339 2288 quas
373 2226 426 2272 te
468 2216 841 2274 resurrexisse
886 2233 997 2273 non
1028 2218 1277 2275 credunt.
1310 2217 1447 2274 Nam
1487 2228 1615 2275 sunt
1646 2218 1702 2274 in
1731 2218 1820 2275 his

209 2309 377 2367 multi
424 2311 712 2369 credentes
744 2328 759 2367 :
791 2312 888 2384 qui
941 2328 1049 2371 non
1081 2312 1384 2370 irridentur
1411 2328 1442 2368 a
1492 2313 1626 2370 Deo.
1666 2312 1767 2368 Vel
1800 2354 1817 2382 ,

212 2422 396 2461 omnes
421 2417 594 2479 gentes
618 2450 632 2477 ,
662 2408 756 2479 qui
788 2409 958 2480 ligna,
990 2418 1047 2465 et
1090 2408 1298 2480 lapides
1324 2407 1660 2465 adorabant:
1691 2408 1816 2464 nul-

209 2497 279 2555 lis
307 2500 520 2556 meritis
543 2500 983 2571 prtcccdentibus
1002 2543 1018 2571 ,
1049 2501 1267 2558 adducit
1293 2501 1419 2558 illos
1453 2501 1599 2559 Deus
1630 2500 1698 2558 ad
1728 2515 1820 2558 co-

207 2593 585 2665 gnoscendam
618 2595 928 2652 veritatem.

285 2685 680 2744 Fortitudinem
712 2707 876 2745 meam
901 2691 970 2746 ad
990 2701 1040 2746 te
1077 2692 1388 2748 custodiam.
1422 2690 1479 2748 ld
1511 2700 1597 2748 est
1626 2706 1820 2747 omnes

208 2780 447 2837 virtutes
474 2796 625 2839 meas
649 2781 715 2839 ad
740 2793 792 2839 te
815 2784 1147 2853 custodiam,
1178 2800 1285 2841 non
1303 2785 1371 2840 ad
1391 2799 1497 2850 me,
1523 2783 1620 2840 sed
1651 2784 1718 2839 ad
1742 2795 1818 2850 te;

210 2873 348 2945 quia
377 2889 592 2945 semper
620 2875 674 2930 in
702 2876 834 2946 ipsis
864 2876 959 2933 tibi
991 2877 1180 2934 laudes
1211 2876 1416 2943 refero,
1447 2893 1554 2932 non
1579 2877 1714 2932 meis
1744 2877 1825 2930 vi-

211 2966 395 3023 ribus.
450 2964 602 3023 Unde
631 2967 831 3023 Paulus
860 2968 995 3024 dicit
1030 2986 1045 3024 :
1074 2968 1133 3025 Si
1164 2968 1310 3025 enim
1363 2968 1656 3039 accepisti,
1690 2966 1824 3039 quid

1929 1939 2067 1994 rium
2099 1940 2524 1996 resurrectionis
2551 1950 2840 2011 contuens,
2868 1941 3110 1998 exsultat
3130 1950 3187 1998 et
3216 1942 3386 1998 dicit:

1991 2029 2108 2102 Ego
2148 2042 2322 2087 autem
2378 2032 2596 2088 cantabo
2637 2032 3000 2102 fortitudinem
3048 2043 3223 2099 tuam,
3278 2034 3521 2092 Domine.

1920 2122 2055 2190 Quia
2086 2123 2264 2179 vicisti
2322 2132 2578 2181 mortem.
2611 2125 2708 2182 Vel
2752 2125 3128 2184 fortitudinem
3182 2127 3520 2185 divinitatis:

1919 2216 2195 2288 quomodo
2225 2217 2359 2273 vicit
2380 2217 2679 2285 diabolum,
2707 2218 2813 2275 hoc
2844 2220 3174 2289 praedicabo.
3210 2220 3276 2276 Et
3295 2221 3524 2277 exsulta-

1922 2307 1983 2363 bo
2003 2308 2418 2364 misericordiam
2439 2317 2601 2365 tuam.
2623 2310 2760 2379 Quia
2785 2310 3021 2369 diluculo
3038 2314 3303 2370 surrexit.
3337 2312 3519 2383 Mane,

1920 2402 2026 2482 hoc
2057 2412 2143 2458 est
2167 2443 2183 2468 ,
2214 2402 2435 2474 quando
2473 2402 2749 2460 convertit
2788 2405 2842 2461 in
2879 2405 3187 2475 juventute.
3224 2406 3321 2463 Vel
3352 2423 3525 2474 mane,

1920 2487 2133 2550 ‘nitium
2164 2494 2289 2553 ﬁdei
2316 2495 2604 2553 catholica:
2637 2513 2653 2551 :
2678 2495 2765 2553 vel
2794 2513 2967 2568 mane,
2991 2506 3050 2553 ut
3074 2496 3211 2568 dixi,
3243 2513 3525 2556 resurrec-

1924 2586 2152 2645 tionem.

1998 2680 2135 2746 Quia
2170 2685 2339 2753 {actus
2368 2699 2421 2738 es
2445 2692 2714 2756 susceptor
2746 2700 2888 2740 meus
2915 2692 2963 2740 et
2992 2683 3255 2756 refugium
3281 2700 3449 2740 meum
3474 2685 3528 2739 in

1923 2773 2009 2829 die
2036 2774 2386 2832 tribulationis
2408 2792 2552 2831 mete.
2577 2776 2876 2847 Suscepisti
2903 2792 2989 2832 me
3014 2777 3353 2848 protectione
3381 2792 3527 2850 prac-

1922 2867 2048 2924 sidii
2076 2870 2171 2936 tui,
2208 2886 2278 2926 ne
2303 2886 2427 2926 cum
2458 2870 2545 2926 his
2571 2871 2997 2942 coniungeretur
3016 2871 3351 2928 conscientia
3378 2885 3525 2929 mea.

1992 2962 2221 3037 Adjutor
2249 2981 2415 3032 meus,
2449 2964 2543 3020 tibi
2571 2965 2799 3037 psallam
2826 2981 2845 3020 :
2878 2965 3023 3036 quia,
3058 2963 3225 3035 Deus,
3257 2974 3529 3037 susceptor

210 3060 476 3132 gloriaris
495 3061 650 3132 quasi
676 3077 785 3117 non
814 3061 1092 3132 acceperis
1125 3061 1177 3133 (1
1211 3061 1334 3117 Cor.
1366 3060 1497 3134 tv)?
1529 3059 1823 3115 Fortitudi-
1924 3073 2067 3111 meus
2090 3073 2144 3110 es
2174 3074 2192 3112 :
2226 3055 2369 3112 Deus
2402 3072 2546 3112 meus
2567 3099 2583 3125 ,
2612 3057 2975 3112 misericordia
3006 3073 3143 3113 mea.
3183 3057 3292 3128 Ipsi
3319 3072 3381 3114 se
3414 3057 3527 3113 Do-

212 3168 336 3211 nem
357 3170 523 3209 meam
548 3155 615 3210 ad
642 3163 690 3209 te
710 3155 1016 3224 custodiam,
1043 3156 1188 3226 quia,
1212 3153 1374 3223 Deus,
1397 3165 1664 3228 susceptor
1677 3170 1823 3209 meus
1925 3150 2075 3206 mino
2104 3151 2368 3220 propheta
2392 3148 2681 3221 pollicetur
2704 3149 2910 3220 jugiter
2936 3149 3167 3219 psallere
3191 3193 3207 3217 ,
3242 3148 3403 3220 cujus
3423 3162 3528 3219 ope

212 3266 294 3306 es.
325 3250 722 3307 Fortitudinem
753 3250 896 3306 illam
924 3250 1228 3307 custodiam
1249 3250 1405 3316 dicit,
1430 3250 1557 3320 quia
1586 3251 1821 3305 animam
1852 3240 1898 3303 C
1927 3243 2148 3313 adjutus
2181 3251 2352 3313 atque
2395 3250 2682 3312 susceptus
2707 3249 2809 3298 est.
2843 3240 2950 3308 Qui
2978 3249 3033 3297 et
3062 3241 3222 3297 nobis
3266 3249 3529 3312 prtestare

211 3344 338 3417 ejus
368 3360 529 3401 nemo
553 3345 770 3402 auferre
799 3346 997 3417 potuit,
1025 3345 1145 3416 ipso
1172 3345 1390 3402 dicente
1419 3364 1435 3402 :
1482 3344 1651 3401 Nemo
1698 3359 1820 3401 eam
1926 3336 2203 3408 dignetur,
2238 3345 2292 3392 ut
2319 3336 2599 3408 adjutorio
2627 3335 2745 3406 ejus
2772 3335 2988 3404 muniti,
3027 3333 3404 3392 misericordia
3430 3333 3525 3390 ad-

214 3438 432 3495 aut‘eret
463 3455 494 3495 a
525 3454 614 3495 me
648 3456 661 3494 :
693 3439 790 3497 sed
820 3453 922 3513 ego
972 3448 1296 3511 poteStatem
1341 3438 1518 3495 habeo
1571 3438 1819 3505 tollendi,
1919 3431 2043 3504 juti,
2074 3431 2478 3487 resurrectione
2503 3429 2790 3502 gloriﬁcati
2816 3470 2831 3496 ,
2864 3443 3175 3485 mereamur
3198 3428 3253 3483 in
3281 3426 3527 3484 Ecclesia

214 3533 649 3605 resumcudique
687 3549 807 3590 eam
836 3532 1029 3607 (Joan.
1055 3551 1086 3590 κ
1110 3533 1156 3606 ).
1189 3532 1333 3589 Deus
1355 3550 1519 3602 meus,
1538 3533 1825 3589 miscricor-

213 3628 311 3682 dia
343 3630 460 3698 eius
484 3628 756 3696 prteveniet
799 3643 897 3683 me.
938 3627 1212 3684 Praevenit
1238 3627 1393 3683 illum
1445 3625 1822 3683 misericordia

216 3718 432 3779 Patris:
451 3733 575 3774 eum
601 3720 754 3791 prius
773 3720 1024 3777 centurio
1045 3735 1171 3776 eum
1200 3721 1370 3776 Deum
1403 3721 1684 3776 confessus
1711 3727 1821 3786 est,

218 3827 387 3885 quam
420 3812 635 3869 videret
664 3813 733 3869 ab
761 3813 949 3869 inieris
996 3813 1392 3870 resurrexisse.
1425 3810 1533 3868 Sed
1579 3820 1632 3868 et
1666 3810 1823 3867 multi

218 3906 596 3978 percutientes
639 3916 863 3979 pectora
923 3922 1044 3977 sua,
1086 3907 1502 3964 revertebantur
1529 3904 1821 3962 dicentes:

220 4000 371 4059 Vere
400 4002 571 4059 Filius
598 4002 696 4059 Dei
728 4012 845 4059 erat
868 4003 973 4059 iste
1007 4000 1214 4076 (Marc.
1246 4002 1366 4073 xv).

295 4094 441 4151 Deus
472 4094 694 4152 ostendit
714 4094 846 4149 mihi
866 4111 1023 4161 super
1050 4095 1292 4151 inimicos
1325 4109 1487 4163 meos,
1513 4111 1578 4148 ne
1621 4094 1826 4151 occidas

218 4202 308 4246 eos
333 4204 352 4243 :
379 4187 657 4258 nequando
688 4184 1055 4241 obliviscantur
1080 4187 1261 4257 populi
1302 4188 1426 4243 mei.
1467 4186 1535 4243 Ut
1560 4197 1614 4243 et
1640 4188 1685 4243 si
1717 4202 1824 4243 non

220 4280 477 4345 credant,
511 4289 692 4332 tamen
720 4276 1173 4348 intelliganteum
1197 4293 1321 4336 esse
1343 4280 1537 4347 Deum,
1565 4280 1723 4351 juxta
1755 4281 1826 4336 il-

219 4372 319 4431 lud
352 4388 365 4426 :
400 4380 454 4427 et
474 4370 682 4427 videbit
712 4370 894 4427 omnis
920 4385 1051 4426 caro
1075 4371 1315 4428 salutare
1344 4370 1441 4428 Dei
1470 4373 1640 4429 nostri
1670 4373 1824 4445 (Luc.

219 4464 439 4535 xxxrv).
471 4463 541 4519 Et
571 4477 678 4520 non
709 4461 932 4520 occidas
971 4462 1129 4532 illos,
1161 4478 1229 4521 ne
1254 4462 1397 4521 forte
1441 4464 1830 4524 obliviscantur

222 4556 468 4617 nominis
499 4559 599 4613 tui.

1925 3533 2113 3580 sancta
2171 3523 2364 3582 laudes
2398 3524 2517 3595 ejus
2555 3522 2915 3579 immaculatis
2962 3521 3217 3579 sensibus
3264 3521 3524 3579 exaltare.

1924 3617 2122 3676 Amen.

2488 3709 2810 3769 PSALMUS
2839 3708 2980 3766 LIX.

1925 3806 1995 3863 1n
2016 3807 2191 3878 ﬁnem,
2227 3823 2321 3881 pro
2351 3806 2429 3881 Itis
2453 3808 2542 3878 qui
2558 3805 3031 3881 continuabuntur:
3049 3806 3104 3861 in
3153 3805 3292 3861 tituli
3334 3803 3522 3881 inscri-

1997 3875 2193 3951 ptione,
2226 3875 2327 3951 ipsi
2350 3875 2520 3951 Dauid
2551 3879 2604 3933 in
2642 3878 3115 3951 doctrinamtcunt
3134 3876 3398 3931 succendit
3418 3875 3533 3951 Me-

1999 3947 2345 4023 s_0potamiam
2393 3949 2651 4023 Syrite_e.t
2693 3947 3150 4023 Syriam_;So_ba_l,
3186 3956 3235 4003 et
3281 3947 3529 4023 convertit

2000 4019 2159 4089 Joab,
2194 4029 2242 4077 et
2254 4019 2518 4094 percussit
2550 4019 2824 4094 EdomjinA
2845 4019 2978 4094 valle
2997 4019 3311 4094 ASalinarum
3341 4019 3532 4094 duode-

1998 4093 2100 4147 cim
2150 4091 2340 4147 millia.
2383 4092 2663 4160 Quaeritur
2688 4092 2783 4147 ubi
2797 4092 2930 4163 haec
2956 4091 3186 4163 historia
3209 4091 3408 4163 scripta
3439 4092 3530 4147 sit.

2000 4164 2057 4220 ln
2086 4164 2402 4235 Regnorum
2434 4164 2610 4229 libris,
2642 4178 2768 4232 qua:
2795 4161 2884 4218 hic
2906 4161 3363 4219 manifestissime
3394 4162 3529 4288 legi-

2002 4236 2174 4288 turlll
2196 4235 2329 4288 Rea.
2348 4235 2488 4288 vml.
2527 4234 2634 4288 Sed
2669 4234 2744 4288 ibi
2773 4249 2871 4288 uro
2892 4234 3025 4288 ualle
3048 4233 3356 4288 Salinarum
3383 4231 3427 4288 L
3482 4230 3528 4288 Χ

2002 4230 2329 4307 μιτωἾέερ.
2348 4235 2488 4307 νιιι).
2522 4234 2634 4307 Sed
2663 4230 2744 4289 ibi
2773 4249 2871 4305 pro
2892 4234 3025 4307 ualle
3048 4233 3356 4290 Salinarum
3383 4230 3528 4289 LXX

2000 4305 2331 4378 lnte‘rpretes
2355 4305 2474 4377 ipsa
2518 4306 2750 4362 Hebraea
2794 4306 2963 4361 verba
2995 4314 3530 4378 posuerunt,_csue-_

2009 4375 2290 4450 i.An.'Sed
2329 4375 2456 4450 quia
2480 4378 2904 4450 interpretatum
2955 4375 3063 4450 non
3096 4387 3206 4446 est,
3234 4375 3418 4450 abhis
3445 4375 3538 4450 qui

2002 4448 2220 4521 Hebraei
2247 4446 2521 4504 sermonis
2538 4446 2649 4505 non
2676 4447 2880 4505 habent
2900 4448 3175 4516 notitiam,
3199 4446 3331 4521 quid
3361 4449 3538 4521 signi-

2003 4518 2129 4575 ﬁcet
2155 4519 2457 4590 ignoratur.

298 4651 553 4725 Disperge
577 4651 665 4709 etis
690 4652 746 4707 in
774 4652 963 4709 virtute
990 4662 1098 4708 tua.
1129 4651 1250 4710 Noli
1277 4652 1495 4726 penitus
1521 4651 1704 4709 delere
1731 4654 1829 4709 Ju-
1850 4625 1909 4688 Β
2006 4652 2155 4709 Deus
2175 4693 2190 4719 ,
2221 4652 2457 4724 repulisti
2482 4668 2579 4709 nos
2609 4662 2657 4708 et
2697 4653 3000 4709 destruxisti
3028 4670 3142 4710 nos.
3184 4653 3427 4711 Pertinet
3463 4654 3532 4709 ad

227 4745 379 4803 d:eos
414 4763 429 4801 :
461 4747 586 4819 quia
618 4747 852 4820 populus
877 4756 1003 4805 tuus
1032 4762 1250 4819 semper
1271 4755 1356 4804 est
1376 4745 1705 4819 appellatus,
1730 4746 1829 4802 sed

232 4842 287 4899 in
317 4852 430 4898 toto
457 4843 595 4901 orbe
641 4842 895 4915 disperge
919 4884 934 4909 ,
970 4849 1031 4898 ut
1052 4842 1243 4899 saltem
1275 4840 1355 4898 sic
1382 4839 1655 4897 emendati
1681 4879 1698 4909 ,
1731 4853 1827 4896 su-

230 4935 449 5009 perbire
478 4937 770 5005 desistant,
825 4947 886 4993 ut
928 4936 1017 4993 vel
1049 4937 1103 4992 in
1133 4937 1233 4992 hac
1260 4934 1600 5006 dispersione
1644 4933 1830 4990 scelus

231 5046 389 5088 suum
420 5031 738 5103 pmnitendo
764 5031 1074 5103 deplorent.
1097 5028 1167 5085 Et
1203 5029 1403 5103 depone
1431 5044 1538 5098 eos,
1572 5036 1829 5097 protector

233 5140 376 5179 meus
394 5121 638 5181 Domine.
660 5121 917 5179 Deliclum
935 5124 1037 5180 oris
1053 5139 1251 5194 eorum,
1280 5138 1541 5178 sermones
1568 5120 1828 5176 labiorum

235 5216 486 5288 ipsorum.
522 5214 890 5272 Destruantur
916 5216 971 5271 in
999 5216 1202 5272 malitia
1234 5230 1332 5272 sua
1366 5232 1380 5269 :
1407 5223 1632 5285 propter
1660 5213 1827 5270 verba

236 5310 430 5382 quibus
479 5309 757 5366 Christum
798 5318 947 5366 tuum
972 5318 1339 5382 negaverunt,
1380 5317 1436 5365 et
1478 5318 1662 5364 tamen
1687 5305 1831 5363 ﬁlios

240 5400 471 5460 Abrahae
499 5416 560 5459 se
588 5416 712 5459 esse
733 5400 1002 5473 jactitant.
1025 5399 1542 5475 Comprehendantur
1563 5401 1617 5455 in
1646 5416 1829 5471 super-

240 5499 320 5553 bia
347 5512 464 5553 sua.
493 5496 609 5552 Hoc
635 5505 740 5563 est,
773 5495 1003 5552 humiles
1033 5496 1181 5551 ﬁant.

308 5588 375 5645 Et
406 5589 471 5643 de
518 5589 868 5645 exsecratione
904 5597 954 5644 et
991 5584 1264 5643 mendacio
1300 5585 1748 5643 annuntiabuntur
1776 5587 1833 5641 in

240 5682 695 5740 consummatione.
719 5682 1160 5742 Exsecrabantur
1183 5684 1329 5741 enim
1356 5684 1682 5740 Dominum:
1705 5699 1828 5740 eum

239 5791 360 5837 cum
390 5772 563 5828 ﬁlium
593 5773 793 5847 Joseph
819 5775 959 5834 fabri
987 5776 1242 5834 dicebant
1280 5776 1511 5848 (Matth.
1535 5776 1644 5850 vt).
1671 5777 1832 5832 lnue-

238 5871 461 5933 ctebant
506 5868 846 5928 mendacium
873 5911 888 5940 ,
939 5887 1062 5928 cum
1095 5886 1222 5928 eum
1253 5870 1581 5929 daemonium
1627 5869 1831 5928 habere

1932 4747 2190 4821 populum
2225 4744 2535 4803 Judaicum.
2563 4747 2796 4814 Quando
2825 4746 2976 4803 illum
3007 4747 3358 4819 permittebat
3385 4747 3532 4804 Deus

1932 4840 2180 4899 tribulari
2214 4859 2227 4895 :
2256 4838 2412 4910 quasi
2450 4847 2581 4895 tunc
2612 4837 2901 4896 videbatur
2938 4840 3230 4911 repellere.
3264 4840 3334 4895 Et
3370 4838 3535 4896 modo

1933 4934 2236 4993 Ecclesiam
2267 4931 2489 4990 videtur
2509 4932 2804 5005 repellere,
2841 4931 3062 5004 quando
3088 4932 3238 4988 illam
3265 4931 3537 5004 permittit

1933 5030 2135 5089 tentari
2176 5044 2278 5102 per
2321 5027 2753 5084 tribulationem.
2780 5025 2913 5083 Nam
2935 5026 3096 5082 aliter
3122 5040 3232 5084 non
3268 5025 3487 5099 repellit
3516 5044 3531 5083 :

1931 5124 2057 5196 quia
2087 5123 2229 5179 dixit
2246 5130 2469 5179 sanctus
2491 5121 2692 5179 Paulus
2718 5138 2732 5176 :
2758 5120 2877 5179 Non
2910 5120 3123 5194 repellit
3151 5121 3296 5179 Deus
3318 5121 3533 5193 plebem

1935 5231 2116 5285 suam,
2146 5232 2306 5288 quam
2343 5215 2621 5287 praescivit
2663 5214 2857 5289 (Rom.
2902 5214 3005 5288 χι).
3040 5213 3197 5272 Unde
3234 5222 3296 5272 et
3329 5230 3432 5271 vox
3463 5212 3534 5271 ad

1930 5307 2222 5366 Jeremiant
2248 5307 2581 5380 PrOpbetam
2610 5310 2690 5364 ait
2722 5325 2734 5363 :
2770 5306 2945 5378 Vade,
2972 5318 3030 5365 et
3054 5307 3301 5378 dcstrue,
3327 5317 3385 5365 et
3411 5307 3529 5364 dis-

1931 5405 2074 5476 sipa,
2103 5411 2160 5461 et
2193 5404 2389 5472 evelle,
2415 5411 2471 5461 et
2491 5402 2702 5460 :edilica
2731 5399 2952 5474 (Jerem.
2978 5399 3042 5475 1).
3069 5403 3150 5460 Ac
3185 5401 3232 5458 si
3257 5401 3531 5460 dixisset:

1935 5496 2170 5553 Destrue
2194 5497 2322 5552 vitia
2350 5504 2408 5554 et
2428 5505 2672 5569 peccata,
2696 5504 2751 5553 et
2772 5494 2981 5552 aediﬁca
3018 5495 3269 5553 virtutes.
3296 5495 3539 5569 Repellit

1936 5607 2040 5650 nos
2076 5607 2142 5649 ac
2171 5593 2424 5660 destruit,
2455 5608 2582 5651 cum
2610 5607 2919 5666 peccamus.
2943 5592 3234 5651 Miseretur
3280 5602 3336 5650 et
3360 5593 3533 5650 aedili-

1936 5694 2026 5742 eat
2050 5699 2175 5742 cum
2203 5684 2273 5743 ad
2297 5702 2423 5743 eum
2444 5686 2765 5759 ptenitendo
2792 5685 3150 5743 revertimur.
3181 5685 3359 5743 Iratus
3389 5704 3461 5756 es,
3485 5699 3534 5743 et

1937 5780 2180 5835 misertus
2201 5794 2255 5835 es
2277 5779 2444 5835 nobis.
2474 5778 2558 5835 lra
2576 5779 2674 5836 Dei
2698 5779 2844 5851 justa
2869 5778 3106 5836 vindicta
3133 5777 3351 5837 dicitur.

2009 5872 2341 5930 Commovisti
2365 5883 2578 5930 terram.
2602 5872 2865 5949 Corporis
2887 5876 3077 5949 utique
3099 5874 3291 5935 nostri.
3320 5873 3391 5932 Et
3411 5889 3534 5935 con-
