  <div class='ocr_page' id='page_1' title='image "/cluster/home/n/w/nwhite01/storage/ocr_20150623/26/uva.x000826568/505.png"; bbox 0 0 4010 6342; ppageno 0'>
   <div class='ocr_carea' id='block_1_1' title="bbox 548 277 656 338">
    <p class='ocr_par' dir='ltr' id='par_1_1' title="bbox 548 277 656 338">
     <span class='ocr_line' id='line_1_1' title="bbox 548 277 656 338; baseline -0.019 0"><span class='ocrx_word' id='word_1_1' title='bbox 548 277 656 338; x_wconf 72' lang='lat'><strong>995</strong></span> 
     </span>
    </p>
   </div>
   <div class='ocr_carea' id='block_1_2' title="bbox 1296 269 3057 343">
    <p class='ocr_par' dir='ltr' id='par_1_2' title="bbox 1296 269 3057 343">
     <span class='ocr_line' id='line_1_2' title="bbox 1296 269 3057 343; baseline -0.002 0"><span class='ocrx_word' id='word_1_2' title='bbox 1296 278 1640 343; x_wconf 77' lang='lat' dir='ltr'><strong>APPENDIX</strong></span> <span class='ocrx_word' id='word_1_3' title='bbox 1681 276 1774 340; x_wconf 73' lang='lat' dir='ltr'><strong>AD</strong></span> <span class='ocrx_word' id='word_1_4' title='bbox 1815 272 2062 338; x_wconf 74' lang='lat' dir='ltr'><strong>TOMl‘M</strong></span> <span class='ocrx_word' id='word_1_5' title='bbox 2100 269 2457 335; x_wconf 70' lang='lat' dir='ltr'><strong>SEPTIMUM</strong></span> <span class='ocrx_word' id='word_1_6' title='bbox 2494 276 2554 336; x_wconf 84' lang='lat' dir='ltr'><strong>S.</strong></span> <span class='ocrx_word' id='word_1_7' title='bbox 2599 274 3001 339; x_wconf 74' lang='lat' dir='ltr'><strong>HIERONYMI.</strong></span> <span class='ocrx_word' id='word_1_8' title='bbox 3056 332 3057 339; x_wconf 49' lang='grc' dir='ltr'><strong>η</strong></span> 
     </span>
    </p>
   </div>
   <div class='ocr_carea' id='block_1_3' title="bbox 3739 280 3840 340">
    <p class='ocr_par' dir='ltr' id='par_1_3' title="bbox 3739 280 3840 340">
     <span class='ocr_line' id='line_1_3' title="bbox 3739 280 3840 340; baseline 0.01 -1"><span class='ocrx_word' id='word_1_9' title='bbox 3739 280 3840 340; x_wconf 69' lang='grc'><strong>996</strong></span> 
     </span>
    </p>
   </div>
   <div class='ocr_carea' id='block_1_4' title="bbox 545 390 3839 475">
    <p class='ocr_par' dir='ltr' id='par_1_4' title="bbox 545 390 3839 475">
     <span class='ocr_line' id='line_1_4' title="bbox 545 390 3839 475; baseline -0.002 -20"><span class='ocrx_word' id='word_1_10' title='bbox 545 402 766 458; x_wconf 86' lang='lat' dir='ltr'><strong>turbasti</strong></span> <span class='ocrx_word' id='word_1_11' title='bbox 796 416 928 457; x_wconf 86' lang='lat' dir='ltr'><strong>eam.</strong></span> <span class='ocrx_word' id='word_1_12' title='bbox 953 400 1091 459; x_wconf 88' lang='lat' dir='ltr'><strong>Cum</strong></span> <span class='ocrx_word' id='word_1_13' title='bbox 1117 400 1343 460; x_wconf 96' lang='lat' dir='ltr'><strong>tribulos</strong></span> <span class='ocrx_word' id='word_1_14' title='bbox 1372 402 1701 475; x_wconf 91' lang='lat' dir='ltr'><strong>produceret</strong></span> <span class='ocrx_word' id='word_1_15' title='bbox 1727 410 1781 459; x_wconf 89' lang='lat' dir='ltr'><strong>et</strong></span> <span class='ocrx_word' id='word_1_16' title='bbox 1807 401 2014 473; x_wconf 87' lang='lat' dir='ltr'><strong>spinas.</strong></span> <span class='ocrx_word' id='word_1_17' title='bbox 2040 400 2129 457; x_wconf 85' lang='lat' dir='ltr'><strong>Su-</strong></span> <span class='ocrx_word' id='word_1_18' title='bbox 2167 394 2215 453; x_wconf 76' lang='grc' dir='ltr'>Α</span> <span class='ocrx_word' id='word_1_19' title='bbox 2245 390 2365 461; x_wconf 76' lang='lat' dir='ltr'><strong>eius</strong></span> <span class='ocrx_word' id='word_1_20' title='bbox 2412 408 2441 446; x_wconf 88' lang='lat' dir='ltr'><strong>a</strong></span> <span class='ocrx_word' id='word_1_21' title='bbox 2487 390 2625 449; x_wconf 70' lang='lat' dir='ltr'><strong>facie</strong></span> <span class='ocrx_word' id='word_1_22' title='bbox 2656 394 2926 466; x_wconf 78' lang='lat' dir='ltr'><strong>aquilonis</strong></span> <span class='ocrx_word' id='word_1_23' title='bbox 2955 392 3169 467; x_wconf 85' lang='lat' dir='ltr'><strong>(Jerem.</strong></span> <span class='ocrx_word' id='word_1_24' title='bbox 3203 393 3266 467; x_wconf 85' lang='lat'><strong>1).</strong></span> <span class='ocrx_word' id='word_1_25' title='bbox 3299 392 3367 451; x_wconf 82' lang='lat' dir='ltr'><strong>Et</strong></span> <span class='ocrx_word' id='word_1_26' title='bbox 3397 392 3523 450; x_wconf 85' lang='lat' dir='ltr'><strong>alibi</strong></span> <span class='ocrx_word' id='word_1_27' title='bbox 3557 391 3732 451; x_wconf 87' lang='lat' dir='ltr'><strong>dicit:</strong></span> <span class='ocrx_word' id='word_1_28' title='bbox 3762 392 3839 449; x_wconf 73' lang='lat' dir='ltr'><strong>Ab</strong></span> 
     </span>
    </p>
   </div>
   <div class='ocr_carea' id='block_1_5' title="bbox 545 497 2143 568">
    <p class='ocr_par' dir='ltr' id='par_1_5' title="bbox 545 497 2143 568">
     <span class='ocr_line' id='line_1_5' title="bbox 545 497 2143 568; baseline 0.001 -17"><span class='ocrx_word' id='word_1_29' title='bbox 545 512 615 551; x_wconf 86' lang='lat' dir='ltr'><strong>na</strong></span> <span class='ocrx_word' id='word_1_30' title='bbox 644 497 975 552; x_wconf 72' lang='lat' dir='ltr'><strong>contritiones</strong></span> <span class='ocrx_word' id='word_1_31' title='bbox 992 499 1126 565; x_wconf 80' lang='lat' dir='ltr'><strong>eius,</strong></span> <span class='ocrx_word' id='word_1_32' title='bbox 1157 497 1279 568; x_wconf 83' lang='lat' dir='ltr'><strong>quia</strong></span> <span class='ocrx_word' id='word_1_33' title='bbox 1303 506 1563 554; x_wconf 87' lang='lat' dir='ltr'><strong>commota</strong></span> <span class='ocrx_word' id='word_1_34' title='bbox 1589 506 1683 554; x_wconf 89' lang='lat' dir='ltr'><strong>est.</strong></span> <span class='ocrx_word' id='word_1_35' title='bbox 1717 498 1858 554; x_wconf 83' lang='lat' dir='ltr'><strong>Mota</strong></span> <span class='ocrx_word' id='word_1_36' title='bbox 1890 506 1976 554; x_wconf 90' lang='lat' dir='ltr'><strong>est</strong></span> <span class='ocrx_word' id='word_1_37' title='bbox 1997 497 2143 555; x_wconf 83' lang='lat' dir='ltr'><strong>enim</strong></span> 
     </span>
    </p>
   </div>
   <div class='ocr_carea' id='block_1_6' title="bbox 544 586 1881 646">
    <p class='ocr_par' dir='ltr' id='par_1_6' title="bbox 544 586 1881 646">
     <span class='ocr_line' id='line_1_6' title="bbox 544 586 1881 646; baseline 0.001 -1"><span class='ocrx_word' id='word_1_38' title='bbox 544 604 577 645; x_wconf 88' lang='lat' dir='ltr'><strong>a</strong></span> <span class='ocrx_word' id='word_1_39' title='bbox 608 590 827 644; x_wconf 89' lang='lat' dir='ltr'><strong>malitiis</strong></span> <span class='ocrx_word' id='word_1_40' title='bbox 854 603 873 642; x_wconf 91' lang='lat'><strong>:</strong></span> <span class='ocrx_word' id='word_1_41' title='bbox 905 598 962 644; x_wconf 92' lang='lat' dir='ltr'><strong>ut</strong></span> <span class='ocrx_word' id='word_1_42' title='bbox 988 586 1225 645; x_wconf 84' lang='lat' dir='ltr'><strong>fructum</strong></span> <span class='ocrx_word' id='word_1_43' title='bbox 1255 589 1514 646; x_wconf 79' lang='lat' dir='ltr'><strong>exhibeat</strong></span> <span class='ocrx_word' id='word_1_44' title='bbox 1554 590 1881 646; x_wconf 67' lang='lat' dir='ltr'><strong>sanctitatis.</strong></span> 
     </span>
    </p>
   </div>
   <div class='ocr_carea' id='block_1_7' title="bbox 620 678 2143 753">
    <p class='ocr_par' dir='ltr' id='par_1_7' title="bbox 620 678 2143 753">
     <span class='ocr_line' id='line_1_7' title="bbox 620 678 2143 753; baseline 0 -17"><span class='ocrx_word' id='word_1_45' title='bbox 620 678 905 736; x_wconf 80' lang='lat' dir='ltr'><strong>Ostendiin</strong></span> <span class='ocrx_word' id='word_1_46' title='bbox 933 680 1124 753; x_wconf 80' lang='lat' dir='ltr'><strong>populo</strong></span> <span class='ocrx_word' id='word_1_47' title='bbox 1153 689 1244 736; x_wconf 84' lang='lat' dir='ltr'><strong>tuo</strong></span> <span class='ocrx_word' id='word_1_48' title='bbox 1277 680 1432 737; x_wconf 83' lang='lat' dir='ltr'><strong>dura.</strong></span> <span class='ocrx_word' id='word_1_49' title='bbox 1485 682 1553 739; x_wconf 84' lang='lat' dir='ltr'><strong>Ut</strong></span> <span class='ocrx_word' id='word_1_50' title='bbox 1598 691 1651 737; x_wconf 84' lang='lat' dir='ltr'><strong>te</strong></span> <span class='ocrx_word' id='word_1_51' title='bbox 1700 682 1959 738; x_wconf 80' lang='lat' dir='ltr'><strong>attentius</strong></span> <span class='ocrx_word' id='word_1_52' title='bbox 1998 698 2143 753; x_wconf 75' lang='lat' dir='ltr'><strong>qum-</strong></span> 
     </span>
    </p>
   </div>
   <div class='ocr_carea' id='block_1_8' title="bbox 543 770 2147 847">
    <p class='ocr_par' dir='ltr' id='par_1_8' title="bbox 543 770 2147 847">
     <span class='ocr_line' id='line_1_8' title="bbox 543 770 2147 847; baseline 0.002 -20"><span class='ocrx_word' id='word_1_53' title='bbox 543 782 708 829; x_wconf 90' lang='lat' dir='ltr'><strong>reret.</strong></span> <span class='ocrx_word' id='word_1_54' title='bbox 758 770 998 843; x_wconf 80' lang='lat' dir='ltr'><strong>Castigas</strong></span> <span class='ocrx_word' id='word_1_55' title='bbox 1053 773 1197 830; x_wconf 90' lang='lat' dir='ltr'><strong>enim</strong></span> <span class='ocrx_word' id='word_1_56' title='bbox 1249 789 1466 832; x_wconf 87' lang='lat' dir='ltr'><strong>omnem</strong></span> <span class='ocrx_word' id='word_1_57' title='bbox 1522 774 1691 832; x_wconf 87' lang='lat' dir='ltr'><strong>lilium</strong></span> <span class='ocrx_word' id='word_1_58' title='bbox 1738 790 1895 847; x_wconf 85' lang='lat' dir='ltr'><strong>quem</strong></span> <span class='ocrx_word' id='word_1_59' title='bbox 1946 775 2147 846; x_wconf 81' lang='lat' dir='ltr'><strong>recipis</strong></span> 
     </span>
    </p>
   </div>
   <div class='ocr_carea' id='block_1_9' title="bbox 542 866 2151 940">
    <p class='ocr_par' dir='ltr' id='par_1_9' title="bbox 542 866 2151 940">
     <span class='ocr_line' id='line_1_9' title="bbox 542 866 2151 940; baseline 0.002 -19"><span class='ocrx_word' id='word_1_60' title='bbox 542 866 733 938; x_wconf 82' lang='lat' dir='ltr'><strong>(Hebr.</strong></span> <span class='ocrx_word' id='word_1_61' title='bbox 765 866 882 937; x_wconf 81' lang='lat' dir='ltr'><strong>xu).</strong></span> <span class='ocrx_word' id='word_1_62' title='bbox 921 867 1205 924; x_wconf 83' lang='lat' dir='ltr'><strong>Ostendiin</strong></span> <span class='ocrx_word' id='word_1_63' title='bbox 1230 868 1425 940; x_wconf 85' lang='lat' dir='ltr'><strong>populo</strong></span> <span class='ocrx_word' id='word_1_64' title='bbox 1452 878 1547 925; x_wconf 84' lang='lat' dir='ltr'><strong>tuo</strong></span> <span class='ocrx_word' id='word_1_65' title='bbox 1571 870 1707 925; x_wconf 86' lang='lat' dir='ltr'><strong>dura</strong></span> <span class='ocrx_word' id='word_1_66' title='bbox 1731 886 1751 926; x_wconf 93' lang='lat'><strong><em>:</em></strong></span> <span class='ocrx_word' id='word_1_67' title='bbox 1781 870 1883 927; x_wconf 85' lang='lat' dir='ltr'><strong>hoc</strong></span> <span class='ocrx_word' id='word_1_68' title='bbox 1910 878 2012 937; x_wconf 85' lang='lat' dir='ltr'><strong>est,</strong></span> <span class='ocrx_word' id='word_1_69' title='bbox 2049 871 2151 925; x_wconf 57' lang='lat' dir='ltr'><strong>tri:</strong></span> 
     </span>
    </p>
   </div>
   <div class='ocr_carea' id='block_1_10' title="bbox 540 960 2143 1032">
    <p class='ocr_par' dir='ltr' id='par_1_10' title="bbox 540 960 2143 1032">
     <span class='ocr_line' id='line_1_10' title="bbox 540 960 2143 1032; baseline 0 -15"><span class='ocrx_word' id='word_1_70' title='bbox 540 960 898 1018; x_wconf 88' lang='lat' dir='ltr'><strong>bulationem.</strong></span> <span class='ocrx_word' id='word_1_71' title='bbox 944 961 1099 1018; x_wconf 91' lang='lat' dir='ltr'><strong>Unde</strong></span> <span class='ocrx_word' id='word_1_72' title='bbox 1125 971 1350 1018; x_wconf 88' lang='lat' dir='ltr'><strong>sanctus</strong></span> <span class='ocrx_word' id='word_1_73' title='bbox 1387 962 1587 1022; x_wconf 77' lang='lat' dir='ltr'><strong>Paulus</strong></span> <span class='ocrx_word' id='word_1_74' title='bbox 1625 963 1795 1018; x_wconf 87' lang='lat' dir='ltr'><strong>dicit:</strong></span> <span class='ocrx_word' id='word_1_75' title='bbox 1826 964 1927 1032; x_wconf 88' lang='lat' dir='ltr'><strong>Qui</strong></span> <span class='ocrx_word' id='word_1_76' title='bbox 1953 960 2143 1019; x_wconf 82' lang='lat' dir='ltr'><strong>volunt</strong></span> 
     </span>
    </p>
   </div>
   <div class='ocr_carea' id='block_1_11' title="bbox 541 1052 2141 1128">
    <p class='ocr_par' dir='ltr' id='par_1_11' title="bbox 541 1052 2141 1128">
     <span class='ocr_line' id='line_1_11' title="bbox 541 1052 2141 1128; baseline 0.001 -21"><span class='ocrx_word' id='word_1_77' title='bbox 541 1052 631 1122; x_wconf 89' lang='lat' dir='ltr'><strong>pie</strong></span> <span class='ocrx_word' id='word_1_78' title='bbox 664 1052 848 1110; x_wconf 75' lang='lat' dir='ltr'><strong>vivere</strong></span> <span class='ocrx_word' id='word_1_79' title='bbox 904 1053 959 1109; x_wconf 92' lang='lat' dir='ltr'><strong>in</strong></span> <span class='ocrx_word' id='word_1_80' title='bbox 1000 1053 1222 1110; x_wconf 87' lang='lat' dir='ltr'><strong>Christo</strong></span> <span class='ocrx_word' id='word_1_81' title='bbox 1243 1096 1257 1122; x_wconf 93' lang='lat'><strong>,</strong></span> <span class='ocrx_word' id='word_1_82' title='bbox 1290 1055 1727 1125; x_wconf 82' lang='lat' dir='ltr'><strong>persecutionem</strong></span> <span class='ocrx_word' id='word_1_83' title='bbox 1755 1054 2035 1127; x_wconf 87' lang='lat' dir='ltr'><strong>patiuntur</strong></span> <span class='ocrx_word' id='word_1_84' title='bbox 2066 1054 2141 1128; x_wconf 87' lang='lat' dir='ltr'><strong>(ll</strong></span> 
     </span>
    </p>
   </div>
   <div class='ocr_carea' id='block_1_12' title="bbox 541 1142 2141 1219">
    <p class='ocr_par' dir='ltr' id='par_1_12' title="bbox 541 1142 2141 1219">
     <span class='ocr_line' id='line_1_12' title="bbox 541 1142 2141 1219; baseline 0.002 -20"><span class='ocrx_word' id='word_1_85' title='bbox 541 1142 678 1200; x_wconf 82' lang='lat' dir='ltr'><strong>Tim.</strong></span> <span class='ocrx_word' id='word_1_86' title='bbox 709 1144 815 1218; x_wconf 86' lang='lat' dir='ltr'><strong>tu).</strong></span> <span class='ocrx_word' id='word_1_87' title='bbox 850 1144 1055 1202; x_wconf 85' lang='lat' dir='ltr'><strong>Potos‘i</strong></span> <span class='ocrx_word' id='word_1_88' title='bbox 1095 1158 1189 1201; x_wconf 88' lang='lat' dir='ltr'><strong>nos</strong></span> <span class='ocrx_word' id='word_1_89' title='bbox 1217 1148 1336 1201; x_wconf 74' lang='lat' dir='ltr'><strong>trino</strong></span> <span class='ocrx_word' id='word_1_90' title='bbox 1361 1146 1792 1219; x_wconf 84' lang='lat' dir='ltr'><strong>compunctionis.</strong></span> <span class='ocrx_word' id='word_1_91' title='bbox 1817 1146 1889 1203; x_wconf 86' lang='lat' dir='ltr'><strong>Ut</strong></span> <span class='ocrx_word' id='word_1_92' title='bbox 1927 1147 2141 1202; x_wconf 82' lang='lat' dir='ltr'><strong>cenfnsl</strong></span> 
     </span>
    </p>
   </div>
   <div class='ocr_carea' id='block_1_13' title="bbox 538 1234 2145 1321">
    <p class='ocr_par' dir='ltr' id='par_1_13' title="bbox 538 1234 2145 1321">
     <span class='ocr_line' id='line_1_13' title="bbox 538 1234 2145 1321; baseline 0.001 -29"><span class='ocrx_word' id='word_1_93' title='bbox 538 1236 595 1292; x_wconf 87' lang='lat' dir='ltr'><strong>in</strong></span> <span class='ocrx_word' id='word_1_94' title='bbox 639 1234 991 1306; x_wconf 76' lang='lat' dir='ltr'><strong>facinoribus,</strong></span> <span class='ocrx_word' id='word_1_95' title='bbox 1032 1239 1375 1310; x_wconf 86' lang='lat' dir='ltr'><strong>cumpnnctio</strong></span> <span class='ocrx_word' id='word_1_96' title='bbox 1405 1239 1475 1295; x_wconf 86' lang='lat' dir='ltr'><strong>sit</strong></span> <span class='ocrx_word' id='word_1_97' title='bbox 1502 1240 1568 1294; x_wconf 83' lang='lat' dir='ltr'><strong>ad</strong></span> <span class='ocrx_word' id='word_1_98' title='bbox 1595 1246 1646 1295; x_wconf 91' lang='lat' dir='ltr'><strong>te</strong></span> <span class='ocrx_word' id='word_1_99' title='bbox 1674 1238 2006 1321; x_wconf 83' lang='lat' dir='ltr'><strong>revertendi.</strong></span> <span class='ocrx_word' id='word_1_100' title='bbox 2038 1238 2145 1294; x_wconf 89' lang='lat' dir='ltr'><strong>Per</strong></span> 
     </span>
    </p>
   </div>
   <div class='ocr_carea' id='block_1_14' title="bbox 538 1330 2147 1406">
    <p class='ocr_par' dir='ltr' id='par_1_14' title="bbox 538 1330 2147 1406">
     <span class='ocr_line' id='line_1_14' title="bbox 538 1330 2147 1406; baseline -0.001 -19"><span class='ocrx_word' id='word_1_101' title='bbox 538 1330 745 1403; x_wconf 87' lang='lat' dir='ltr'><strong>vinum,</strong></span> <span class='ocrx_word' id='word_1_102' title='bbox 777 1333 864 1389; x_wconf 84' lang='lat' dir='ltr'><strong>lex</strong></span> <span class='ocrx_word' id='word_1_103' title='bbox 892 1333 1074 1406; x_wconf 80' lang='lat' dir='ltr'><strong>populi</strong></span> <span class='ocrx_word' id='word_1_104' title='bbox 1104 1332 1197 1390; x_wconf 90' lang='lat' dir='ltr'><strong>Dei</strong></span> <span class='ocrx_word' id='word_1_105' title='bbox 1225 1332 1563 1405; x_wconf 75' lang='lat' dir='ltr'><strong>intelligitur,</strong></span> <span class='ocrx_word' id='word_1_106' title='bbox 1587 1340 1643 1390; x_wconf 88' lang='lat' dir='ltr'><strong>et</strong></span> <span class='ocrx_word' id='word_1_107' title='bbox 1664 1334 1776 1404; x_wconf 81' lang='lat' dir='ltr'><strong>ipsa</strong></span> <span class='ocrx_word' id='word_1_108' title='bbox 1799 1334 2147 1403; x_wconf 82' lang='lat' dir='ltr'><strong>compnnctio</strong></span> 
     </span>
    </p>
   </div>
   <div class='ocr_carea' id='block_1_15' title="bbox 539 1423 977 1497">
    <p class='ocr_par' dir='ltr' id='par_1_15' title="bbox 539 1423 977 1497">
     <span class='ocr_line' id='line_1_15' title="bbox 539 1423 977 1497; baseline -0.007 -16"><span class='ocrx_word' id='word_1_109' title='bbox 539 1425 715 1497; x_wconf 82' lang='lat' dir='ltr'><strong>gratia</strong></span> <span class='ocrx_word' id='word_1_110' title='bbox 754 1423 852 1482; x_wconf 91' lang='lat' dir='ltr'><strong>Dei</strong></span> <span class='ocrx_word' id='word_1_111' title='bbox 873 1434 977 1482; x_wconf 86' lang='lat' dir='ltr'><strong>est.</strong></span> 
     </span>
    </p>
   </div>
   <div class='ocr_carea' id='block_1_16' title="bbox 611 1514 2143 1590">
    <p class='ocr_par' dir='ltr' id='par_1_16' title="bbox 611 1514 2143 1590">
     <span class='ocr_line' id='line_1_16' title="bbox 611 1514 2143 1590; baseline -0.001 -19"><span class='ocrx_word' id='word_1_112' title='bbox 611 1514 818 1573; x_wconf 84' lang='lat' dir='ltr'><strong>Dedisti</strong></span> <span class='ocrx_word' id='word_1_113' title='bbox 866 1517 1213 1574; x_wconf 72' lang='lat' dir='ltr'><strong>metuentibus</strong></span> <span class='ocrx_word' id='word_1_114' title='bbox 1254 1525 1304 1574; x_wconf 85' lang='lat' dir='ltr'><strong>te</strong></span> <span class='ocrx_word' id='word_1_115' title='bbox 1341 1517 1792 1590; x_wconf 74' lang='lat' dir='ltr'><strong>signiﬁcationem,</strong></span> <span class='ocrx_word' id='word_1_116' title='bbox 1837 1526 1893 1572; x_wconf 87' lang='lat' dir='ltr'><strong>ut</strong></span> <span class='ocrx_word' id='word_1_117' title='bbox 1939 1516 2143 1589; x_wconf 77' lang='lat' dir='ltr'><strong>fugiant</strong></span> 
     </span>
    </p>
   </div>
   <div class='ocr_carea' id='block_1_17' title="bbox 537 1610 2140 1684">
    <p class='ocr_par' dir='ltr' id='par_1_17' title="bbox 537 1610 2140 1684">
     <span class='ocr_line' id='line_1_17' title="bbox 537 1610 2140 1684; baseline -0.002 -17"><span class='ocrx_word' id='word_1_118' title='bbox 537 1629 571 1667; x_wconf 89' lang='lat' dir='ltr'><strong>a</strong></span> <span class='ocrx_word' id='word_1_119' title='bbox 625 1612 759 1684; x_wconf 75' lang='lat' dir='ltr'><strong>facie</strong></span> <span class='ocrx_word' id='word_1_120' title='bbox 811 1625 994 1680; x_wconf 84' lang='lat' dir='ltr'><strong>arcus,</strong></span> <span class='ocrx_word' id='word_1_121' title='bbox 1045 1622 1101 1666; x_wconf 85' lang='lat' dir='ltr'><strong>ut</strong></span> <span class='ocrx_word' id='word_1_122' title='bbox 1148 1611 1430 1668; x_wconf 78' lang='lat' dir='ltr'><strong>liberentur</strong></span> <span class='ocrx_word' id='word_1_123' title='bbox 1482 1611 1658 1667; x_wconf 78' lang='lat' dir='ltr'><strong>dilecti</strong></span> <span class='ocrx_word' id='word_1_124' title='bbox 1707 1613 1802 1667; x_wconf 84' lang='lat' dir='ltr'><strong>tni.</strong></span> <span class='ocrx_word' id='word_1_125' title='bbox 1857 1610 2140 1666; x_wconf 60' lang='lat' dir='ltr'><strong>Pravbuistl</strong></span> 
     </span>
    </p>
   </div>
   <div class='ocr_carea' id='block_1_18' title="bbox 538 1703 2142 1775">
    <p class='ocr_par' dir='ltr' id='par_1_18' title="bbox 538 1703 2142 1775">
     <span class='ocr_line' id='line_1_18' title="bbox 538 1703 2142 1775; baseline -0.004 -14"><span class='ocrx_word' id='word_1_126' title='bbox 538 1703 891 1775; x_wconf 78' lang='lat' dir='ltr'><strong>baptismum,</strong></span> <span class='ocrx_word' id='word_1_127' title='bbox 923 1718 1033 1773; x_wconf 87' lang='lat' dir='ltr'><strong>quo</strong></span> <span class='ocrx_word' id='word_1_128' title='bbox 1059 1703 1251 1768; x_wconf 87' lang='lat' dir='ltr'><strong>abluti,</strong></span> <span class='ocrx_word' id='word_1_129' title='bbox 1290 1704 1598 1775; x_wconf 81' lang='lat' dir='ltr'><strong>fugeremus</strong></span> <span class='ocrx_word' id='word_1_130' title='bbox 1629 1718 1658 1758; x_wconf 91' lang='lat' dir='ltr'><strong>a</strong></span> <span class='ocrx_word' id='word_1_131' title='bbox 1688 1703 1871 1758; x_wconf 86' lang='lat' dir='ltr'><strong>futura</strong></span> <span class='ocrx_word' id='word_1_132' title='bbox 1902 1704 1979 1758; x_wconf 83' lang='lat' dir='ltr'><strong>ira</strong></span> <span class='ocrx_word' id='word_1_133' title='bbox 2004 1720 2017 1756; x_wconf 88' lang='lat'><strong>:</strong></span> <span class='ocrx_word' id='word_1_134' title='bbox 2046 1716 2142 1772; x_wconf 85' lang='lat' dir='ltr'><strong>per</strong></span> 
     </span>
    </p>
   </div>
   <div class='ocr_carea' id='block_1_19' title="bbox 2244 482 3837 560">
    <p class='ocr_par' dir='ltr' id='par_1_19' title="bbox 2244 482 3837 560">
     <span class='ocr_line' id='line_1_19' title="bbox 2244 482 3837 560; baseline 0.002 -24"><span class='ocrx_word' id='word_1_135' title='bbox 2244 482 2504 554; x_wconf 80' lang='lat' dir='ltr'><strong>aquilone</strong></span> <span class='ocrx_word' id='word_1_136' title='bbox 2544 486 2907 542; x_wconf 77' lang='lat' dir='ltr'><strong>exardescent</strong></span> <span class='ocrx_word' id='word_1_137' title='bbox 2931 488 3093 554; x_wconf 84' lang='lat' dir='ltr'><strong>Ioala,</strong></span> <span class='ocrx_word' id='word_1_138' title='bbox 3131 501 3252 559; x_wconf 71' lang='lat' dir='ltr'><strong>qum</strong></span> <span class='ocrx_word' id='word_1_139' title='bbox 3284 495 3413 543; x_wconf 87' lang='lat' dir='ltr'><strong>sunt</strong></span> <span class='ocrx_word' id='word_1_140' title='bbox 3448 502 3617 560; x_wconf 87' lang='lat' dir='ltr'><strong>super</strong></span> <span class='ocrx_word' id='word_1_141' title='bbox 3647 496 3837 543; x_wconf 79' lang='lat' dir='ltr'><strong>terram</strong></span> 
     </span>
    </p>
   </div>
   <div class='ocr_carea' id='block_1_20' title="bbox 2244 577 3840 650">
    <p class='ocr_par' dir='ltr' id='par_1_20' title="bbox 2244 577 3840 650">
     <span class='ocr_line' id='line_1_20' title="bbox 2244 577 3840 650; baseline 0.003 -20"><span class='ocrx_word' id='word_1_142' title='bbox 2244 577 2492 650; x_wconf 80' lang='lat' dir='ltr'><strong>(ibidem)</strong></span> <span class='ocrx_word' id='word_1_143' title='bbox 2517 596 2530 634; x_wconf 91' lang='lat'><strong>:</strong></span> <span class='ocrx_word' id='word_1_144' title='bbox 2559 578 2613 634; x_wconf 90' lang='lat' dir='ltr'><strong>id</strong></span> <span class='ocrx_word' id='word_1_145' title='bbox 2640 587 2749 645; x_wconf 88' lang='lat' dir='ltr'><strong>est,</strong></span> <span class='ocrx_word' id='word_1_146' title='bbox 2783 581 3165 637; x_wconf 77' lang='lat' dir='ltr'><strong>tribulationos</strong></span> <span class='ocrx_word' id='word_1_147' title='bbox 3189 581 3419 637; x_wconf 82' lang='lat' dir='ltr'><strong>veniunt</strong></span> <span class='ocrx_word' id='word_1_148' title='bbox 3448 598 3477 635; x_wconf 89' lang='lat' dir='ltr'><strong>a</strong></span> <span class='ocrx_word' id='word_1_149' title='bbox 3507 581 3731 638; x_wconf 83' lang='lat' dir='ltr'><strong>diabolo</strong></span> <span class='ocrx_word' id='word_1_150' title='bbox 3759 596 3840 635; x_wconf 88' lang='lat' dir='ltr'><strong>sn-</strong></span> 
     </span>
    </p>
   </div>
   <div class='ocr_carea' id='block_1_21' title="bbox 2243 672 3839 742">
    <p class='ocr_par' dir='ltr' id='par_1_21' title="bbox 2243 672 3839 742">
     <span class='ocr_line' id='line_1_21' title="bbox 2243 672 3839 742; baseline 0.002 -16"><span class='ocrx_word' id='word_1_151' title='bbox 2243 685 2340 741; x_wconf 90' lang='lat' dir='ltr'><strong>per</strong></span> <span class='ocrx_word' id='word_1_152' title='bbox 2368 681 2593 737; x_wconf 88' lang='lat' dir='ltr'><strong>terram,</strong></span> <span class='ocrx_word' id='word_1_153' title='bbox 2628 688 2750 742; x_wconf 74' lang='lat' dir='ltr'><strong>qua:</strong></span> <span class='ocrx_word' id='word_1_154' title='bbox 2800 682 2887 730; x_wconf 89' lang='lat' dir='ltr'><strong>est</strong></span> <span class='ocrx_word' id='word_1_155' title='bbox 2931 674 3198 740; x_wconf 84' lang='lat' dir='ltr'><strong>Ecclesia,</strong></span> <span class='ocrx_word' id='word_1_156' title='bbox 3247 675 3390 730; x_wconf 88' lang='lat' dir='ltr'><strong>sicut</strong></span> <span class='ocrx_word' id='word_1_157' title='bbox 3437 674 3642 730; x_wconf 77' lang='lat' dir='ltr'><strong>Paulus</strong></span> <span class='ocrx_word' id='word_1_158' title='bbox 3676 672 3839 730; x_wconf 80' lang='lat' dir='ltr'><strong>dicit:</strong></span> 
     </span>
    </p>
   </div>
   <div class='ocr_carea' id='block_1_22' title="bbox 2243 763 3838 838">
    <p class='ocr_par' dir='ltr' id='par_1_22' title="bbox 2243 763 3838 838">
     <span class='ocr_line' id='line_1_22' title="bbox 2243 763 3838 838; baseline 0.001 -18"><span class='ocrx_word' id='word_1_159' title='bbox 2243 763 2549 821; x_wconf 86' lang='lat' dir='ltr'><strong>Tribnlatio</strong></span> <span class='ocrx_word' id='word_1_160' title='bbox 2598 767 2916 836; x_wconf 81' lang='lat' dir='ltr'><strong>patientiam</strong></span> <span class='ocrx_word' id='word_1_161' title='bbox 2975 776 3238 838; x_wconf 75' lang='lat' dir='ltr'><strong>operatur</strong></span> <span class='ocrx_word' id='word_1_162' title='bbox 3279 783 3296 821; x_wconf 87' lang='lat'><strong>:</strong></span> <span class='ocrx_word' id='word_1_163' title='bbox 3349 766 3615 837; x_wconf 78' lang='lat' dir='ltr'><strong>patientia</strong></span> <span class='ocrx_word' id='word_1_164' title='bbox 3670 775 3838 822; x_wconf 85' lang='lat' dir='ltr'><strong>autem</strong></span> 
     </span>
    </p>
   </div>
   <div class='ocr_carea' id='block_1_23' title="bbox 2245 858 3843 930">
    <p class='ocr_par' dir='ltr' id='par_1_23' title="bbox 2245 858 3843 930">
     <span class='ocr_line' id='line_1_23' title="bbox 2245 858 3843 930; baseline -0.001 -17"><span class='ocrx_word' id='word_1_165' title='bbox 2245 858 2657 929; x_wconf 79' lang='lat' dir='ltr'><strong>probationem:</strong></span> <span class='ocrx_word' id='word_1_166' title='bbox 2689 858 2945 930; x_wconf 84' lang='lat' dir='ltr'><strong>probatio</strong></span> <span class='ocrx_word' id='word_1_167' title='bbox 2972 875 3104 915; x_wconf 89' lang='lat' dir='ltr'><strong>vero</strong></span> <span class='ocrx_word' id='word_1_168' title='bbox 3152 873 3347 929; x_wconf 83' lang='lat' dir='ltr'><strong>spem:</strong></span> <span class='ocrx_word' id='word_1_169' title='bbox 3380 872 3511 930; x_wconf 87' lang='lat' dir='ltr'><strong>spes</strong></span> <span class='ocrx_word' id='word_1_170' title='bbox 3561 873 3695 914; x_wconf 87' lang='lat' dir='ltr'><strong>vero</strong></span> <span class='ocrx_word' id='word_1_171' title='bbox 3742 873 3843 913; x_wconf 86' lang='lat' dir='ltr'><strong>non</strong></span> 
     </span>
    </p>
   </div>
   <div class='ocr_carea' id='block_1_24' title="bbox 2245 948 3847 1023">
    <p class='ocr_par' dir='ltr' id='par_1_24' title="bbox 2245 948 3847 1023">
     <span class='ocr_line' id='line_1_24' title="bbox 2245 948 3847 1023; baseline 0 -17"><span class='ocrx_word' id='word_1_172' title='bbox 2245 948 2624 1021; x_wconf 83' lang='lat' dir='ltr'><strong>confunditur,</strong></span> <span class='ocrx_word' id='word_1_173' title='bbox 2662 953 2787 1023; x_wconf 84' lang='lat' dir='ltr'><strong>quia</strong></span> <span class='ocrx_word' id='word_1_174' title='bbox 2832 951 3079 1009; x_wconf 78' lang='lat' dir='ltr'><strong>charitas</strong></span> <span class='ocrx_word' id='word_1_175' title='bbox 3111 950 3207 1007; x_wconf 87' lang='lat' dir='ltr'><strong>Dei</strong></span> <span class='ocrx_word' id='word_1_176' title='bbox 3236 950 3432 1008; x_wconf 77' lang='lat' dir='ltr'><strong>diii‘usa</strong></span> <span class='ocrx_word' id='word_1_177' title='bbox 3463 960 3548 1008; x_wconf 84' lang='lat' dir='ltr'><strong>est</strong></span> <span class='ocrx_word' id='word_1_178' title='bbox 3588 952 3642 1007; x_wconf 89' lang='lat' dir='ltr'><strong>in</strong></span> <span class='ocrx_word' id='word_1_179' title='bbox 3674 950 3847 1007; x_wconf 83' lang='lat' dir='ltr'><strong>cordi-</strong></span> 
     </span>
    </p>
   </div>
   <div class='ocr_carea' id='block_1_25' title="bbox 2245 1041 3846 1114">
    <p class='ocr_par' dir='ltr' id='par_1_25' title="bbox 2245 1041 3846 1114">
     <span class='ocr_line' id='line_1_25' title="bbox 2245 1041 3846 1114; baseline 0.001 -17"><span class='ocrx_word' id='word_1_180' title='bbox 2245 1041 2347 1097; x_wconf 80' lang='lat' dir='ltr'><strong>bus</strong></span> <span class='ocrx_word' id='word_1_181' title='bbox 2393 1042 2628 1109; x_wconf 82' lang='lat' dir='ltr'><strong>nostris,</strong></span> <span class='ocrx_word' id='word_1_182' title='bbox 2680 1058 2778 1114; x_wconf 89' lang='lat' dir='ltr'><strong>per</strong></span> <span class='ocrx_word' id='word_1_183' title='bbox 2822 1042 3084 1113; x_wconf 82' lang='lat' dir='ltr'><strong>Spiritum</strong></span> <span class='ocrx_word' id='word_1_184' title='bbox 3130 1053 3378 1099; x_wconf 73' lang='lat' dir='ltr'><strong>salictum</strong></span> <span class='ocrx_word' id='word_1_185' title='bbox 3420 1043 3514 1114; x_wconf 86' lang='lat' dir='ltr'><strong>qui</strong></span> <span class='ocrx_word' id='word_1_186' title='bbox 3565 1043 3727 1098; x_wconf 81' lang='lat' dir='ltr'><strong>datus</strong></span> <span class='ocrx_word' id='word_1_187' title='bbox 3769 1051 3846 1098; x_wconf 86' lang='lat' dir='ltr'><strong>est</strong></span> 
     </span>
    </p>
   </div>
   <div class='ocr_carea' id='block_1_26' title="bbox 2247 1134 2739 1210">
    <p class='ocr_par' dir='ltr' id='par_1_26' title="bbox 2247 1134 2739 1210">
     <span class='ocr_line' id='line_1_26' title="bbox 2247 1134 2739 1210; baseline 0.002 -20"><span class='ocrx_word' id='word_1_188' title='bbox 2247 1134 2408 1190; x_wconf 84' lang='lat' dir='ltr'><strong>nobis</strong></span> <span class='ocrx_word' id='word_1_189' title='bbox 2439 1136 2617 1207; x_wconf 77' lang='lat' dir='ltr'><strong>(liam.</strong></span> <span class='ocrx_word' id='word_1_190' title='bbox 2660 1136 2739 1210; x_wconf 89' lang='lat' dir='ltr'><strong>v).</strong></span> 
     </span>
    </p>
   </div>
   <div class='ocr_carea' id='block_1_27' title="bbox 2316 1226 3846 1301">
    <p class='ocr_par' dir='ltr' id='par_1_27' title="bbox 2316 1226 3846 1301">
     <span class='ocr_line' id='line_1_27' title="bbox 2316 1226 3846 1301; baseline 0.003 -20"><span class='ocrx_word' id='word_1_191' title='bbox 2316 1226 2387 1282; x_wconf 84' lang='lat' dir='ltr'><strong>In</strong></span> <span class='ocrx_word' id='word_1_192' title='bbox 2415 1226 2705 1285; x_wconf 74' lang='lat' dir='ltr'><strong>Idumam</strong></span> <span class='ocrx_word' id='word_1_193' title='bbox 2724 1229 3001 1285; x_wconf 67' lang='lat' dir='ltr'><strong>extendam</strong></span> <span class='ocrx_word' id='word_1_194' title='bbox 3021 1231 3421 1286; x_wconf 73' lang='lat' dir='ltr'><strong>calciamentum</strong></span> <span class='ocrx_word' id='word_1_195' title='bbox 3442 1244 3632 1285; x_wconf 74' lang='lat' dir='ltr'><strong>nm.</strong></span> <span class='ocrx_word' id='word_1_196' title='bbox 3674 1229 3846 1301; x_wconf 77' lang='lat' dir='ltr'><strong>Usque</strong></span> 
     </span>
    </p>
   </div>
   <div class='ocr_carea' id='block_1_28' title="bbox 2244 1317 3847 1394">
    <p class='ocr_par' dir='ltr' id='par_1_28' title="bbox 2244 1317 3847 1394">
     <span class='ocr_line' id='line_1_28' title="bbox 2244 1317 3847 1394; baseline 0.002 -20"><span class='ocrx_word' id='word_1_197' title='bbox 2244 1317 2301 1374; x_wconf 90' lang='lat' dir='ltr'><strong>in</strong></span> <span class='ocrx_word' id='word_1_198' title='bbox 2353 1320 2632 1391; x_wconf 80' lang='lat' dir='ltr'><strong>regionem</strong></span> <span class='ocrx_word' id='word_1_199' title='bbox 2685 1322 2851 1386; x_wconf 87' lang='lat' dir='ltr'><strong>Esau,</strong></span> <span class='ocrx_word' id='word_1_200' title='bbox 2901 1322 3274 1393; x_wconf 80' lang='lat' dir='ltr'><strong>apostolorum</strong></span> <span class='ocrx_word' id='word_1_201' title='bbox 3317 1323 3483 1393; x_wconf 85' lang='lat' dir='ltr'><strong>pedes</strong></span> <span class='ocrx_word' id='word_1_202' title='bbox 3528 1321 3847 1394; x_wconf 79' lang='lat' dir='ltr'><strong>dirigendos</strong></span> 
     </span>
    </p>
   </div>
   <div class='ocr_carea' id='block_1_29' title="bbox 2245 1415 3845 1486">
    <p class='ocr_par' dir='ltr' id='par_1_29' title="bbox 2245 1415 3845 1486">
     <span class='ocr_line' id='line_1_29' title="bbox 2245 1415 3845 1486; baseline 0.003 -19"><span class='ocrx_word' id='word_1_203' title='bbox 2245 1426 2368 1467; x_wconf 88' lang='lat' dir='ltr'><strong>esse</strong></span> <span class='ocrx_word' id='word_1_204' title='bbox 2410 1415 2729 1482; x_wconf 86' lang='lat' dir='ltr'><strong>pronuntiat</strong></span> <span class='ocrx_word' id='word_1_205' title='bbox 2773 1432 2785 1467; x_wconf 91' lang='lat'><strong>:</strong></span> <span class='ocrx_word' id='word_1_206' title='bbox 2837 1415 2959 1485; x_wconf 84' lang='lat' dir='ltr'><strong>quia</strong></span> <span class='ocrx_word' id='word_1_207' title='bbox 3011 1416 3067 1470; x_wconf 89' lang='lat' dir='ltr'><strong>in</strong></span> <span class='ocrx_word' id='word_1_208' title='bbox 3109 1415 3507 1479; x_wconf 83' lang='lat' dir='ltr'><strong>calciamentis,</strong></span> <span class='ocrx_word' id='word_1_209' title='bbox 3558 1416 3766 1486; x_wconf 81' lang='lat' dir='ltr'><strong>pedes:</strong></span> <span class='ocrx_word' id='word_1_210' title='bbox 3795 1416 3845 1472; x_wconf 87' lang='lat' dir='ltr'><strong>in</strong></span> 
     </span>
    </p>
   </div>
   <div class='ocr_carea' id='block_1_30' title="bbox 2247 1505 3841 1581">
    <p class='ocr_par' dir='ltr' id='par_1_30' title="bbox 2247 1505 3841 1581">
     <span class='ocr_line' id='line_1_30' title="bbox 2247 1505 3841 1581; baseline 0.003 -22"><span class='ocrx_word' id='word_1_211' title='bbox 2247 1505 2479 1575; x_wconf 83' lang='lat' dir='ltr'><strong>pedibus</strong></span> <span class='ocrx_word' id='word_1_212' title='bbox 2510 1522 2646 1562; x_wconf 86' lang='lat' dir='ltr'><strong>vero</strong></span> <span class='ocrx_word' id='word_1_213' title='bbox 2683 1523 2907 1580; x_wconf 81' lang='lat' dir='ltr'><strong>gressus</strong></span> <span class='ocrx_word' id='word_1_214' title='bbox 2948 1510 3233 1580; x_wconf 86' lang='lat' dir='ltr'><strong>apostolici</strong></span> <span class='ocrx_word' id='word_1_215' title='bbox 3266 1510 3671 1580; x_wconf 84' lang='lat' dir='ltr'><strong>intelliguntur,</strong></span> <span class='ocrx_word' id='word_1_216' title='bbox 3696 1510 3841 1581; x_wconf 70' lang='lat' dir='ltr'><strong>juxta</strong></span> 
     </span>
    </p>
   </div>
   <div class='ocr_carea' id='block_1_31' title="bbox 2245 1596 3845 1673">
    <p class='ocr_par' dir='ltr' id='par_1_31' title="bbox 2245 1596 3845 1673">
     <span class='ocr_line' id='line_1_31' title="bbox 2245 1596 3845 1673; baseline 0.004 -22"><span class='ocrx_word' id='word_1_217' title='bbox 2245 1596 2380 1653; x_wconf 84' lang='lat' dir='ltr'><strong>illud</strong></span> <span class='ocrx_word' id='word_1_218' title='bbox 2408 1616 2421 1653; x_wconf 93' lang='lat'><strong>:</strong></span> <span class='ocrx_word' id='word_1_219' title='bbox 2453 1598 2626 1667; x_wconf 88' lang='lat' dir='ltr'><strong>Quam</strong></span> <span class='ocrx_word' id='word_1_220' title='bbox 2656 1601 2896 1671; x_wconf 84' lang='lat' dir='ltr'><strong>speciosi</strong></span> <span class='ocrx_word' id='word_1_221' title='bbox 2925 1602 3089 1671; x_wconf 84' lang='lat' dir='ltr'><strong>pedes</strong></span> <span class='ocrx_word' id='word_1_222' title='bbox 3108 1602 3611 1673; x_wconf 79' lang='lat' dir='ltr'><strong>evangelizautiutn</strong></span> <span class='ocrx_word' id='word_1_223' title='bbox 3638 1616 3845 1673; x_wconf 73' lang='lat' dir='ltr'><strong>paceni,</strong></span> 
     </span>
    </p>
   </div>
   <div class='ocr_carea' id='block_1_32' title="bbox 2245 1695 3843 1770">
    <p class='ocr_par' dir='ltr' id='par_1_32' title="bbox 2245 1695 3843 1770">
     <span class='ocr_line' id='line_1_32' title="bbox 2245 1695 3843 1770; baseline 0.004 -24"><span class='ocrx_word' id='word_1_224' title='bbox 2245 1695 2732 1764; x_wconf 81' lang='lat' dir='ltr'><strong>evangelizantinm</strong></span> <span class='ocrx_word' id='word_1_225' title='bbox 2757 1696 2900 1752; x_wconf 86' lang='lat' dir='ltr'><strong>bona</strong></span> <span class='ocrx_word' id='word_1_226' title='bbox 2930 1695 3209 1770; x_wconf 69' lang='lat' dir='ltr'><strong>(Notium:</strong></span> <span class='ocrx_word' id='word_1_227' title='bbox 3239 1709 3288 1751; x_wconf 88' lang='lat' dir='ltr'><strong>et</strong></span> <span class='ocrx_word' id='word_1_228' title='bbox 3312 1696 3468 1752; x_wconf 77' lang='lat' dir='ltr'><strong>Boni.</strong></span> <span class='ocrx_word' id='word_1_229' title='bbox 3493 1696 3583 1768; x_wconf 84' lang='lat' dir='ltr'><strong>x)!</strong></span> <span class='ocrx_word' id='word_1_230' title='bbox 3616 1696 3843 1752; x_wconf 72' lang='lat' dir='ltr'><strong>[duim</strong></span> 
     </span>
    </p>
   </div>
   <div class='ocr_carea' id='block_1_33' title="bbox 538 1780 2126 1868">
    <p class='ocr_par' dir='ltr' id='par_1_33' title="bbox 538 1793 2126 1868">
     <span class='ocr_line' id='line_1_33' title="bbox 538 1793 2126 1868; baseline -0.002 -18"><span class='ocrx_word' id='word_1_231' title='bbox 538 1793 687 1867; x_wconf 88' lang='lat' dir='ltr'><strong>quod</strong></span> <span class='ocrx_word' id='word_1_232' title='bbox 718 1810 824 1852; x_wconf 88' lang='lat' dir='ltr'><strong>non</strong></span> <span class='ocrx_word' id='word_1_233' title='bbox 866 1795 1042 1851; x_wconf 87' lang='lat' dir='ltr'><strong>solum</strong></span> <span class='ocrx_word' id='word_1_234' title='bbox 1092 1806 1428 1868; x_wconf 87' lang='lat' dir='ltr'><strong>peccatores,</strong></span> <span class='ocrx_word' id='word_1_235' title='bbox 1476 1795 1572 1851; x_wconf 90' lang='lat' dir='ltr'><strong>sed</strong></span> <span class='ocrx_word' id='word_1_236' title='bbox 1618 1795 1778 1851; x_wconf 87' lang='lat' dir='ltr'><strong>etiam</strong></span> <span class='ocrx_word' id='word_1_237' title='bbox 1826 1793 2009 1851; x_wconf 88' lang='lat' dir='ltr'><strong>dilecti</strong></span> <span class='ocrx_word' id='word_1_238' title='bbox 2062 1796 2126 1849; x_wconf 81' lang='lat' dir='ltr'><strong>tui</strong></span> 
     </span>
    </p>
   </div>
   <div class='ocr_carea' id='block_1_34' title="bbox 2241 1780 3841 1868">
    <p class='ocr_par' dir='ltr' id='par_1_34' title="bbox 2247 1784 3841 1860">
     <span class='ocr_line' id='line_1_34' title="bbox 2247 1784 3841 1860; baseline 0.003 -20"><span class='ocrx_word' id='word_1_239' title='bbox 2247 1784 2661 1858; x_wconf 86' lang='lat' dir='ltr'><strong>interpretatur,</strong></span> <span class='ocrx_word' id='word_1_240' title='bbox 2694 1791 3007 1860; x_wconf 83' lang='lat' dir='ltr'><strong>sanguinea,</strong></span> <span class='ocrx_word' id='word_1_241' title='bbox 3037 1790 3158 1846; x_wconf 91' lang='lat' dir='ltr'><strong>sive</strong></span> <span class='ocrx_word' id='word_1_242' title='bbox 3195 1800 3421 1847; x_wconf 80' lang='lat' dir='ltr'><strong>terrena.</strong></span> <span class='ocrx_word' id='word_1_243' title='bbox 3460 1789 3543 1846; x_wconf 73' lang='lat' dir='ltr'><strong>Ac</strong></span> <span class='ocrx_word' id='word_1_244' title='bbox 3578 1791 3628 1846; x_wconf 91' lang='lat' dir='ltr'><strong>si</strong></span> <span class='ocrx_word' id='word_1_245' title='bbox 3657 1791 3841 1846; x_wconf 82' lang='lat' dir='ltr'><strong>dicat:</strong></span> 
     </span>
    </p>
   </div>
   <div class='ocr_carea' id='block_1_35' title="bbox 536 1885 2138 1961">
    <p class='ocr_par' dir='ltr' id='par_1_35' title="bbox 536 1885 2138 1961">
     <span class='ocr_line' id='line_1_35' title="bbox 536 1885 2138 1961; baseline -0.001 -17"><span class='ocrx_word' id='word_1_246' title='bbox 536 1887 865 1944; x_wconf 86' lang='lat' dir='ltr'><strong>liberantur.</strong></span> <span class='ocrx_word' id='word_1_247' title='bbox 901 1887 1121 1944; x_wconf 75' lang='lat' dir='ltr'><strong>Salvum</strong></span> <span class='ocrx_word' id='word_1_248' title='bbox 1150 1888 1235 1961; x_wconf 56' lang='lat' dir='ltr'><strong>fac»</strong></span> <span class='ocrx_word' id='word_1_249' title='bbox 1264 1888 1476 1944; x_wconf 71' lang='lat' dir='ltr'><strong>dextera</strong></span> <span class='ocrx_word' id='word_1_250' title='bbox 1506 1899 1615 1944; x_wconf 81' lang='lat' dir='ltr'><strong>tua.</strong></span> <span class='ocrx_word' id='word_1_251' title='bbox 1645 1885 1862 1943; x_wconf 85' lang='lat' dir='ltr'><strong>Christo</strong></span> <span class='ocrx_word' id='word_1_252' title='bbox 1898 1895 2013 1954; x_wconf 84' lang='lat' dir='ltr'><strong>tuo,</strong></span> <span class='ocrx_word' id='word_1_253' title='bbox 2047 1888 2138 1957; x_wconf 85' lang='lat' dir='ltr'><strong>qui</strong></span> 
     </span>
    </p>
   </div>
   <div class='ocr_carea' id='block_1_36' title="bbox 538 1979 2133 2037">
    <p class='ocr_par' dir='ltr' id='par_1_36' title="bbox 538 1979 2133 2037">
     <span class='ocr_line' id='line_1_36' title="bbox 538 1979 2133 2037; baseline -0.003 0"><span class='ocrx_word' id='word_1_254' title='bbox 538 1988 624 2037; x_wconf 82' lang='lat' dir='ltr'><strong>est</strong></span> <span class='ocrx_word' id='word_1_255' title='bbox 648 1980 798 2037; x_wconf 83' lang='lat' dir='ltr'><strong>salus</strong></span> <span class='ocrx_word' id='word_1_256' title='bbox 835 1989 1043 2037; x_wconf 86' lang='lat' dir='ltr'><strong>nostra.</strong></span> <span class='ocrx_word' id='word_1_257' title='bbox 1088 1979 1157 2035; x_wconf 88' lang='lat' dir='ltr'><strong>Et</strong></span> <span class='ocrx_word' id='word_1_258' title='bbox 1182 1982 1375 2037; x_wconf 75' lang='lat' dir='ltr'><strong>mutii</strong></span> <span class='ocrx_word' id='word_1_259' title='bbox 1406 1997 1504 2036; x_wconf 86' lang='lat' dir='ltr'><strong>me.</strong></span> <span class='ocrx_word' id='word_1_260' title='bbox 1536 1980 1672 2037; x_wconf 78' lang='lat' dir='ltr'><strong>Cum</strong></span> <span class='ocrx_word' id='word_1_261' title='bbox 1706 1989 1760 2036; x_wconf 91' lang='lat' dir='ltr'><strong>te</strong></span> <span class='ocrx_word' id='word_1_262' title='bbox 1790 1981 2133 2036; x_wconf 83' lang='lat' dir='ltr'><strong>invocavero.</strong></span> 
     </span>
    </p>
   </div>
   <div class='ocr_carea' id='block_1_37' title="bbox 539 2070 2141 2145">
    <p class='ocr_par' dir='ltr' id='par_1_37' title="bbox 539 2070 2141 2145">
     <span class='ocr_line' id='line_1_37' title="bbox 539 2070 2141 2145; baseline -0.001 -16"><span class='ocrx_word' id='word_1_263' title='bbox 539 2072 773 2130; x_wconf 83' lang='lat' dir='ltr'><strong>Dextera</strong></span> <span class='ocrx_word' id='word_1_264' title='bbox 801 2073 998 2143; x_wconf 84' lang='lat' dir='ltr'><strong>Patris,</strong></span> <span class='ocrx_word' id='word_1_265' title='bbox 1024 2074 1197 2130; x_wconf 83' lang='lat' dir='ltr'><strong>Filius</strong></span> <span class='ocrx_word' id='word_1_266' title='bbox 1222 2084 1325 2130; x_wconf 89' lang='lat' dir='ltr'><strong>est.</strong></span> <span class='ocrx_word' id='word_1_267' title='bbox 1374 2073 1592 2129; x_wconf 80' lang='lat' dir='ltr'><strong>Saluum</strong></span> <span class='ocrx_word' id='word_1_268' title='bbox 1631 2075 1731 2145; x_wconf 75' lang='lat' dir='ltr'><strong>fac.</strong></span> <span class='ocrx_word' id='word_1_269' title='bbox 1766 2072 1845 2128; x_wconf 88' lang='lat' dir='ltr'><strong>De</strong></span> <span class='ocrx_word' id='word_1_270' title='bbox 1874 2070 1982 2128; x_wconf 88' lang='lat' dir='ltr'><strong>illis</strong></span> <span class='ocrx_word' id='word_1_271' title='bbox 2009 2071 2141 2127; x_wconf 82' lang='lat' dir='ltr'><strong>dicit</strong></span> 
     </span>
    </p>
   </div>
   <div class='ocr_carea' id='block_1_38' title="bbox 537 2164 2137 2239">
    <p class='ocr_par' dir='ltr' id='par_1_38' title="bbox 537 2164 2137 2239">
     <span class='ocr_line' id='line_1_38' title="bbox 537 2164 2137 2239; baseline -0.003 -18"><span class='ocrx_word' id='word_1_272' title='bbox 537 2168 629 2239; x_wconf 89' lang='lat' dir='ltr'><strong>qui</strong></span> <span class='ocrx_word' id='word_1_273' title='bbox 664 2167 908 2223; x_wconf 86' lang='lat' dir='ltr'><strong>salvandi</strong></span> <span class='ocrx_word' id='word_1_274' title='bbox 939 2177 1122 2234; x_wconf 85' lang='lat' dir='ltr'><strong>erunt,</strong></span> <span class='ocrx_word' id='word_1_275' title='bbox 1156 2166 1373 2238; x_wconf 80' lang='lat' dir='ltr'><strong>quando</strong></span> <span class='ocrx_word' id='word_1_276' title='bbox 1402 2164 1571 2220; x_wconf 79' lang='lat' dir='ltr'><strong>Filius</strong></span> <span class='ocrx_word' id='word_1_277' title='bbox 1597 2174 1722 2219; x_wconf 88' lang='lat' dir='ltr'><strong>tuus</strong></span> <span class='ocrx_word' id='word_1_278' title='bbox 1746 2164 1925 2219; x_wconf 88' lang='lat' dir='ltr'><strong>mittet</strong></span> <span class='ocrx_word' id='word_1_279' title='bbox 1954 2178 2041 2217; x_wconf 91' lang='lat' dir='ltr'><strong>me</strong></span> <span class='ocrx_word' id='word_1_280' title='bbox 2084 2164 2137 2217; x_wconf 91' lang='lat' dir='ltr'><strong>in</strong></span> 
     </span>
    </p>
   </div>
   <div class='ocr_carea' id='block_1_39' title="bbox 537 2254 2137 2330">
    <p class='ocr_par' dir='ltr' id='par_1_39' title="bbox 537 2254 2137 2330">
     <span class='ocr_line' id='line_1_39' title="bbox 537 2254 2137 2330; baseline -0.003 -14"><span class='ocrx_word' id='word_1_281' title='bbox 537 2261 817 2316; x_wconf 81' lang='lat' dir='ltr'><strong>dexteram</strong></span> <span class='ocrx_word' id='word_1_282' title='bbox 846 2268 991 2316; x_wconf 86' lang='lat' dir='ltr'><strong>tuam</strong></span> <span class='ocrx_word' id='word_1_283' title='bbox 1019 2260 1071 2315; x_wconf 91' lang='lat' dir='ltr'><strong>in</strong></span> <span class='ocrx_word' id='word_1_284' title='bbox 1094 2258 1182 2315; x_wconf 83' lang='lat' dir='ltr'><strong>die</strong></span> <span class='ocrx_word' id='word_1_285' title='bbox 1201 2259 1415 2330; x_wconf 68' lang='lat' dir='ltr'><strong>iudicii.</strong></span> <span class='ocrx_word' id='word_1_286' title='bbox 1442 2257 1600 2314; x_wconf 84' lang='lat' dir='ltr'><strong>Unde</strong></span> <span class='ocrx_word' id='word_1_287' title='bbox 1622 2257 1677 2312; x_wconf 90' lang='lat' dir='ltr'><strong>in</strong></span> <span class='ocrx_word' id='word_1_288' title='bbox 1698 2257 1809 2311; x_wconf 81' lang='lat' dir='ltr'><strong>alio</strong></span> <span class='ocrx_word' id='word_1_289' title='bbox 1828 2257 1950 2311; x_wconf 88' lang='lat' dir='ltr'><strong>loco</strong></span> <span class='ocrx_word' id='word_1_290' title='bbox 1971 2254 2137 2312; x_wconf 85' lang='lat' dir='ltr'><strong>dicit:</strong></span> 
     </span>
    </p>
   </div>
   <div class='ocr_carea' id='block_1_40' title="bbox 539 2349 1886 2424">
    <p class='ocr_par' dir='ltr' id='par_1_40' title="bbox 539 2349 1886 2424">
     <span class='ocr_line' id='line_1_40' title="bbox 539 2349 1886 2424; baseline -0.004 -16"><span class='ocrx_word' id='word_1_291' title='bbox 539 2352 773 2408; x_wconf 80' lang='lat' dir='ltr'><strong>Dextera</strong></span> <span class='ocrx_word' id='word_1_292' title='bbox 800 2351 1016 2408; x_wconf 72' lang='lat' dir='ltr'><strong>Domini</strong></span> <span class='ocrx_word' id='word_1_293' title='bbox 1041 2350 1173 2407; x_wconf 86' lang='lat' dir='ltr'><strong>fecit</strong></span> <span class='ocrx_word' id='word_1_294' title='bbox 1202 2352 1455 2407; x_wconf 82' lang='lat' dir='ltr'><strong>virtutem</strong></span> <span class='ocrx_word' id='word_1_295' title='bbox 1487 2349 1660 2424; x_wconf 82' lang='lat' dir='ltr'><strong>(Psal.</strong></span> <span class='ocrx_word' id='word_1_296' title='bbox 1692 2349 1886 2421; x_wconf 84' lang='lat' dir='ltr'><strong>cxvn).</strong></span> 
     </span>
    </p>
   </div>
   <div class='ocr_carea' id='block_1_41' title="bbox 615 2441 2137 2501">
    <p class='ocr_par' dir='ltr' id='par_1_41' title="bbox 615 2441 2137 2501">
     <span class='ocr_line' id='line_1_41' title="bbox 615 2441 2137 2501; baseline -0.001 -2"><span class='ocrx_word' id='word_1_297' title='bbox 615 2444 757 2501; x_wconf 82' lang='lat' dir='ltr'><strong>Deus</strong></span> <span class='ocrx_word' id='word_1_298' title='bbox 798 2444 1000 2501; x_wconf 76' lang='lat' dir='ltr'><strong>locutus</strong></span> <span class='ocrx_word' id='word_1_299' title='bbox 1029 2454 1102 2500; x_wconf 86' lang='lat' dir='ltr'><strong>est</strong></span> <span class='ocrx_word' id='word_1_300' title='bbox 1132 2446 1186 2499; x_wconf 82' lang='lat' dir='ltr'><strong>in</strong></span> <span class='ocrx_word' id='word_1_301' title='bbox 1232 2452 1415 2500; x_wconf 83' lang='lat' dir='ltr'><strong>sancto</strong></span> <span class='ocrx_word' id='word_1_302' title='bbox 1450 2458 1564 2498; x_wconf 82' lang='lat' dir='ltr'><strong>suo.</strong></span> <span class='ocrx_word' id='word_1_303' title='bbox 1610 2443 1769 2498; x_wconf 86' lang='lat' dir='ltr'><strong>Pater</strong></span> <span class='ocrx_word' id='word_1_304' title='bbox 1800 2444 1855 2497; x_wconf 85' lang='lat' dir='ltr'><strong>in</strong></span> <span class='ocrx_word' id='word_1_305' title='bbox 1888 2441 1999 2498; x_wconf 88' lang='lat' dir='ltr'><strong>Deo</strong></span> <span class='ocrx_word' id='word_1_306' title='bbox 2041 2441 2137 2497; x_wconf 72' lang='lat' dir='ltr'><strong>lto-</strong></span> 
     </span>
    </p>
   </div>
   <div class='ocr_carea' id='block_1_42' title="bbox 538 2534 2138 2607">
    <p class='ocr_par' dir='ltr' id='par_1_42' title="bbox 538 2534 2138 2607">
     <span class='ocr_line' id='line_1_42' title="bbox 538 2534 2138 2607; baseline -0.004 -12"><span class='ocrx_word' id='word_1_307' title='bbox 538 2539 706 2607; x_wconf 88' lang='lat' dir='ltr'><strong>mine,</strong></span> <span class='ocrx_word' id='word_1_308' title='bbox 737 2539 804 2593; x_wconf 89' lang='lat' dir='ltr'><strong>de</strong></span> <span class='ocrx_word' id='word_1_309' title='bbox 830 2552 937 2607; x_wconf 87' lang='lat' dir='ltr'><strong>quo</strong></span> <span class='ocrx_word' id='word_1_310' title='bbox 964 2537 1185 2593; x_wconf 84' lang='lat' dir='ltr'><strong>Gabriel</strong></span> <span class='ocrx_word' id='word_1_311' title='bbox 1207 2537 1274 2590; x_wconf 88' lang='lat' dir='ltr'><strong>ad</strong></span> <span class='ocrx_word' id='word_1_312' title='bbox 1304 2535 1530 2592; x_wconf 83' lang='lat' dir='ltr'><strong>Mariam</strong></span> <span class='ocrx_word' id='word_1_313' title='bbox 1554 2537 1630 2591; x_wconf 89' lang='lat' dir='ltr'><strong>ait</strong></span> <span class='ocrx_word' id='word_1_314' title='bbox 1655 2554 1666 2589; x_wconf 91' lang='lat'><strong>:</strong></span> <span class='ocrx_word' id='word_1_315' title='bbox 1698 2534 1854 2603; x_wconf 88' lang='lat' dir='ltr'><strong>Quod</strong></span> <span class='ocrx_word' id='word_1_316' title='bbox 1886 2544 2138 2590; x_wconf 82' lang='lat' dir='ltr'><strong>nascetur</strong></span> 
     </span>
    </p>
   </div>
   <div class='ocr_carea' id='block_1_43' title="bbox 536 2625 2136 2702">
    <p class='ocr_par' dir='ltr' id='par_1_43' title="bbox 536 2625 2136 2702">
     <span class='ocr_line' id='line_1_43' title="bbox 536 2625 2136 2702; baseline -0.006 -14"><span class='ocrx_word' id='word_1_317' title='bbox 536 2645 605 2688; x_wconf 88' lang='lat' dir='ltr'><strong>ex</strong></span> <span class='ocrx_word' id='word_1_318' title='bbox 635 2640 689 2688; x_wconf 92' lang='lat' dir='ltr'><strong>te</strong></span> <span class='ocrx_word' id='word_1_319' title='bbox 716 2639 987 2697; x_wconf 82' lang='lat' dir='ltr'><strong>sanctum,</strong></span> <span class='ocrx_word' id='word_1_320' title='bbox 1026 2629 1310 2687; x_wconf 79' lang='lat' dir='ltr'><strong>vocabitur</strong></span> <span class='ocrx_word' id='word_1_321' title='bbox 1339 2628 1513 2685; x_wconf 84' lang='lat' dir='ltr'><strong>Filius</strong></span> <span class='ocrx_word' id='word_1_322' title='bbox 1541 2628 1633 2683; x_wconf 86' lang='lat' dir='ltr'><strong>Dei</strong></span> <span class='ocrx_word' id='word_1_323' title='bbox 1667 2626 1823 2702; x_wconf 81' lang='lat' dir='ltr'><strong>(Luc.</strong></span> <span class='ocrx_word' id='word_1_324' title='bbox 1853 2628 1913 2699; x_wconf 89' lang='grc' dir='ltr'><strong>ι).</strong></span> <span class='ocrx_word' id='word_1_325' title='bbox 1948 2625 2042 2683; x_wconf 83' lang='lat' dir='ltr'><strong>Vel</strong></span> <span class='ocrx_word' id='word_1_326' title='bbox 2076 2634 2136 2681; x_wconf 91' lang='lat' dir='ltr'><strong>ut</strong></span> 
     </span>
    </p>
   </div>
   <div class='ocr_carea' id='block_1_44' title="bbox 536 2720 2134 2787">
    <p class='ocr_par' dir='ltr' id='par_1_44' title="bbox 536 2720 2134 2787">
     <span class='ocr_line' id='line_1_44' title="bbox 536 2720 2134 2787; baseline -0.004 -6"><span class='ocrx_word' id='word_1_327' title='bbox 536 2737 759 2782; x_wconf 85' lang='lat' dir='ltr'><strong>sanctus</strong></span> <span class='ocrx_word' id='word_1_328' title='bbox 786 2724 986 2781; x_wconf 80' lang='lat' dir='ltr'><strong>Paulus</strong></span> <span class='ocrx_word' id='word_1_329' title='bbox 1013 2723 1183 2782; x_wconf 88' lang='lat' dir='ltr'><strong>dicit:</strong></span> <span class='ocrx_word' id='word_1_330' title='bbox 1215 2724 1362 2781; x_wconf 87' lang='lat' dir='ltr'><strong>Deus</strong></span> <span class='ocrx_word' id='word_1_331' title='bbox 1383 2734 1497 2779; x_wconf 87' lang='lat' dir='ltr'><strong>erat</strong></span> <span class='ocrx_word' id='word_1_332' title='bbox 1524 2725 1574 2777; x_wconf 87' lang='lat' dir='ltr'><strong>in</strong></span> <span class='ocrx_word' id='word_1_333' title='bbox 1608 2722 1846 2787; x_wconf 85' lang='lat' dir='ltr'><strong>Christo,</strong></span> <span class='ocrx_word' id='word_1_334' title='bbox 1875 2720 2134 2777; x_wconf 88' lang='lat' dir='ltr'><strong>mundum</strong></span> 
     </span>
    </p>
   </div>
   <div class='ocr_carea' id='block_1_45' title="bbox 535 2813 2136 2889">
    <p class='ocr_par' dir='ltr' id='par_1_45' title="bbox 535 2813 2136 2889">
     <span class='ocr_line' id='line_1_45' title="bbox 535 2813 2136 2889; baseline -0.003 -16"><span class='ocrx_word' id='word_1_335' title='bbox 535 2816 901 2873; x_wconf 86' lang='lat' dir='ltr'><strong>reconcilians</strong></span> <span class='ocrx_word' id='word_1_336' title='bbox 924 2817 1028 2873; x_wconf 83' lang='lat' dir='ltr'><strong>sibi</strong></span> <span class='ocrx_word' id='word_1_337' title='bbox 1052 2815 1095 2889; x_wconf 85' lang='lat' dir='ltr'><strong>(i</strong></span> <span class='ocrx_word' id='word_1_338' title='bbox 1123 2815 1243 2872; x_wconf 84' lang='lat' dir='ltr'><strong>Cor.</strong></span> <span class='ocrx_word' id='word_1_339' title='bbox 1268 2816 1368 2888; x_wconf 85' lang='lat' dir='ltr'><strong>tv).</strong></span> <span class='ocrx_word' id='word_1_340' title='bbox 1392 2815 1632 2872; x_wconf 60' lang='lat' dir='ltr'><strong>Laetatur</strong></span> <span class='ocrx_word' id='word_1_341' title='bbox 1660 2823 1711 2871; x_wconf 88' lang='lat' dir='ltr'><strong>et</strong></span> <span class='ocrx_word' id='word_1_342' title='bbox 1738 2815 1960 2870; x_wconf 78' lang='lat' dir='ltr'><strong>dividant</strong></span> <span class='ocrx_word' id='word_1_343' title='bbox 1991 2813 2136 2870; x_wconf 81' lang='lat' dir='ltr'><strong>Sice-</strong></span> 
     </span>
    </p>
   </div>
   <div class='ocr_carea' id='block_1_46' title="bbox 536 2905 2131 2978">
    <p class='ocr_par' dir='ltr' id='par_1_46' title="bbox 536 2905 2131 2978">
     <span class='ocr_line' id='line_1_46' title="bbox 536 2905 2131 2978; baseline -0.005 -12"><span class='ocrx_word' id='word_1_344' title='bbox 536 2925 697 2978; x_wconf 83' lang='lat' dir='ltr'><strong>tnam,</strong></span> <span class='ocrx_word' id='word_1_345' title='bbox 728 2919 779 2966; x_wconf 87' lang='lat' dir='ltr'><strong>et</strong></span> <span class='ocrx_word' id='word_1_346' title='bbox 822 2911 1106 2968; x_wconf 75' lang='lat' dir='ltr'><strong>convallem</strong></span> <span class='ocrx_word' id='word_1_347' title='bbox 1154 2909 1604 2966; x_wconf 75' lang='lat' dir='ltr'><strong>tabernaculorum</strong></span> <span class='ocrx_word' id='word_1_348' title='bbox 1634 2907 1867 2964; x_wconf 75' lang='lat' dir='ltr'><strong>metibor.</strong></span> <span class='ocrx_word' id='word_1_349' title='bbox 1902 2905 2131 2975; x_wconf 86' lang='lat' dir='ltr'><strong>Quidam</strong></span> 
     </span>
    </p>
   </div>
   <div class='ocr_carea' id='block_1_47' title="bbox 532 2998 2135 3075">
    <p class='ocr_par' dir='ltr' id='par_1_47' title="bbox 532 2998 2135 3075">
     <span class='ocr_line' id='line_1_47' title="bbox 532 2998 2135 3075; baseline -0.006 -15"><span class='ocrx_word' id='word_1_350' title='bbox 532 3003 806 3060; x_wconf 84' lang='lat' dir='ltr'><strong>Sicemam</strong></span> <span class='ocrx_word' id='word_1_351' title='bbox 836 3000 1142 3061; x_wconf 77' lang='lat' dir='ltr'><strong>Samariam</strong></span> <span class='ocrx_word' id='word_1_352' title='bbox 1173 3011 1403 3075; x_wconf 85' lang='lat' dir='ltr'><strong>putant:</strong></span> <span class='ocrx_word' id='word_1_353' title='bbox 1434 3000 1739 3058; x_wconf 80' lang='lat' dir='ltr'><strong>convallem</strong></span> <span class='ocrx_word' id='word_1_354' title='bbox 1777 3012 1907 3055; x_wconf 82' lang='lat' dir='ltr'><strong>vero</strong></span> <span class='ocrx_word' id='word_1_355' title='bbox 1952 2998 2135 3053; x_wconf 78' lang='lat' dir='ltr'><strong>taber-</strong></span> 
     </span>
    </p>
   </div>
   <div class='ocr_carea' id='block_1_48' title="bbox 531 3092 2130 3165">
    <p class='ocr_par' dir='ltr' id='par_1_48' title="bbox 531 3092 2130 3165">
     <span class='ocr_line' id='line_1_48' title="bbox 531 3092 2130 3165; baseline -0.006 -12"><span class='ocrx_word' id='word_1_356' title='bbox 531 3096 873 3165; x_wconf 85' lang='lat' dir='ltr'><strong>naculorum,</strong></span> <span class='ocrx_word' id='word_1_357' title='bbox 909 3097 1049 3153; x_wconf 83' lang='lat' dir='ltr'><strong>hanc</strong></span> <span class='ocrx_word' id='word_1_358' title='bbox 1073 3096 1461 3152; x_wconf 84' lang='lat' dir='ltr'><strong>habitationem</strong></span> <span class='ocrx_word' id='word_1_359' title='bbox 1498 3103 1797 3151; x_wconf 85' lang='lat' dir='ltr'><strong>terrenam.</strong></span> <span class='ocrx_word' id='word_1_360' title='bbox 1831 3092 1976 3162; x_wconf 81' lang='lat' dir='ltr'><strong>Ergo</strong></span> <span class='ocrx_word' id='word_1_361' title='bbox 2008 3104 2130 3146; x_wconf 88' lang='lat' dir='ltr'><strong>cum</strong></span> 
     </span>
    </p>
   </div>
   <div class='ocr_carea' id='block_1_49' title="bbox 2245 1878 3845 1950">
    <p class='ocr_par' dir='ltr' id='par_1_49' title="bbox 2245 1878 3845 1950">
     <span class='ocr_line' id='line_1_49' title="bbox 2245 1878 3845 1950; baseline 0.003 -17"><span class='ocrx_word' id='word_1_362' title='bbox 2245 1879 2299 1933; x_wconf 91' lang='lat' dir='ltr'><strong>ln</strong></span> <span class='ocrx_word' id='word_1_363' title='bbox 2328 1878 2462 1934; x_wconf 86' lang='lat' dir='ltr'><strong>istos</strong></span> <span class='ocrx_word' id='word_1_364' title='bbox 2493 1880 2625 1936; x_wconf 87' lang='lat' dir='ltr'><strong>tales</strong></span> <span class='ocrx_word' id='word_1_365' title='bbox 2656 1881 2939 1937; x_wconf 86' lang='lat' dir='ltr'><strong>ostendam</strong></span> <span class='ocrx_word' id='word_1_366' title='bbox 2969 1882 3380 1938; x_wconf 87' lang='lat' dir='ltr'><strong>calciamentum</strong></span> <span class='ocrx_word' id='word_1_367' title='bbox 3413 1898 3621 1949; x_wconf 90' lang='lat' dir='ltr'><strong>meum,</strong></span> <span class='ocrx_word' id='word_1_368' title='bbox 3654 1883 3711 1938; x_wconf 88' lang='lat' dir='ltr'><strong>id</strong></span> <span class='ocrx_word' id='word_1_369' title='bbox 3743 1894 3845 1950; x_wconf 79' lang='lat' dir='ltr'><strong>est,</strong></span> 
     </span>
    </p>
   </div>
   <div class='ocr_carea' id='block_1_50' title="bbox 2244 1972 3842 2047">
    <p class='ocr_par' dir='ltr' id='par_1_50' title="bbox 2244 1972 3842 2047">
     <span class='ocr_line' id='line_1_50' title="bbox 2244 1972 3842 2047; baseline 0.003 -23"><span class='ocrx_word' id='word_1_370' title='bbox 2244 1984 2361 2026; x_wconf 87' lang='lat' dir='ltr'><strong>mea</strong></span> <span class='ocrx_word' id='word_1_371' title='bbox 2394 1973 2663 2043; x_wconf 79' lang='lat' dir='ltr'><strong>exempla.</strong></span> <span class='ocrx_word' id='word_1_372' title='bbox 2698 1972 2834 2028; x_wconf 81' lang='lat' dir='ltr'><strong>Mihi</strong></span> <span class='ocrx_word' id='word_1_373' title='bbox 2860 1974 3168 2047; x_wconf 73' lang='lat' dir='ltr'><strong>alienigena</strong></span> <span class='ocrx_word' id='word_1_374' title='bbox 3197 1974 3394 2030; x_wconf 79' lang='lat' dir='ltr'><strong>subditi</strong></span> <span class='ocrx_word' id='word_1_375' title='bbox 3419 1985 3566 2031; x_wconf 77' lang='lat' dir='ltr'><strong>sunt.</strong></span> <span class='ocrx_word' id='word_1_376' title='bbox 3594 1974 3842 2046; x_wconf 80' lang='lat' dir='ltr'><strong>Alienige-</strong></span> 
     </span>
    </p>
   </div>
   <div class='ocr_carea' id='block_1_51' title="bbox 2243 2065 3843 2136">
    <p class='ocr_par' dir='ltr' id='par_1_51' title="bbox 2243 2065 3843 2136">
     <span class='ocr_line' id='line_1_51' title="bbox 2243 2065 3843 2136; baseline 0.004 -19"><span class='ocrx_word' id='word_1_377' title='bbox 2243 2077 2367 2119; x_wconf 79' lang='lat' dir='ltr'><strong>nte:</strong></span> <span class='ocrx_word' id='word_1_378' title='bbox 2400 2065 2452 2119; x_wconf 91' lang='lat' dir='ltr'><strong>id</strong></span> <span class='ocrx_word' id='word_1_379' title='bbox 2476 2072 2582 2134; x_wconf 85' lang='lat' dir='ltr'><strong>est,</strong></span> <span class='ocrx_word' id='word_1_380' title='bbox 2611 2076 2803 2136; x_wconf 86' lang='lat' dir='ltr'><strong>gentes</strong></span> <span class='ocrx_word' id='word_1_381' title='bbox 2830 2083 2844 2122; x_wconf 91' lang='lat'><strong>:</strong></span> <span class='ocrx_word' id='word_1_382' title='bbox 2871 2066 3104 2122; x_wconf 77' lang='lat' dir='ltr'><strong>subditzn</strong></span> <span class='ocrx_word' id='word_1_383' title='bbox 3132 2077 3259 2123; x_wconf 87' lang='lat' dir='ltr'><strong>sunt</strong></span> <span class='ocrx_word' id='word_1_384' title='bbox 3290 2067 3582 2123; x_wconf 56' lang='lat' dir='ltr'><strong>Ecclesia.</strong></span> <span class='ocrx_word' id='word_1_385' title='bbox 3610 2067 3669 2123; x_wconf 91' lang='lat' dir='ltr'><strong>ln</strong></span> <span class='ocrx_word' id='word_1_386' title='bbox 3699 2067 3843 2123; x_wconf 82' lang='lat' dir='ltr'><strong>Allo-</strong></span> 
     </span>
    </p>
   </div>
   <div class='ocr_carea' id='block_1_52' title="bbox 2242 2157 3843 2232">
    <p class='ocr_par' dir='ltr' id='par_1_52' title="bbox 2242 2157 3843 2232">
     <span class='ocr_line' id='line_1_52' title="bbox 2242 2157 3843 2232; baseline 0.002 -21"><span class='ocrx_word' id='word_1_387' title='bbox 2242 2157 2445 2229; x_wconf 87' lang='lat' dir='ltr'><strong>pbylis,</strong></span> <span class='ocrx_word' id='word_1_388' title='bbox 2494 2160 2795 2215; x_wconf 86' lang='lat' dir='ltr'><strong>alienarum</strong></span> <span class='ocrx_word' id='word_1_389' title='bbox 2831 2160 3075 2231; x_wconf 87' lang='lat' dir='ltr'><strong>gentium</strong></span> <span class='ocrx_word' id='word_1_390' title='bbox 3113 2160 3407 2230; x_wconf 80' lang='lat' dir='ltr'><strong>pravitates</strong></span> <span class='ocrx_word' id='word_1_391' title='bbox 3443 2159 3715 2227; x_wconf 78' lang='lat' dir='ltr'><strong>ostendit,</strong></span> <span class='ocrx_word' id='word_1_392' title='bbox 3757 2162 3843 2232; x_wconf 85' lang='lat' dir='ltr'><strong>qui</strong></span> 
     </span>
    </p>
   </div>
   <div class='ocr_carea' id='block_1_53' title="bbox 2243 2251 3842 2324">
    <p class='ocr_par' dir='ltr' id='par_1_53' title="bbox 2243 2251 3842 2324">
     <span class='ocr_line' id='line_1_53' title="bbox 2243 2251 3842 2324; baseline 0.003 -19"><span class='ocrx_word' id='word_1_393' title='bbox 2243 2264 2415 2320; x_wconf 88' lang='lat' dir='ltr'><strong>usque</strong></span> <span class='ocrx_word' id='word_1_394' title='bbox 2447 2251 2516 2306; x_wconf 87' lang='lat' dir='ltr'><strong>ad</strong></span> <span class='ocrx_word' id='word_1_395' title='bbox 2543 2252 2838 2308; x_wconf 84' lang='lat' dir='ltr'><strong>adventum</strong></span> <span class='ocrx_word' id='word_1_396' title='bbox 2869 2252 3099 2318; x_wconf 82' lang='lat' dir='ltr'><strong>Christi,</strong></span> <span class='ocrx_word' id='word_1_397' title='bbox 3149 2255 3201 2308; x_wconf 91' lang='lat' dir='ltr'><strong>in</strong></span> <span class='ocrx_word' id='word_1_398' title='bbox 3244 2253 3574 2324; x_wconf 61' lang='lat' dir='ltr'><strong>ignorantia</strong></span> <span class='ocrx_word' id='word_1_399' title='bbox 3604 2253 3842 2309; x_wconf 86' lang='lat' dir='ltr'><strong>tenebris</strong></span> 
     </span>
    </p>
   </div>
   <div class='ocr_carea' id='block_1_54' title="bbox 2241 2342 3843 2413">
    <p class='ocr_par' dir='ltr' id='par_1_54' title="bbox 2241 2342 3843 2413">
     <span class='ocr_line' id='line_1_54' title="bbox 2241 2342 3843 2413; baseline 0.003 -17"><span class='ocrx_word' id='word_1_400' title='bbox 2241 2342 2575 2401; x_wconf 76' lang='lat' dir='ltr'><strong>residebant.</strong></span> <span class='ocrx_word' id='word_1_401' title='bbox 2616 2344 2770 2401; x_wconf 84' lang='lat' dir='ltr'><strong>Nunc</strong></span> <span class='ocrx_word' id='word_1_402' title='bbox 2809 2354 2990 2402; x_wconf 86' lang='lat' dir='ltr'><strong>autem</strong></span> <span class='ocrx_word' id='word_1_403' title='bbox 3026 2346 3284 2413; x_wconf 66' lang='lat' dir='ltr'><strong>subditae,</strong></span> <span class='ocrx_word' id='word_1_404' title='bbox 3332 2347 3391 2405; x_wconf 85' lang='lat' dir='ltr'><strong>id</strong></span> <span class='ocrx_word' id='word_1_405' title='bbox 3423 2356 3530 2413; x_wconf 89' lang='lat' dir='ltr'><strong>est,</strong></span> <span class='ocrx_word' id='word_1_406' title='bbox 3568 2345 3843 2403; x_wconf 77' lang='lat' dir='ltr'><strong>humiliter</strong></span> 
     </span>
    </p>
   </div>
   <div class='ocr_carea' id='block_1_55' title="bbox 2240 2438 3839 2513">
    <p class='ocr_par' dir='ltr' id='par_1_55' title="bbox 2240 2438 3839 2513">
     <span class='ocr_line' id='line_1_55' title="bbox 2240 2438 3839 2513; baseline 0.005 -22"><span class='ocrx_word' id='word_1_407' title='bbox 2240 2438 2615 2495; x_wconf 77' lang='lat' dir='ltr'><strong>auscultantes</strong></span> <span class='ocrx_word' id='word_1_408' title='bbox 2658 2441 3024 2511; x_wconf 84' lang='lat' dir='ltr'><strong>prophetiam,</strong></span> <span class='ocrx_word' id='word_1_409' title='bbox 3055 2458 3179 2513; x_wconf 77' lang='lat' dir='ltr'><strong>qua!</strong></span> <span class='ocrx_word' id='word_1_410' title='bbox 3208 2443 3487 2500; x_wconf 76' lang='lat' dir='ltr'><strong>Christum</strong></span> <span class='ocrx_word' id='word_1_411' title='bbox 3519 2444 3839 2501; x_wconf 82' lang='lat' dir='ltr'><strong>annuntiat:</strong></span> 
     </span>
    </p>
   </div>
   <div class='ocr_carea' id='block_1_56' title="bbox 2241 2531 3484 2607">
    <p class='ocr_par' dir='ltr' id='par_1_56' title="bbox 2241 2531 3484 2607">
     <span class='ocr_line' id='line_1_56' title="bbox 2241 2531 3484 2607; baseline 0.005 -23"><span class='ocrx_word' id='word_1_412' title='bbox 2241 2544 2339 2600; x_wconf 84' lang='lat' dir='ltr'><strong>per</strong></span> <span class='ocrx_word' id='word_1_413' title='bbox 2370 2531 2531 2587; x_wconf 81' lang='lat' dir='ltr'><strong>fidem</strong></span> <span class='ocrx_word' id='word_1_414' title='bbox 2561 2548 2740 2602; x_wconf 90' lang='lat' dir='ltr'><strong>suam,</strong></span> <span class='ocrx_word' id='word_1_415' title='bbox 2773 2534 2952 2590; x_wconf 90' lang='lat' dir='ltr'><strong>lucem</strong></span> <span class='ocrx_word' id='word_1_416' title='bbox 2987 2535 3179 2590; x_wconf 85' lang='lat' dir='ltr'><strong>vident</strong></span> <span class='ocrx_word' id='word_1_417' title='bbox 3206 2551 3484 2607; x_wconf 84' lang='lat' dir='ltr'><strong>magnam.</strong></span> 
     </span>
    </p>
   </div>
   <div class='ocr_carea' id='block_1_57' title="bbox 2314 2623 3839 2689">
    <p class='ocr_par' dir='ltr' id='par_1_57' title="bbox 2314 2623 3839 2689">
     <span class='ocr_line' id='line_1_57' title="bbox 2314 2623 3839 2689; baseline 0.004 -12"><span class='ocrx_word' id='word_1_418' title='bbox 2314 2623 2444 2689; x_wconf 83' lang='lat' dir='ltr'><strong>Quis</strong></span> <span class='ocrx_word' id='word_1_419' title='bbox 2488 2624 2702 2680; x_wconf 82' lang='lat' dir='ltr'><strong>deducet</strong></span> <span class='ocrx_word' id='word_1_420' title='bbox 2748 2643 2827 2681; x_wconf 84' lang='lat' dir='ltr'><strong>me</strong></span> <span class='ocrx_word' id='word_1_421' title='bbox 2869 2628 2923 2681; x_wconf 86' lang='lat' dir='ltr'><strong>in</strong></span> <span class='ocrx_word' id='word_1_422' title='bbox 2952 2628 3213 2682; x_wconf 81' lang='lat' dir='ltr'><strong>civitatem</strong></span> <span class='ocrx_word' id='word_1_423' title='bbox 3253 2629 3557 2683; x_wconf 79' lang='lat' dir='ltr'><strong>munitam?</strong></span> <span class='ocrx_word' id='word_1_424' title='bbox 3599 2628 3839 2684; x_wconf 70' lang='lat' dir='ltr'><strong>Christus</strong></span> 
     </span>
    </p>
   </div>
   <div class='ocr_carea' id='block_1_58' title="bbox 2241 2713 3836 2791">
    <p class='ocr_par' dir='ltr' id='par_1_58' title="bbox 2241 2713 3836 2791">
     <span class='ocr_line' id='line_1_58' title="bbox 2241 2713 3836 2791; baseline 0.005 -22"><span class='ocrx_word' id='word_1_425' title='bbox 2241 2713 2505 2770; x_wconf 87' lang='lat' dir='ltr'><strong>Dominus</strong></span> <span class='ocrx_word' id='word_1_426' title='bbox 2529 2718 2623 2787; x_wconf 89' lang='lat' dir='ltr'><strong>qui</strong></span> <span class='ocrx_word' id='word_1_427' title='bbox 2652 2718 2851 2773; x_wconf 83' lang='lat' dir='ltr'><strong>avertit</strong></span> <span class='ocrx_word' id='word_1_428' title='bbox 2882 2718 3221 2789; x_wconf 80' lang='lat' dir='ltr'><strong>impietatem</strong></span> <span class='ocrx_word' id='word_1_429' title='bbox 3252 2720 3320 2775; x_wconf 87' lang='lat' dir='ltr'><strong>ab</strong></span> <span class='ocrx_word' id='word_1_430' title='bbox 3343 2719 3519 2775; x_wconf 76' lang='lat' dir='ltr'><strong>Jacob</strong></span> <span class='ocrx_word' id='word_1_431' title='bbox 3544 2737 3561 2774; x_wconf 90' lang='lat'><strong>:</strong></span> <span class='ocrx_word' id='word_1_432' title='bbox 3594 2720 3714 2791; x_wconf 86' lang='lat' dir='ltr'><strong>ipse</strong></span> <span class='ocrx_word' id='word_1_433' title='bbox 3742 2719 3836 2776; x_wconf 81' lang='lat' dir='ltr'><strong>de-</strong></span> 
     </span>
    </p>
   </div>
   <div class='ocr_carea' id='block_1_59' title="bbox 2238 2807 3836 2886">
    <p class='ocr_par' dir='ltr' id='par_1_59' title="bbox 2238 2807 3836 2886">
     <span class='ocr_line' id='line_1_59' title="bbox 2238 2807 3836 2886; baseline 0.006 -24"><span class='ocrx_word' id='word_1_434' title='bbox 2238 2807 2403 2865; x_wconf 90' lang='lat' dir='ltr'><strong>ducet</strong></span> <span class='ocrx_word' id='word_1_435' title='bbox 2433 2824 2534 2866; x_wconf 85' lang='lat' dir='ltr'><strong>nos</strong></span> <span class='ocrx_word' id='word_1_436' title='bbox 2558 2810 2612 2866; x_wconf 89' lang='lat' dir='ltr'><strong>in</strong></span> <span class='ocrx_word' id='word_1_437' title='bbox 2649 2813 2925 2868; x_wconf 81' lang='lat' dir='ltr'><strong>civitatem</strong></span> <span class='ocrx_word' id='word_1_438' title='bbox 2954 2812 3259 2870; x_wconf 83' lang='lat' dir='ltr'><strong>Jerusalem</strong></span> <span class='ocrx_word' id='word_1_439' title='bbox 3284 2833 3299 2868; x_wconf 90' lang='lat'><strong>:</strong></span> <span class='ocrx_word' id='word_1_440' title='bbox 3330 2816 3389 2870; x_wconf 89' lang='lat' dir='ltr'><strong>in</strong></span> <span class='ocrx_word' id='word_1_441' title='bbox 3417 2830 3524 2886; x_wconf 86' lang='lat' dir='ltr'><strong>qua</strong></span> <span class='ocrx_word' id='word_1_442' title='bbox 3556 2817 3734 2871; x_wconf 72' lang='lat' dir='ltr'><strong>salicti</strong></span> <span class='ocrx_word' id='word_1_443' title='bbox 3756 2815 3836 2872; x_wconf 87' lang='lat' dir='ltr'><strong>di-</strong></span> 
     </span>
    </p>
   </div>
   <div class='ocr_carea' id='block_1_60' title="bbox 2238 2900 3835 2977">
    <p class='ocr_par' dir='ltr' id='par_1_60' title="bbox 2238 2900 3835 2977">
     <span class='ocr_line' id='line_1_60' title="bbox 2238 2900 3835 2977; baseline 0.005 -20"><span class='ocrx_word' id='word_1_444' title='bbox 2238 2900 2418 2958; x_wconf 84' lang='lat' dir='ltr'><strong>vinam</strong></span> <span class='ocrx_word' id='word_1_445' title='bbox 2439 2904 2800 2962; x_wconf 87' lang='lat' dir='ltr'><strong>circumstant</strong></span> <span class='ocrx_word' id='word_1_446' title='bbox 2825 2907 3193 2977; x_wconf 82' lang='lat' dir='ltr'><strong>majestatem.</strong></span> <span class='ocrx_word' id='word_1_447' title='bbox 3220 2908 3342 2975; x_wconf 79' lang='lat' dir='ltr'><strong>Vel,</strong></span> <span class='ocrx_word' id='word_1_448' title='bbox 3362 2909 3420 2964; x_wconf 86' lang='lat' dir='ltr'><strong>in</strong></span> <span class='ocrx_word' id='word_1_449' title='bbox 3445 2911 3707 2965; x_wconf 64' lang='lat' dir='ltr'><strong>ciuitatem</strong></span> <span class='ocrx_word' id='word_1_450' title='bbox 3726 2927 3835 2965; x_wconf 77' lang='lat' dir='ltr'><strong>tnu-</strong></span> 
     </span>
    </p>
   </div>
   <div class='ocr_carea' id='block_1_61' title="bbox 2237 2993 3838 3074">
    <p class='ocr_par' dir='ltr' id='par_1_61' title="bbox 2237 2993 3838 3074">
     <span class='ocr_line' id='line_1_61' title="bbox 2237 2993 3838 3074; baseline 0.008 -27"><span class='ocrx_word' id='word_1_451' title='bbox 2237 2993 2442 3049; x_wconf 84' lang='lat' dir='ltr'><strong>nitam:</strong></span> <span class='ocrx_word' id='word_1_452' title='bbox 2472 2996 2577 3052; x_wconf 83' lang='lat' dir='ltr'><strong>hoc</strong></span> <span class='ocrx_word' id='word_1_453' title='bbox 2604 3009 2711 3063; x_wconf 87' lang='lat' dir='ltr'><strong>est,</strong></span> <span class='ocrx_word' id='word_1_454' title='bbox 2753 2999 2807 3054; x_wconf 90' lang='lat' dir='ltr'><strong>in</strong></span> <span class='ocrx_word' id='word_1_455' title='bbox 2849 3000 3148 3056; x_wconf 83' lang='lat' dir='ltr'><strong>Ecclesiam</strong></span> <span class='ocrx_word' id='word_1_456' title='bbox 3178 3020 3191 3056; x_wconf 88' lang='lat'><strong>:</strong></span> <span class='ocrx_word' id='word_1_457' title='bbox 3222 3017 3345 3072; x_wconf 64' lang='lat' dir='ltr'><strong>qua</strong></span> <span class='ocrx_word' id='word_1_458' title='bbox 3384 3003 3596 3059; x_wconf 76' lang='lat' dir='ltr'><strong>tttuuita</strong></span> <span class='ocrx_word' id='word_1_459' title='bbox 3625 3014 3711 3060; x_wconf 83' lang='lat' dir='ltr'><strong>est</strong></span> <span class='ocrx_word' id='word_1_460' title='bbox 3750 3019 3838 3074; x_wconf 83' lang='lat' dir='ltr'><strong>per</strong></span> 
     </span>
    </p>
   </div>
   <div class='ocr_carea' id='block_1_62' title="bbox 2239 3090 3839 3167">
    <p class='ocr_par' dir='ltr' id='par_1_62' title="bbox 2239 3090 3839 3167">
     <span class='ocr_line' id='line_1_62' title="bbox 2239 3090 3839 3167; baseline 0.006 -23"><span class='ocrx_word' id='word_1_461' title='bbox 2239 3090 2426 3146; x_wconf 82' lang='lat' dir='ltr'><strong>fidem.</strong></span> <span class='ocrx_word' id='word_1_462' title='bbox 2458 3093 2560 3146; x_wconf 83' lang='lat' dir='ltr'><strong>Aut</strong></span> <span class='ocrx_word' id='word_1_463' title='bbox 2588 3094 2703 3163; x_wconf 80' lang='lat' dir='ltr'><strong>quis</strong></span> <span class='ocrx_word' id='word_1_464' title='bbox 2732 3094 2951 3149; x_wconf 81' lang='lat' dir='ltr'><strong>deducet</strong></span> <span class='ocrx_word' id='word_1_465' title='bbox 2980 3111 3060 3148; x_wconf 85' lang='lat' dir='ltr'><strong>me</strong></span> <span class='ocrx_word' id='word_1_466' title='bbox 3106 3112 3269 3167; x_wconf 82' lang='lat' dir='ltr'><strong>usque</strong></span> <span class='ocrx_word' id='word_1_467' title='bbox 3293 3097 3346 3151; x_wconf 84' lang='lat' dir='ltr'><strong>in</strong></span> <span class='ocrx_word' id='word_1_468' title='bbox 3379 3096 3722 3153; x_wconf 60' lang='lat' dir='ltr'><strong>Nauteam?</strong></span> <span class='ocrx_word' id='word_1_469' title='bbox 3748 3098 3839 3154; x_wconf 78' lang='lat' dir='ltr'><strong>ille</strong></span> 
     </span>
    </p>
   </div>
   <div class='ocr_carea' id='block_1_63' title="bbox 529 3172 3834 3265">
    <p class='ocr_par' dir='ltr' id='par_1_63' title="bbox 529 3172 3834 3265">
     <span class='ocr_line' id='line_1_63' title="bbox 529 3172 3834 3265; baseline 0.001 -19"><span class='ocrx_word' id='word_1_470' title='bbox 529 3189 743 3246; x_wconf 87' lang='lat' dir='ltr'><strong>venerit</strong></span> <span class='ocrx_word' id='word_1_471' title='bbox 773 3187 1033 3246; x_wconf 87' lang='lat' dir='ltr'><strong>Dominus</strong></span> <span class='ocrx_word' id='word_1_472' title='bbox 1055 3189 1108 3245; x_wconf 91' lang='lat' dir='ltr'><strong>in</strong></span> <span class='ocrx_word' id='word_1_473' title='bbox 1134 3188 1319 3245; x_wconf 61' lang='lat' dir='ltr'><strong>laetitia</strong></span> <span class='ocrx_word' id='word_1_474' title='bbox 1344 3187 1654 3260; x_wconf 86' lang='lat' dir='ltr'><strong>splendoris</strong></span> <span class='ocrx_word' id='word_1_475' title='bbox 1676 3183 1867 3242; x_wconf 68' lang='lat' dir='ltr'><strong>aeterni</strong></span> <span class='ocrx_word' id='word_1_476' title='bbox 1889 3183 2135 3255; x_wconf 78' lang='lat' dir='ltr'><strong>indicare</strong></span> <span class='ocrx_word' id='word_1_477' title='bbox 2161 3172 2209 3238; x_wconf 86' lang='lat' dir='ltr'>C</span> <span class='ocrx_word' id='word_1_478' title='bbox 2238 3187 2331 3259; x_wconf 89' lang='lat' dir='ltr'><strong>qui</strong></span> <span class='ocrx_word' id='word_1_479' title='bbox 2357 3203 2417 3244; x_wconf 87' lang='lat' dir='ltr'><strong>se</strong></span> <span class='ocrx_word' id='word_1_480' title='bbox 2455 3192 2712 3260; x_wconf 87' lang='lat' dir='ltr'><strong>superius</strong></span> <span class='ocrx_word' id='word_1_481' title='bbox 2753 3191 3111 3248; x_wconf 85' lang='lat' dir='ltr'><strong>calciamenta</strong></span> <span class='ocrx_word' id='word_1_482' title='bbox 3158 3193 3456 3249; x_wconf 80' lang='lat' dir='ltr'><strong>extendere</strong></span> <span class='ocrx_word' id='word_1_483' title='bbox 3504 3193 3834 3265; x_wconf 83' lang='lat' dir='ltr'><strong>repromisit,</strong></span> 
     </span>
    </p>
   </div>
   <div class='ocr_carea' id='block_1_64' title="bbox 529 3277 2131 3349">
    <p class='ocr_par' dir='ltr' id='par_1_64' title="bbox 529 3277 2131 3349">
     <span class='ocr_line' id='line_1_64' title="bbox 529 3277 2131 3349; baseline -0.004 -11"><span class='ocrx_word' id='word_1_484' title='bbox 529 3281 816 3349; x_wconf 89' lang='lat' dir='ltr'><strong>mundum,</strong></span> <span class='ocrx_word' id='word_1_485' title='bbox 845 3282 1052 3340; x_wconf 87' lang='lat' dir='ltr'><strong>dividet</strong></span> <span class='ocrx_word' id='word_1_486' title='bbox 1081 3282 1385 3339; x_wconf 75' lang='lat' dir='ltr'><strong>Samariam</strong></span> <span class='ocrx_word' id='word_1_487' title='bbox 1410 3294 1425 3336; x_wconf 80' lang='lat'><strong><em>2</em></strong></span> <span class='ocrx_word' id='word_1_488' title='bbox 1452 3295 1515 3336; x_wconf 89' lang='lat' dir='ltr'><strong>ac</strong></span> <span class='ocrx_word' id='word_1_489' title='bbox 1542 3280 1847 3336; x_wconf 88' lang='lat' dir='ltr'><strong>convallem</strong></span> <span class='ocrx_word' id='word_1_490' title='bbox 1878 3277 2131 3334; x_wconf 86' lang='lat' dir='ltr'><strong>taberna-</strong></span> 
     </span>
    </p>
   </div>
   <div class='ocr_carea' id='block_1_65' title="bbox 524 3369 2129 3444">
    <p class='ocr_par' dir='ltr' id='par_1_65' title="bbox 524 3369 2129 3444">
     <span class='ocr_line' id='line_1_65' title="bbox 524 3369 2129 3444; baseline -0.005 -12"><span class='ocrx_word' id='word_1_491' title='bbox 524 3374 775 3432; x_wconf 83' lang='lat' dir='ltr'><strong>culorum</strong></span> <span class='ocrx_word' id='word_1_492' title='bbox 805 3373 1144 3431; x_wconf 90' lang='lat' dir='ltr'><strong>dimetietur.</strong></span> <span class='ocrx_word' id='word_1_493' title='bbox 1173 3373 1328 3430; x_wconf 85' lang='lat' dir='ltr'><strong>Tune</strong></span> <span class='ocrx_word' id='word_1_494' title='bbox 1353 3371 1516 3427; x_wconf 85' lang='lat' dir='ltr'><strong>aliam</strong></span> <span class='ocrx_word' id='word_1_495' title='bbox 1545 3379 1756 3444; x_wconf 88' lang='lat' dir='ltr'><strong>partem</strong></span> <span class='ocrx_word' id='word_1_496' title='bbox 1793 3369 1861 3425; x_wconf 88' lang='lat' dir='ltr'><strong>ad</strong></span> <span class='ocrx_word' id='word_1_497' title='bbox 1891 3369 2129 3425; x_wconf 87' lang='lat' dir='ltr'><strong>beatitu-</strong></span> 
     </span>
    </p>
   </div>
   <div class='ocr_carea' id='block_1_66' title="bbox 526 3462 2129 3537">
    <p class='ocr_par' dir='ltr' id='par_1_66' title="bbox 526 3462 2129 3537">
     <span class='ocr_line' id='line_1_66' title="bbox 526 3462 2129 3537; baseline -0.005 -14"><span class='ocrx_word' id='word_1_498' title='bbox 526 3466 713 3523; x_wconf 83' lang='lat' dir='ltr'><strong>dinem</strong></span> <span class='ocrx_word' id='word_1_499' title='bbox 748 3466 1078 3523; x_wconf 84' lang='lat' dir='ltr'><strong>transferet:</strong></span> <span class='ocrx_word' id='word_1_500' title='bbox 1108 3465 1270 3521; x_wconf 79' lang='lat' dir='ltr'><strong>aliam</strong></span> <span class='ocrx_word' id='word_1_501' title='bbox 1302 3480 1436 3522; x_wconf 87' lang='lat' dir='ltr'><strong>vero</strong></span> <span class='ocrx_word' id='word_1_502' title='bbox 1470 3480 1634 3537; x_wconf 86' lang='lat' dir='ltr'><strong>quam</strong></span> <span class='ocrx_word' id='word_1_503' title='bbox 1677 3462 1929 3534; x_wconf 81' lang='lat' dir='ltr'><strong>injustam</strong></span> <span class='ocrx_word' id='word_1_504' title='bbox 1974 3475 2129 3532; x_wconf 85' lang='lat' dir='ltr'><strong>repe-</strong></span> 
     </span>
    </p>
   </div>
   <div class='ocr_carea' id='block_1_67' title="bbox 521 3558 1371 3628">
    <p class='ocr_par' dir='ltr' id='par_1_67' title="bbox 521 3558 1371 3628">
     <span class='ocr_line' id='line_1_67' title="bbox 521 3558 1371 3628; baseline -0.005 -13"><span class='ocrx_word' id='word_1_505' title='bbox 521 3558 650 3626; x_wconf 83' lang='lat' dir='ltr'><strong>riet,</strong></span> <span class='ocrx_word' id='word_1_506' title='bbox 681 3574 803 3615; x_wconf 91' lang='lat' dir='ltr'><strong>cum</strong></span> <span class='ocrx_word' id='word_1_507' title='bbox 830 3558 1136 3614; x_wconf 84' lang='lat' dir='ltr'><strong>infidelibus</strong></span> <span class='ocrx_word' id='word_1_508' title='bbox 1165 3559 1371 3628; x_wconf 90' lang='lat' dir='ltr'><strong>puniet.</strong></span> 
     </span>
    </p>
   </div>
   <div class='ocr_carea' id='block_1_68' title="bbox 600 3647 2128 3722">
    <p class='ocr_par' dir='ltr' id='par_1_68' title="bbox 600 3647 2128 3722">
     <span class='ocr_line' id='line_1_68' title="bbox 600 3647 2128 3722; baseline -0.001 -16"><span class='ocrx_word' id='word_1_509' title='bbox 600 3650 752 3707; x_wconf 83' lang='lat' dir='ltr'><strong>Meus</strong></span> <span class='ocrx_word' id='word_1_510' title='bbox 776 3659 850 3707; x_wconf 90' lang='lat' dir='ltr'><strong>est</strong></span> <span class='ocrx_word' id='word_1_511' title='bbox 871 3650 1100 3716; x_wconf 87' lang='lat' dir='ltr'><strong>Galaad,</strong></span> <span class='ocrx_word' id='word_1_512' title='bbox 1126 3661 1175 3704; x_wconf 88' lang='lat' dir='ltr'><strong>et</strong></span> <span class='ocrx_word' id='word_1_513' title='bbox 1197 3665 1345 3705; x_wconf 82' lang='lat' dir='ltr'><strong>meus</strong></span> <span class='ocrx_word' id='word_1_514' title='bbox 1371 3660 1448 3704; x_wconf 84' lang='lat' dir='ltr'><strong>est</strong></span> <span class='ocrx_word' id='word_1_515' title='bbox 1477 3647 1771 3718; x_wconf 77' lang='lat' dir='ltr'><strong>Manasses,</strong></span> <span class='ocrx_word' id='word_1_516' title='bbox 1795 3660 1842 3703; x_wconf 90' lang='lat' dir='ltr'><strong>et</strong></span> <span class='ocrx_word' id='word_1_517' title='bbox 1874 3647 2128 3722; x_wconf 83' lang='lat' dir='ltr'><strong>Ephraim</strong></span> 
     </span>
    </p>
   </div>
   <div class='ocr_carea' id='block_1_69' title="bbox 523 3742 2124 3816">
    <p class='ocr_par' dir='ltr' id='par_1_69' title="bbox 523 3742 2124 3816">
     <span class='ocr_line' id='line_1_69' title="bbox 523 3742 2124 3816; baseline 0.001 -17"><span class='ocrx_word' id='word_1_518' title='bbox 523 3745 777 3816; x_wconf 79' lang='lat' dir='ltr'><strong>fortitudo</strong></span> <span class='ocrx_word' id='word_1_519' title='bbox 800 3745 987 3816; x_wconf 74' lang='lat' dir='ltr'><strong>capitis</strong></span> <span class='ocrx_word' id='word_1_520' title='bbox 1008 3744 1128 3799; x_wconf 86' lang='lat' dir='ltr'><strong>mei.</strong></span> <span class='ocrx_word' id='word_1_521' title='bbox 1156 3744 1211 3800; x_wconf 90' lang='lat' dir='ltr'><strong>In</strong></span> <span class='ocrx_word' id='word_1_522' title='bbox 1239 3742 1442 3801; x_wconf 83' lang='lat' dir='ltr'><strong>Galaad</strong></span> <span class='ocrx_word' id='word_1_523' title='bbox 1466 3756 1629 3815; x_wconf 85' lang='lat' dir='ltr'><strong>atque</strong></span> <span class='ocrx_word' id='word_1_524' title='bbox 1654 3744 1926 3810; x_wconf 75' lang='lat' dir='ltr'><strong>Manasse,</strong></span> <span class='ocrx_word' id='word_1_525' title='bbox 1956 3752 2124 3801; x_wconf 87' lang='lat' dir='ltr'><strong>totum</strong></span> 
     </span>
    </p>
   </div>
   <div class='ocr_carea' id='block_1_70' title="bbox 522 3833 2125 3909">
    <p class='ocr_par' dir='ltr' id='par_1_70' title="bbox 522 3833 2125 3909">
     <span class='ocr_line' id='line_1_70' title="bbox 522 3833 2125 3909; baseline 0 -16"><span class='ocrx_word' id='word_1_526' title='bbox 522 3837 627 3893; x_wconf 88' lang='lat' dir='ltr'><strong>sibi</strong></span> <span class='ocrx_word' id='word_1_527' title='bbox 666 3836 972 3909; x_wconf 84' lang='lat' dir='ltr'><strong>subjectum</strong></span> <span class='ocrx_word' id='word_1_528' title='bbox 1020 3836 1222 3894; x_wconf 86' lang='lat' dir='ltr'><strong>indicat</strong></span> <span class='ocrx_word' id='word_1_529' title='bbox 1252 3836 1537 3892; x_wconf 87' lang='lat' dir='ltr'><strong>mundum.</strong></span> <span class='ocrx_word' id='word_1_530' title='bbox 1582 3833 1639 3892; x_wconf 85' lang='lat' dir='ltr'><strong>In</strong></span> <span class='ocrx_word' id='word_1_531' title='bbox 1691 3836 1950 3907; x_wconf 87' lang='lat' dir='ltr'><strong>prraim</strong></span> <span class='ocrx_word' id='word_1_532' title='bbox 1994 3852 2125 3894; x_wconf 81' lang='lat' dir='ltr'><strong>vero</strong></span> 
     </span>
    </p>
   </div>
   <div class='ocr_carea' id='block_1_71' title="bbox 519 3924 2120 4002">
    <p class='ocr_par' dir='ltr' id='par_1_71' title="bbox 519 3924 2120 4002">
     <span class='ocr_line' id='line_1_71' title="bbox 519 3924 2120 4002; baseline 0 -17"><span class='ocrx_word' id='word_1_533' title='bbox 519 3929 707 3999; x_wconf 87' lang='lat' dir='ltr'><strong>populi</strong></span> <span class='ocrx_word' id='word_1_534' title='bbox 740 3924 942 3986; x_wconf 86' lang='lat' dir='ltr'><strong>futuri:</strong></span> <span class='ocrx_word' id='word_1_535' title='bbox 978 3930 1031 3987; x_wconf 91' lang='lat' dir='ltr'><strong>id</strong></span> <span class='ocrx_word' id='word_1_536' title='bbox 1055 3937 1161 3999; x_wconf 86' lang='lat' dir='ltr'><strong>est,</strong></span> <span class='ocrx_word' id='word_1_537' title='bbox 1188 3926 1443 3986; x_wconf 79' lang='lat' dir='ltr'><strong>Ecclesia:</strong></span> <span class='ocrx_word' id='word_1_538' title='bbox 1464 3928 1858 4002; x_wconf 69' lang='lat' dir='ltr'><strong>congregandre</strong></span> <span class='ocrx_word' id='word_1_539' title='bbox 1885 3931 2120 4001; x_wconf 85' lang='lat' dir='ltr'><strong>speciem</strong></span> 
     </span>
    </p>
   </div>
   <div class='ocr_carea' id='block_1_72' title="bbox 517 4022 2119 4094">
    <p class='ocr_par' dir='ltr' id='par_1_72' title="bbox 517 4022 2119 4094">
     <span class='ocr_line' id='line_1_72' title="bbox 517 4022 2119 4094; baseline 0.004 -19"><span class='ocrx_word' id='word_1_540' title='bbox 517 4022 739 4091; x_wconf 81' lang='lat' dir='ltr'><strong>signat:</strong></span> <span class='ocrx_word' id='word_1_541' title='bbox 771 4031 991 4094; x_wconf 80' lang='lat' dir='ltr'><strong>propter</strong></span> <span class='ocrx_word' id='word_1_542' title='bbox 1018 4022 1451 4081; x_wconf 82' lang='lat' dir='ltr'><strong>benedictionem</strong></span> <span class='ocrx_word' id='word_1_543' title='bbox 1493 4023 1681 4089; x_wconf 84' lang='lat' dir='ltr'><strong>Jacob,</strong></span> <span class='ocrx_word' id='word_1_544' title='bbox 1716 4038 1875 4094; x_wconf 88' lang='lat' dir='ltr'><strong>quam</strong></span> <span class='ocrx_word' id='word_1_545' title='bbox 1905 4024 1959 4079; x_wconf 91' lang='lat' dir='ltr'><strong>in</strong></span> <span class='ocrx_word' id='word_1_546' title='bbox 1996 4038 2119 4081; x_wconf 91' lang='lat' dir='ltr'><strong>eum</strong></span> 
     </span>
    </p>
   </div>
   <div class='ocr_carea' id='block_1_73' title="bbox 518 4111 2117 4189">
    <p class='ocr_par' dir='ltr' id='par_1_73' title="bbox 518 4111 2117 4189">
     <span class='ocr_line' id='line_1_73' title="bbox 518 4111 2117 4189; baseline 0.001 -20"><span class='ocrx_word' id='word_1_547' title='bbox 518 4111 727 4170; x_wconf 74' lang='lat' dir='ltr'><strong>effudit.</strong></span> <span class='ocrx_word' id='word_1_548' title='bbox 761 4114 1154 4172; x_wconf 79' lang='lat' dir='ltr'><strong>Fortitudinem</strong></span> <span class='ocrx_word' id='word_1_549' title='bbox 1197 4124 1400 4183; x_wconf 88' lang='lat' dir='ltr'><strong>autem,</strong></span> <span class='ocrx_word' id='word_1_550' title='bbox 1435 4118 1606 4189; x_wconf 88' lang='lat' dir='ltr'><strong>ipsam</strong></span> <span class='ocrx_word' id='word_1_551' title='bbox 1639 4116 1936 4172; x_wconf 83' lang='lat' dir='ltr'><strong>Ecclesiam</strong></span> <span class='ocrx_word' id='word_1_552' title='bbox 1965 4115 2117 4186; x_wconf 88' lang='lat' dir='ltr'><strong>dicit,</strong></span> 
     </span>
    </p>
   </div>
   <div class='ocr_carea' id='block_1_74' title="bbox 515 4204 2119 4282">
    <p class='ocr_par' dir='ltr' id='par_1_74' title="bbox 515 4204 2119 4282">
     <span class='ocr_line' id='line_1_74' title="bbox 515 4204 2119 4282; baseline 0.001 -18"><span class='ocrx_word' id='word_1_553' title='bbox 515 4204 674 4280; x_wconf 73' lang='lat' dir='ltr'><strong>cujus</strong></span> <span class='ocrx_word' id='word_1_554' title='bbox 719 4204 895 4265; x_wconf 88' lang='lat' dir='ltr'><strong>factus</strong></span> <span class='ocrx_word' id='word_1_555' title='bbox 932 4220 1014 4266; x_wconf 88' lang='lat' dir='ltr'><strong>est</strong></span> <span class='ocrx_word' id='word_1_556' title='bbox 1055 4220 1238 4282; x_wconf 88' lang='lat' dir='ltr'><strong>caput.</strong></span> <span class='ocrx_word' id='word_1_557' title='bbox 1282 4208 1430 4267; x_wconf 77' lang='lat' dir='ltr'><strong>Meus</strong></span> <span class='ocrx_word' id='word_1_558' title='bbox 1475 4223 1546 4267; x_wconf 89' lang='lat' dir='ltr'><strong>est</strong></span> <span class='ocrx_word' id='word_1_559' title='bbox 1588 4210 1816 4277; x_wconf 86' lang='lat' dir='ltr'><strong>Galaad,</strong></span> <span class='ocrx_word' id='word_1_560' title='bbox 1866 4226 2005 4266; x_wconf 86' lang='lat' dir='ltr'><strong>meus</strong></span> <span class='ocrx_word' id='word_1_561' title='bbox 2045 4220 2119 4265; x_wconf 86' lang='lat' dir='ltr'><strong>est</strong></span> 
     </span>
    </p>
   </div>
   <div class='ocr_carea' id='block_1_75' title="bbox 518 4300 2117 4376">
    <p class='ocr_par' dir='ltr' id='par_1_75' title="bbox 518 4300 2117 4376">
     <span class='ocr_line' id='line_1_75' title="bbox 518 4300 2117 4376; baseline 0.003 -21"><span class='ocrx_word' id='word_1_562' title='bbox 518 4301 817 4359; x_wconf 77' lang='lat' dir='ltr'><strong>llanasses.</strong></span> <span class='ocrx_word' id='word_1_563' title='bbox 859 4300 1128 4360; x_wconf 83' lang='lat' dir='ltr'><strong>Universa</strong></span> <span class='ocrx_word' id='word_1_564' title='bbox 1160 4303 1278 4360; x_wconf 63' lang='lat' dir='ltr'><strong>huic</strong></span> <span class='ocrx_word' id='word_1_565' title='bbox 1305 4303 1374 4359; x_wconf 88' lang='lat' dir='ltr'><strong>de</strong></span> <span class='ocrx_word' id='word_1_566' title='bbox 1415 4304 1656 4376; x_wconf 86' lang='lat' dir='ltr'><strong>gentium</strong></span> <span class='ocrx_word' id='word_1_567' title='bbox 1705 4304 1990 4360; x_wconf 75' lang='lat' dir='ltr'><strong>vocatione</strong></span> <span class='ocrx_word' id='word_1_568' title='bbox 2028 4304 2117 4359; x_wconf 88' lang='lat' dir='ltr'><strong>di-</strong></span> 
     </span>
    </p>
   </div>
   <div class='ocr_carea' id='block_1_76' title="bbox 514 4396 2116 4470">
    <p class='ocr_par' dir='ltr' id='par_1_76' title="bbox 514 4396 2116 4470">
     <span class='ocr_line' id='line_1_76' title="bbox 514 4396 2116 4470; baseline 0.002 -21"><span class='ocrx_word' id='word_1_569' title='bbox 514 4404 746 4450; x_wconf 89' lang='lat' dir='ltr'><strong>cuntur:</strong></span> <span class='ocrx_word' id='word_1_570' title='bbox 771 4410 1001 4468; x_wconf 91' lang='lat' dir='ltr'><strong>quarum</strong></span> <span class='ocrx_word' id='word_1_571' title='bbox 1023 4397 1256 4455; x_wconf 68' lang='lat' dir='ltr'><strong>diversa:</strong></span> <span class='ocrx_word' id='word_1_572' title='bbox 1269 4396 1516 4465; x_wconf 85' lang='lat' dir='ltr'><strong>virtutes,</strong></span> <span class='ocrx_word' id='word_1_573' title='bbox 1536 4399 1640 4454; x_wconf 86' lang='lat' dir='ltr'><strong>sub</strong></span> <span class='ocrx_word' id='word_1_574' title='bbox 1658 4398 1991 4470; x_wconf 80' lang='lat' dir='ltr'><strong>singulorum</strong></span> <span class='ocrx_word' id='word_1_575' title='bbox 2016 4414 2116 4454; x_wconf 89' lang='lat' dir='ltr'><strong>no-</strong></span> 
     </span>
    </p>
   </div>
   <div class='ocr_carea' id='block_1_77' title="bbox 515 4489 1748 4562">
    <p class='ocr_par' dir='ltr' id='par_1_77' title="bbox 515 4489 1748 4562">
     <span class='ocr_line' id='line_1_77' title="bbox 515 4489 1748 4562; baseline 0.003 -16"><span class='ocrx_word' id='word_1_576' title='bbox 515 4489 721 4546; x_wconf 88' lang='lat' dir='ltr'><strong>minum</strong></span> <span class='ocrx_word' id='word_1_577' title='bbox 762 4490 1215 4562; x_wconf 86' lang='lat' dir='ltr'><strong>interpretatione</strong></span> <span class='ocrx_word' id='word_1_578' title='bbox 1243 4493 1542 4550; x_wconf 73' lang='lat' dir='ltr'><strong>referenda:</strong></span> <span class='ocrx_word' id='word_1_579' title='bbox 1569 4501 1748 4550; x_wconf 90' lang='lat' dir='ltr'><strong>erunt.</strong></span> 
     </span>
    </p>
   </div>
   <div class='ocr_carea' id='block_1_78' title="bbox 2235 3282 3834 3361">
    <p class='ocr_par' dir='ltr' id='par_1_78' title="bbox 2235 3282 3834 3361">
     <span class='ocr_line' id='line_1_78' title="bbox 2235 3282 3834 3361; baseline 0.007 -25"><span class='ocrx_word' id='word_1_580' title='bbox 2235 3282 2355 3352; x_wconf 82' lang='lat' dir='ltr'><strong>ipse</strong></span> <span class='ocrx_word' id='word_1_581' title='bbox 2391 3283 2556 3339; x_wconf 81' lang='lat' dir='ltr'><strong>etiam</strong></span> <span class='ocrx_word' id='word_1_582' title='bbox 2598 3287 2961 3355; x_wconf 85' lang='lat' dir='ltr'><strong>prophetiam,</strong></span> <span class='ocrx_word' id='word_1_583' title='bbox 2995 3287 3049 3342; x_wconf 91' lang='lat' dir='ltr'><strong>id</strong></span> <span class='ocrx_word' id='word_1_584' title='bbox 3088 3297 3195 3359; x_wconf 87' lang='lat' dir='ltr'><strong>est,</strong></span> <span class='ocrx_word' id='word_1_585' title='bbox 3228 3289 3682 3360; x_wconf 58' lang='lat' dir='ltr'><strong>medicationem</strong></span> <span class='ocrx_word' id='word_1_586' title='bbox 3715 3304 3834 3361; x_wconf 46' lang='lat' dir='ltr'><strong>pro.</strong></span> 
     </span>
    </p>
   </div>
   <div class='ocr_carea' id='block_1_79' title="bbox 2234 3376 3140 3451">
    <p class='ocr_par' dir='ltr' id='par_1_79' title="bbox 2234 3376 3140 3451">
     <span class='ocr_line' id='line_1_79' title="bbox 2234 3376 3140 3451; baseline 0.007 -20"><span class='ocrx_word' id='word_1_587' title='bbox 2234 3376 2508 3445; x_wconf 86' lang='lat' dir='ltr'><strong>pbcticam</strong></span> <span class='ocrx_word' id='word_1_588' title='bbox 2538 3378 2700 3451; x_wconf 86' lang='lat' dir='ltr'><strong>dirigi</strong></span> <span class='ocrx_word' id='word_1_589' title='bbox 2722 3381 2878 3449; x_wconf 84' lang='lat' dir='ltr'><strong>jubet</strong></span> <span class='ocrx_word' id='word_1_590' title='bbox 2910 3382 2962 3437; x_wconf 91' lang='lat' dir='ltr'><strong>in</strong></span> <span class='ocrx_word' id='word_1_591' title='bbox 2992 3397 3140 3439; x_wconf 89' lang='lat' dir='ltr'><strong>eam.</strong></span> 
     </span>
    </p>
   </div>
   <div class='ocr_carea' id='block_1_80' title="bbox 2307 3467 3833 3547">
    <p class='ocr_par' dir='ltr' id='par_1_80' title="bbox 2307 3467 3833 3547">
     <span class='ocr_line' id='line_1_80' title="bbox 2307 3467 3833 3547; baseline 0.006 -24"><span class='ocrx_word' id='word_1_592' title='bbox 2307 3467 2504 3526; x_wconf 80' lang='lat' dir='ltr'><strong>Nonne</strong></span> <span class='ocrx_word' id='word_1_593' title='bbox 2543 3482 2620 3537; x_wconf 86' lang='lat' dir='ltr'><strong>tu,</strong></span> <span class='ocrx_word' id='word_1_594' title='bbox 2665 3470 2831 3539; x_wconf 84' lang='lat' dir='ltr'><strong>Deus,</strong></span> <span class='ocrx_word' id='word_1_595' title='bbox 2862 3474 2951 3542; x_wconf 88' lang='lat' dir='ltr'><strong>qui</strong></span> <span class='ocrx_word' id='word_1_596' title='bbox 2988 3474 3237 3547; x_wconf 72' lang='lat' dir='ltr'><strong>rrpulisti</strong></span> <span class='ocrx_word' id='word_1_597' title='bbox 3274 3476 3409 3530; x_wconf 80' lang='lat' dir='ltr'><strong>nos?</strong></span> <span class='ocrx_word' id='word_1_598' title='bbox 3456 3474 3531 3532; x_wconf 88' lang='lat' dir='ltr'><strong>Ut</strong></span> <span class='ocrx_word' id='word_1_599' title='bbox 3571 3476 3833 3547; x_wconf 81' lang='lat' dir='ltr'><strong>probatos</strong></span> 
     </span>
    </p>
   </div>
   <div class='ocr_carea' id='block_1_81' title="bbox 2232 3564 3832 3638">
    <p class='ocr_par' dir='ltr' id='par_1_81' title="bbox 2232 3564 3832 3638">
     <span class='ocr_line' id='line_1_81' title="bbox 2232 3564 3832 3638; baseline 0.006 -23"><span class='ocrx_word' id='word_1_600' title='bbox 2232 3575 2582 3632; x_wconf 82' lang='lat' dir='ltr'><strong>agnosceres.</strong></span> <span class='ocrx_word' id='word_1_601' title='bbox 2625 3564 2904 3635; x_wconf 80' lang='lat' dir='ltr'><strong>ltepulisti,</strong></span> <span class='ocrx_word' id='word_1_602' title='bbox 2950 3576 3171 3637; x_wconf 81' lang='lat' dir='ltr'><strong>propter</strong></span> <span class='ocrx_word' id='word_1_603' title='bbox 3213 3569 3711 3638; x_wconf 78' lang='lat' dir='ltr'><strong>transgressionem</strong></span> <span class='ocrx_word' id='word_1_604' title='bbox 3741 3583 3832 3624; x_wconf 89' lang='lat' dir='ltr'><strong>no-</strong></span> 
     </span>
    </p>
   </div>
   <div class='ocr_carea' id='block_1_82' title="bbox 2230 3656 3831 3728">
    <p class='ocr_par' dir='ltr' id='par_1_82' title="bbox 2230 3656 3831 3728">
     <span class='ocr_line' id='line_1_82' title="bbox 2230 3656 3831 3728; baseline 0.005 -19"><span class='ocrx_word' id='word_1_605' title='bbox 2230 3661 2419 3719; x_wconf 85' lang='lat' dir='ltr'><strong>stram,</strong></span> <span class='ocrx_word' id='word_1_606' title='bbox 2448 3656 2534 3711; x_wconf 90' lang='lat' dir='ltr'><strong>vel</strong></span> <span class='ocrx_word' id='word_1_607' title='bbox 2560 3668 2841 3727; x_wconf 84' lang='lat' dir='ltr'><strong>peccatum</strong></span> <span class='ocrx_word' id='word_1_608' title='bbox 2874 3657 3005 3713; x_wconf 73' lang='lat' dir='ltr'><strong>Adae</strong></span> <span class='ocrx_word' id='word_1_609' title='bbox 3031 3676 3044 3713; x_wconf 89' lang='lat'><strong>:</strong></span> <span class='ocrx_word' id='word_1_610' title='bbox 3080 3658 3185 3715; x_wconf 90' lang='lat' dir='ltr'><strong>hoc</strong></span> <span class='ocrx_word' id='word_1_611' title='bbox 3210 3669 3319 3728; x_wconf 87' lang='lat' dir='ltr'><strong>est,</strong></span> <span class='ocrx_word' id='word_1_612' title='bbox 3348 3661 3631 3717; x_wconf 86' lang='lat' dir='ltr'><strong>destruxit</strong></span> <span class='ocrx_word' id='word_1_613' title='bbox 3663 3662 3831 3717; x_wconf 81' lang='lat' dir='ltr'><strong>idolo-</strong></span> 
     </span>
    </p>
   </div>
   <div class='ocr_carea' id='block_1_83' title="bbox 2228 3742 3829 3824">
    <p class='ocr_par' dir='ltr' id='par_1_83' title="bbox 2228 3742 3829 3824">
     <span class='ocr_line' id='line_1_83' title="bbox 2228 3742 3829 3824; baseline 0.006 -26"><span class='ocrx_word' id='word_1_614' title='bbox 2228 3742 2467 3813; x_wconf 85' lang='lat' dir='ltr'><strong>latriam,</strong></span> <span class='ocrx_word' id='word_1_615' title='bbox 2497 3749 2579 3803; x_wconf 88' lang='lat' dir='ltr'><strong>vel</strong></span> <span class='ocrx_word' id='word_1_616' title='bbox 2614 3759 2803 3804; x_wconf 87' lang='lat' dir='ltr'><strong>nostra</strong></span> <span class='ocrx_word' id='word_1_617' title='bbox 2835 3748 2971 3805; x_wconf 81' lang='lat' dir='ltr'><strong>vitia</strong></span> <span class='ocrx_word' id='word_1_618' title='bbox 3006 3758 3060 3805; x_wconf 90' lang='lat' dir='ltr'><strong>et</strong></span> <span class='ocrx_word' id='word_1_619' title='bbox 3098 3761 3342 3819; x_wconf 84' lang='lat' dir='ltr'><strong>peccata.</strong></span> <span class='ocrx_word' id='word_1_620' title='bbox 3372 3749 3441 3804; x_wconf 82' lang='lat' dir='ltr'><strong>Et</strong></span> <span class='ocrx_word' id='word_1_621' title='bbox 3470 3767 3578 3808; x_wconf 82' lang='lat' dir='ltr'><strong>non</strong></span> <span class='ocrx_word' id='word_1_622' title='bbox 3606 3751 3829 3824; x_wconf 76' lang='lat' dir='ltr'><strong>egredie-</strong></span> 
     </span>
    </p>
   </div>
   <div class='ocr_carea' id='block_1_84' title="bbox 2228 3836 3830 3914">
    <p class='ocr_par' dir='ltr' id='par_1_84' title="bbox 2228 3836 3830 3914">
     <span class='ocr_line' id='line_1_84' title="bbox 2228 3836 3830 3914; baseline 0.004 -24"><span class='ocrx_word' id='word_1_623' title='bbox 2228 3836 2324 3904; x_wconf 87' lang='lat' dir='ltr'><strong>ris,</strong></span> <span class='ocrx_word' id='word_1_624' title='bbox 2356 3837 2515 3907; x_wconf 83' lang='lat' dir='ltr'><strong>Deus,</strong></span> <span class='ocrx_word' id='word_1_625' title='bbox 2554 3840 2610 3896; x_wconf 86' lang='lat' dir='ltr'><strong>in</strong></span> <span class='ocrx_word' id='word_1_626' title='bbox 2639 3840 2911 3897; x_wconf 80' lang='lat' dir='ltr'><strong>uirtutibus</strong></span> <span class='ocrx_word' id='word_1_627' title='bbox 2950 3843 3161 3897; x_wconf 85' lang='lat' dir='ltr'><strong>nostris.</strong></span> <span class='ocrx_word' id='word_1_628' title='bbox 3193 3841 3333 3911; x_wconf 85' lang='lat' dir='ltr'><strong>Quia</strong></span> <span class='ocrx_word' id='word_1_629' title='bbox 3360 3845 3610 3914; x_wconf 82' lang='lat' dir='ltr'><strong>peccatis</strong></span> <span class='ocrx_word' id='word_1_630' title='bbox 3636 3842 3830 3901; x_wconf 83' lang='lat' dir='ltr'><strong>inlirmi</strong></span> 
     </span>
    </p>
   </div>
   <div class='ocr_carea' id='block_1_85' title="bbox 2227 3943 2443 3987">
    <p class='ocr_par' dir='ltr' id='par_1_85' title="bbox 2227 3943 2443 3987">
     <span class='ocr_line' id='line_1_85' title="bbox 2227 3943 2443 3987; baseline 0.009 -2"><span class='ocrx_word' id='word_1_631' title='bbox 2227 3943 2443 3987; x_wconf 89' lang='lat' dir='ltr'><strong>sumus.</strong></span> 
     </span>
    </p>
   </div>
   <div class='ocr_carea' id='block_1_86' title="bbox 2298 4021 3823 4099">
    <p class='ocr_par' dir='ltr' id='par_1_86' title="bbox 2298 4021 3823 4099">
     <span class='ocr_line' id='line_1_86' title="bbox 2298 4021 3823 4099; baseline 0.005 -22"><span class='ocrx_word' id='word_1_632' title='bbox 2298 4021 2387 4077; x_wconf 87' lang='lat' dir='ltr'><strong>Da</strong></span> <span class='ocrx_word' id='word_1_633' title='bbox 2406 4025 2553 4079; x_wconf 83' lang='lat' dir='ltr'><strong>nobis</strong></span> <span class='ocrx_word' id='word_1_634' title='bbox 2581 4025 2841 4081; x_wconf 62' lang='lat' dir='ltr'><strong>auxilium</strong></span> <span class='ocrx_word' id='word_1_635' title='bbox 2874 4025 2938 4081; x_wconf 90' lang='lat' dir='ltr'><strong>de</strong></span> <span class='ocrx_word' id='word_1_636' title='bbox 2968 4026 3304 4081; x_wconf 79' lang='lat' dir='ltr'><strong>tribulatione</strong></span> <span class='ocrx_word' id='word_1_637' title='bbox 3325 4044 3345 4081; x_wconf 89' lang='lat'><strong>:</strong></span> <span class='ocrx_word' id='word_1_638' title='bbox 3370 4028 3495 4099; x_wconf 78' lang='lat' dir='ltr'><strong>quia</strong></span> <span class='ocrx_word' id='word_1_639' title='bbox 3534 4044 3669 4085; x_wconf 78' lang='lat' dir='ltr'><strong>rana</strong></span> <span class='ocrx_word' id='word_1_640' title='bbox 3689 4030 3823 4085; x_wconf 85' lang='lat' dir='ltr'><strong>salus</strong></span> 
     </span>
    </p>
   </div>
   <div class='ocr_carea' id='block_1_87' title="bbox 2224 4116 3821 4193">
    <p class='ocr_par' dir='ltr' id='par_1_87' title="bbox 2224 4116 3821 4193">
     <span class='ocr_line' id='line_1_87' title="bbox 2224 4116 3821 4193; baseline 0.006 -23"><span class='ocrx_word' id='word_1_641' title='bbox 2224 4116 2470 4175; x_wconf 80' lang='lat' dir='ltr'><strong>hominis.</strong></span> <span class='ocrx_word' id='word_1_642' title='bbox 2509 4117 2750 4179; x_wconf 78' lang='lat' dir='ltr'><strong>Audiam</strong></span> <span class='ocrx_word' id='word_1_643' title='bbox 2786 4120 2905 4177; x_wconf 56' lang='lat' dir='ltr'><strong>haec</strong></span> <span class='ocrx_word' id='word_1_644' title='bbox 2933 4122 3023 4193; x_wconf 89' lang='lat' dir='ltr'><strong>qui</strong></span> <span class='ocrx_word' id='word_1_645' title='bbox 3055 4136 3185 4192; x_wconf 77' lang='lat' dir='ltr'><strong>spes</strong></span> <span class='ocrx_word' id='word_1_646' title='bbox 3211 4135 3339 4177; x_wconf 81' lang='lat' dir='ltr'><strong>suas</strong></span> <span class='ocrx_word' id='word_1_647' title='bbox 3365 4122 3420 4176; x_wconf 86' lang='lat' dir='ltr'><strong>in</strong></span> <span class='ocrx_word' id='word_1_648' title='bbox 3454 4124 3821 4192; x_wconf 76' lang='lat' dir='ltr'><strong>potentatibus</strong></span> 
     </span>
    </p>
   </div>
   <div class='ocr_carea' id='block_1_88' title="bbox 2216 4211 3820 4286">
    <p class='ocr_par' dir='ltr' id='par_1_88' title="bbox 2216 4211 3820 4286">
     <span class='ocr_line' id='line_1_88' title="bbox 2216 4211 3820 4286; baseline 0.003 -21"><span class='ocrx_word' id='word_1_649' title='bbox 2216 4211 2528 4282; x_wconf 86' lang='lat' dir='ltr'><strong>hominum,</strong></span> <span class='ocrx_word' id='word_1_650' title='bbox 2557 4212 2645 4268; x_wconf 87' lang='lat' dir='ltr'><strong>vel</strong></span> <span class='ocrx_word' id='word_1_651' title='bbox 2693 4212 2748 4268; x_wconf 89' lang='lat' dir='ltr'><strong>in</strong></span> <span class='ocrx_word' id='word_1_652' title='bbox 2791 4223 3136 4271; x_wconf 82' lang='lat' dir='ltr'><strong>terrenarum</strong></span> <span class='ocrx_word' id='word_1_653' title='bbox 3173 4213 3485 4270; x_wconf 83' lang='lat' dir='ltr'><strong>divitiarum</strong></span> <span class='ocrx_word' id='word_1_654' title='bbox 3516 4216 3820 4286; x_wconf 84' lang='lat' dir='ltr'><strong>splendori-</strong></span> 
     </span>
    </p>
   </div>
   <div class='ocr_carea' id='block_1_89' title="bbox 2222 4304 3819 4376">
    <p class='ocr_par' dir='ltr' id='par_1_89' title="bbox 2222 4304 3819 4376">
     <span class='ocr_line' id='line_1_89' title="bbox 2222 4304 3819 4376; baseline 0.004 -17"><span class='ocrx_word' id='word_1_655' title='bbox 2222 4304 2322 4359; x_wconf 85' lang='lat' dir='ltr'><strong>bus</strong></span> <span class='ocrx_word' id='word_1_656' title='bbox 2362 4314 2604 4374; x_wconf 84' lang='lat' dir='ltr'><strong>ponunt:</strong></span> <span class='ocrx_word' id='word_1_657' title='bbox 2633 4306 2759 4376; x_wconf 85' lang='lat' dir='ltr'><strong>quia</strong></span> <span class='ocrx_word' id='word_1_658' title='bbox 2801 4321 2937 4362; x_wconf 80' lang='lat' dir='ltr'><strong>vana</strong></span> <span class='ocrx_word' id='word_1_659' title='bbox 2973 4314 3059 4363; x_wconf 74' lang='lat' dir='ltr'><strong>est</strong></span> <span class='ocrx_word' id='word_1_660' title='bbox 3090 4306 3238 4362; x_wconf 84' lang='lat' dir='ltr'><strong>salus</strong></span> <span class='ocrx_word' id='word_1_661' title='bbox 3274 4306 3538 4375; x_wconf 77' lang='lat' dir='ltr'><strong>hominis,</strong></span> <span class='ocrx_word' id='word_1_662' title='bbox 3586 4316 3645 4365; x_wconf 87' lang='lat' dir='ltr'><strong>et</strong></span> <span class='ocrx_word' id='word_1_663' title='bbox 3686 4309 3819 4365; x_wconf 78' lang='lat' dir='ltr'><strong>Deus</strong></span> 
     </span>
    </p>
   </div>
   <div class='ocr_carea' id='block_1_90' title="bbox 2219 4395 3815 4472">
    <p class='ocr_par' dir='ltr' id='par_1_90' title="bbox 2219 4395 3815 4472">
     <span class='ocr_line' id='line_1_90' title="bbox 2219 4395 3815 4472; baseline 0.003 -19"><span class='ocrx_word' id='word_1_664' title='bbox 2219 4395 2373 4453; x_wconf 78' lang='lat' dir='ltr'><strong>solus</strong></span> <span class='ocrx_word' id='word_1_665' title='bbox 2418 4406 2787 4469; x_wconf 87' lang='lat' dir='ltr'><strong>opportunum</strong></span> <span class='ocrx_word' id='word_1_666' title='bbox 2840 4398 3286 4456; x_wconf 83' lang='lat' dir='ltr'><strong>tribulationibus</strong></span> <span class='ocrx_word' id='word_1_667' title='bbox 3336 4402 3547 4457; x_wconf 82' lang='lat' dir='ltr'><strong>nostris</strong></span> <span class='ocrx_word' id='word_1_668' title='bbox 3603 4409 3815 4472; x_wconf 74' lang='lat' dir='ltr'><strong>prastat</strong></span> 
     </span>
    </p>
   </div>
   <div class='ocr_carea' id='block_1_91' title="bbox 2221 4488 2506 4544">
    <p class='ocr_par' dir='ltr' id='par_1_91' title="bbox 2221 4488 2506 4544">
     <span class='ocr_line' id='line_1_91' title="bbox 2221 4488 2506 4544; baseline 0 0"><span class='ocrx_word' id='word_1_669' title='bbox 2221 4488 2506 4544; x_wconf 84' lang='lat' dir='ltr'><strong>auxilium.</strong></span> 
     </span>
    </p>
   </div>
   <div class='ocr_carea' id='block_1_92' title="bbox 585 4565 3816 4654">
    <p class='ocr_par' dir='ltr' id='par_1_92' title="bbox 585 4565 3816 4654">
     <span class='ocr_line' id='line_1_92' title="bbox 585 4565 3816 4654; baseline 0.002 -19"><span class='ocrx_word' id='word_1_670' title='bbox 585 4579 734 4639; x_wconf 71' lang='lat' dir='ltr'><strong>Iuda</strong></span> <span class='ocrx_word' id='word_1_671' title='bbox 760 4597 854 4639; x_wconf 67' lang='lat' dir='ltr'><strong>res</strong></span> <span class='ocrx_word' id='word_1_672' title='bbox 882 4600 1044 4639; x_wconf 84' lang='lat' dir='ltr'><strong>meus.</strong></span> <span class='ocrx_word' id='word_1_673' title='bbox 1070 4584 1211 4654; x_wconf 73' lang='lat' dir='ltr'><strong>Quin</strong></span> <span class='ocrx_word' id='word_1_674' title='bbox 1239 4601 1307 4641; x_wconf 75' lang='lat' dir='ltr'><strong>ex</strong></span> <span class='ocrx_word' id='word_1_675' title='bbox 1337 4586 1481 4642; x_wconf 87' lang='lat' dir='ltr'><strong>tribu</strong></span> <span class='ocrx_word' id='word_1_676' title='bbox 1504 4585 1641 4643; x_wconf 71' lang='lat' dir='ltr'><strong>Iuda</strong></span> <span class='ocrx_word' id='word_1_677' title='bbox 1668 4593 1821 4642; x_wconf 85' lang='lat' dir='ltr'><strong>ortus</strong></span> <span class='ocrx_word' id='word_1_678' title='bbox 1843 4593 1929 4643; x_wconf 86' lang='lat' dir='ltr'><strong>est</strong></span> <span class='ocrx_word' id='word_1_679' title='bbox 1951 4582 2111 4641; x_wconf 82' lang='lat' dir='ltr'><strong>Cbri-</strong></span> <span class='ocrx_word' id='word_1_680' title='bbox 2136 4565 2193 4632; x_wconf 74' lang='grc'><strong>1)</strong></span> <span class='ocrx_word' id='word_1_681' title='bbox 2288 4580 2359 4637; x_wconf 84' lang='lat' dir='ltr'><strong>In</strong></span> <span class='ocrx_word' id='word_1_682' title='bbox 2386 4579 2496 4638; x_wconf 87' lang='lat' dir='ltr'><strong>Deo</strong></span> <span class='ocrx_word' id='word_1_683' title='bbox 2526 4583 2771 4653; x_wconf 77' lang='lat' dir='ltr'><strong>facienuts</strong></span> <span class='ocrx_word' id='word_1_684' title='bbox 2800 4585 3067 4651; x_wconf 78' lang='lat' dir='ltr'><strong>uirtutem,</strong></span> <span class='ocrx_word' id='word_1_685' title='bbox 3091 4594 3140 4640; x_wconf 82' lang='lat' dir='ltr'><strong>et</strong></span> <span class='ocrx_word' id='word_1_686' title='bbox 3161 4585 3273 4654; x_wconf 83' lang='lat' dir='ltr'><strong>ipse</strong></span> <span class='ocrx_word' id='word_1_687' title='bbox 3299 4585 3369 4640; x_wconf 88' lang='lat' dir='ltr'><strong>ad</strong></span> <span class='ocrx_word' id='word_1_688' title='bbox 3398 4585 3628 4642; x_wconf 70' lang='lat' dir='ltr'><strong>nihilum</strong></span> <span class='ocrx_word' id='word_1_689' title='bbox 3658 4586 3816 4642; x_wconf 78' lang='lat' dir='ltr'><strong>dedu-</strong></span> 
     </span>
    </p>
   </div>
   <div class='ocr_carea' id='block_1_93' title="bbox 511 4675 2111 4752">
    <p class='ocr_par' dir='ltr' id='par_1_93' title="bbox 511 4675 2111 4752">
     <span class='ocr_line' id='line_1_93' title="bbox 511 4675 2111 4752; baseline 0.003 -22"><span class='ocrx_word' id='word_1_690' title='bbox 511 4684 649 4731; x_wconf 85' lang='lat' dir='ltr'><strong>stus.</strong></span> <span class='ocrx_word' id='word_1_691' title='bbox 678 4675 814 4743; x_wconf 83' lang='lat' dir='ltr'><strong>Quia</strong></span> <span class='ocrx_word' id='word_1_692' title='bbox 841 4692 953 4734; x_wconf 88' lang='lat' dir='ltr'><strong>non</strong></span> <span class='ocrx_word' id='word_1_693' title='bbox 979 4677 1197 4736; x_wconf 70' lang='lat' dir='ltr'><strong>deﬁciet</strong></span> <span class='ocrx_word' id='word_1_694' title='bbox 1238 4678 1495 4752; x_wconf 82' lang='lat' dir='ltr'><strong>princeps</strong></span> <span class='ocrx_word' id='word_1_695' title='bbox 1536 4678 1610 4736; x_wconf 78' lang='lat' dir='ltr'><strong>de</strong></span> <span class='ocrx_word' id='word_1_696' title='bbox 1635 4680 1804 4750; x_wconf 84' lang='lat' dir='ltr'><strong>stirpe</strong></span> <span class='ocrx_word' id='word_1_697' title='bbox 1829 4678 1985 4750; x_wconf 86' lang='lat' dir='ltr'><strong>ejus:</strong></span> <span class='ocrx_word' id='word_1_698' title='bbox 2013 4677 2111 4734; x_wconf 88' lang='lat' dir='ltr'><strong>do-</strong></span> 
     </span>
    </p>
   </div>
   <div class='ocr_carea' id='block_1_94' title="bbox 512 4770 2110 4843">
    <p class='ocr_par' dir='ltr' id='par_1_94' title="bbox 512 4770 2110 4843">
     <span class='ocr_line' id='line_1_94' title="bbox 512 4770 2110 4843; baseline 0.003 -18"><span class='ocrx_word' id='word_1_699' title='bbox 512 4771 807 4828; x_wconf 83' lang='lat' dir='ltr'><strong>necveniat</strong></span> <span class='ocrx_word' id='word_1_700' title='bbox 823 4770 1102 4840; x_wconf 85' lang='lat' dir='ltr'><strong>Dominus,</strong></span> <span class='ocrx_word' id='word_1_701' title='bbox 1120 4782 1179 4830; x_wconf 90' lang='lat' dir='ltr'><strong>ut</strong></span> <span class='ocrx_word' id='word_1_702' title='bbox 1194 4773 1333 4830; x_wconf 86' lang='lat' dir='ltr'><strong>dixit</strong></span> <span class='ocrx_word' id='word_1_703' title='bbox 1352 4772 1548 4831; x_wconf 77' lang='lat' dir='ltr'><strong>Jacob:</strong></span> <span class='ocrx_word' id='word_1_704' title='bbox 1567 4773 1728 4843; x_wconf 61' lang='grc' dir='ltr'><strong>διιὼν,</strong></span> <span class='ocrx_word' id='word_1_705' title='bbox 1746 4783 1797 4829; x_wconf 89' lang='grc' dir='ltr'><strong>ιε</strong></span> <span class='ocrx_word' id='word_1_706' title='bbox 1816 4771 2110 4829; x_wconf 77' lang='lat' dir='ltr'><strong>laudabunt</strong></span> 
     </span>
    </p>
   </div>
   <div class='ocr_carea' id='block_1_95' title="bbox 506 4859 2106 4923">
    <p class='ocr_par' dir='ltr' id='par_1_95' title="bbox 506 4859 2106 4923">
     <span class='ocr_line' id='line_1_95' title="bbox 506 4859 2106 4923; baseline 0.001 -7"><span class='ocrx_word' id='word_1_707' title='bbox 506 4859 709 4919; x_wconf 77' lang='lat' dir='ltr'><strong>fratres</strong></span> <span class='ocrx_word' id='word_1_708' title='bbox 760 4863 835 4919; x_wconf 90' lang='lat' dir='ltr'><strong>tui</strong></span> <span class='ocrx_word' id='word_1_709' title='bbox 879 4881 895 4919; x_wconf 93' lang='lat'><strong>:</strong></span> <span class='ocrx_word' id='word_1_710' title='bbox 943 4879 1137 4922; x_wconf 79' lang='lat' dir='ltr'><strong>manus</strong></span> <span class='ocrx_word' id='word_1_711' title='bbox 1182 4876 1289 4922; x_wconf 73' lang='lat' dir='ltr'><strong>tum</strong></span> <span class='ocrx_word' id='word_1_712' title='bbox 1334 4865 1390 4922; x_wconf 90' lang='lat' dir='ltr'><strong>in</strong></span> <span class='ocrx_word' id='word_1_713' title='bbox 1426 4864 1730 4923; x_wconf 84' lang='lat' dir='ltr'><strong>cervicibus</strong></span> <span class='ocrx_word' id='word_1_714' title='bbox 1765 4863 2106 4921; x_wconf 88' lang='lat' dir='ltr'><strong>inimicorum</strong></span> 
     </span>
    </p>
   </div>
   <div class='ocr_carea' id='block_1_96' title="bbox 509 4954 2103 5030">
    <p class='ocr_par' dir='ltr' id='par_1_96' title="bbox 509 4954 2103 5030">
     <span class='ocr_line' id='line_1_96' title="bbox 509 4954 2103 5030; baseline -0.001 -20"><span class='ocrx_word' id='word_1_715' title='bbox 509 4961 750 5012; x_wconf 84' lang='lat' dir='ltr'><strong>tuorum.</strong></span> <span class='ocrx_word' id='word_1_716' title='bbox 782 4958 865 5013; x_wconf 84' lang='lat' dir='ltr'><strong>Tu</strong></span> <span class='ocrx_word' id='word_1_717' title='bbox 910 4959 1285 5015; x_wconf 85' lang='lat' dir='ltr'><strong>dominaberis</strong></span> <span class='ocrx_word' id='word_1_718' title='bbox 1332 4972 1500 5030; x_wconf 85' lang='lat' dir='ltr'><strong>super</strong></span> <span class='ocrx_word' id='word_1_719' title='bbox 1548 4957 1744 5014; x_wconf 87' lang='lat' dir='ltr'><strong>lratres</strong></span> <span class='ocrx_word' id='word_1_720' title='bbox 1787 4966 1909 5012; x_wconf 87' lang='lat' dir='ltr'><strong>tuos</strong></span> <span class='ocrx_word' id='word_1_721' title='bbox 1947 4954 2103 5028; x_wconf 78' lang='lat' dir='ltr'><strong>(Gen.</strong></span> 
     </span>
    </p>
   </div>
   <div class='ocr_carea' id='block_1_97' title="bbox 507 5047 2102 5123">
    <p class='ocr_par' dir='ltr' id='par_1_97' title="bbox 507 5047 2102 5123">
     <span class='ocr_line' id='line_1_97' title="bbox 507 5047 2102 5123; baseline 0 -20"><span class='ocrx_word' id='word_1_722' title='bbox 507 5049 697 5123; x_wconf 73' lang='lat' dir='ltr'><strong>sun):</strong></span> <span class='ocrx_word' id='word_1_723' title='bbox 743 5047 993 5109; x_wconf 78' lang='lat' dir='ltr'><strong>Christus</strong></span> <span class='ocrx_word' id='word_1_724' title='bbox 1029 5051 1353 5123; x_wconf 84' lang='lat' dir='ltr'><strong>intelligitur</strong></span> <span class='ocrx_word' id='word_1_725' title='bbox 1398 5064 1496 5122; x_wconf 87' lang='lat' dir='ltr'><strong>per</strong></span> <span class='ocrx_word' id='word_1_726' title='bbox 1536 5049 1757 5115; x_wconf 69' lang='lat' dir='ltr'><strong>ludam,</strong></span> <span class='ocrx_word' id='word_1_727' title='bbox 1811 5058 1871 5105; x_wconf 88' lang='lat' dir='ltr'><strong>ut</strong></span> <span class='ocrx_word' id='word_1_728' title='bbox 1918 5048 2050 5105; x_wconf 89' lang='lat' dir='ltr'><strong>illud</strong></span> <span class='ocrx_word' id='word_1_729' title='bbox 2086 5064 2102 5103; x_wconf 88' lang='lat'><strong>:</strong></span> 
     </span>
    </p>
   </div>
   <div class='ocr_carea' id='block_1_98' title="bbox 509 5138 2105 5215">
    <p class='ocr_par' dir='ltr' id='par_1_98' title="bbox 509 5138 2105 5215">
     <span class='ocr_line' id='line_1_98' title="bbox 509 5138 2105 5215; baseline -0.001 -18"><span class='ocrx_word' id='word_1_730' title='bbox 509 5138 651 5197; x_wconf 79' lang='lat' dir='ltr'><strong>Vicit</strong></span> <span class='ocrx_word' id='word_1_731' title='bbox 690 5143 781 5199; x_wconf 91' lang='lat' dir='ltr'><strong>leo</strong></span> <span class='ocrx_word' id='word_1_732' title='bbox 820 5142 889 5200; x_wconf 87' lang='lat' dir='ltr'><strong>de</strong></span> <span class='ocrx_word' id='word_1_733' title='bbox 918 5143 1065 5199; x_wconf 89' lang='lat' dir='ltr'><strong>tribu</strong></span> <span class='ocrx_word' id='word_1_734' title='bbox 1090 5143 1227 5200; x_wconf 73' lang='lat' dir='ltr'><strong>luds</strong></span> <span class='ocrx_word' id='word_1_735' title='bbox 1258 5142 1449 5215; x_wconf 75' lang='lat' dir='ltr'><strong>(Apoc.</strong></span> <span class='ocrx_word' id='word_1_736' title='bbox 1476 5156 1531 5213; x_wconf 87' lang='lat' dir='ltr'><strong>v,</strong></span> <span class='ocrx_word' id='word_1_737' title='bbox 1561 5141 1640 5214; x_wconf 81' lang='lat'><strong>5).</strong></span> <span class='ocrx_word' id='word_1_738' title='bbox 1672 5140 1829 5196; x_wconf 74' lang='lat' dir='ltr'><strong>Moab</strong></span> <span class='ocrx_word' id='word_1_739' title='bbox 1862 5138 1971 5195; x_wconf 89' lang='lat' dir='ltr'><strong>olla</strong></span> <span class='ocrx_word' id='word_1_740' title='bbox 1997 5140 2105 5212; x_wconf 83' lang='lat' dir='ltr'><strong>spei</strong></span> 
     </span>
    </p>
   </div>
   <div class='ocr_carea' id='block_1_99' title="bbox 505 5236 2106 5307">
    <p class='ocr_par' dir='ltr' id='par_1_99' title="bbox 505 5236 2106 5307">
     <span class='ocr_line' id='line_1_99' title="bbox 505 5236 2106 5307; baseline -0.002 -14"><span class='ocrx_word' id='word_1_741' title='bbox 505 5252 654 5293; x_wconf 72' lang='lat' dir='ltr'><strong>metu.</strong></span> <span class='ocrx_word' id='word_1_742' title='bbox 683 5238 847 5295; x_wconf 73' lang='lat' dir='ltr'><strong>Moab</strong></span> <span class='ocrx_word' id='word_1_743' title='bbox 874 5239 926 5293; x_wconf 91' lang='lat' dir='ltr'><strong>in</strong></span> <span class='ocrx_word' id='word_1_744' title='bbox 955 5237 1156 5296; x_wconf 82' lang='lat' dir='ltr'><strong>Genesi</strong></span> <span class='ocrx_word' id='word_1_745' title='bbox 1188 5236 1588 5297; x_wconf 80' lang='lat' dir='ltr'><strong>maledictlonis</strong></span> <span class='ocrx_word' id='word_1_746' title='bbox 1623 5236 1865 5307; x_wconf 77' lang='lat' dir='ltr'><strong>suscepit</strong></span> <span class='ocrx_word' id='word_1_747' title='bbox 1903 5249 2106 5306; x_wconf 87' lang='lat' dir='ltr'><strong>oppro-</strong></span> 
     </span>
    </p>
   </div>
   <div class='ocr_carea' id='block_1_100' title="bbox 505 5328 2100 5405">
    <p class='ocr_par' dir='ltr' id='par_1_100' title="bbox 505 5328 2100 5405">
     <span class='ocr_line' id='line_1_100' title="bbox 505 5328 2100 5405; baseline 0 -19"><span class='ocrx_word' id='word_1_748' title='bbox 505 5328 687 5388; x_wconf 83' lang='lat' dir='ltr'><strong>brium</strong></span> <span class='ocrx_word' id='word_1_749' title='bbox 712 5330 866 5404; x_wconf 77' lang='lat' dir='ltr'><strong>(Gen.</strong></span> <span class='ocrx_word' id='word_1_750' title='bbox 898 5331 1050 5405; x_wconf 80' lang='lat' dir='ltr'><strong>xsx):</strong></span> <span class='ocrx_word' id='word_1_751' title='bbox 1084 5333 1177 5404; x_wconf 87' lang='lat' dir='ltr'><strong>qui</strong></span> <span class='ocrx_word' id='word_1_752' title='bbox 1221 5341 1345 5405; x_wconf 88' lang='lat' dir='ltr'><strong>post</strong></span> <span class='ocrx_word' id='word_1_753' title='bbox 1368 5331 1558 5390; x_wconf 83' lang='lat' dir='ltr'><strong>decem</strong></span> <span class='ocrx_word' id='word_1_754' title='bbox 1588 5329 1971 5404; x_wconf 75' lang='lat' dir='ltr'><strong>generationes</strong></span> <span class='ocrx_word' id='word_1_755' title='bbox 2008 5343 2100 5386; x_wconf 84' lang='lat' dir='ltr'><strong>re-</strong></span> 
     </span>
    </p>
   </div>
   <div class='ocr_carea' id='block_1_101' title="bbox 502 5423 2100 5500">
    <p class='ocr_par' dir='ltr' id='par_1_101' title="bbox 502 5423 2100 5500">
     <span class='ocr_line' id='line_1_101' title="bbox 502 5423 2100 5500; baseline 0.004 -20"><span class='ocrx_word' id='word_1_756' title='bbox 502 5423 707 5496; x_wconf 84' lang='lat' dir='ltr'><strong>cipitur</strong></span> <span class='ocrx_word' id='word_1_757' title='bbox 735 5426 790 5482; x_wconf 90' lang='lat' dir='ltr'><strong>in</strong></span> <span class='ocrx_word' id='word_1_758' title='bbox 817 5426 1061 5484; x_wconf 67' lang='lat' dir='ltr'><strong>Etmlesia</strong></span> <span class='ocrx_word' id='word_1_759' title='bbox 1094 5427 1189 5485; x_wconf 84' lang='lat' dir='ltr'><strong>Dei</strong></span> <span class='ocrx_word' id='word_1_760' title='bbox 1219 5425 1403 5500; x_wconf 82' lang='lat' dir='ltr'><strong>(Deut.</strong></span> <span class='ocrx_word' id='word_1_761' title='bbox 1437 5426 1612 5499; x_wconf 82' lang='lat' dir='ltr'><strong>xstn).</strong></span> <span class='ocrx_word' id='word_1_762' title='bbox 1643 5427 1877 5500; x_wconf 81' lang='lat' dir='ltr'><strong>ideoque</strong></span> <span class='ocrx_word' id='word_1_763' title='bbox 1911 5439 1966 5487; x_wconf 89' lang='lat' dir='ltr'><strong>et</strong></span> <span class='ocrx_word' id='word_1_764' title='bbox 1994 5430 2100 5487; x_wconf 84' lang='lat' dir='ltr'><strong>olla</strong></span> 
     </span>
    </p>
   </div>
   <div class='ocr_carea' id='block_1_102' title="bbox 2216 4676 3813 4751">
    <p class='ocr_par' dir='ltr' id='par_1_102' title="bbox 2216 4676 3813 4751">
     <span class='ocr_line' id='line_1_102' title="bbox 2216 4676 3813 4751; baseline 0.004 -23"><span class='ocrx_word' id='word_1_765' title='bbox 2216 4685 2292 4729; x_wconf 87' lang='lat' dir='ltr'><strong>cet</strong></span> <span class='ocrx_word' id='word_1_766' title='bbox 2318 4676 2622 4732; x_wconf 77' lang='lat' dir='ltr'><strong>tribulantes</strong></span> <span class='ocrx_word' id='word_1_767' title='bbox 2650 4693 2765 4732; x_wconf 90' lang='lat' dir='ltr'><strong>nos.</strong></span> <span class='ocrx_word' id='word_1_768' title='bbox 2798 4677 2853 4733; x_wconf 91' lang='lat' dir='ltr'><strong>In</strong></span> <span class='ocrx_word' id='word_1_769' title='bbox 2905 4678 3023 4748; x_wconf 86' lang='lat' dir='ltr'><strong>ipso</strong></span> <span class='ocrx_word' id='word_1_770' title='bbox 3049 4678 3121 4734; x_wconf 84' lang='lat' dir='ltr'><strong>sit</strong></span> <span class='ocrx_word' id='word_1_771' title='bbox 3150 4680 3320 4734; x_wconf 87' lang='lat' dir='ltr'><strong>virtus</strong></span> <span class='ocrx_word' id='word_1_772' title='bbox 3350 4687 3544 4737; x_wconf 83' lang='lat' dir='ltr'><strong>nostra</strong></span> <span class='ocrx_word' id='word_1_773' title='bbox 3569 4700 3582 4734; x_wconf 91' lang='lat'><strong>:</strong></span> <span class='ocrx_word' id='word_1_774' title='bbox 3614 4681 3671 4735; x_wconf 91' lang='lat' dir='ltr'><strong>in</strong></span> <span class='ocrx_word' id='word_1_775' title='bbox 3703 4681 3813 4751; x_wconf 83' lang='lat' dir='ltr'><strong>ipso</strong></span> 
     </span>
    </p>
   </div>
   <div class='ocr_carea' id='block_1_103' title="bbox 2215 4768 3808 4843">
    <p class='ocr_par' dir='ltr' id='par_1_103' title="bbox 2215 4768 3808 4843">
     <span class='ocr_line' id='line_1_103' title="bbox 2215 4768 3808 4843; baseline 0 -19"><span class='ocrx_word' id='word_1_776' title='bbox 2215 4768 2394 4824; x_wconf 85' lang='lat' dir='ltr'><strong>omnis</strong></span> <span class='ocrx_word' id='word_1_777' title='bbox 2423 4768 2627 4840; x_wconf 80' lang='lat' dir='ltr'><strong>gloria,</strong></span> <span class='ocrx_word' id='word_1_778' title='bbox 2658 4781 2713 4824; x_wconf 88' lang='lat' dir='ltr'><strong>et</strong></span> <span class='ocrx_word' id='word_1_779' title='bbox 2745 4770 2863 4841; x_wconf 83' lang='lat' dir='ltr'><strong>ipse</strong></span> <span class='ocrx_word' id='word_1_780' title='bbox 2890 4770 2957 4826; x_wconf 89' lang='lat' dir='ltr'><strong>ad</strong></span> <span class='ocrx_word' id='word_1_781' title='bbox 2989 4770 3217 4826; x_wconf 89' lang='lat' dir='ltr'><strong>nihilum</strong></span> <span class='ocrx_word' id='word_1_782' title='bbox 3260 4770 3475 4843; x_wconf 79' lang='lat' dir='ltr'><strong>rediget</strong></span> <span class='ocrx_word' id='word_1_783' title='bbox 3521 4781 3635 4828; x_wconf 79' lang='lat' dir='ltr'><strong>tam</strong></span> <span class='ocrx_word' id='word_1_784' title='bbox 3663 4772 3808 4839; x_wconf 87' lang='lat' dir='ltr'><strong>vitia,</strong></span> 
     </span>
    </p>
   </div>
   <div class='ocr_carea' id='block_1_104' title="bbox 2214 4862 3811 4938">
    <p class='ocr_par' dir='ltr' id='par_1_104' title="bbox 2214 4862 3811 4938">
     <span class='ocr_line' id='line_1_104' title="bbox 2214 4862 3811 4938; baseline 0.003 -21"><span class='ocrx_word' id='word_1_785' title='bbox 2214 4876 2335 4933; x_wconf 68' lang='lat' dir='ltr'><strong>quae</strong></span> <span class='ocrx_word' id='word_1_786' title='bbox 2364 4876 2468 4917; x_wconf 91' lang='lat' dir='ltr'><strong>nos</strong></span> <span class='ocrx_word' id='word_1_787' title='bbox 2501 4862 2785 4931; x_wconf 82' lang='lat' dir='ltr'><strong>tribulam,</strong></span> <span class='ocrx_word' id='word_1_788' title='bbox 2820 4878 2979 4934; x_wconf 84' lang='lat' dir='ltr'><strong>quam</strong></span> <span class='ocrx_word' id='word_1_789' title='bbox 3025 4862 3300 4933; x_wconf 88' lang='lat' dir='ltr'><strong>inimicos,</strong></span> <span class='ocrx_word' id='word_1_790' title='bbox 3346 4865 3442 4935; x_wconf 89' lang='lat' dir='ltr'><strong>qui</strong></span> <span class='ocrx_word' id='word_1_791' title='bbox 3490 4880 3594 4922; x_wconf 90' lang='lat' dir='ltr'><strong>nos</strong></span> <span class='ocrx_word' id='word_1_792' title='bbox 3644 4867 3811 4938; x_wconf 86' lang='lat' dir='ltr'><strong>impu-</strong></span> 
     </span>
    </p>
   </div>
   <div class='ocr_carea' id='block_1_105' title="bbox 2213 4956 3609 5028">
    <p class='ocr_par' dir='ltr' id='par_1_105' title="bbox 2213 4956 3609 5028">
     <span class='ocr_line' id='line_1_105' title="bbox 2213 4956 3609 5028; baseline 0.004 -16"><span class='ocrx_word' id='word_1_793' title='bbox 2213 4962 2383 5028; x_wconf 84' lang='lat' dir='ltr'><strong>gnant</strong></span> <span class='ocrx_word' id='word_1_794' title='bbox 2408 4965 2461 5013; x_wconf 87' lang='lat' dir='ltr'><strong>et</strong></span> <span class='ocrx_word' id='word_1_795' title='bbox 2491 4971 2521 5011; x_wconf 90' lang='lat' dir='ltr'><strong>a</strong></span> <span class='ocrx_word' id='word_1_796' title='bbox 2549 4970 2645 5027; x_wconf 90' lang='lat' dir='ltr'><strong>spe</strong></span> <span class='ocrx_word' id='word_1_797' title='bbox 2674 4956 2999 5013; x_wconf 66' lang='lat' dir='ltr'><strong>aeternitatis</strong></span> <span class='ocrx_word' id='word_1_798' title='bbox 3024 4971 3285 5014; x_wconf 84' lang='lat' dir='ltr'><strong>revocare</strong></span> <span class='ocrx_word' id='word_1_799' title='bbox 3313 4966 3609 5016; x_wconf 59' lang='lat' dir='ltr'><strong>constituta</strong></span> 
     </span>
    </p>
   </div>
   <div class='ocr_carea' id='block_1_106' title="bbox 2765 5091 3240 5151">
    <p class='ocr_par' dir='ltr' id='par_1_106' title="bbox 2765 5091 3240 5151">
     <span class='ocr_line' id='line_1_106' title="bbox 2765 5091 3240 5151; baseline -0.004 0"><span class='ocrx_word' id='word_1_800' title='bbox 2765 5091 3087 5151; x_wconf 79' lang='lat' dir='ltr'><strong>PSALMUS</strong></span> <span class='ocrx_word' id='word_1_801' title='bbox 3124 5092 3240 5151; x_wconf 81' lang='lat' dir='ltr'><strong>LX.</strong></span> 
     </span>
    </p>
   </div>
   <div class='ocr_carea' id='block_1_107' title="bbox 2209 5205 3805 5279">
    <p class='ocr_par' dir='ltr' id='par_1_107' title="bbox 2209 5205 3805 5279">
     <span class='ocr_line' id='line_1_107' title="bbox 2209 5205 3805 5279; baseline 0.003 -19"><span class='ocrx_word' id='word_1_802' title='bbox 2209 5205 2277 5262; x_wconf 87' lang='lat' dir='ltr'><strong>In</strong></span> <span class='ocrx_word' id='word_1_803' title='bbox 2299 5206 2478 5277; x_wconf 77' lang='lat' dir='ltr'><strong>ﬁnem,</strong></span> <span class='ocrx_word' id='word_1_804' title='bbox 2503 5207 2557 5261; x_wconf 85' lang='lat' dir='ltr'><strong>in</strong></span> <span class='ocrx_word' id='word_1_805' title='bbox 2577 5206 2805 5279; x_wconf 79' lang='lat' dir='ltr'><strong>hymnis,</strong></span> <span class='ocrx_word' id='word_1_806' title='bbox 2838 5205 3085 5262; x_wconf 83' lang='lat' dir='ltr'><strong>Psalmus</strong></span> <span class='ocrx_word' id='word_1_807' title='bbox 3114 5206 3304 5262; x_wconf 79' lang='lat' dir='ltr'><strong>David.</strong></span> <span class='ocrx_word' id='word_1_808' title='bbox 3341 5206 3546 5265; x_wconf 80' lang='lat' dir='ltr'><strong>Vocem</strong></span> <span class='ocrx_word' id='word_1_809' title='bbox 3566 5208 3805 5265; x_wconf 85' lang='lat' dir='ltr'><strong>continet</strong></span> 
     </span>
    </p>
   </div>
   <div class='ocr_carea' id='block_1_108' title="bbox 2278 5278 3737 5352">
    <p class='ocr_par' dir='ltr' id='par_1_108' title="bbox 2278 5278 3737 5352">
     <span class='ocr_line' id='line_1_108' title="bbox 2278 5278 3737 5352; baseline 0.001 -18"><span class='ocrx_word' id='word_1_810' title='bbox 2278 5279 2603 5351; x_wconf 85' lang='lat' dir='ltr'><strong>gratulantis</strong></span> <span class='ocrx_word' id='word_1_811' title='bbox 2620 5278 2907 5352; x_wconf 75' lang='lat' dir='ltr'><strong>propheta:</strong></span> <span class='ocrx_word' id='word_1_812' title='bbox 2929 5279 2999 5336; x_wconf 88' lang='lat' dir='ltr'><strong>de</strong></span> <span class='ocrx_word' id='word_1_813' title='bbox 3024 5279 3351 5336; x_wconf 79' lang='lat' dir='ltr'><strong>:eternitatia</strong></span> <span class='ocrx_word' id='word_1_814' title='bbox 3375 5281 3737 5337; x_wconf 82' lang='lat' dir='ltr'><strong>beatitudine.</strong></span> 
     </span>
    </p>
   </div>
   <div class='ocr_carea' id='block_1_109' title="bbox 2278 5437 3799 5513">
    <p class='ocr_par' dir='ltr' id='par_1_109' title="bbox 2278 5437 3799 5513">
     <span class='ocr_line' id='line_1_109' title="bbox 2278 5437 3799 5513; baseline 0.004 -20"><span class='ocrx_word' id='word_1_815' title='bbox 2278 5437 2511 5508; x_wconf 77' lang='lat' dir='ltr'><strong>Exaudi,</strong></span> <span class='ocrx_word' id='word_1_816' title='bbox 2556 5438 2722 5507; x_wconf 86' lang='lat' dir='ltr'><strong>Deus,</strong></span> <span class='ocrx_word' id='word_1_817' title='bbox 2768 5438 3183 5513; x_wconf 77' lang='lat' dir='ltr'><strong>deprecationem</strong></span> <span class='ocrx_word' id='word_1_818' title='bbox 3214 5456 3403 5497; x_wconf 80' lang='lat' dir='ltr'><strong>nteant.</strong></span> <span class='ocrx_word' id='word_1_819' title='bbox 3451 5440 3799 5499; x_wconf 76' lang='lat' dir='ltr'><strong>Fiducialites</strong></span> 
     </span>
    </p>
   </div>
   <div class='ocr_carea' id='block_1_110' title="bbox 502 5519 3798 5604">
    <p class='ocr_par' dir='ltr' id='par_1_110' title="bbox 502 5519 3798 5604">
     <span class='ocr_line' id='line_1_110' title="bbox 502 5519 3798 5604; baseline 0.005 -31"><span class='ocrx_word' id='word_1_820' title='bbox 502 5519 646 5592; x_wconf 80' lang='lat' dir='ltr'><strong>spei,</strong></span> <span class='ocrx_word' id='word_1_821' title='bbox 686 5521 841 5591; x_wconf 79' lang='lat' dir='ltr'><strong>quasi</strong></span> <span class='ocrx_word' id='word_1_822' title='bbox 889 5529 1012 5590; x_wconf 87' lang='lat' dir='ltr'><strong>post</strong></span> <span class='ocrx_word' id='word_1_823' title='bbox 1047 5522 1466 5579; x_wconf 81' lang='lat' dir='ltr'><strong>conversionem</strong></span> <span class='ocrx_word' id='word_1_824' title='bbox 1515 5535 1681 5579; x_wconf 78' lang='lat' dir='ltr'><strong>urens</strong></span> <span class='ocrx_word' id='word_1_825' title='bbox 1719 5525 2098 5581; x_wconf 67' lang='lat' dir='ltr'><strong>crudelitatem</strong></span> <span class='ocrx_word' id='word_1_826' title='bbox 2205 5546 2267 5588; x_wconf 85' lang='lat' dir='ltr'><strong>se</strong></span> <span class='ocrx_word' id='word_1_827' title='bbox 2308 5531 2485 5588; x_wconf 84' lang='lat' dir='ltr'><strong>audiri</strong></span> <span class='ocrx_word' id='word_1_828' title='bbox 2533 5532 2790 5603; x_wconf 87' lang='lat' dir='ltr'><strong>postulat,</strong></span> <span class='ocrx_word' id='word_1_829' title='bbox 2842 5534 2968 5604; x_wconf 86' lang='lat' dir='ltr'><strong>quia</strong></span> <span class='ocrx_word' id='word_1_830' title='bbox 3016 5532 3123 5589; x_wconf 90' lang='lat' dir='ltr'><strong>scit</strong></span> <span class='ocrx_word' id='word_1_831' title='bbox 3166 5548 3226 5589; x_wconf 87' lang='lat' dir='ltr'><strong>se</strong></span> <span class='ocrx_word' id='word_1_832' title='bbox 3269 5544 3544 5592; x_wconf 62' lang='lat' dir='ltr'><strong>unctum.</strong></span> <span class='ocrx_word' id='word_1_833' title='bbox 3588 5535 3798 5593; x_wconf 76' lang='lat' dir='ltr'><strong>Intende</strong></span> 
     </span>
    </p>
   </div>
   <div class='ocr_carea' id='block_1_111' title="bbox 501 5611 2101 5687">
    <p class='ocr_par' dir='ltr' id='par_1_111' title="bbox 501 5611 2101 5687">
     <span class='ocr_line' id='line_1_111' title="bbox 501 5611 2101 5687; baseline 0.006 -22"><span class='ocrx_word' id='word_1_834' title='bbox 501 5611 733 5680; x_wconf 88' lang='lat' dir='ltr'><strong>peccati.</strong></span> <span class='ocrx_word' id='word_1_835' title='bbox 755 5612 895 5682; x_wconf 78' lang='lat' dir='ltr'><strong>Spes</strong></span> <span class='ocrx_word' id='word_1_836' title='bbox 922 5615 1068 5670; x_wconf 84' lang='lat' dir='ltr'><strong>enim</strong></span> <span class='ocrx_word' id='word_1_837' title='bbox 1103 5615 1197 5671; x_wconf 84' lang='lat' dir='ltr'><strong>Dei</strong></span> <span class='ocrx_word' id='word_1_838' title='bbox 1239 5615 1313 5673; x_wconf 88' lang='lat' dir='ltr'><strong>de</strong></span> <span class='ocrx_word' id='word_1_839' title='bbox 1352 5617 1732 5687; x_wconf 76' lang='lat' dir='ltr'><strong>peccatoribus</strong></span> <span class='ocrx_word' id='word_1_840' title='bbox 1758 5618 1878 5676; x_wconf 70' lang='lat' dir='ltr'><strong>haec</strong></span> <span class='ocrx_word' id='word_1_841' title='bbox 1903 5628 2009 5686; x_wconf 89' lang='lat' dir='ltr'><strong>est,</strong></span> <span class='ocrx_word' id='word_1_842' title='bbox 2044 5630 2101 5675; x_wconf 91' lang='lat' dir='ltr'><strong>nt</strong></span> 
     </span>
    </p>
   </div>
   <div class='ocr_carea' id='block_1_112' title="bbox 503 5701 2102 5776">
    <p class='ocr_par' dir='ltr' id='par_1_112' title="bbox 503 5701 2102 5776">
     <span class='ocr_line' id='line_1_112' title="bbox 503 5701 2102 5776; baseline 0.009 -20"><span class='ocrx_word' id='word_1_843' title='bbox 503 5701 747 5759; x_wconf 85' lang='lat' dir='ltr'><strong>decoctis</strong></span> <span class='ocrx_word' id='word_1_844' title='bbox 780 5712 1041 5776; x_wconf 70' lang='lat' dir='ltr'><strong>peccatis,</strong></span> <span class='ocrx_word' id='word_1_845' title='bbox 1074 5719 1462 5767; x_wconf 73' lang='lat' dir='ltr'><strong>convertantur</strong></span> <span class='ocrx_word' id='word_1_846' title='bbox 1492 5721 1549 5768; x_wconf 82' lang='lat' dir='ltr'><strong>et</strong></span> <span class='ocrx_word' id='word_1_847' title='bbox 1574 5712 1780 5769; x_wconf 79' lang='lat' dir='ltr'><strong>vivant.</strong></span> <span class='ocrx_word' id='word_1_848' title='bbox 1814 5713 1945 5771; x_wconf 80' lang='lat' dir='ltr'><strong>inde</strong></span> <span class='ocrx_word' id='word_1_849' title='bbox 1970 5714 2102 5771; x_wconf 86' lang='lat' dir='ltr'><strong>dicit</strong></span> 
     </span>
    </p>
   </div>
   <div class='ocr_carea' id='block_1_113' title="bbox 507 5789 2099 5874">
    <p class='ocr_par' dir='ltr' id='par_1_113' title="bbox 507 5789 2099 5874">
     <span class='ocr_line' id='line_1_113' title="bbox 507 5789 2099 5874; baseline 0.013 -30"><span class='ocrx_word' id='word_1_850' title='bbox 507 5789 776 5849; x_wconf 64' lang='lat' dir='ltr'><strong>les-etuias</strong></span> <span class='ocrx_word' id='word_1_851' title='bbox 801 5796 1107 5865; x_wconf 70' lang='lat' dir='ltr'><strong>propheta:</strong></span> <span class='ocrx_word' id='word_1_852' title='bbox 1137 5797 1257 5856; x_wconf 75' lang='lat' dir='ltr'><strong>Vidi</strong></span> <span class='ocrx_word' id='word_1_853' title='bbox 1283 5801 1450 5859; x_wconf 67' lang='lat' dir='ltr'><strong>om</strong></span> <span class='ocrx_word' id='word_1_854' title='bbox 1480 5816 1826 5874; x_wconf 68' lang='lat' dir='ltr'><strong>ramosam,</strong></span> <span class='ocrx_word' id='word_1_855' title='bbox 1850 5814 1906 5863; x_wconf 83' lang='lat' dir='ltr'><strong>et</strong></span> <span class='ocrx_word' id='word_1_856' title='bbox 1933 5804 2099 5864; x_wconf 83' lang='lat' dir='ltr'><strong>facies</strong></span> 
     </span>
    </p>
   </div>
   <div class='ocr_carea' id='block_1_114' title="bbox 2207 5624 3794 5699">
    <p class='ocr_par' dir='ltr' id='par_1_114' title="bbox 2207 5624 3794 5699">
     <span class='ocr_line' id='line_1_114' title="bbox 2207 5624 3794 5699; baseline 0.001 -18"><span class='ocrx_word' id='word_1_857' title='bbox 2207 5625 2433 5682; x_wconf 73' lang='lat' dir='ltr'><strong>orationi</strong></span> <span class='ocrx_word' id='word_1_858' title='bbox 2460 5640 2612 5682; x_wconf 66' lang='lat' dir='ltr'><strong>mea.</strong></span> <span class='ocrx_word' id='word_1_859' title='bbox 2654 5628 2730 5681; x_wconf 80' lang='lat' dir='ltr'><strong>Ac</strong></span> <span class='ocrx_word' id='word_1_860' title='bbox 2759 5625 2808 5679; x_wconf 89' lang='lat' dir='ltr'><strong>si</strong></span> <span class='ocrx_word' id='word_1_861' title='bbox 2834 5624 3084 5681; x_wconf 81' lang='lat' dir='ltr'><strong>diceret:</strong></span> <span class='ocrx_word' id='word_1_862' title='bbox 3126 5624 3261 5681; x_wconf 84' lang='lat' dir='ltr'><strong>Vide</strong></span> <span class='ocrx_word' id='word_1_863' title='bbox 3288 5640 3411 5683; x_wconf 87' lang='lat' dir='ltr'><strong>eam</strong></span> <span class='ocrx_word' id='word_1_864' title='bbox 3444 5630 3493 5684; x_wconf 87' lang='lat' dir='ltr'><strong>si</strong></span> <span class='ocrx_word' id='word_1_865' title='bbox 3523 5629 3670 5699; x_wconf 73' lang='lat' dir='ltr'><strong>iusta</strong></span> <span class='ocrx_word' id='word_1_866' title='bbox 3714 5627 3794 5683; x_wconf 79' lang='lat' dir='ltr'><strong>rel</strong></span> 
     </span>
    </p>
   </div>
   <div class='ocr_carea' id='block_1_115' title="bbox 2207 5717 3791 5789">
    <p class='ocr_par' dir='ltr' id='par_1_115' title="bbox 2207 5717 3791 5789">
     <span class='ocr_line' id='line_1_115' title="bbox 2207 5717 3791 5789; baseline 0.001 -15"><span class='ocrx_word' id='word_1_867' title='bbox 2207 5732 2343 5789; x_wconf 84' lang='lat' dir='ltr'><strong>pura</strong></span> <span class='ocrx_word' id='word_1_868' title='bbox 2367 5717 2458 5787; x_wconf 85' lang='lat' dir='ltr'><strong>sit,</strong></span> <span class='ocrx_word' id='word_1_869' title='bbox 2490 5717 2583 5774; x_wconf 76' lang='lat' dir='ltr'><strong>ubi</strong></span> <span class='ocrx_word' id='word_1_870' title='bbox 2614 5725 2671 5774; x_wconf 88' lang='lat' dir='ltr'><strong>tu</strong></span> <span class='ocrx_word' id='word_1_871' title='bbox 2699 5718 2852 5775; x_wconf 85' lang='lat' dir='ltr'><strong>solus</strong></span> <span class='ocrx_word' id='word_1_872' title='bbox 2880 5718 3040 5775; x_wconf 83' lang='lat' dir='ltr'><strong>audis</strong></span> <span class='ocrx_word' id='word_1_873' title='bbox 3067 5726 3125 5776; x_wconf 89' lang='lat' dir='ltr'><strong>et</strong></span> <span class='ocrx_word' id='word_1_874' title='bbox 3150 5718 3308 5777; x_wconf 83' lang='lat' dir='ltr'><strong>vides</strong></span> <span class='ocrx_word' id='word_1_875' title='bbox 3338 5721 3393 5776; x_wconf 89' lang='lat' dir='ltr'><strong>in</strong></span> <span class='ocrx_word' id='word_1_876' title='bbox 3424 5723 3602 5780; x_wconf 81' lang='lat' dir='ltr'><strong>corde</strong></span> <span class='ocrx_word' id='word_1_877' title='bbox 3623 5739 3641 5781; x_wconf 89' lang='lat'><strong>:</strong></span> <span class='ocrx_word' id='word_1_878' title='bbox 3662 5724 3791 5778; x_wconf 86' lang='lat' dir='ltr'><strong>sicut</strong></span> 
     </span>
    </p>
   </div>
   <div class='ocr_carea' id='block_1_116' title="bbox 2208 5808 3791 5886">
    <p class='ocr_par' dir='ltr' id='par_1_116' title="bbox 2208 5808 3791 5886">
     <span class='ocr_line' id='line_1_116' title="bbox 2208 5808 3791 5886; baseline 0.002 -21"><span class='ocrx_word' id='word_1_879' title='bbox 2208 5808 2275 5866; x_wconf 81' lang='lat' dir='ltr'><strong>ad</strong></span> <span class='ocrx_word' id='word_1_880' title='bbox 2289 5808 2511 5880; x_wconf 67' lang='lat' dir='ltr'><strong>Moysen</strong></span> <span class='ocrx_word' id='word_1_881' title='bbox 2528 5808 2733 5867; x_wconf 84' lang='lat' dir='ltr'><strong>dictum</strong></span> <span class='ocrx_word' id='word_1_882' title='bbox 2747 5819 2833 5868; x_wconf 81' lang='lat' dir='ltr'><strong>est</strong></span> <span class='ocrx_word' id='word_1_883' title='bbox 2846 5827 2859 5869; x_wconf 89' lang='lat'><strong>:</strong></span> <span class='ocrx_word' id='word_1_884' title='bbox 2872 5809 3018 5879; x_wconf 82' lang='lat' dir='ltr'><strong>Quid</strong></span> <span class='ocrx_word' id='word_1_885' title='bbox 3029 5810 3232 5870; x_wconf 83' lang='lat' dir='ltr'><strong>clamas</strong></span> <span class='ocrx_word' id='word_1_886' title='bbox 3243 5812 3309 5869; x_wconf 79' lang='lat' dir='ltr'><strong>ad</strong></span> <span class='ocrx_word' id='word_1_887' title='bbox 3328 5827 3417 5871; x_wconf 86' lang='lat' dir='ltr'><strong>me</strong></span> <span class='ocrx_word' id='word_1_888' title='bbox 3433 5812 3635 5886; x_wconf 61' lang='lat' dir='ltr'><strong>(Exod.</strong></span> <span class='ocrx_word' id='word_1_889' title='bbox 3652 5812 3791 5885; x_wconf 72' lang='lat' dir='ltr'><strong>xiv)!</strong></span> 
     </span>
    </p>
   </div>
  </div>
