4010 6354
289 305 398 366 097

1230 306 1667 372 BHEVIARIUM
1708 304 1773 368 ΙΝ
1813 306 2157 370 ηλωωε.
2196 306 2454 375 PSALM.
2496 312 2635 373 ιιι.

286 422 559 496 Numquid
586 436 720 483 voce
743 425 997 484 clamoris
1023 427 1193 485 dicit?
1223 429 1383 488 Non:
1414 431 1511 489 sed
1543 447 1679 489 voce
1704 435 1884 491 cordis
1911 424 1964 487 Δ
1991 426 2137 482 Illam
2170 432 2581 499 generationem
2623 431 2791 486 futuri
2818 431 3034 501 judfeii,
3076 430 3143 487 de
3177 444 3281 504 qua
3331 431 3593 489 Dominus

283 520 509 573 clamat.

354 609 398 664 A
419 609 615 681 ﬁnibus
642 618 792 666 terra
829 610 900 666 ad
930 621 976 667 te
1001 612 1225 669 clamavi
1248 626 1266 668 .‘
1289 615 1412 670 dum
1453 617 1758 672 anziaretur
1796 633 1884 672 cor

281 719 475 759 meum.
501 698 619 759 Non
643 700 710 760 de
739 706 1001 761 extremis
1033 716 1190 762 terra:
1216 710 1485 779 terminis,
1512 708 1606 764 sed
1630 708 1700 767 de
1723 710 1883 782 hujus

279 796 531 867 corporis
559 794 869 852 habitaculo
897 798 1038 870 quod
1069 800 1387 869 superindui
1419 803 1590 872 cupit,
1623 811 1678 858 et
1706 820 1769 860 ex
1802 805 1882 859 in-

282 889 398 946 timi
424 889 609 946 cordis
630 888 826 949 dolore
850 893 1124 963 clamavit,
1148 902 1207 951 ut
1230 897 1589 954 absorbeatur
1613 898 1716 954 hoc
1736 899 1882 973 quod

276 986 513 1042 mortale
540 992 626 1041 est
649 1001 679 1041 a
709 985 839 1042 vita.
876 987 918 1043 Α
947 986 1178 1058 ﬁnibus:
1209 991 1261 1045 id
1295 999 1398 1059 est,
1426 1007 1455 1047 a
1494 1003 1730 1065 quatuor
1759 1008 1881 1065 par-

277 1077 425 1136 tibus
471 1079 698 1135 mundi:
730 1078 886 1152 quasi
936 1097 1074 1138 unus
1123 1080 1288 1140 homo
1333 1085 1551 1142 clamet.
1598 1089 1697 1144 Vel
1744 1100 1881 1145 unus

275 1170 466 1242 homo,
512 1181 598 1231 e~t
642 1188 750 1230 una
799 1173 1071 1233 Ecclesia.
1118 1176 1347 1249 Propter
1386 1180 1651 1236 unitatem
1684 1179 1887 1237 dicitur

274 1281 407 1323 una.
461 1267 617 1325 Unde
645 1270 785 1324 etin
832 1270 1061 1327 Cantico
1108 1274 1442 1330 canticorum
1487 1273 1728 1333 dicitur:
1764 1274 1877 1333 Una

272 1366 360 1417 est
402 1360 653 1418 columba
685 1377 801 1419 mea
836 1361 1013 1437 (Cant.
1048 1362 1146 1437 vt),
1177 1362 1231 1421 id
1266 1374 1371 1437 est,
1401 1364 1649 1423 Ecclesia
1683 1369 1736 1424 in
1767 1376 1880 1424 toto

272 1454 479 1511 mundo
533 1454 749 1512 diﬂ‘usa.
806 1456 945 1512 Dum
992 1459 1297 1515 anxiaretur
1333 1474 1354 1516 :
1397 1458 1451 1516 id
1499 1470 1603 1530 est,
1660 1470 1881 1532 propter

271 1549 772 1620 transgressionem
822 1548 1072 1606 aliorum.
1125 1548 1222 1606 νει
1273 1552 1439 1609 linem
1484 1568 1664 1609 meum
1696 1568 1711 1610 :
1748 1553 1875 1610 dum

268 1639 447 1696 nescit
476 1640 641 1695 homo
666 1641 870 1696 exitum
902 1654 1078 1698 suum.
1106 1641 1172 1697 In
1203 1650 1349 1715 petra
1376 1645 1617 1699 exaltasti
1643 1662 1721 1700 me
1742 1661 1763 1700 :
1787 1646 1877 1701 de-

269 1732 472 1789 duxisti
493 1748 574 1788 me
593 1735 716 1805 quia
743 1735 911 1807 factus
926 1752 978 1792 es
1006 1753 1122 1807 spes
1153 1752 1287 1792 mea.
1316 1736 1373 1793 In
1396 1736 1614 1795 Christo
1642 1750 1700 1796 se
1728 1740 1876 1796 exal-

1986 520 2064 575 ait
2091 540 2102 574 :
2137 521 2246 577 Vos
2284 524 2377 593 qui
2421 526 2599 580 secuti
2634 528 2770 583 estis
2803 542 2887 582 me
2919 525 2972 581 in
3003 527 3439 598 regenerationis,
3468 544 3595 585 cum

1986 615 2195 672 sederit
2222 617 2391 674 Filius
2416 619 2656 677 hominis
2688 621 2742 676 in
2773 623 2902 678 sede
2938 623 3245 693 maiestatis
3273 639 3406 690 sum,
3437 625 3594 680 sede-

1986 708 2112 765 bitis
2141 714 2198 765 et
2232 726 2328 766 ros
2362 726 2528 782 super
2571 714 2730 770 sedes
2773 714 3086 783 duodecim,
3112 716 3422 787 judicantes
3457 717 3599 771 duo-

1985 799 2160 856 decim
2194 802 2368 859 tribus
2392 802 2562 861 Israel
2596 805 2779 877 (Matt.
2811 807 2952 877 xix).
2983 806 3126 880 Ergo
3154 809 3484 878 adjicicntur
3511 809 3594 864 in-

1985 901 2067 950 ter
2116 893 2246 949 istas
2292 898 2675 965 generationes
2712 901 2858 970 regis
2886 899 3072 970 hujus,
3118 910 3170 956 et
3210 900 3325 957 dies
3354 908 3412 957 et
3438 904 3591 969 anni,

1983 1000 2109 1041 cum
2158 990 2505 1058 congregatis
2557 990 2770 1057 electis,
2821 994 3305 1065 supplantatisque
3354 995 3592 1051 inimicis

1982 1077 2087 1131 sub
2133 1077 2372 1147 pedibus
2418 1080 2747 1151 tradiderit:
2788 1083 3034 1155 Regnum
3079 1085 3195 1141 Deo
3240 1086 3408 1157 Patri,
3457 1088 3588 1159 ipsis

1984 1168 2151 1223 simul
2177 1173 2527 1239 congregatis
2555 1175 2784 1239 sanctis,
2809 1178 2948 1231 sicut
2978 1178 3263 1248 sequitur:

2058 1259 2339 1317 Permanet
2384 1264 2438 1315 in
2481 1273 2730 1319 (sternunt
2771 1266 2826 1320 in
2867 1278 3147 1339 conspectu
3187 1268 3308 1325 Dei.
3349 1270 3588 1329 Manebit

1981 1352 2126 1407 enim
2158 1362 2399 1408 aeternus
2440 1354 2495 1409 itt
2533 1354 2639 1421 his,
2674 1370 2812 1427 quos
2843 1357 3067 1413 tradidit
3100 1361 3214 1416 Dco
3242 1361 3386 1417 I’atri
3413 1364 3464 1418 iu
3498 1379 3584 1420 re-

1978 1458 2147 1517 gnum
2171 1447 2463 1515 ets-lorum,
2494 1457 2552 1503 et
2581 1449 2709 1505 fecit
2732 1451 3077 1517 cobaeredes,
3104 1462 3157 1508 et
3187 1453 3499 1511 conlormes
3521 1472 3585 1511 ac

1981 1537 2276 1610 participes
2312 1541 2439 1608 sibi,
2487 1542 2637 1597 nullo
2694 1542 2806 1612 jam
2863 1544 2917 1598 in
2951 1544 3037 1599 bis
3093 1546 3285 1602 mortis
3344 1548 3589 1603 dominio

1976 1632 2317 1688 dominante.
2381 1633 2451 1688 In
2501 1646 2779 1707 conspectu
2828 1635 2925 1692 Dei
2973 1654 2993 1693 :
3046 1638 3103 1693 id
3153 1650 3259 1707 est,
3315 1641 3406 1696 ubi
3478 1657 3583 1696 non

1979 1725 2084 1779 erit
2108 1725 2466 1781 tnutabilitas.
2500 1726 2919 1784 Misericordiam
2954 1738 3003 1784 et
3040 1732 3307 1786 veritatem
3332 1733 3445 1804 ejus
3472 1734 3588 1801 quis

270 1832 444 1883 tutum
474 1824 631 1893 dicit,
669 1828 763 1900 qui
791 1829 1092 1886 secundum
1126 1830 1469 1902 Apostolnm,
1501 1840 1557 1888 et
1584 1841 1736 1902 petra
1763 1842 1872 1888 sta-

1984 1819 2248 1884 requiret?
2274 1818 2645 1875 Misericordia
2669 1831 2789 1878 est:
2823 1826 2945 1894 quia
2981 1824 3226 1896 indulget
3251 1838 3438 1881 nostra
3463 1842 3584 1896 pce-

266 1921 419 1991 bilis,
452 1933 506 1981 et
531 1924 873 1981 credentium
904 1941 1029 1996 spes
1061 1926 1392 1987 nominatur.
1428 1923 1495 1981 In
1537 1938 1683 1997 petra
1727 1927 1874 1981 exal-

269 2018 394 2071 tastt'
416 2022 534 2073 me:
552 2017 655 2073 hoc
681 2027 784 2088 est,
812 2017 867 2073 in
891 2014 1205 2089 tentctipso,
1233 2026 1289 2074 ttt
1316 2018 1446 2074 illttd
1476 2036 1489 2077 ε
1516 2018 1669 2075 Petra
1695 2029 1873 2075 autem

270 2121 392 2167 erat
416 2108 733 2183 Christns(l
762 2111 881 2168 Cor.
920 2116 999 2182 x).
1027 2112 1224 2169 Petrus
1252 2114 1317 2169 de
1356 2122 1532 2185 petra.
1577 2112 1732 2171 Unde
1774 2115 1876 2169 Do-

269 2203 455 2259 minus
501 2202 676 2259 dixit:
711 2202 790 2260 Tu
840 2218 900 2262 es
942 2202 1160 2274 Petrus,
1194 2214 1249 2261 et
1277 2220 1443 2276 super
1482 2205 1622 2261 hanc
1663 2214 1870 2277 petram

265 2293 555 2352 aediﬁcabo
600 2294 898 2355 Et'clesiam
951 2312 1129 2353 meam
1181 2294 1357 2370 (Matt.
1407 2296 1551 2369 xvr);
1600 2308 1654 2354 et
1694 2298 1871 2354 alibi:

266 2385 552 2446 Venerunt
578 2388 819 2455 ﬂumina,
853 2396 910 2447 et
934 2386 1203 2447 ﬂaverant
1233 2388 1405 2460 venti,
1433 2402 1486 2447 et
1515 2393 1793 2448 irruerttnt
1820 2390 1872 2448 in

269 2481 494 2539 domum
522 2482 697 2551 illam,
724 2493 779 2539 et
809 2498 915 2540 non
944 2485 1173 2550 cecidit;
1208 2484 1427 2542 fundata
1461 2486 1605 2542 enim
1636 2495 1753 2544 erat
1785 2505 1874 2543 su-

268 2592 370 2647 pra
419 2575 632 2632 llrmam
677 2586 885 2649 petram
940 2575 1118 2647 (Matt.
1155 2579 1272 2650 vn),
1309 2594 1429 2650 quae
1468 2590 1552 2635 est
1599 2578 1868 2635 Christus.

266 2664 550 2723 Deduxiin
578 2684 702 2724 me:
734 2666 784 2725 id
822 2679 929 2736 est,
964 2670 1013 2725 in
1049 2669 1378 2741 temetipso:
1410 2672 1536 2743 quia
1580 2680 1634 2728 tu
1676 2686 1736 2729 es
1764 2671 1871 2728 dux

266 2775 450 2830 meus,
484 2769 541 2816 tu
588 2774 647 2816 es
687 2762 865 2817 viator
903 2777 1075 2819 meus.
1113 2762 1249 2832 Quia
1293 2764 1461 2835 factus
1499 2781 1551 2819 es
1590 2778 1707 2836 spes
1737 2780 1868 2820 mea.

268 2851 385 2907 Vox
437 2852 703 2909 Ecclesia:
743 2854 809 2908 ad
848 2854 1153 2910 Christum.
1185 2855 1268 2913 Ac
1296 2857 1340 2910 si
1381 2855 1527 2912 dicat
1553 2875 1564 2910 :
1590 2857 1872 2924 Quomodo

265 2952 325 3000 tu
352 2947 702 3002 resurresisti
727 2948 1074 3015 immortalis,
1097 2956 1153 3004 et
1175 2966 1272 3004 nos
1297 2949 1378 3006 sic
1398 2950 1671 3007 credimus
1690 2966 1870 3008 resur-

263 3051 416 3107 gere.
451 3036 635 3093 Turris
678 3039 1003 3110 fortitudinis
1049 3055 1083 3094 a
1117 3042 1251 3111 faeie
1290 3041 1512 3097 inimici.
1560 3042 1689 3098 Haec
1726 3044 1870 3100 enim

1978 1918 2123 1965 cata.
2160 1910 2402 1980 Veritas,
2436 1923 2491 1966 nt
2532 1912 2766 1980 amplius
2796 1930 2904 1968 non
2949 1930 3261 1986 peccemus,
3295 1927 3354 1973 ut
3389 1935 3581 1989 pecca‘

1981 2010 2093 2056 tum
2130 2016 2295 2073 super
2322 2013 2603 2072 peccatum
2644 2021 2752 2060 non
2793 2008 3133 2064 inducamus.
3170 2010 3323 2079 Quis,
3360 2022 3583 2083 propter

1977 2093 2109 2164 quid
2157 2093 2246 2149 hic
2292 2095 2460 2151 dicit!
2506 2097 2640 2164 Quin
2688 2101 2844 2168 pauci
2891 2109 3021 2155 sunt
3064 2105 3156 2171 qui
3199 2102 3402 2173 aliquid
3454 2104 3583 2159 boni

1980 2186 2239 2257 habeant,
2268 2196 2325 2243 et
2356 2188 2525 2245 Deum
2559 2192 2862 2262 requirant,
2896 2193 2991 2248 sed
3024 2196 3151 2264 plus
3178 2196 3368 2252 dicunt
3388 2213 3579 2254 eorum

1978 2276 2183 2334 virtute
2207 2279 2286 2334 vel
2319 2280 2435 2334 suis
2458 2281 2691 2349 viribus,
2720 2296 2883 2353 quam
2909 2284 2999 2339 Dei
3029 2284 3258 2341 donum.
3279 2286 3581 2342 Misericor-

1976 2371 2118 2423 dlam
2148 2379 2197 2425 et
2225 2371 2488 2425 veritatem
2516 2374 2630 2442 quis
2658 2375 2884 2443 requiret
2910 2375 3061 2449 ejus?
3085 2376 3204 2431 Non
3242 2378 3363 2447 ejus
3400 2378 3582 2449 requi-

1978 2467 2114 2522 ritur
2143 2466 2527 2523 misericordia
2555 2481 2621 2524 ac
2644 2469 2848 2524 veritas
2883 2470 2953 2523 ab
2988 2469 3089 2537 eis,
3122 2470 3215 2541 qui
3256 2472 3311 2526 in
3348 2472 3583 2542 plenitu-

1976 2558 2106 2615 dine
2142 2555 2238 2615 Dei
2264 2560 2570 2617 consistunt
2596 2581 2608 2615 :
2639 2561 2747 2618 Sed
2788 2576 2889 2618 nec
2936 2564 3023 2618 his
3066 2565 3358 2635 quidquam
3402 2566 3576 2632 deest,

1972 2650 2127 2720 juxta
2157 2651 2287 2706 illttd
2320 2654 2603 2709 oraculum
2633 2654 2937 2711 Sttlvatoris
2965 2674 2977 2708 :
3008 2656 3063 2710 ln
3090 2658 3181 2712 (lle
3209 2658 3300 2713 illa
3331 2659 3463 2714 nihil
3492 2676 3582 2714 rn-

1973 2744 2171 2815 gabitis
2200 2742 2419 2802 Patrem
2455 2745 2637 2817 (Joan.
2666 2751 2803 2819 xvt).
2833 2749 2889 2805 In
2932 2749 3034 2806 hac
3066 2762 3199 2824 ergo
3238 2753 3583 2825 plenitudine

1975 2837 2238 2907 propheta
2263 2853 2417 2909 spem
2449 2852 2675 2910 ponens,
2706 2842 2943 2912 subjecit
2969 2860 2984 2897 ε

2046 2930 2138 2987 Sic
2164 2932 2387 3002 psallam
2416 2934 2612 2986 nomini
2636 2944 2748 3000 tuo,
2772 2934 2936 2998 Deus.
2964 2937 3020 2991 in
3065 2939 3318 2993 suculam
3368 2942 3570 2996 swcttlt'.

1974 3021 2092 3079 Vox
2120 3022 2396 3080 Ecclesia.
2430 3024 2688 3094 Psallam,
2738 3028 3071 3098 praedicabo,
3121 3041 3177 3086 et
3220 3046 3388 3103 opere
3427 3050 3574 3089 emn-

264 3145 416 3201 spcs,
464 3129 723 3189 Christus
772 3132 1059 3199 Dominus,
1110 3135 1275 3189 turris
1321 3129 1474 3189 nobis
1518 3134 1693 3190 factus
1728 3143 1811 3191 est
1840 3152 1868 3189 a
1909 3196 1942 3201 _
1974 3116 2154 3186 Nemo
2186 3115 2256 3172 Πι
2281 3117 2498 3173 "ddum
2516 3128 2632 3173 υοεα
2662 3135 2776 3173 πιθα
2803 3120 2970 3175 dedit?
2995 3122 3049 3176 ίη
3072 3123 3230 3178 dm
3259 3124 3329 3180 Πι
3356 3126 3583 3181 reddam

263 3221 412 3281 facie
461 3222 688 3293 diaboli,
735 3226 821 3283 vel
855 3226 1213 3298 nequitiarum
1246 3227 1385 3297 ejus,
1416 3238 1472 3284 ut
1506 3243 1605 3284 nos
1644 3228 1711 3284 ab
1750 3229 1868 3300 ejus

1984 3219 2091 3267 tota
2128 3224 2241 3265 nisa
2259 3227 2278 3265 :
2316 3212 2369 3265 id
2403 3221 2507 3273 est.
2536 3212 2799 3284 quidquid
2828 3215 3219 3285 spoponditnus
3248 3217 3360 3274 Deo
3389 3228 3577 3275 custo-

264 3315 484 3372 insidiis
536 3317 747 3372 muniat
798 3332 863 3373 ac
908 3317 1189 3375 defendat.
1247 3319 1355 3376 Sed
1403 3329 1460 3376 et
1519 3320 1663 3377 Dens
1711 3322 1869 3376 Pater

1984 3302 2091 3359 lirs
2118 3322 2130 3356 :
2168 3302 2246 3356 De
2265 3303 2349 3357 die
2376 3306 2431 3358 in
2456 3305 2593 3359 dtem
2614 3319 2635 3358 :
2662 3306 2767 3361 hoc
2791 3316 2898 3370 est,
2931 3317 2986 3360 et
3018 3307 3106 3362 hic
3133 3316 3185 3363 te
3212 3324 3431 3380 semper
3457 3312 3575 3367 lan-

264 3408 446 3466 t’actus
476 3417 563 3466 est
594 3410 751 3467 nobis
788 3412 954 3467 turris
983 3410 1360 3468 fortitudinis:
1389 3413 1642 3470 exultans
1677 3428 1776 3471 nos
1815 3415 1866 3470 in

1984 3398 2133 3465 lare,
2162 3404 2219 3453 et
2247 3398 2299 3453 in
2332 3396 2516 3452 futuro
2556 3399 2676 3453 sine
2702 3397 2835 3454 ﬁne.
2868 3397 3073 3454 Psallet
3107 3400 3327 3457 assidue
3353 3412 3406 3457 et
3453 3412 3577 3460 vota

264 3510 448 3575 petra,
483 3502 535 3560 id
575 3512 681 3573 est,
731 3502 784 3560 in
831 3504 1048 3561 Christo
1086 3522 1229 3588 suo;
1258 3504 1363 3574 Tu,
1410 3506 1651 3580 Christe,
1702 3508 1870 3567 turris

263 3594 629 3664 fortitudinis,
656 3595 746 3667 qui
772 3597 947 3653 vicisti
978 3597 1280 3665 diabolum,
1313 3606 1368 3653 et
1395 3598 1647 3671 dignatus
1672 3616 1731 3656 es
1758 3602 1867 3673 pati

267 3697 493 3759 propter
541 3703 661 3745 nos.
708 3690 848 3745 Sunt
894 3700 1025 3762 ergo
1072 3696 1249 3748 turres
1286 3690 1642 3762 intlrtnitatis,
1679 3694 1731 3750 id
1763 3704 1865 3763 est,

265 3780 350 3836 illi
379 3782 471 3852 qui
504 3782 792 3838 conﬁdunt
820 3782 870 3838 in
902 3783 1104 3841 virtute
1129 3794 1251 3854 sua,
1294 3785 1435 3841 sicut
1472 3787 1524 3841 in
1571 3784 1871 3860 Evangelia

267 3874 513 3934 dicitur:
544 3877 600 3932 Si
632 3879 752 3947 quis
786 3878 899 3933 vult
928 3887 1131 3934 turrem
1172 3879 1465 3947 aediﬁcare,
1496 3889 1553 3937 et
1580 3892 1688 3937 non
1719 3892 1870 3937 eom-

264 3976 427 4039 putat
466 3978 713 4040 sumptus
739 3968 881 4041 ejus,
920 3979 977 4027 et
1004 3972 1234 4044 reliqua,
1281 3981 1470 4045 postea
1499 3973 1591 4045 qui
1631 3973 1869 4031 viderint

266 4059 501 4117 illudent
540 4061 592 4118 ei
628 4062 918 4120 dicentes:
954 4064 1039 4120 hic
1072 4065 1235 4120 homo
1282 4066 1449 4137 coepit
1488 4064 1782 4133 aediﬁcare,
1815 4072 1870 4124 et

267 4169 379 4211 non
410 4154 586 4225 potuit
615 4166 1017 4211 consummare.
1602 4166 1614 4175 ’

339 4246 653 4302 Inhabitabo
681 4248 735 4301 in
766 4247 1100 4304 tabernaculo
1122 4252 1278 4305 tuoin
1309 4251 1520 4308 alecula.
1547 4252 1605 4308 in
1631 4254 1725 4310 illo
1756 4254 1866 4310 uti-

264 4350 398 4410 que,
431 4336 521 4392 ubi
545 4335 666 4392 sine
695 4336 802 4393 line
834 4341 1072 4394 mansuri
1100 4341 1269 4396 Deum
1300 4342 1502 4412 jugiter
1529 4346 1867 4417 centempla-

267 4433 472 4489 bimur.
528 4427 787 4507 Prolegar
813 4433 871 4487 in
910 4433 1197 4490 uelamento
1232 4434 1436 4490 alarum
1483 4444 1711 4505 tuarum,
1758 4448 1863 4498 etc.

1966 3487 2171 3561 jngiter
2193 3488 2408 3557 reddet,
2429 3504 2552 3544 cum
2573 3489 2854 3560 corruptio
2882 3490 3128 3561 corporis
3151 3491 3311 3562 hujus
3336 3493 3572 3551 induerit

1971 3583 2454 3655 incorruptionem,
2485 3596 2541 3642 et
2571 3587 2801 3642 mortale
2831 3585 2937 3642 hoc
2964 3586 3202 3644 induerit
3251 3588 3576 3647 immortali-

1972 3685 2156 3745 tatem,
2188 3688 2243 3734 et
2274 3678 2543 3735 relulserit
2567 3677 2619 3749 (I
2649 3676 2768 3733 Cor.
2800 3678 2909 3750 xv).
2944 3678 3101 3745 Quod
3127 3688 3187 3735 et
3221 3682 3379 3738 nobis
3423 3697 3570 3753 prte-

1969 3779 2118 3826 stare
2145 3770 2423 3840 dignetur,
2449 3780 2510 3827 ut
2534 3772 2850 3826 conl‘ormes
2882 3770 3011 3827 facti
3036 3773 3222 3842 gloriae
3245 3786 3360 3830 suae
3386 3793 3397 3828 :
3426 3777 3569 3833 eruti

1970 3879 1999 3917 a
2030 3864 2377 3934 corruptione
2418 3865 2609 3920 mortis
2652 3864 2932 3931 secundm,
2983 3865 3218 3936 psallere
3265 3882 3572 3924 mereamur

1971 3957 2176 4013 nomini
2204 3957 2325 4028 ejus
2355 3958 2407 4012 itt
2435 3958 2796 4029 spiritualium
2825 3956 3101 4015 oblatione
3130 3968 3402 4016 votorum.

2521 4070 2840 4132 PSALMUS
2879 4073 3014 4131 LXI.

1970 4166 2039 4223 In
2065 4168 2242 4245 ﬁnem,
2279 4168 2643 4245 projdithrgt,
2678 4168 3169 4245 PsalmusgDavid.
3192 4170 3295 4229 Iste
3332 4175 3574 4245 psalmus

2044 4242 2262 4311 plenum
2288 4240 2344 4297 in
2376 4241 2490 4297 Deo
2518 4241 2769 4298 allectum
2803 4243 3080 4313 prophetat
3108 4240 3571 4314 edocetjdicens:

2048 4331 2233 4387 Nonne
2264 4331 2373 4387 Deo
2402 4333 2632 4409 subjecta
2659 4333 2753 4388 erit
2780 4335 2955 4390 anima
2981 4336 3138 4391 mea?
3164 4337 3228 4391 ab
3276 4339 3388 4409 ἔρχι
3431 4338 3570 4395 enim

1972 4423 2207 4480 salutare
2235 4438 2429 4481 meum.
2460 4426 2651 4483 Potest
2675 4427 2781 4483 hoc
2807 4434 2863 4483 et
2890 4428 3054 4484 homo
3075 4429 3170 4487 ille
3198 4430 3415 4488 dicere:
3454 4433 3567 4504 qui,

272 4522 411 4581 Dum
460 4525 639 4582 adhuc
685 4540 1000 4583 commoror
1026 4528 1081 4584 in
1116 4528 1223 4585 hoc
1250 4540 1506 4601 corpore,
1536 4539 1624 4585 ιηει
1658 4534 1871 4589 munia,
1892 4584 1943 4601 ﬁ
1974 4517 2175 4573 relictis
2216 4534 2370 4575 vanas
2418 4519 2792 4577 deliramentis
2837 4522 3221 4593 philosophias,
3271 4540 3338 4582 ac
3366 4527 3574 4584 erroris

270 4614 638 4688 ρτοιεαιοηε,
685 4617 943 4692 “mg”
983 4630 1002 4674 ε
1048 4612 1101 4675 ιδ
1145 4584 1578 4688 εςιάέτεηάζη,
1623 4584 1867 4677 ιλζζὶῖτζ
1892 4584 1948 4647 Ι)
1974 4608 2296 4664 idololatria:
2318 4624 2499 4677 caeno,
2527 4612 2730 4666 mundo
2766 4584 3023 4668 se-corde
3047 4584 3277 4670 ὐυιιιίίιο
3309 4617 3572 4673 subdidit.

271 4718 444 4765 mento
473 4707 702 4766 alarum.
738 4708 857 4766 Alte
887 4718 1015 4783 tuae,
1050 4711 1159 4768 duo
1191 4711 1541 4769 Testamenta
1572 4722 1719 4784 sunt,
1749 4714 1870 4785 qui-

270 4804 373 4861 bus
412 4804 713 4877 protegitur
755 4804 1020 4862 Ecclesia.
1061 4805 1158 4862 νει
1196 4805 1299 4862 sub
1336 4804 1678 4876 proiecticius
1731 4802 1868 4863 diri-

269 4896 480 4953 uitatis.

347 4989 547 5046 Dedisti
564 4990 919 5050 hmreditatem
938 4993 1231 5052 uiuentibus
1262 5008 1446 5051 nomen
1475 5002 1639 5051 tuum.
1677 4990 1733 5052 ld
1762 5005 1867 5066 est,

271 5082 326 5140 in
356 5094 526 5155 regno
556 5086 820 5143 ctelorum
864 5086 1165 5158 prtestitisti
1196 5086 1299 5156 eis,
1330 5096 1385 5145 ut
1420 5086 1472 5145 in
1503 5089 1668 5146 vitam
1708 5098 1869 5146 tutere

272 5186 399 5232 nam
426 5175 768 5235 haereditent.

344 5267 471 5324 Dies
499 5280 653 5342 super
678 5271 788 5327 dies
816 5274 971 5347 regis.
1001 5270 1135 5345 Regi
1166 5284 1372 5331 attento
1395 5291 1408 5335 :
1434 5271 1487 5330 id
1519 5283 1623 5340 est,
1647 5272 1867 5331 Christo

271 5358 527 5428 Domino,
574 5360 697 5417 dies
734 5364 923 5419 aeterni
965 5372 1113 5434 sunt,
1146 5362 1237 5438 qui
1266 5362 1509 5438 quotidie
1554 5376 1720 5438 super
1748 5366 1865 5424 dies

270 5462 567 5524 augentur:
588 5453 731 5523 quod
745 5454 1048 5514 claritatem
1070 5459 1187 5529 ejus
1209 5460 1355 5515 nulla
1377 5459 1863 5519 discriminetnox.

269 5542 503 5617 Adjicies
517 5556 679 5599 annos
696 5550 807 5620 ejus
822 5562 981 5620 usque
1001 5550 1054 5607 in
1069 5551 1205 5606 diem
1224 5552 1569 5624 generationis
1583 5565 1633 5611 et
1652 5572 1867 5627 genera‘

272 5635 451 5690 tionis.
470 5634 768 5692 Generatio
795 5640 958 5711 igitur
985 5641 1145 5711 hujus
1166 5645 1306 5715 regis
1331 5638 1501 5716 prima
1520 5652 1603 5702 est
1631 5664 1642 5700 :
1668 5658 1771 5718 qlia
1798 5646 1867 5703 de

269 5725 391 5783 Deo
412 5726 572 5781 Patre
598 5726 940 5788 iaelsbiltter
966 5736 1225 5792 nascitur.
1259 5736 1530 5806 Secunda,
1563 5751 1666 5809 qun
1690 5738 1868 5795 factus

266 5826 357 5881 est
369 5816 759 5892 prttnogeuitus
777 5836 882 5880 tum
897 5832 1133 5897 tuorum,
1146 5839 1266 5899 qum
1278 5829 1589 5889 extenditur
1610 5844 1780 5905 usque
1799 5828 1868 5888 ad

2046 4699 2190 4756 Nam
2215 4708 2263 4755 st
2284 4703 2394 4774 ipse
2417 4700 2559 4757 Deus
2578 4718 2743 4768 mens,
2764 4712 2812 4757 et
2831 4703 3081 4761 salutaris
3100 4722 3264 4764 meus.
3289 4707 3403 4764 Scit
3422 4710 3569 4766 enim

1971 4794 2216 4852 salutare
2243 4794 2450 4860 mundi,
2486 4792 2673 4851 Jesum
2722 4793 2997 4851 Christum
3044 4795 3285 4853 hominis
3335 4799 3571 4858 formam

1972 4886 2311 4958 suscepisse,
2354 4886 2442 4958 qui
2483 4900 2543 4941 se
2592 4885 2855 4941 tranferat
2895 4901 2927 4940 a
2970 4897 3148 4945 morte
3181 4889 3233 4945 in
3265 4890 3449 4948 vitam.
3488 4892 3576 4949 Ab

1973 4982 2094 5051 ipso
2119 4982 2262 5038 enim
2290 4982 2400 5037 Deo
2426 4980 2665 5037 salutare
2692 4990 2905 5037 meum:
2931 4981 3074 5037 sicut
3120 4982 3259 5040 dixit
3303 4984 3571 5048 Simeont

1974 5074 2110 5144 Quia
2140 5075 2395 5131 viderunt
2419 5075 2560 5130 oculi
2591 5075 2697 5130 mei
2725 5073 2970 5132 saluttne
2994 5084 3142 5132 tuum
3171 5076 3336 5148 (Luc.
3373 5078 3468 5151 tt).
3505 5081 3575 5139 Et

1972 5168 2027 5224 in
2058 5166 2168 5225 alio
2193 5168 2319 5226 loco
2345 5167 2515 5225 dicit:
2548 5167 2799 5225 Salutars
2833 5169 3014 5225 vultus
3050 5170 3180 5239 mei,
3232 5170 3375 5227 Deus
3419 5186 3574 5230 meus

1974 5265 2148 5340 (Psal.
2183 5269 2317 5338 xu).
2349 5266 2574 5338 Adjutor
2598 5278 2763 5333 tuens,
2791 5282 2896 5323 non
2923 5268 3163 5324 movebar
3182 5270 3427 5340 amplius.
3452 5272 3573 5330 Fir-

1974 5361 2134 5417 miter
2159 5364 2303 5416 enim
2330 5361 2465 5417 sein
2497 5376 2566 5416 eo
2595 5370 2865 5417 staturum
2892 5362 3133 5418 conlidit.
3156 5362 3386 5435 Adjutor
3413 5382 3572 5424 mena

1971 5457 2026 5512 in
2055 5457 2330 5527 prtesenti,
2362 5465 2645 5527 susceptor
2667 5458 2719 5510 in
2744 5457 3070 5514 aeternitate.
3101 5457 3223 5530 Ipse
3246 5469 3431 5530 postea
3460 5474 3567 5518 non

1976 5552 2130 5608 timet
2154 5552 2371 5608 cadere.
2402 5551 2521 5608 Non
2574 5550 2733 5608 habet
2779 5548 2869 5607 ubi
2918 5560 3100 5608 currat
3145 5554 3412 5624 amplius,
3466 5555 3572 5612 nisi

1975 5654 2146 5716 usque
2179 5645 2244 5700 ad
2293 5645 2485 5700 Deum.
2536 5644 2783 5715 Apostoli
2828 5645 3082 5703 dixerunt
3130 5647 3198 5702 ad
3246 5647 3568 5709 Christum:

1974 5741 2238 5805 Domine,
2290 5738 2519 5797 ostende
2566 5740 2723 5797 nobis
2768 5739 3006 5809 Patrem,
3060 5750 3116 5798 et
3164 5740 3367 5800 sufﬁcit
3413 5745 3576 5802 nobis

1977 5831 2165 5905 (Ioan.
2195 5829 2325 5902 xiv).
