4010 6310
510 238 615 301 990

1297 224 1646 290 APPENDIX
1686 222 1780 283 AD
1817 217 2065 282 TOMUM
2105 210 2461 278 SEPTIMUM
2500 213 2561 274 S.
2603 206 3011 270 lllERONYMI.

3671 193 3828 258 θοοῦ

577 352 856 420 Quousque
887 345 1082 403 irruitis
1131 343 1185 398 iu
1226 343 1506 407 hominem,
1558 337 1846 409 inleﬁcitis
1890 333 2110 389 universi
2137 338 2193 400 Α
2215 337 2362 386 certo
2391 326 2729 391 divitiarum;
2759 323 2853 380 sed
2890 324 2944 379 in
2970 322 3085 379 Deo
3114 320 3260 388 vivo,
3288 318 3379 391 qui
3405 321 3630 390 praestat
3651 312 3833 369 nobis

494 458 608 510 vos,
656 451 919 507 tamquam
965 436 1149 507 parieti
1185 434 1454 501 inclinato,
1485 440 1533 485 et
1559 430 1794 484 macet-ite
1821 425 2100 497 depulsio?

497 533 619 592 Non
647 534 766 590 vult
793 530 1137 602 acquiescere
1168 523 1392 596 iniquis,
1438 521 1534 594 qui
1577 531 1767 578 tenues
1820 516 2100 573 hominum

499 641 566 683 ac
607 626 829 682 vitiosas
870 628 1106 686 mentes,
1134 618 1188 674 in
1221 632 1356 673 nova
1387 614 1628 671 facinora
1661 611 1922 667 inclinare
1952 623 2101 665 com-

500 720 733 793 pellunt.
768 712 1110 772 lnterlicietis
1134 726 1235 767 vos
1265 723 1474 765 omnes.
1506 706 1608 776 Qui
1640 705 1971 760 voluntatem
2009 700 2103 754 ha-

496 792 591 873 bet
615 808 919 876 occidendi,
949 804 1164 864 etiamsi
1194 817 1302 859 non
1334 802 1623 873 percutiat,
1671 795 1891 853 occidit.
1936 792 2104 860 Quasi

496 907 684 981 parieti
730 903 1004 968 inclinato,
1056 907 1104 955 et
1146 896 1383 954 maceria:
1410 894 1658 965 depulsw.
1690 888 1827 946 Cum
1852 903 1952 959 ego
1980 902 2104 957 pas-

494 979 705 1059 sionem
729 997 838 1069 pati
860 992 1201 1060 advenerim,
1229 1004 1328 1046 vos
1347 986 1502 1060 quasi
1536 984 1767 1041 invitum
1795 981 1932 1036 mori
1957 979 2098 1050 cogi-

499 1095 592 1152 tis.
622 1092 812 1160 Aliter,
836 1090 998 1161 juxta
1026 1082 1340 1159 Symmachi
1362 1090 1541 1137 tamen
1559 1074 2099 1148 interpretationem:

500 1182 778 1242 Naturalis
804 1183 858 1237 in
880 1181 1023 1236 vobis
1057 1180 1290 1233 inversus
1336 1182 1413 1230 est
1456 1186 1675 1229 sensus:
1719 1178 1774 1224 ut
1816 1184 1931 1224 cum
1976 1165 2103 1221 recti

497 1279 613 1336 silis
641 1277 824 1344 creati,
858 1273 1012 1347 proni
1039 1271 1107 1327 ad
1137 1272 1343 1325 ruinam
1369 1265 1628 1340 feramini.

578 1371 947 1427 Verumtamen
976 1365 1200 1439 pretium
1227 1374 1399 1416 meum
1426 1358 1775 1430 cogitaverunt
1808 1352 2061 1424 repellere
2084 1366 2103 1405 :

498 1463 705 1521 cucurri
731 1462 787 1516 in
813 1460 919 1516 siti.
953 1455 1195 1513 Declinat
1220 1468 1253 1509 a
1280 1451 1502 1517 talibus,
1534 1448 1622 1519 qui
1647 1462 1756 1502 non
1780 1446 1950 1502 solum
1978 1458 2105 1515 pec-

499 1566 718 1617 catores
748 1554 1093 1624 impugnant:
1115 1546 1212 1604 sed
1233 1546 1396 1602 etiam
1416 1543 1577 1614 justis
1599 1540 1865 1596 honorem
1889 1537 2104 1594 auferre

501 1651 770 1708 nituntur.
804 1644 929 1700 Ideo
954 1641 1127 1699 currit
1154 1640 1208 1695 in
1238 1646 1426 1694 sancta
1453 1635 1544 1692 siti
1570 1650 1585 1692 :
1616 1632 1739 1706 quia
1784 1631 1929 1688 beati
1976 1637 2105 1685 sunt

502 1745 595 1818 qui
616 1739 886 1807 esuriunt,
911 1747 965 1795 et
986 1734 1178 1793 sitiunt
1199 1733 1465 1805 justitiam
1493 1728 1675 1801 (Matt.
1703 1729 1784 1797 v).
1805 1723 2024 1782 Cucurri
2047 1724 2103 1778 in

500 1816 609 1895 siti.
655 1832 911 1892 Cucurrit
945 1830 1194 1887 Christus
1217 1826 1284 1881 de
1312 1824 1476 1892 coelo,
1506 1822 1654 1878 venit
1683 1820 1739 1875 in
1771 1827 2011 1884 uterum,
2038 1816 2108 1871 de

502 1941 660 1987 utero
691 1927 743 1982 in
771 1927 1138 1997 praesepium:
1167 1919 1253 1976 vel
1280 1926 1476 1974 caetera
1495 1914 1583 1970 his
1607 1913 1827 1969 similia.
1855 1910 2111 1967 Cucurrit

501 2023 713 2089 sitiens,
744 2020 895 2075 venit
921 2014 989 2072 ad
1017 2015 1257 2071 lontcm:
1290 2010 1540 2068 esuriens
1568 2007 1715 2063 venit
1736 2005 1804 2061 ad
1832 2003 2102 2059 arborem.

504 2113 605 2171 Vel
632 2112 826 2179 sitivit,
856 2109 909 2166 id
937 2116 1043 2175 est,
1077 2106 1131 2162 in
1160 2118 1328 2161 cruce
1368 2101 1598 2158 salutem
1634 2097 1853 2155 humani
1892 2094 2109 2168 generis

502 2205 696 2264 sitivit.
727 2201 885 2260 Unde
908 2201 1115 2257 dictum
1156 2206 1279 2256 est:
1318 2196 1396 2252 De
1444 2202 1686 2250 torrente
1736 2192 1788 2246 in
1841 2189 1927 2245 via
1973 2188 2110 2244 bibit

504 2296 691 2371 (Psal.
720 2296 857 2367 cxx).
893 2292 959 2349 Et
987 2291 1160 2348 sancti
1201 2296 1428 2347 currunt
1468 2294 1525 2343 et
1570 2285 1797 2340 sitiunt:
1847 2280 2105 2345 Currunt,

503 2403 564 2450 ut
591 2391 792 2448 Paulus
817 2388 987 2446 dicit:
1018 2386 1245 2443 Cursum
1272 2378 1669 2446 consummavi,
1701 2375 1864 2432 tidem
1894 2371 2109 2430 servavi

505 2485 588 2559 (ll
616 2484 754 2540 Tim.
781 2484 885 2554 tv).
916 2480 1142 2546 Sitiunt,
1174 2484 1235 2532 ut
1262 2475 1469 2533 dictum
1497 2480 1619 2528 est:
1649 2469 1800 2526 Beati
1848 2467 1941 2540 qui
1982 2481 2107 2522 esu-

502 2581 675 2647 riunt,
702 2586 758 2635 et
782 2576 972 2633 sitiunt
992 2570 1299 2644 justitiam:
1333 2566 1593 2640 quoniam
1635 2562 1741 2635 ipsi
1782 2559 2109 2618 saturabun-

504 2681 614 2729 tur.
651 2670 753 2727 Ore
781 2685 877 2725 suo
899 2665 1285 2730 benedicebaut,
1318 2673 1365 2717 et
1391 2659 1546 2715 corde
1572 2674 1669 2713 suo
1703 2652 2102 2710 maledicebant.

503 2765 861 2827 Prolerebant
880 2761 948 2818 ad
971 2757 1342 2819 seducendum
1385 2770 1483 2812 ore
1517 2750 1760 2809 veneﬁco
1792 2749 1955 2816 bona,
1983 2762 2107 2804 cum

504 2861 652 2919 mala
681 2856 937 2914 cordibus
963 2854 1284 2911 retinerent.

585 2952 951 3008 Verumtamen
989 2947 1100 3004 Deo
1129 2946 1360 3019 subjecta
1389 2941 1484 2998 erit
1515 2941 1693 2995 anima
1720 2954 1873 2993 mea:
1905 2936 1971 2992 ab
1997 2936 2109 3010 ipso

508 3047 643 3107 enim
668 3046 905 3103 salutare
928 3058 1115 3098 meum.
1150 3038 1292 3094 Nam
1317 3044 1363 3092 et
1390 3037 1499 3106 ipse
1524 3032 1665 3089 Deus
1703 3048 1867 3099 meus,
1892 3040 1938 3085 et
1964 3029 2107 3085 salu-

509 3143 636 3200 taris
671 3157 834 3208 meus,
876 3138 1093 3210 adjutor
1130 3147 1272 3188 meus
1294 3147 1395 3186 non
1420 3126 1704 3200 emigrabo.
1736 3123 1804 3179 In
1835 3122 1946 3178 Deo
1968 3120 2111 3177 salu-
2139 3131 2185 3199 ο

505 3249 616 3296 tare
642 3253 829 3303 meum,
858 3232 1029 3306 gloria
1053 3244 1167 3284 mea
1195 3226 1334 3281 Deus
1357 3223 1545 3280 auxilii
1576 3220 1699 3288 mei,
1739 3228 1789 3273 et
1838 3232 1953 3288 spes
1997 3231 2110 3270 mea

506 3333 563 3389 in
594 3331 704 3388 Deo
728 3338 825 3386 est.
856 3326 985 3383 Post
1025 3318 1462 3391 interjectionem
1516 3310 1897 3385 Diapsalmatis
1944 3308 2111 3380 proli-

509 3433 652 3483 tctur
672 3438 733 3480 se
751 3422 867 3478 sive
893 3413 1248 3488 adjutorium,
1268 3410 1384 3467 sive
1402 3408 1632 3481 gloriam
1654 3404 1722 3461 ab
1741 3404 1857 3473 ipso
1879 3400 2104 3467 habere,

505 3517 600 3591 qui
629 3514 786 3572 nobis
811 3512 882 3567 de
906 3509 992 3565 bis
1020 3503 1274 3563 omnibus
1302 3518 1334 3557 a
1351 3497 1622 3574 passionis
1643 3511 1759 3553 suae
1779 3491 2109 3551 contumelia

508 3611 734 3685 reliquit
756 3603 1031 3677 exempla.

583 3683 805 3780 Sperate
833 3701 888 3756 in
918 3715 1000 3768 eo,
1033 3695 1199 3752 omnis
1229 3689 1560 3763 congregatio
1611 3684 1811 3758 pepuli.
1862 3683 1982 3755 ipse
2028 3691 2113 3737 est

506 3811 563 3860 et
604 3775 893 3864 auxilium,
937 3801 993 3850 et
1017 3805 1186 3863 spes:
1217 3787 1272 3845 in
1302 3800 1411 3858 quo
1442 3780 1623 3839 omnis
1643 3787 1818 3836 cintus
1846 3775 2109 3834 ecclesia-

504 3896 678 3951 sticus
724 3902 951 3961 sperare
995 3883 1165 3941 debet
1202 3895 1267 3937 ac
1307 3874 1621 3949 deprecari,
1654 3873 1795 3929 sicut
1822 3869 2107 3940 sequitur:

508 3985 781 4056 E/fuudite
809 3996 985 4037 coram
1005 3977 1099 4033 illo
1124 3974 1282 4031 corda
1302 3978 1472 4028 vestra
1495 3986 1512 4024 :
1547 3967 1683 4023 Deus
1706 3966 1919 4039 ndjutor
1940 3973 2112 4018 noster

503 4083 564 4139 in
585 4088 855 4137 internum.
886 4074 946 4129 Si
974 4087 1097 4128 cum
1124 4070 1253 4125 ﬂetu
1284 4066 1331 4124 ei
1360 4063 1571 4122 occulta
1607 4060 1854 4117 cordium
1896 4070 2111 4113 resera-

507 4190 654 4241 mus,
685 4181 744 4229 ut
768 4183 966 4226 omnes
996 4164 1203 4221 faciunt
1229 4160 1430 4227 sancti,
1461 4154 1730 4229 adjutoria
1773 4153 1891 4225 ejus
1938 4149 2112 4222 adipi-

506 4281 749 4328 scemur.
776 4261 910 4318 Nam
932 4257 1059 4332 quia
1082 4256 1202 4312 haec
1232 4262 1550 4326 peccatores
1583 4249 1862 4314 omittunt,
1890 4244 2107 4315 adjecit:

586 4360 952 4416 Verumtamen
976 4350 1096 4407 vani
1125 4347 1227 4420 ﬁlii
1257 4346 1543 4412 hominum,
1576 4340 1846 4396 mendaces
1884 4337 1985 4408 filii
2012 4337 2110 4390 lio-

509 4453 710 4512 minum
730 4452 784 4506 in
813 4447 1016 4505 stateris
1040 4452 1096 4500 ut
1118 4440 1402 4512 decipiant,
1429 4438 1530 4512 ipsi
1556 4437 1612 4491 in
1642 4434 1868 4490 vanitate
1910 4432 1967 4486 in
2008 4430 2112 4485 idi-

2207 423 2390 479 umnia
2423 419 2766 476 abundanter
2795 417 2860 472 ad
2891 415 3177 472 fruendum
3207 414 3259 487 (ι
3286 412 3426 467 Tim.
3454 409 3559 480 γι).

2279 518 2452 576 Semel
2477 517 2676 572 locutus
2698 522 2771 570 est
2800 512 2940 568 Deus
2968 512 3092 566 duo.
3126 507 3285 579 Quod
3308 507 3385 563 ait
3412 502 3593 568 semel,
3642 500 3827 556 ﬁrmi-

2208 620 2372 666 tatem
2402 609 2674 665 dictorum
2703 604 2971 672 ostendit,
3002 602 3170 676 quod,
3195 603 3323 668 duo,
3349 597 3474 654 novi
3500 594 3828 663 veterisque

2206 701 2544 760 Testamenti
2572 715 2741 756 unum
2772 698 3119 755 demonstrat
3146 703 3449 751 auctorem.
3476 688 3653 746 Semel
3673 686 3831 741 locu-

2205 806 2284 851 tus
2310 805 2385 850 est
2411 793 2553 851 Deus
2580 795 2705 863 duo,
2736 793 2857 848 haec
2881 789 3096 857 audivi;
3125 786 3280 845 semel
3303 802 3411 842 non
3431 784 3499 863 ad
3525 796 3831 840 numerum

2205 887 2551 945 referendum
2584 896 2688 953 est,
2722 884 2817 941 sed
2849 884 2916 939 ad
2965 883 3253 939 sententia:
3293 878 3631 934 ﬁrmitatem.
3685 874 3828 942 Qua:

2204 991 2331 1037 sunt
2361 990 2541 1037 autem
2569 994 2697 1052 qua:
2718 978 2825 1034 duo
2859 978 3065 1048 pariter
3094 972 3334 1031 audivit?
3363 970 3435 1026 Et
3460 982 3623 1040 posse
3647 967 3828 1023 Deum

2203 1075 2409 1143 omnia,
2442 1083 2498 1131 et
2524 1076 2576 1130 in
2616 1074 2699 1130 sui
2745 1071 2938 1144 judicii
2982 1068 3216 1125 veritate
3262 1065 3534 1122 misereri.
3584 1059 3829 1129 Quidam

2205 1170 2279 1226 ita
2301 1171 2521 1226 dicunt:
2547 1167 2730 1225 Semel
2760 1167 2901 1222 Deus
2928 1165 3142 1219 locutus
3163 1172 3249 1218 est
3274 1160 3331 1216 in
3353 1159 3520 1230 Lege,
3546 1154 3827 1212 eteadem

2204 1277 2393 1319 rursus
2423 1263 2475 1317 in
2511 1258 2801 1331 Evangelia
2830 1256 3093 1329 pratcipit.
3132 1254 3258 1310 Ηωσ
3286 1252 3486 1317 audiui,
3521 1250 3647 1321 quia
3674 1258 3830 1320 pote-

2203 1363 2308 1409 stas
2335 1353 2434 1408 Dei
2462 1362 2559 1408 est.
2591 1351 2695 1408 Per
2726 1351 2841 1407 haec
2871 1350 2979 1405 duo
3024 1348 3407 1412 Testamenta,
3461 1350 3819 1414 potestatem,

2205 1445 2665 1511 misericordiam,
2691 1443 3073 1514 justitiamquc
3102 1440 3196 1496 Dei
3221 1439 3518 1510 cognovit:
3550 1433 3697 1490 sicut
3723 1448 3822 1488 se-

2205 1538 2428 1610 quitur:
2460 1536 2529 1592 Et
2558 1536 2669 1603 tibi,
2698 1534 2945 1600 Domine,
2979 1531 3359 1599 misericordia,
3390 1530 3513 1599 quia
3544 1538 3601 1583 tu
3628 1527 3821 1581 reddes

2206 1633 2483 1705 unicuique
2499 1634 2657 1704 juxta
2687 1646 2844 1702 opera
2871 1645 2986 1685 sua.
3020 1628 3141 1699 Ipse
3166 1627 3315 1683 enim
3346 1639 3510 1681 omne
3549 1620 3826 1693 judicium

2131 1736 2181 1797 B
2207 1724 2421 1796 accepit
2448 1739 2479 1778 a
2507 1724 2671 1779 Patre
2703 1722 2892 1794 (Joan.
2927 1720 3002 1793 v),
3043 1731 3104 1803 ut
3143 1717 3550 1791 negligentibus
3591 1716 3827 1771 damna-

2212 1818 2434 1883 tionem,
2466 1813 2861 1887 ptenitenlibus
2889 1812 3352 1879 misericordiam,
3379 1809 3545 1881 justis
3594 1807 3823 1877 prtemia

2210 1917 2500 1983 praeparet,
2535 1908 2630 1980 qui
2661 1922 2762 1963 nos
2791 1922 2820 1962 a
2844 1906 3051 1977 judicio
3092 1905 3286 1960 mortis
3322 1902 3566 1973 eripiat:
3609 1914 3823 1970 nosque

2208 2006 2312 2062 sibi
2357 2005 2511 2077 quasi
2561 2004 2814 2060 alumnos
2859 1999 3111 2074 pr0prios
3139 2000 3360 2067 subdat,
3392 1995 3822 2066 conformesqne

2209 2099 2426 2169 corpori
2456 2112 2557 2154 suo
2602 2097 2812 2161 factos,
2861 2093 3159 2150 aeternitati
3208 2099 3487 2163 perpetua:
3524 2089 3823 2160 dignanter

2209 2191 2500 2248 adsciscat.
2534 2190 2670 2259 Quia
2699 2197 2919 2261 potestas
2949 2186 3046 2241 Dei
3086 2195 3180 2240 est.
3227 2184 3478 2241 Potestas
3522 2179 3648 2247 fuit,
3696 2181 3820 2251 quia

2209 2300 2400 2342 omnes
2444 2294 2724 2341 creaturas
2754 2298 2824 2339 ex
2857 2280 3030 2336 nihilo
3058 2279 3287 2336 creavit.
3322 2275 3730 2337 Misericordia,
3764 2273 3820 2328 in

2210 2378 2477 2450 regendo,
2505 2386 2561 2434 et
2588 2374 2964 2449 gubernando.
3008 2373 3261 2429 Potestas
3310 2369 3415 2425 luit
3451 2369 3508 2425 in
3557 2368 3813 2424 diluvio:

2211 2469 2595 2527 misericordia
2625 2467 2878 2525 liberavit
2904 2466 3020 2523 Noe
3050 2464 3217 2537 (Gen.
3246 2479 3320 2519 vn
3348 2472 3398 2517 et
3430 2461 3570 2533 vni).
3605 2460 3741 2534 Quia
3765 2469 3820 2513 tu

2208 2562 2394 2618 reddes
2420 2561 2698 2633 unicuique
2715 2563 2872 2636 juxta
2897 2574 3055 2632 apera
3077 2572 3215 2613 sua:
3248 2555 3397 2612 bona
3441 2554 3605 2611 bonis
3623 2597 3638 2624 ,
3680 2551 3818 2608 mala

2212 2656 2389 2712 malis.
2421 2656 2656 2711 Damnas
2683 2662 3020 2726 peccatores,
3054 2665 3377 2710 remuneras
3398 2649 3601 2722 justus.

2756 2787 3076 2848 PSALMUS
3102 2787 3268 2845 LXII.

2217 2885 2466 2942 Psalmus
2492 2884 2666 2941 Dauid
2691 2901 2812 2940 eum
2838 2893 2966 2941 esset
2992 2885 3045 2938 in
3084 2884 3285 2939 deserto
3333 2879 3603 2937 ldumtete.
3652 2879 3817 2938 David

2286 2959 2510 3030 ﬁguram
2548 2965 2697 3030 tenet
2730 2956 2961 3030 Christi.
3014 2955 3183 3030 David
3232 2955 3626 3030 interpretatur
3670 2954 3818 3021 fortis

2286 3027 2466 3099 manu,
2492 3030 2607 3084 sive
2633 3027 3009 3099 desiderabilis.
3035 3028 3270 3082 [dumsea
3294 3027 3818 3099 interpretatur-san-

2286 3097 2632 3185 guineuhsive
2655 3109 2877 3185 terrena.
2898 3097 3204 3185 Desertum,
3224 3098 3327 3185 hoc
3348 3104 3455 3162 est,
3474 3097 3813 3185 derelictum,

2286 3168 2339 3227 id
2364 3168 2618 3256 est,'ipsc
2645 3171 2877 3256 populus
2905 3171 3169 3256 lttdaicus
3193 3186 3207 3223 :
3234 3168 3611 3256 velgentilis,
3633 3168 3722 3256 qui
3763 3168 3814 3256 i'n

2290 3238 2573 3313 sanguine,
2605 3238 2687 3297 vel
2718 3238 2960 3298 terrenis
2988 3242 3243 3297 videntur
3281 3238 3634 3313 commorari.
3669 3238 3818 3313 Psal-

2285 3310 2415 3370 mus'
2453 3315 2721 3371 adventus
2767 3313 3033 3369 Dominiei
3078 3313 3329 3368 declarat
3357 3311 3722 3379 mysterium:
3750 3310 3816 3367 de

2283 3401 2391 3513 gito
2415 3385 2759 3514 stedpzptpheta
2782 3386 2935 3457 quasi
2963 3383 3323 3441 illuminatum
3352 3398 3605 3453 cernens,
3632 3382 3815 3439 exsul-

2391 3474 2422 3514 e
2509 3474 2524 3512 I
2562 3474 2575 3513 Ι
2626 3474 2639 3512 2
2864 3485 2890 3511 ο

2309 3468 2367 3513 at
2391 3467 2447 3515 et
2472 3466 2639 3514 dicit:
2864 3485 2890 3511 ο

2283 3589 2443 3659 Deus,
2474 3592 2609 3649 Deus
2632 3608 2795 3660 meus,
2823 3591 2894 3647 ad
2914 3599 2963 3647 te
2983 3590 3049 3647 de
3075 3589 3192 3647 luce
3216 3590 3373 3665 vigilo
3393 3606 3413 3645 :
3442 3589 3599 3647 Licet
3623 3604 3811 3646 omnes

2211 3687 2387 3744 sancti
2423 3687 2478 3743 in
2509 3686 2620 3743 Deo
2646 3685 2735 3742 die
2760 3695 3033 3757 noctuque
3078 3683 3346 3757 vigilent:
3393 3682 3486 3738 hic
3534 3695 3714 3740 tamen
3761 3683 3812 3738 in

2211 3781 2463 3838 oratione
2490 3796 2609 3847 sua,
2646 3779 2804 3851 pleno
2830 3778 3030 3836 divina:
3061 3779 3196 3835 lucis
3221 3778 3519 3849 splendore
3563 3778 3809 3850 relulget.

2285 3874 2459 3931 Sitivit
2486 3876 2539 3930 in
2572 3885 2620 3929 te
2646 3875 2823 3930 anima
2848 3890 2981 3943 mea,
3010 3890 3166 3944 quam
3192 3873 3552 3943 multipliciter
3578 3874 3669 3929 tibi
3698 3889 3809 3928 curo

2213 3970 2362 4025 mea!
2406 3967 2474 4024 In
2515 3978 2652 4024 terra
2690 3968 2913 4033 deserta,
2951 3977 3001 4023 et
3040 3969 3201 4034 inuia,
3230 3978 3277 4023 et
3306 3969 3581 4040 inaquosa.
3610 3968 3738 4026 Sitit
3762 3968 3808 4023 in

2217 4061 2348 4131 Deo,
2378 4071 2432 4118 et
2460 4062 2680 4132 animat,
2705 4069 2761 4116 ct
2787 4061 2969 4117 cordis
2994 4061 3188 4117 ali‘ectu
3216 4080 3227 4114 :
3253 4060 3389 4116 nihil
3408 4060 3661 4130 dubium,
3686 4059 3808 4116 nihil

2214 4155 2504 4212 adversum
2537 4155 2591 4210 in
2621 4171 2679 4211 se
2706 4155 2949 4212 retinens
2974 4174 2986 4207 :
3017 4155 3116 4212 sed
3149 4155 3290 4210 inter
3320 4154 3605 4211 ariditates
3638 4170 3703 4211 ac
3725 4168 3803 4211 so-

2215 4247 2472 4304 litudines
2498 4248 2658 4304 istius
2688 4248 2906 4317 surculi,
2954 4263 3079 4305 eum
3126 4257 3238 4304 tom
3269 4257 3454 4305 mente
3496 4247 3804 4305 desiderat:

2214 4341 2363 4396 illum
2396 4340 2605 4397 habens
2628 4340 2905 4411 ardorem,
2936 4356 3045 4413 quo
3071 4340 3279 4411 justitia
3315 4339 3414 4397 Dei
3445 4340 3655 4397 sititur.
3689 4341 3807 4399 Siti-

2212 4432 2282 4488 uit
2309 4434 2362 4488 in
2389 4443 2437 4489 te
2464 4433 2639 4488 anima
2663 4450 2795 4504 mea,
2827 4450 2983 4505 quam
3011 4433 3363 4505 multipliciter
3389 4433 3483 4488 tibi
3510 4450 3637 4489 caro
3667 4430 3807 4489 mea!

507 4563 679 4624 psunt.
709 4543 813 4614 Qui
844 4540 946 4598 sub
970 4535 1198 4612 justitiae
1227 4532 1626 4607 pouderatione
1651 4537 1816 4624 atque
1850 4525 2114 4598 eloquen-
2137 4531 2191 4593 ι)
2216 4525 2412 4581 Anima
2443 4524 2657 4597 quidem
2687 4524 2963 4581 desiderat
2990 4524 3194 4593 Deum;
3228 4524 3324 4581 sed
3353 4524 3421 4580 ad
3449 4524 3805 4583 desideratum

503 4619 595 4700 tite
625 4638 886 4704 vanitate,
939 4631 1221 4704 decipiunt
1266 4628 1612 4685 innocentes.
1660 4622 1788 4679 Filii
1831 4619 2108 4686 hominis,

506 4735 603 4792 lllii
646 4730 841 4797 Adam,
897 4724 995 4783 lilii
1044 4718 1493 4795 transgressoris.
1547 4715 1704 4774 Unde
1750 4713 1924 4769 dicit:
1986 4708 2109 4765 Filii

505 4826 787 4885 hominum
814 4831 1100 4892 usquequo
1124 4814 1271 4889 gravi
1300 4812 1467 4870 corde
1489 4807 1664 4882 (Psal.
1698 4806 1810 4878 tv)?
1833 4803 1885 4859 Μ
1894 4802 2111 4858 endaces

505 4922 604 4996 ﬁlii
652 4918 919 4975 hominum
964 4914 1021 4968 in
1065 4909 1291 4967 steteris.
1324 4905 1582 4965 Salomon
1609 4901 1783 4957 dicit:
1812 4896 2030 4953 Pondus
2053 4902 2110 4951 et

506 4988 742 5088 pondus,
790 5020 1043 5065 mensura
1086 5011 1145 5059 et
1176 5013 1470 5057 mensura:
1502 5005 1797 5062 utrumque
1826 4988 2109 5047 abomina-

504 5085 619 5167 bile
645 5104 792 5179 apud
819 5103 988 5160 Deum
1020 5099 1215 5170 (Prov.
1252 5093 1371 5166 xx).
1405 5093 1471 5149 Et
1513 5092 1566 5147 in
1613 5089 1726 5146 alio
1768 5088 1891 5144 loco
1931 5085 2105 5141 dicit:

509 5178 724 5259 Statcra
770 5195 959 5252 dolosa
1017 5185 1405 5246 abominabilis
1462 5182 1733 5249 Domino,
1789 5189 1845 5237 et
1896 5178 2109 5251 pondus

506 5306 722 5367 tequum
748 5287 1005 5345 voluntas
1030 5281 1151 5354 ejus
1177 5279 1377 5353 (Prov.
1410 5275 1512 5348 ιι).

584 5384 766 5441 Nolite
795 5394 1004 5453 sperare
1026 5377 1081 5432 in
1110 5373 1402 5446 iniquitate,
1445 5378 1493 5425 et
1535 5368 1750 5440 rapinas
1789 5364 1946 5421 nolite
1983 5380 2109 5419 con-

503 5478 812 5552 cupiscere:
860 5471 1054 5526 divitia:
1096 5467 1143 5523 si
1188 5468 1437 5538 afﬂuant,
1484 5462 1643 5518 nolite
1692 5475 1782 5513 cor
1827 5471 2106 5530 apponere.

505 5548 644 5644 Quia
671 5566 767 5641 qui
791 5566 846 5621 in
878 5562 967 5618 his
994 5558 1318 5633 speraverit,
1366 5570 1595 5627 regnum
1639 5565 1842 5624 capere
1886 5548 2110 5605 cmlcstc

506 5681 616 5722 non
647 5667 849 5732 potest.
879 5655 1037 5713 Unde
1079 5652 1214 5711 dicit
1254 5649 1554 5724 Apostolus
1602 5649 1670 5704 ad
1717 5643 2106 5703 Timotheum:

509 5752 757 5821 Praecipe
798 5747 1058 5804 divitibus
1102 5744 1266 5815 hujus
1307 5742 1491 5799 saaculi
1534 5756 1645 5797 non
1692 5752 1917 5811 sperare
1947 5737 2000 5792 in
2028 5735 2110 5791 in-

2216 4617 2379 4674 linem
2405 4618 2586 4674 carnis
2608 4614 2890 4673 laboribus
2913 4616 3253 4688 pervenitur.
3283 4615 3413 4674 Ideo
3442 4617 3806 4688 multipliciter

2217 4724 2348 4766 caro
2386 4710 2556 4765 Deum
2602 4708 2835 4781 quaerit:
2888 4708 3013 4779 quia
3061 4709 3250 4764 multis
3294 4707 3538 4766 afﬁcitur
3578 4709 3803 4780 injuriis.

2214 4800 2487 4858 Describit
2526 4800 2660 4869 justi
2697 4800 2796 4856 viri
2833 4808 3168 4872 egestatem,
3213 4809 3520 4871 tormenta,
3570 4800 3801 4874 vigilias,

2212 4893 2647 4965 aegrotationem.
2677 4892 2859 4948 Sitivit
2904 4894 3166 4951 Dominus
3209 4893 3372 4951 [idem
3413 4894 3720 4962 Ecclesiae,
3757 4901 3805 4950 et

2211 4985 2439 5043 esurivit
2491 4985 2724 5041 salutem
2770 4985 2991 5041 humani
3033 4987 3272 5059 generis.
3324 4986 3419 5045 Sic
3467 4994 3526 5043 et
3573 4986 3804 5043 Ecclesia

2210 5079 2454 5152 quotidie
2482 5079 2596 5135 sitit
2623 5078 2921 5135 Christum.
2949 5078 3104 5137 Unde
3130 5078 3329 5137 dicitur
3352 5097 3365 5133 :
3398 5079 3554 5136 Beati
3573 5080 3668 5152 qui
3689 5095 3801 5136 esu-

2211 5173 2360 5229 riunt
2389 5179 2447 5229 et
2475 5172 2665 5227 sitiunt
2707 5170 2976 5241 justitiam
3014 5190 3027 5225 :
3058 5172 3314 5243 quoniam
3346 5170 3450 5242 ipsi
3480 5171 3801 5228 saturabunc

2212 5274 2301 5323 tur
2326 5264 2514 5339 (Matt.
2543 5264 2620 5336 v).
2655 5262 3023 5336 Multipliciter
3053 5281 3176 5321 caro
3198 5281 3218 5320 :
3243 5265 3374 5335 quia
3405 5263 3533 5336 plus
3578 5266 3801 5322 sustinet

2210 5375 2364 5420 caro.
2395 5374 2558 5430 quam
2583 5358 2785 5414 anima.
2813 5357 3076 5427 Quamvis
3099 5360 3280 5415 anima
3304 5374 3401 5431 per
3424 5358 3797 5431 cogitationem

2213 5455 2491 5512 crucietur
2521 5454 2573 5509 in
2601 5468 2866 5524 corpore:
2898 5467 3098 5525 corpus
3126 5463 3306 5510 tamen
3335 5452 3577 5511 sustinet
3613 5469 3643 5509 a
3680 5451 3797 5509 loris

2216 5545 2644 5605 tribulationem.
2676 5545 2805 5603 Vult
2828 5545 3049 5604 liberari
3076 5566 3088 5602 :
3122 5546 3176 5603 id
3206 5555 3313 5615 est,
3354 5545 3634 5618 deponere
3666 5560 3797 5603 mor-

2214 5644 2503 5701 talitatem.
2532 5640 2600 5698 In
2636 5650 2774 5697 terra
2813 5642 3035 5711 deserta,
3077 5643 3133 5698 in
3174 5643 3312 5697 invia
3349 5648 3399 5697 et
3431 5641 3712 5713 inaquosa.
3747 5638 3795 5695 In

2216 5735 2459 5805 deserto,
2491 5735 2582 5792 ubi
2613 5749 2719 5792 non
2749 5742 2835 5793 est
2859 5734 2945 5792 via
2971 5749 3148 5807 neque
3172 5749 3332 5808 aqua,
3370 5734 3609 5792 mundus
3649 5731 3797 5793 intel«
