  <div class='ocr_page' id='page_1' title='image "/cluster/home/n/w/nwhite01/storage/ocr_20150623/26/uva.x000826568/508.png"; bbox 0 0 4010 6374; ppageno 0'>
   <div class='ocr_carea' id='block_1_1' title="bbox 271 372 407 430">
    <p class='ocr_par' dir='ltr' id='par_1_1' title="bbox 271 372 407 430">
     <span class='ocr_line' id='line_1_1' title="bbox 271 372 407 430; baseline 0.015 -2"><span class='ocrx_word' id='word_1_1' title='bbox 271 372 407 430; x_wconf 68' lang='grc'><strong>1001</strong></span> 
     </span>
    </p>
   </div>
   <div class='ocr_carea' id='block_1_2' title="bbox 1237 374 2673 440">
    <p class='ocr_par' dir='ltr' id='par_1_2' title="bbox 1237 374 2673 440">
     <span class='ocr_line' id='line_1_2' title="bbox 1237 374 2673 440; baseline 0.001 -8"><span class='ocrx_word' id='word_1_2' title='bbox 1237 375 1672 434; x_wconf 66' lang='grc' dir='ltr'>ιιιιειτιΑιιιυΜ</span> <span class='ocrx_word' id='word_1_3' title='bbox 1712 376 1775 433; x_wconf 83' lang='lat' dir='ltr'><strong>IN</strong></span> <span class='ocrx_word' id='word_1_4' title='bbox 1819 374 2156 436; x_wconf 64' lang='lat' dir='ltr'><strong>PSALMOS.</strong></span> <span class='ocrx_word' id='word_1_5' title='bbox 2197 380 2447 439; x_wconf 71' lang='lat' dir='ltr'><strong>PSALM.</strong></span> <span class='ocrx_word' id='word_1_6' title='bbox 2491 382 2673 440; x_wconf 79' lang='lat' dir='ltr'><strong>LXIII.</strong></span> 
     </span>
    </p>
   </div>
   <div class='ocr_carea' id='block_1_3' title="bbox 3432 391 3568 448">
    <p class='ocr_par' dir='ltr' id='par_1_3' title="bbox 3432 391 3568 448">
     <span class='ocr_line' id='line_1_3' title="bbox 3432 391 3568 448; baseline 0.022 -3"><span class='ocrx_word' id='word_1_7' title='bbox 3432 391 3568 448; x_wconf 72' lang='lat' dir='ltr'><strong>I002</strong></span> 
     </span>
    </p>
   </div>
   <div class='ocr_carea' id='block_1_4' title="bbox 268 487 3568 572">
    <p class='ocr_par' dir='ltr' id='par_1_4' title="bbox 268 487 3568 572">
     <span class='ocr_line' id='line_1_4' title="bbox 268 487 3568 572; baseline 0.005 -28"><span class='ocrx_word' id='word_1_8' title='bbox 268 487 475 560; x_wconf 84' lang='lat' dir='ltr'><strong>ligitur.</strong></span> <span class='ocrx_word' id='word_1_9' title='bbox 511 487 821 556; x_wconf 79' lang='lat' dir='ltr'><strong>Desertum,</strong></span> <span class='ocrx_word' id='word_1_10' title='bbox 849 499 1076 562; x_wconf 82' lang='lat' dir='ltr'><strong>propter</strong></span> <span class='ocrx_word' id='word_1_11' title='bbox 1105 499 1421 562; x_wconf 88' lang='lat' dir='ltr'><strong>peccatores</strong></span> <span class='ocrx_word' id='word_1_12' title='bbox 1448 493 1666 549; x_wconf 91' lang='lat' dir='ltr'><strong>dicitur.</strong></span> <span class='ocrx_word' id='word_1_13' title='bbox 1699 492 1788 549; x_wconf 85' lang='lat' dir='ltr'><strong>Sic</strong></span> <span class='ocrx_word' id='word_1_14' title='bbox 1815 493 1870 546; x_wconf 86' lang='lat' dir='ltr'><strong>in</strong></span> <span class='ocrx_word' id='word_1_15' title='bbox 1895 491 1949 554; x_wconf 76' lang='grc' dir='ltr'>Α</span> <span class='ocrx_word' id='word_1_16' title='bbox 1975 503 2088 548; x_wconf 87' lang='lat' dir='ltr'><strong>rant</strong></span> <span class='ocrx_word' id='word_1_17' title='bbox 2121 495 2175 550; x_wconf 90' lang='lat' dir='ltr'><strong>in</strong></span> <span class='ocrx_word' id='word_1_18' title='bbox 2204 513 2283 552; x_wconf 87' lang='lat' dir='ltr'><strong>eo.</strong></span> <span class='ocrx_word' id='word_1_19' title='bbox 2315 499 2416 566; x_wconf 87' lang='lat' dir='ltr'><strong>Qui</strong></span> <span class='ocrx_word' id='word_1_20' title='bbox 2445 506 2700 570; x_wconf 87' lang='lat' dir='ltr'><strong>suscepta</strong></span> <span class='ocrx_word' id='word_1_21' title='bbox 2727 509 3069 558; x_wconf 78' lang='lat' dir='ltr'><strong>sacramenta</strong></span> <span class='ocrx_word' id='word_1_22' title='bbox 3099 501 3219 572; x_wconf 89' lang='lat' dir='ltr'><strong>ejus</strong></span> <span class='ocrx_word' id='word_1_23' title='bbox 3242 503 3568 562; x_wconf 85' lang='lat' dir='ltr'><strong>inviolabili-</strong></span> 
     </span>
    </p>
   </div>
   <div class='ocr_carea' id='block_1_5' title="bbox 276 580 1872 657">
    <p class='ocr_par' dir='ltr' id='par_1_5' title="bbox 276 580 1872 657">
     <span class='ocr_line' id='line_1_5' title="bbox 276 580 1872 657; baseline 0.003 -21"><span class='ocrx_word' id='word_1_24' title='bbox 276 590 460 636; x_wconf 74' lang='lat' dir='ltr'><strong>sancto</strong></span> <span class='ocrx_word' id='word_1_25' title='bbox 484 580 704 653; x_wconf 80' lang='lat' dir='ltr'><strong>apparui</strong></span> <span class='ocrx_word' id='word_1_26' title='bbox 731 581 840 636; x_wconf 89' lang='lat' dir='ltr'><strong>tibi.</strong></span> <span class='ocrx_word' id='word_1_27' title='bbox 873 583 932 638; x_wconf 93' lang='lat' dir='ltr'><strong>In</strong></span> <span class='ocrx_word' id='word_1_28' title='bbox 960 582 1062 639; x_wconf 90' lang='lat' dir='ltr'><strong>hac</strong></span> <span class='ocrx_word' id='word_1_29' title='bbox 1088 583 1177 638; x_wconf 90' lang='lat' dir='ltr'><strong>siti</strong></span> <span class='ocrx_word' id='word_1_30' title='bbox 1205 585 1434 655; x_wconf 83' lang='lat' dir='ltr'><strong>degens,</strong></span> <span class='ocrx_word' id='word_1_31' title='bbox 1467 594 1686 641; x_wconf 79' lang='lat' dir='ltr'><strong>sanctus</strong></span> <span class='ocrx_word' id='word_1_32' title='bbox 1705 601 1872 657; x_wconf 88' lang='lat' dir='ltr'><strong>appa-</strong></span> 
     </span>
    </p>
   </div>
   <div class='ocr_carea' id='block_1_6' title="bbox 274 675 1870 750">
    <p class='ocr_par' dir='ltr' id='par_1_6' title="bbox 274 675 1870 750">
     <span class='ocr_line' id='line_1_6' title="bbox 274 675 1870 750; baseline 0.002 -18"><span class='ocrx_word' id='word_1_33' title='bbox 274 677 412 734; x_wconf 88' lang='lat' dir='ltr'><strong>rebo</strong></span> <span class='ocrx_word' id='word_1_34' title='bbox 438 676 554 732; x_wconf 88' lang='lat' dir='ltr'><strong>tibi.</strong></span> <span class='ocrx_word' id='word_1_35' title='bbox 579 675 678 732; x_wconf 88' lang='lat' dir='ltr'><strong>llic</strong></span> <span class='ocrx_word' id='word_1_36' title='bbox 705 676 966 748; x_wconf 79' lang='lat' dir='ltr'><strong>propheta</strong></span> <span class='ocrx_word' id='word_1_37' title='bbox 999 686 1221 750; x_wconf 75' lang='lat' dir='ltr'><strong>propter</strong></span> <span class='ocrx_word' id='word_1_38' title='bbox 1246 692 1398 749; x_wconf 88' lang='lat' dir='ltr'><strong>spem</strong></span> <span class='ocrx_word' id='word_1_39' title='bbox 1421 693 1596 747; x_wconf 86' lang='lat' dir='ltr'><strong>suam,</strong></span> <span class='ocrx_word' id='word_1_40' title='bbox 1632 678 1870 735; x_wconf 83' lang='lat' dir='ltr'><strong>futurum</strong></span> 
     </span>
    </p>
   </div>
   <div class='ocr_carea' id='block_1_7' title="bbox 273 769 1874 842">
    <p class='ocr_par' dir='ltr' id='par_1_7' title="bbox 273 769 1874 842">
     <span class='ocr_line' id='line_1_7' title="bbox 273 769 1874 842; baseline 0.002 -18"><span class='ocrx_word' id='word_1_41' title='bbox 273 784 378 842; x_wconf 89' lang='lat' dir='ltr'><strong>pro</strong></span> <span class='ocrx_word' id='word_1_42' title='bbox 410 769 691 840; x_wconf 53' lang='lat' dir='ltr'><strong>praeterito</strong></span> <span class='ocrx_word' id='word_1_43' title='bbox 721 770 922 841; x_wconf 91' lang='lat' dir='ltr'><strong>posuit.</strong></span> <span class='ocrx_word' id='word_1_44' title='bbox 957 769 1025 827; x_wconf 89' lang='lat' dir='ltr'><strong>Ut</strong></span> <span class='ocrx_word' id='word_1_45' title='bbox 1067 771 1290 827; x_wconf 84' lang='lat' dir='ltr'><strong>viderem</strong></span> <span class='ocrx_word' id='word_1_46' title='bbox 1329 773 1566 827; x_wconf 79' lang='lat' dir='ltr'><strong>virtutem</strong></span> <span class='ocrx_word' id='word_1_47' title='bbox 1607 783 1780 842; x_wconf 88' lang='lat' dir='ltr'><strong>tuam,</strong></span> <span class='ocrx_word' id='word_1_48' title='bbox 1823 782 1874 827; x_wconf 84' lang='lat' dir='ltr'><strong>et</strong></span> 
     </span>
    </p>
   </div>
   <div class='ocr_carea' id='block_1_8' title="bbox 274 861 1870 936">
    <p class='ocr_par' dir='ltr' id='par_1_8' title="bbox 274 861 1870 936">
     <span class='ocr_line' id='line_1_8' title="bbox 274 861 1870 936; baseline 0.003 -21"><span class='ocrx_word' id='word_1_49' title='bbox 274 861 495 936; x_wconf 78' lang='lat' dir='ltr'><strong>gloriam</strong></span> <span class='ocrx_word' id='word_1_50' title='bbox 519 873 683 918; x_wconf 81' lang='lat' dir='ltr'><strong>luant.</strong></span> <span class='ocrx_word' id='word_1_51' title='bbox 714 862 988 920; x_wconf 87' lang='lat' dir='ltr'><strong>Christum</strong></span> <span class='ocrx_word' id='word_1_52' title='bbox 1012 865 1194 936; x_wconf 84' lang='lat' dir='ltr'><strong>utique</strong></span> <span class='ocrx_word' id='word_1_53' title='bbox 1220 865 1331 936; x_wconf 89' lang='lat' dir='ltr'><strong>qui,</strong></span> <span class='ocrx_word' id='word_1_54' title='bbox 1351 865 1505 936; x_wconf 85' lang='lat' dir='ltr'><strong>juxta</strong></span> <span class='ocrx_word' id='word_1_55' title='bbox 1529 866 1870 936; x_wconf 79' lang='lat' dir='ltr'><strong>Apostolum,</strong></span> 
     </span>
    </p>
   </div>
   <div class='ocr_carea' id='block_1_9' title="bbox 276 942 1876 1030">
    <p class='ocr_par' dir='ltr' id='par_1_9' title="bbox 276 942 1876 1030">
     <span class='ocr_line' id='line_1_9' title="bbox 276 942 1876 1030; baseline 0.002 -20"><span class='ocrx_word' id='word_1_56' title='bbox 276 955 455 1010; x_wconf 79' lang='lat' dir='ltr'><strong>Patris</strong></span> <span class='ocrx_word' id='word_1_57' title='bbox 485 967 540 1011; x_wconf 91' lang='lat' dir='ltr'><strong>ct</strong></span> <span class='ocrx_word' id='word_1_58' title='bbox 565 955 760 1021; x_wconf 86' lang='lat' dir='ltr'><strong>virtus,</strong></span> <span class='ocrx_word' id='word_1_59' title='bbox 789 964 847 1012; x_wconf 91' lang='lat' dir='ltr'><strong>et</strong></span> <span class='ocrx_word' id='word_1_60' title='bbox 872 957 1095 1012; x_wconf 83' lang='lat' dir='ltr'><strong>claritas</strong></span> <span class='ocrx_word' id='word_1_61' title='bbox 1123 965 1230 1012; x_wconf 88' lang='lat' dir='ltr'><strong>est.</strong></span> <span class='ocrx_word' id='word_1_62' title='bbox 1272 957 1528 1012; x_wconf 77' lang='lat' dir='ltr'><strong>Virtutem</strong></span> <span class='ocrx_word' id='word_1_63' title='bbox 1550 942 1568 1012; x_wconf 71' lang='grc' dir='ltr'><strong><em>ὲ</em></strong></span> <span class='ocrx_word' id='word_1_64' title='bbox 1594 959 1717 1030; x_wconf 88' lang='lat' dir='ltr'><strong>quia</strong></span> <span class='ocrx_word' id='word_1_65' title='bbox 1747 959 1876 1013; x_wconf 86' lang='lat' dir='ltr'><strong>vicit</strong></span> 
     </span>
    </p>
   </div>
   <div class='ocr_carea' id='block_1_10' title="bbox 277 1048 1872 1121">
    <p class='ocr_par' dir='ltr' id='par_1_10' title="bbox 277 1048 1872 1121">
     <span class='ocr_line' id='line_1_10' title="bbox 277 1048 1872 1121; baseline 0 -16"><span class='ocrx_word' id='word_1_66' title='bbox 277 1048 575 1117; x_wconf 88' lang='lat' dir='ltr'><strong>diabolum,</strong></span> <span class='ocrx_word' id='word_1_67' title='bbox 604 1049 1039 1121; x_wconf 88' lang='lat' dir='ltr'><strong>liberavitgenus</strong></span> <span class='ocrx_word' id='word_1_68' title='bbox 1065 1049 1384 1106; x_wconf 84' lang='lat' dir='ltr'><strong>humanum.</strong></span> <span class='ocrx_word' id='word_1_69' title='bbox 1417 1049 1684 1106; x_wconf 78' lang='lat' dir='ltr'><strong>Virtutem</strong></span> <span class='ocrx_word' id='word_1_70' title='bbox 1717 1050 1872 1118; x_wconf 90' lang='lat' dir='ltr'><strong>dicit,</strong></span> 
     </span>
    </p>
   </div>
   <div class='ocr_carea' id='block_1_11' title="bbox 278 1141 1877 1214">
    <p class='ocr_par' dir='ltr' id='par_1_11' title="bbox 278 1141 1877 1214">
     <span class='ocr_line' id='line_1_11' title="bbox 278 1141 1877 1214; baseline 0.001 -18"><span class='ocrx_word' id='word_1_71' title='bbox 278 1143 406 1214; x_wconf 86' lang='lat' dir='ltr'><strong>quia</strong></span> <span class='ocrx_word' id='word_1_72' title='bbox 431 1143 574 1214; x_wconf 91' lang='lat' dir='ltr'><strong>quod</strong></span> <span class='ocrx_word' id='word_1_73' title='bbox 604 1141 879 1198; x_wconf 90' lang='lat' dir='ltr'><strong>inﬁrmum</strong></span> <span class='ocrx_word' id='word_1_74' title='bbox 910 1151 995 1199; x_wconf 88' lang='lat' dir='ltr'><strong>est</strong></span> <span class='ocrx_word' id='word_1_75' title='bbox 1031 1143 1149 1212; x_wconf 89' lang='lat' dir='ltr'><strong>Dei,</strong></span> <span class='ocrx_word' id='word_1_76' title='bbox 1201 1144 1394 1200; x_wconf 78' lang='lat' dir='ltr'><strong>fortius</strong></span> <span class='ocrx_word' id='word_1_77' title='bbox 1437 1152 1522 1200; x_wconf 89' lang='lat' dir='ltr'><strong>est</strong></span> <span class='ocrx_word' id='word_1_78' title='bbox 1566 1142 1877 1198; x_wconf 88' lang='lat' dir='ltr'><strong>hominibus</strong></span> 
     </span>
    </p>
   </div>
   <div class='ocr_carea' id='block_1_12' title="bbox 281 1233 1878 1309">
    <p class='ocr_par' dir='ltr' id='par_1_12' title="bbox 281 1233 1878 1309">
     <span class='ocr_line' id='line_1_12' title="bbox 281 1233 1878 1309; baseline -0.001 -17"><span class='ocrx_word' id='word_1_79' title='bbox 281 1233 333 1308; x_wconf 92' lang='lat' dir='ltr'><strong>(I</strong></span> <span class='ocrx_word' id='word_1_80' title='bbox 359 1236 478 1292; x_wconf 89' lang='lat' dir='ltr'><strong>Cor.</strong></span> <span class='ocrx_word' id='word_1_81' title='bbox 509 1235 580 1308; x_wconf 89' lang='grc' dir='ltr'><strong>ι).</strong></span> <span class='ocrx_word' id='word_1_82' title='bbox 610 1236 702 1292; x_wconf 88' lang='lat' dir='ltr'><strong>Sic</strong></span> <span class='ocrx_word' id='word_1_83' title='bbox 728 1236 782 1290; x_wconf 88' lang='lat' dir='ltr'><strong>in</strong></span> <span class='ocrx_word' id='word_1_84' title='bbox 806 1243 981 1291; x_wconf 78' lang='lat' dir='ltr'><strong>sancto</strong></span> <span class='ocrx_word' id='word_1_85' title='bbox 1010 1237 1230 1309; x_wconf 88' lang='lat' dir='ltr'><strong>apparui</strong></span> <span class='ocrx_word' id='word_1_86' title='bbox 1259 1236 1349 1292; x_wconf 80' lang='lat' dir='ltr'><strong>tibi</strong></span> <span class='ocrx_word' id='word_1_87' title='bbox 1374 1253 1391 1291; x_wconf 91' lang='lat'><strong><em>:</em></strong></span> <span class='ocrx_word' id='word_1_88' title='bbox 1425 1236 1476 1292; x_wconf 93' lang='lat' dir='ltr'><strong>id</strong></span> <span class='ocrx_word' id='word_1_89' title='bbox 1508 1247 1613 1303; x_wconf 89' lang='lat' dir='ltr'><strong>est,</strong></span> <span class='ocrx_word' id='word_1_90' title='bbox 1658 1236 1710 1291; x_wconf 91' lang='lat' dir='ltr'><strong>in</strong></span> <span class='ocrx_word' id='word_1_91' title='bbox 1753 1251 1878 1291; x_wconf 88' lang='lat' dir='ltr'><strong>san-</strong></span> 
     </span>
    </p>
   </div>
   <div class='ocr_carea' id='block_1_13' title="bbox 276 1327 1879 1402">
    <p class='ocr_par' dir='ltr' id='par_1_13' title="bbox 276 1327 1879 1402">
     <span class='ocr_line' id='line_1_13' title="bbox 276 1327 1879 1402; baseline -0.002 -17"><span class='ocrx_word' id='word_1_92' title='bbox 276 1339 368 1385; x_wconf 89' lang='lat' dir='ltr'><strong>cto</strong></span> <span class='ocrx_word' id='word_1_93' title='bbox 391 1329 680 1385; x_wconf 88' lang='lat' dir='ltr'><strong>desiderio.</strong></span> <span class='ocrx_word' id='word_1_94' title='bbox 711 1327 775 1383; x_wconf 85' lang='lat' dir='ltr'><strong>Et</strong></span> <span class='ocrx_word' id='word_1_95' title='bbox 801 1327 1025 1402; x_wconf 86' lang='lat' dir='ltr'><strong>gloriam</strong></span> <span class='ocrx_word' id='word_1_96' title='bbox 1043 1337 1218 1384; x_wconf 82' lang='lat' dir='ltr'><strong>luant:</strong></span> <span class='ocrx_word' id='word_1_97' title='bbox 1243 1329 1294 1384; x_wconf 90' lang='lat' dir='ltr'><strong>id</strong></span> <span class='ocrx_word' id='word_1_98' title='bbox 1315 1339 1420 1396; x_wconf 90' lang='lat' dir='ltr'><strong>est,</strong></span> <span class='ocrx_word' id='word_1_99' title='bbox 1446 1328 1678 1402; x_wconf 79' lang='lat' dir='ltr'><strong>gloriam</strong></span> <span class='ocrx_word' id='word_1_100' title='bbox 1704 1342 1879 1385; x_wconf 85' lang='lat' dir='ltr'><strong>resur-</strong></span> 
     </span>
    </p>
   </div>
   <div class='ocr_carea' id='block_1_14' title="bbox 274 1421 1698 1494">
    <p class='ocr_par' dir='ltr' id='par_1_14' title="bbox 274 1421 1698 1494">
     <span class='ocr_line' id='line_1_14' title="bbox 274 1421 1698 1494; baseline -0.001 -15"><span class='ocrx_word' id='word_1_101' title='bbox 274 1423 453 1494; x_wconf 85' lang='lat' dir='ltr'><strong>gentis</strong></span> <span class='ocrx_word' id='word_1_102' title='bbox 482 1440 512 1476; x_wconf 88' lang='lat' dir='ltr'><strong>a</strong></span> <span class='ocrx_word' id='word_1_103' title='bbox 544 1423 790 1489; x_wconf 88' lang='lat' dir='ltr'><strong>mortuis,</strong></span> <span class='ocrx_word' id='word_1_104' title='bbox 821 1421 1066 1478; x_wconf 85' lang='lat' dir='ltr'><strong>sedentis</strong></span> <span class='ocrx_word' id='word_1_105' title='bbox 1092 1422 1157 1478; x_wconf 91' lang='lat' dir='ltr'><strong>ad</strong></span> <span class='ocrx_word' id='word_1_106' title='bbox 1190 1422 1470 1479; x_wconf 80' lang='lat' dir='ltr'><strong>dexteram</strong></span> <span class='ocrx_word' id='word_1_107' title='bbox 1499 1422 1698 1479; x_wconf 85' lang='lat' dir='ltr'><strong>Patris.</strong></span> 
     </span>
    </p>
   </div>
   <div class='ocr_carea' id='block_1_15' title="bbox 352 1514 1878 1589">
    <p class='ocr_par' dir='ltr' id='par_1_15' title="bbox 352 1514 1878 1589">
     <span class='ocr_line' id='line_1_15' title="bbox 352 1514 1878 1589; baseline 0.001 -20"><span class='ocrx_word' id='word_1_108' title='bbox 352 1514 488 1584; x_wconf 83' lang='lat' dir='ltr'><strong>Quia</strong></span> <span class='ocrx_word' id='word_1_109' title='bbox 520 1514 698 1570; x_wconf 87' lang='lat' dir='ltr'><strong>melior</strong></span> <span class='ocrx_word' id='word_1_110' title='bbox 725 1522 797 1569; x_wconf 80' lang='lat' dir='ltr'><strong>est</strong></span> <span class='ocrx_word' id='word_1_111' title='bbox 829 1515 1183 1571; x_wconf 79' lang='lat' dir='ltr'><strong>misericordia</strong></span> <span class='ocrx_word' id='word_1_112' title='bbox 1211 1526 1297 1570; x_wconf 87' lang='lat' dir='ltr'><strong>tua</strong></span> <span class='ocrx_word' id='word_1_113' title='bbox 1320 1533 1479 1589; x_wconf 81' lang='lat' dir='ltr'><strong>super</strong></span> <span class='ocrx_word' id='word_1_114' title='bbox 1497 1517 1648 1572; x_wconf 79' lang='lat' dir='ltr'><strong>vitas.</strong></span> <span class='ocrx_word' id='word_1_115' title='bbox 1673 1515 1878 1572; x_wconf 84' lang='lat' dir='ltr'><strong>Miseri-</strong></span> 
     </span>
    </p>
   </div>
   <div class='ocr_carea' id='block_1_16' title="bbox 276 1609 1878 1682">
    <p class='ocr_par' dir='ltr' id='par_1_16' title="bbox 276 1609 1878 1682">
     <span class='ocr_line' id='line_1_16' title="bbox 276 1609 1878 1682; baseline -0.003 -12"><span class='ocrx_word' id='word_1_116' title='bbox 276 1611 463 1669; x_wconf 87' lang='lat' dir='ltr'><strong>cordia</strong></span> <span class='ocrx_word' id='word_1_117' title='bbox 507 1620 595 1667; x_wconf 90' lang='lat' dir='ltr'><strong>tua</strong></span> <span class='ocrx_word' id='word_1_118' title='bbox 644 1611 810 1666; x_wconf 88' lang='lat' dir='ltr'><strong>vitam</strong></span> <span class='ocrx_word' id='word_1_119' title='bbox 857 1619 1080 1681; x_wconf 67' lang='lat' dir='ltr'><strong>praestat</strong></span> <span class='ocrx_word' id='word_1_120' title='bbox 1124 1619 1406 1667; x_wconf 77' lang='lat' dir='ltr'><strong>a-ternam.</strong></span> <span class='ocrx_word' id='word_1_121' title='bbox 1459 1609 1579 1666; x_wconf 78' lang='lat' dir='ltr'><strong>Vita</strong></span> <span class='ocrx_word' id='word_1_122' title='bbox 1635 1624 1878 1682; x_wconf 81' lang='lat' dir='ltr'><strong>praesens</strong></span> 
     </span>
    </p>
   </div>
   <div class='ocr_carea' id='block_1_17' title="bbox 277 1705 1882 1778">
    <p class='ocr_par' dir='ltr' id='par_1_17' title="bbox 277 1705 1882 1778">
     <span class='ocr_line' id='line_1_17' title="bbox 277 1705 1882 1778; baseline -0.002 -15"><span class='ocrx_word' id='word_1_123' title='bbox 277 1723 426 1778; x_wconf 73' lang='lat' dir='ltr'><strong>szepe</strong></span> <span class='ocrx_word' id='word_1_124' title='bbox 451 1715 680 1763; x_wconf 89' lang='lat' dir='ltr'><strong>mortem</strong></span> <span class='ocrx_word' id='word_1_125' title='bbox 708 1715 990 1777; x_wconf 84' lang='lat' dir='ltr'><strong>operatur.</strong></span> <span class='ocrx_word' id='word_1_126' title='bbox 1023 1705 1383 1760; x_wconf 72' lang='lat' dir='ltr'><strong>Misericordia</strong></span> <span class='ocrx_word' id='word_1_127' title='bbox 1407 1713 1514 1772; x_wconf 91' lang='lat' dir='ltr'><strong>tua,</strong></span> <span class='ocrx_word' id='word_1_128' title='bbox 1543 1720 1650 1777; x_wconf 90' lang='lat' dir='ltr'><strong>qua</strong></span> <span class='ocrx_word' id='word_1_129' title='bbox 1678 1705 1882 1761; x_wconf 59' lang='lat' dir='ltr'><strong>libera»</strong></span> 
     </span>
    </p>
   </div>
   <div class='ocr_carea' id='block_1_18' title="bbox 277 1795 1876 1870">
    <p class='ocr_par' dir='ltr' id='par_1_18' title="bbox 277 1795 1876 1870">
     <span class='ocr_line' id='line_1_18' title="bbox 277 1795 1876 1870; baseline -0.004 -13"><span class='ocrx_word' id='word_1_130' title='bbox 277 1801 348 1858; x_wconf 87' lang='lat' dir='ltr'><strong>sti</strong></span> <span class='ocrx_word' id='word_1_131' title='bbox 381 1816 478 1856; x_wconf 86' lang='lat' dir='ltr'><strong>nos</strong></span> <span class='ocrx_word' id='word_1_132' title='bbox 509 1799 575 1855; x_wconf 91' lang='lat' dir='ltr'><strong>de</strong></span> <span class='ocrx_word' id='word_1_133' title='bbox 606 1807 876 1870; x_wconf 82' lang='lat' dir='ltr'><strong>potestate</strong></span> <span class='ocrx_word' id='word_1_134' title='bbox 904 1797 1127 1854; x_wconf 81' lang='lat' dir='ltr'><strong>diaboli.</strong></span> <span class='ocrx_word' id='word_1_135' title='bbox 1156 1797 1320 1852; x_wconf 86' lang='lat' dir='ltr'><strong>Labia</strong></span> <span class='ocrx_word' id='word_1_136' title='bbox 1344 1815 1454 1852; x_wconf 85' lang='lat' dir='ltr'><strong>utea</strong></span> <span class='ocrx_word' id='word_1_137' title='bbox 1483 1795 1771 1852; x_wconf 85' lang='lat' dir='ltr'><strong>laudabunt</strong></span> <span class='ocrx_word' id='word_1_138' title='bbox 1807 1806 1876 1863; x_wconf 88' lang='lat' dir='ltr'><strong>te,</strong></span> 
     </span>
    </p>
   </div>
   <div class='ocr_carea' id='block_1_19' title="bbox 1979 592 3568 667">
    <p class='ocr_par' dir='ltr' id='par_1_19' title="bbox 1979 592 3568 667">
     <span class='ocr_line' id='line_1_19' title="bbox 1979 592 3568 667; baseline 0.006 -24"><span class='ocrx_word' id='word_1_139' title='bbox 1979 596 2059 644; x_wconf 87' lang='lat' dir='ltr'><strong>ter</strong></span> <span class='ocrx_word' id='word_1_140' title='bbox 2085 600 2460 648; x_wconf 84' lang='lat' dir='ltr'><strong>servaverunt.</strong></span> <span class='ocrx_word' id='word_1_141' title='bbox 2495 592 2630 659; x_wconf 85' lang='lat' dir='ltr'><strong>Quia</strong></span> <span class='ocrx_word' id='word_1_142' title='bbox 2657 594 2978 650; x_wconf 84' lang='lat' dir='ltr'><strong>obstructum</strong></span> <span class='ocrx_word' id='word_1_143' title='bbox 3021 602 3096 649; x_wconf 86' lang='lat' dir='ltr'><strong>est</strong></span> <span class='ocrx_word' id='word_1_144' title='bbox 3145 610 3201 650; x_wconf 90' lang='lat' dir='ltr'><strong>os</strong></span> <span class='ocrx_word' id='word_1_145' title='bbox 3244 594 3568 667; x_wconf 86' lang='lat' dir='ltr'><strong>loquentium</strong></span> 
     </span>
    </p>
   </div>
   <div class='ocr_carea' id='block_1_20' title="bbox 1974 682 3572 759">
    <p class='ocr_par' dir='ltr' id='par_1_20' title="bbox 1974 682 3572 759">
     <span class='ocr_line' id='line_1_20' title="bbox 1974 682 3572 759; baseline 0.007 -23"><span class='ocrx_word' id='word_1_146' title='bbox 1974 682 2176 754; x_wconf 89' lang='lat' dir='ltr'><strong>iniqua.</strong></span> <span class='ocrx_word' id='word_1_147' title='bbox 2218 683 2530 740; x_wconf 65' lang='lat' dir='ltr'><strong>Iudaeorum</strong></span> <span class='ocrx_word' id='word_1_148' title='bbox 2581 693 2636 742; x_wconf 88' lang='lat' dir='ltr'><strong>et</strong></span> <span class='ocrx_word' id='word_1_149' title='bbox 2662 687 2970 759; x_wconf 88' lang='lat' dir='ltr'><strong>principum</strong></span> <span class='ocrx_word' id='word_1_150' title='bbox 3007 688 3351 745; x_wconf 85' lang='lat' dir='ltr'><strong>sacerdotum</strong></span> <span class='ocrx_word' id='word_1_151' title='bbox 3389 705 3453 746; x_wconf 93' lang='lat' dir='ltr'><strong>os</strong></span> <span class='ocrx_word' id='word_1_152' title='bbox 3485 707 3572 747; x_wconf 88' lang='lat' dir='ltr'><strong>re-</strong></span> 
     </span>
    </p>
   </div>
   <div class='ocr_carea' id='block_1_21' title="bbox 1975 778 3570 850">
    <p class='ocr_par' dir='ltr' id='par_1_21' title="bbox 1975 778 3570 850">
     <span class='ocr_line' id='line_1_21' title="bbox 1975 778 3570 850; baseline 0.006 -19"><span class='ocrx_word' id='word_1_153' title='bbox 1975 787 2234 848; x_wconf 86' lang='lat' dir='ltr'><strong>surgente</strong></span> <span class='ocrx_word' id='word_1_154' title='bbox 2259 778 2486 834; x_wconf 91' lang='lat' dir='ltr'><strong>Domino</strong></span> <span class='ocrx_word' id='word_1_155' title='bbox 2512 780 2808 850; x_wconf 89' lang='lat' dir='ltr'><strong>oppilatum</strong></span> <span class='ocrx_word' id='word_1_156' title='bbox 2823 791 2930 850; x_wconf 88' lang='lat' dir='ltr'><strong>est,</strong></span> <span class='ocrx_word' id='word_1_157' title='bbox 2954 790 3237 838; x_wconf 89' lang='lat' dir='ltr'><strong>crescente</strong></span> <span class='ocrx_word' id='word_1_158' title='bbox 3259 782 3570 840; x_wconf 88' lang='lat' dir='ltr'><strong>testimonio</strong></span> 
     </span>
    </p>
   </div>
   <div class='ocr_carea' id='block_1_22' title="bbox 1979 871 3572 942">
    <p class='ocr_par' dir='ltr' id='par_1_22' title="bbox 1979 871 3572 942">
     <span class='ocr_line' id='line_1_22' title="bbox 1979 871 3572 942; baseline 0.005 -21"><span class='ocrx_word' id='word_1_159' title='bbox 1979 871 2246 925; x_wconf 80' lang='lat' dir='ltr'><strong>veritatis.</strong></span> <span class='ocrx_word' id='word_1_160' title='bbox 2293 871 2362 925; x_wconf 86' lang='lat' dir='ltr'><strong>Et</strong></span> <span class='ocrx_word' id='word_1_161' title='bbox 2390 885 2489 928; x_wconf 90' lang='lat' dir='ltr'><strong>nos</strong></span> <span class='ocrx_word' id='word_1_162' title='bbox 2518 871 2877 941; x_wconf 72' lang='lat' dir='ltr'><strong>deprecemur</strong></span> <span class='ocrx_word' id='word_1_163' title='bbox 2915 871 3201 927; x_wconf 91' lang='lat' dir='ltr'><strong>Dominum</strong></span> <span class='ocrx_word' id='word_1_164' title='bbox 3237 891 3249 926; x_wconf 91' lang='lat'>:</span> <span class='ocrx_word' id='word_1_165' title='bbox 3287 881 3344 927; x_wconf 92' lang='lat' dir='ltr'><strong>ut</strong></span> <span class='ocrx_word' id='word_1_166' title='bbox 3368 872 3422 927; x_wconf 91' lang='lat' dir='ltr'><strong>in</strong></span> <span class='ocrx_word' id='word_1_167' title='bbox 3453 873 3572 942; x_wconf 87' lang='lat' dir='ltr'><strong>ejus</strong></span> 
     </span>
    </p>
   </div>
   <div class='ocr_carea' id='block_1_23' title="bbox 1978 960 3571 1035">
    <p class='ocr_par' dir='ltr' id='par_1_23' title="bbox 1978 960 3571 1035">
     <span class='ocr_line' id='line_1_23' title="bbox 1978 960 3571 1035; baseline 0.003 -19"><span class='ocrx_word' id='word_1_168' title='bbox 1978 960 2153 1017; x_wconf 89' lang='lat' dir='ltr'><strong>lucem</strong></span> <span class='ocrx_word' id='word_1_169' title='bbox 2180 962 2488 1033; x_wconf 85' lang='lat' dir='ltr'><strong>vigilantes,</strong></span> <span class='ocrx_word' id='word_1_170' title='bbox 2520 962 2693 1034; x_wconf 91' lang='lat' dir='ltr'><strong>ipsum</strong></span> <span class='ocrx_word' id='word_1_171' title='bbox 2715 964 2913 1035; x_wconf 79' lang='lat' dir='ltr'><strong>iugiter</strong></span> <span class='ocrx_word' id='word_1_172' title='bbox 2939 963 3213 1033; x_wconf 91' lang='lat' dir='ltr'><strong>sitientes,</strong></span> <span class='ocrx_word' id='word_1_173' title='bbox 3243 979 3571 1034; x_wconf 87' lang='lat' dir='ltr'><strong>mercamur,</strong></span> 
     </span>
    </p>
   </div>
   <div class='ocr_carea' id='block_1_24' title="bbox 1979 1054 3183 1128">
    <p class='ocr_par' dir='ltr' id='par_1_24' title="bbox 1979 1054 3183 1128">
     <span class='ocr_line' id='line_1_24' title="bbox 1979 1054 3183 1128; baseline 0.002 -19"><span class='ocrx_word' id='word_1_174' title='bbox 1979 1067 2045 1109; x_wconf 93' lang='lat' dir='ltr'><strong>eo</strong></span> <span class='ocrx_word' id='word_1_175' title='bbox 2074 1054 2373 1125; x_wconf 81' lang='lat' dir='ltr'><strong>largiente,</strong></span> <span class='ocrx_word' id='word_1_176' title='bbox 2404 1055 2561 1110; x_wconf 91' lang='lat' dir='ltr'><strong>bonis</strong></span> <span class='ocrx_word' id='word_1_177' title='bbox 2585 1056 2842 1126; x_wconf 82' lang='lat' dir='ltr'><strong>operibus</strong></span> <span class='ocrx_word' id='word_1_178' title='bbox 2871 1057 3183 1128; x_wconf 88' lang='lat' dir='ltr'><strong>adimpleri.</strong></span> 
     </span>
    </p>
   </div>
   <div class='ocr_carea' id='block_1_25' title="bbox 2509 1209 3054 1267">
    <p class='ocr_par' dir='ltr' id='par_1_25' title="bbox 2509 1209 3054 1267">
     <span class='ocr_line' id='line_1_25' title="bbox 2509 1209 3054 1267; baseline 0.002 -2"><span class='ocrx_word' id='word_1_179' title='bbox 2509 1209 2829 1267; x_wconf 83' lang='lat' dir='ltr'><strong>PSALMUS</strong></span> <span class='ocrx_word' id='word_1_180' title='bbox 2869 1210 3054 1266; x_wconf 80' lang='lat' dir='ltr'><strong>LXIII.</strong></span> 
     </span>
    </p>
   </div>
   <div class='ocr_carea' id='block_1_26' title="bbox 1982 1299 3579 1373">
    <p class='ocr_par' dir='ltr' id='par_1_26' title="bbox 1982 1299 3579 1373">
     <span class='ocr_line' id='line_1_26' title="bbox 1982 1299 3579 1373; baseline 0.003 -17"><span class='ocrx_word' id='word_1_181' title='bbox 1982 1299 2047 1356; x_wconf 91' lang='lat' dir='ltr'><strong>In</strong></span> <span class='ocrx_word' id='word_1_182' title='bbox 2078 1304 2234 1373; x_wconf 76' lang='lat' dir='ltr'><strong>finem</strong></span> <span class='ocrx_word' id='word_1_183' title='bbox 2283 1301 2527 1357; x_wconf 87' lang='lat' dir='ltr'><strong>Psalmus</strong></span> <span class='ocrx_word' id='word_1_184' title='bbox 2583 1301 2772 1358; x_wconf 78' lang='lat' dir='ltr'><strong>David.</strong></span> <span class='ocrx_word' id='word_1_185' title='bbox 2808 1303 3058 1358; x_wconf 82' lang='lat' dir='ltr'><strong>Psalmus</strong></span> <span class='ocrx_word' id='word_1_186' title='bbox 3099 1320 3291 1362; x_wconf 88' lang='lat' dir='ltr'><strong>vocem</strong></span> <span class='ocrx_word' id='word_1_187' title='bbox 3337 1307 3579 1364; x_wconf 90' lang='lat' dir='ltr'><strong>continet</strong></span> 
     </span>
    </p>
   </div>
   <div class='ocr_carea' id='block_1_27' title="bbox 2057 1374 3578 1445">
    <p class='ocr_par' dir='ltr' id='par_1_27' title="bbox 2057 1374 3578 1445">
     <span class='ocr_line' id='line_1_27' title="bbox 2057 1374 3578 1445; baseline 0.004 -17"><span class='ocrx_word' id='word_1_188' title='bbox 2057 1374 2337 1445; x_wconf 76' lang='lat' dir='ltr'><strong>propheta:</strong></span> <span class='ocrx_word' id='word_1_189' title='bbox 2387 1374 2553 1430; x_wconf 92' lang='lat' dir='ltr'><strong>Deum</strong></span> <span class='ocrx_word' id='word_1_190' title='bbox 2599 1374 2802 1445; x_wconf 87' lang='lat' dir='ltr'><strong>jugiter</strong></span> <span class='ocrx_word' id='word_1_191' title='bbox 2833 1375 3176 1444; x_wconf 88' lang='lat' dir='ltr'><strong>deprecantis</strong></span> <span class='ocrx_word' id='word_1_192' title='bbox 3210 1395 3223 1432; x_wconf 89' lang='lat'>:</span> <span class='ocrx_word' id='word_1_193' title='bbox 3255 1386 3316 1431; x_wconf 92' lang='lat' dir='ltr'><strong>ut</strong></span> <span class='ocrx_word' id='word_1_194' title='bbox 3353 1394 3459 1433; x_wconf 93' lang='lat' dir='ltr'><strong>non</strong></span> <span class='ocrx_word' id='word_1_195' title='bbox 3488 1395 3578 1434; x_wconf 90' lang='lat' dir='ltr'><strong>so-</strong></span> 
     </span>
    </p>
   </div>
   <div class='ocr_carea' id='block_1_28' title="bbox 2058 1445 3579 1520">
    <p class='ocr_par' dir='ltr' id='par_1_28' title="bbox 2058 1445 3579 1520">
     <span class='ocr_line' id='line_1_28' title="bbox 2058 1445 3579 1520; baseline 0.005 -22"><span class='ocrx_word' id='word_1_196' title='bbox 2058 1448 2167 1500; x_wconf 88' lang='lat' dir='ltr'><strong>lttm</strong></span> <span class='ocrx_word' id='word_1_197' title='bbox 2190 1461 2284 1500; x_wconf 87' lang='lat' dir='ltr'><strong>sua</strong></span> <span class='ocrx_word' id='word_1_198' title='bbox 2315 1445 2685 1520; x_wconf 75' lang='lat' dir='ltr'><strong>peccata,_scd</strong></span> <span class='ocrx_word' id='word_1_199' title='bbox 2707 1445 2891 1520; x_wconf 89' lang='lat' dir='ltr'><strong>et_alia</strong></span> <span class='ocrx_word' id='word_1_200' title='bbox 2918 1447 3181 1520; x_wconf 81' lang='lat' dir='ltr'><strong>malorum</strong></span> <span class='ocrx_word' id='word_1_201' title='bbox 3205 1464 3435 1515; x_wconf 83' lang='lat' dir='ltr'><strong>venena,</strong></span> <span class='ocrx_word' id='word_1_202' title='bbox 3460 1449 3579 1520; x_wconf 87' lang='lat' dir='ltr'><strong>ipso</strong></span> 
     </span>
    </p>
   </div>
   <div class='ocr_carea' id='block_1_29' title="bbox 2055 1517 3582 1590">
    <p class='ocr_par' dir='ltr' id='par_1_29' title="bbox 2055 1517 3582 1590">
     <span class='ocr_line' id='line_1_29' title="bbox 2055 1517 3582 1590; baseline 0.003 -18"><span class='ocrx_word' id='word_1_203' title='bbox 2055 1526 2404 1590; x_wconf 73' lang='lat' dir='ltr'><strong>protegente,</strong></span> <span class='ocrx_word' id='word_1_204' title='bbox 2429 1517 2621 1590; x_wconf 7' lang='lat' dir='ltr'><strong>possit,</strong></span> <span class='ocrx_word' id='word_1_205' title='bbox 2643 1517 2904 1573; x_wconf 85' lang='lat' dir='ltr'><strong>evadere.</strong></span> <span class='ocrx_word' id='word_1_206' title='bbox 2933 1517 3046 1590; x_wconf 86' lang='lat' dir='ltr'><strong>Sed</strong></span> <span class='ocrx_word' id='word_1_207' title='bbox 3079 1527 3133 1573; x_wconf 87' lang='lat' dir='ltr'><strong>et</strong></span> <span class='ocrx_word' id='word_1_208' title='bbox 3156 1534 3256 1574; x_wconf 87' lang='lat' dir='ltr'><strong>nos</strong></span> <span class='ocrx_word' id='word_1_209' title='bbox 3279 1517 3582 1590; x_wconf 75' lang='lat' dir='ltr'><strong>intelligere</strong></span> 
     </span>
    </p>
   </div>
   <div class='ocr_carea' id='block_1_30' title="bbox 2054 1588 3580 1659">
    <p class='ocr_par' dir='ltr' id='par_1_30' title="bbox 2054 1588 3580 1659">
     <span class='ocr_line' id='line_1_30' title="bbox 2054 1588 3580 1659; baseline 0.001 -15"><span class='ocrx_word' id='word_1_210' title='bbox 2054 1589 2317 1644; x_wconf 79' lang='lat' dir='ltr'><strong>debemus</strong></span> <span class='ocrx_word' id='word_1_211' title='bbox 2358 1589 2409 1643; x_wconf 91' lang='lat' dir='ltr'><strong>id</strong></span> <span class='ocrx_word' id='word_1_212' title='bbox 2438 1588 2582 1659; x_wconf 91' lang='lat' dir='ltr'><strong>quod</strong></span> <span class='ocrx_word' id='word_1_213' title='bbox 2612 1588 2666 1642; x_wconf 92' lang='lat' dir='ltr'><strong>in</strong></span> <span class='ocrx_word' id='word_1_214' title='bbox 2713 1603 2780 1646; x_wconf 87' lang='lat' dir='ltr'><strong>eo</strong></span> <span class='ocrx_word' id='word_1_215' title='bbox 2823 1589 3066 1657; x_wconf 88' lang='lat' dir='ltr'><strong>canitur,</strong></span> <span class='ocrx_word' id='word_1_216' title='bbox 3122 1591 3174 1644; x_wconf 95' lang='lat' dir='ltr'><strong>in</strong></span> <span class='ocrx_word' id='word_1_217' title='bbox 3230 1588 3580 1646; x_wconf 81' lang='lat' dir='ltr'><strong>credentibus</strong></span> 
     </span>
    </p>
   </div>
   <div class='ocr_carea' id='block_1_31' title="bbox 2056 1660 2478 1730">
    <p class='ocr_par' dir='ltr' id='par_1_31' title="bbox 2056 1660 2478 1730">
     <span class='ocr_line' id='line_1_31' title="bbox 2056 1660 2478 1730; baseline -0.005 -16"><span class='ocrx_word' id='word_1_218' title='bbox 2056 1675 2217 1730; x_wconf 84' lang='lat' dir='ltr'><strong>posse</strong></span> <span class='ocrx_word' id='word_1_219' title='bbox 2245 1660 2478 1730; x_wconf 90' lang='lat' dir='ltr'><strong>impleri.</strong></span> 
     </span>
    </p>
   </div>
   <div class='ocr_carea' id='block_1_32' title="bbox 2059 1797 3585 1875">
    <p class='ocr_par' dir='ltr' id='par_1_32' title="bbox 2059 1797 3585 1875">
     <span class='ocr_line' id='line_1_32' title="bbox 2059 1797 3585 1875; baseline 0.004 -23"><span class='ocrx_word' id='word_1_220' title='bbox 2059 1797 2291 1866; x_wconf 69' lang='lat' dir='ltr'><strong>Exaudi,</strong></span> <span class='ocrx_word' id='word_1_221' title='bbox 2336 1797 2499 1866; x_wconf 82' lang='lat' dir='ltr'><strong>Deus,</strong></span> <span class='ocrx_word' id='word_1_222' title='bbox 2533 1799 2819 1856; x_wconf 79' lang='lat' dir='ltr'><strong>orationem</strong></span> <span class='ocrx_word' id='word_1_223' title='bbox 2855 1818 3022 1857; x_wconf 89' lang='lat' dir='ltr'><strong>meam</strong></span> <span class='ocrx_word' id='word_1_224' title='bbox 3061 1818 3179 1857; x_wconf 89' lang='lat' dir='ltr'><strong>cum</strong></span> <span class='ocrx_word' id='word_1_225' title='bbox 3229 1802 3477 1875; x_wconf 86' lang='lat' dir='ltr'><strong>deprecor</strong></span> <span class='ocrx_word' id='word_1_226' title='bbox 3506 1821 3525 1859; x_wconf 88' lang='lat'><strong><em>:</em></strong></span> <span class='ocrx_word' id='word_1_227' title='bbox 3551 1822 3585 1858; x_wconf 90' lang='lat' dir='ltr'><strong>a</strong></span> 
     </span>
    </p>
   </div>
   <div class='ocr_carea' id='block_1_33' title="bbox 279 1887 3585 1966">
    <p class='ocr_par' dir='ltr' id='par_1_33' title="bbox 279 1887 3585 1966">
     <span class='ocr_line' id='line_1_33' title="bbox 279 1887 3585 1966; baseline 0.001 -16"><span class='ocrx_word' id='word_1_228' title='bbox 279 1892 520 1950; x_wconf 86' lang='lat' dir='ltr'><strong>Domine.</strong></span> <span class='ocrx_word' id='word_1_229' title='bbox 553 1892 642 1949; x_wconf 87' lang='lat' dir='ltr'><strong>Sic</strong></span> <span class='ocrx_word' id='word_1_230' title='bbox 672 1891 971 1947; x_wconf 87' lang='lat' dir='ltr'><strong>benedicam</strong></span> <span class='ocrx_word' id='word_1_231' title='bbox 996 1901 1044 1947; x_wconf 88' lang='lat' dir='ltr'><strong>te</strong></span> <span class='ocrx_word' id='word_1_232' title='bbox 1084 1892 1139 1946; x_wconf 87' lang='lat' dir='ltr'><strong>in</strong></span> <span class='ocrx_word' id='word_1_233' title='bbox 1177 1893 1283 1946; x_wconf 78' lang='lat' dir='ltr'><strong>vita</strong></span> <span class='ocrx_word' id='word_1_234' title='bbox 1317 1908 1447 1946; x_wconf 90' lang='lat' dir='ltr'><strong>mea.</strong></span> <span class='ocrx_word' id='word_1_235' title='bbox 1493 1891 1640 1947; x_wconf 85' lang='lat' dir='ltr'><strong>Bene</strong></span> <span class='ocrx_word' id='word_1_236' title='bbox 1681 1892 1732 1947; x_wconf 93' lang='lat' dir='ltr'><strong>in</strong></span> <span class='ocrx_word' id='word_1_237' title='bbox 1771 1891 1880 1946; x_wconf 84' lang='lat' dir='ltr'><strong>vita</strong></span> <span class='ocrx_word' id='word_1_238' title='bbox 1911 1887 1961 1949; x_wconf 88' lang='grc' dir='ltr'>Β</span> <span class='ocrx_word' id='word_1_239' title='bbox 1986 1892 2170 1948; x_wconf 86' lang='lat' dir='ltr'><strong>timore</strong></span> <span class='ocrx_word' id='word_1_240' title='bbox 2199 1893 2395 1948; x_wconf 87' lang='lat' dir='ltr'><strong>inimici</strong></span> <span class='ocrx_word' id='word_1_241' title='bbox 2439 1895 2578 1966; x_wconf 83' lang='lat' dir='ltr'><strong>eripe</strong></span> <span class='ocrx_word' id='word_1_242' title='bbox 2614 1895 2840 1950; x_wconf 84' lang='lat' dir='ltr'><strong>animant</strong></span> <span class='ocrx_word' id='word_1_243' title='bbox 2885 1912 3072 1951; x_wconf 87' lang='lat' dir='ltr'><strong>meant.</strong></span> <span class='ocrx_word' id='word_1_244' title='bbox 3103 1894 3359 1953; x_wconf 90' lang='lat' dir='ltr'><strong>Credenti</strong></span> <span class='ocrx_word' id='word_1_245' title='bbox 3393 1897 3585 1965; x_wconf 89' lang='lat' dir='ltr'><strong>Deum,</strong></span> 
     </span>
    </p>
   </div>
   <div class='ocr_carea' id='block_1_34' title="bbox 279 1985 1882 2058">
    <p class='ocr_par' dir='ltr' id='par_1_34' title="bbox 279 1985 1882 2058">
     <span class='ocr_line' id='line_1_34' title="bbox 279 1985 1882 2058; baseline -0.003 -13"><span class='ocrx_word' id='word_1_246' title='bbox 279 2004 379 2046; x_wconf 89' lang='lat' dir='ltr'><strong>sua</strong></span> <span class='ocrx_word' id='word_1_247' title='bbox 400 1989 558 2046; x_wconf 89' lang='lat' dir='ltr'><strong>labiis</strong></span> <span class='ocrx_word' id='word_1_248' title='bbox 585 1988 752 2044; x_wconf 91' lang='lat' dir='ltr'><strong>Deum</strong></span> <span class='ocrx_word' id='word_1_249' title='bbox 777 1985 982 2054; x_wconf 86' lang='lat' dir='ltr'><strong>laudat,</strong></span> <span class='ocrx_word' id='word_1_250' title='bbox 1010 1987 1100 2058; x_wconf 87' lang='lat' dir='ltr'><strong>qui</strong></span> <span class='ocrx_word' id='word_1_251' title='bbox 1131 1989 1183 2041; x_wconf 91' lang='lat' dir='ltr'><strong>in</strong></span> <span class='ocrx_word' id='word_1_252' title='bbox 1203 2002 1268 2043; x_wconf 90' lang='lat' dir='ltr'><strong>eo</strong></span> <span class='ocrx_word' id='word_1_253' title='bbox 1293 1986 1424 2041; x_wconf 83' lang='lat' dir='ltr'><strong>vivit</strong></span> <span class='ocrx_word' id='word_1_254' title='bbox 1448 2006 1458 2040; x_wconf 88' lang='lat'>:</span> <span class='ocrx_word' id='word_1_255' title='bbox 1485 1987 1606 2057; x_wconf 86' lang='lat' dir='ltr'><strong>quia</strong></span> <span class='ocrx_word' id='word_1_256' title='bbox 1629 1987 1732 2042; x_wconf 90' lang='lat' dir='ltr'><strong>scit</strong></span> <span class='ocrx_word' id='word_1_257' title='bbox 1753 1985 1882 2042; x_wconf 89' lang='lat' dir='ltr'><strong>alibi</strong></span> 
     </span>
    </p>
   </div>
   <div class='ocr_carea' id='block_1_35' title="bbox 279 2078 1880 2152">
    <p class='ocr_par' dir='ltr' id='par_1_35' title="bbox 279 2078 1880 2152">
     <span class='ocr_line' id='line_1_35' title="bbox 279 2078 1880 2152; baseline -0.004 -13"><span class='ocrx_word' id='word_1_258' title='bbox 279 2082 511 2140; x_wconf 89' lang='lat' dir='ltr'><strong>dictum:</strong></span> <span class='ocrx_word' id='word_1_259' title='bbox 539 2081 652 2137; x_wconf 85' lang='lat' dir='ltr'><strong>Non</strong></span> <span class='ocrx_word' id='word_1_260' title='bbox 675 2081 872 2137; x_wconf 89' lang='lat' dir='ltr'><strong>mortui</strong></span> <span class='ocrx_word' id='word_1_261' title='bbox 891 2079 1193 2136; x_wconf 86' lang='lat' dir='ltr'><strong>laudabunt</strong></span> <span class='ocrx_word' id='word_1_262' title='bbox 1211 2089 1282 2146; x_wconf 92' lang='lat' dir='ltr'><strong>te,</strong></span> <span class='ocrx_word' id='word_1_263' title='bbox 1307 2079 1536 2136; x_wconf 89' lang='lat' dir='ltr'><strong>Domine</strong></span> <span class='ocrx_word' id='word_1_264' title='bbox 1559 2078 1684 2152; x_wconf 89' lang='lat' dir='ltr'><strong>(Ps.</strong></span> <span class='ocrx_word' id='word_1_265' title='bbox 1706 2080 1880 2151; x_wconf 72' lang='lat' dir='ltr'><strong>exin).</strong></span> 
     </span>
    </p>
   </div>
   <div class='ocr_carea' id='block_1_36' title="bbox 280 2171 1881 2238">
    <p class='ocr_par' dir='ltr' id='par_1_36' title="bbox 280 2171 1881 2238">
     <span class='ocr_line' id='line_1_36' title="bbox 280 2171 1881 2238; baseline -0.001 -7"><span class='ocrx_word' id='word_1_266' title='bbox 280 2175 415 2231; x_wconf 89' lang='lat' dir='ltr'><strong>Post</strong></span> <span class='ocrx_word' id='word_1_267' title='bbox 436 2173 885 2238; x_wconf 87' lang='lat' dir='ltr'><strong>misericordiam,</strong></span> <span class='ocrx_word' id='word_1_268' title='bbox 915 2173 1062 2229; x_wconf 90' lang='lat' dir='ltr'><strong>laus:</strong></span> <span class='ocrx_word' id='word_1_269' title='bbox 1089 2171 1177 2230; x_wconf 84' lang='lat' dir='ltr'><strong>hic</strong></span> <span class='ocrx_word' id='word_1_270' title='bbox 1197 2173 1428 2238; x_wconf 91' lang='lat' dir='ltr'><strong>orando,</strong></span> <span class='ocrx_word' id='word_1_271' title='bbox 1454 2172 1562 2228; x_wconf 90' lang='lat' dir='ltr'><strong>illic</strong></span> <span class='ocrx_word' id='word_1_272' title='bbox 1587 2173 1881 2229; x_wconf 89' lang='lat' dir='ltr'><strong>laudando.</strong></span> 
     </span>
    </p>
   </div>
   <div class='ocr_carea' id='block_1_37' title="bbox 280 2265 1884 2336">
    <p class='ocr_par' dir='ltr' id='par_1_37' title="bbox 280 2265 1884 2336">
     <span class='ocr_line' id='line_1_37' title="bbox 280 2265 1884 2336; baseline -0.002 -13"><span class='ocrx_word' id='word_1_273' title='bbox 280 2267 354 2324; x_wconf 82' lang='lat' dir='ltr'><strong>Et</strong></span> <span class='ocrx_word' id='word_1_274' title='bbox 384 2270 437 2322; x_wconf 87' lang='lat' dir='ltr'><strong>in</strong></span> <span class='ocrx_word' id='word_1_275' title='bbox 465 2268 668 2322; x_wconf 83' lang='lat' dir='ltr'><strong>nomine</strong></span> <span class='ocrx_word' id='word_1_276' title='bbox 695 2275 781 2321; x_wconf 88' lang='lat' dir='ltr'><strong>tuo</strong></span> <span class='ocrx_word' id='word_1_277' title='bbox 803 2265 981 2321; x_wconf 83' lang='lat' dir='ltr'><strong>levabo</strong></span> <span class='ocrx_word' id='word_1_278' title='bbox 1008 2282 1192 2320; x_wconf 81' lang='lat' dir='ltr'><strong>manus</strong></span> <span class='ocrx_word' id='word_1_279' title='bbox 1225 2283 1385 2321; x_wconf 87' lang='lat' dir='ltr'><strong>meas.</strong></span> <span class='ocrx_word' id='word_1_280' title='bbox 1419 2265 1659 2322; x_wconf 77' lang='lat' dir='ltr'><strong>Perfecti</strong></span> <span class='ocrx_word' id='word_1_281' title='bbox 1701 2265 1884 2336; x_wconf 88' lang='lat' dir='ltr'><strong>operis</strong></span> 
     </span>
    </p>
   </div>
   <div class='ocr_carea' id='block_1_38' title="bbox 277 2357 1886 2430">
    <p class='ocr_par' dir='ltr' id='par_1_38' title="bbox 277 2357 1886 2430">
     <span class='ocr_line' id='line_1_38' title="bbox 277 2357 1886 2430; baseline -0.004 -11"><span class='ocrx_word' id='word_1_282' title='bbox 277 2361 428 2420; x_wconf 86' lang='lat' dir='ltr'><strong>bono</strong></span> <span class='ocrx_word' id='word_1_283' title='bbox 457 2377 486 2416; x_wconf 95' lang='lat' dir='ltr'><strong>a</strong></span> <span class='ocrx_word' id='word_1_284' title='bbox 528 2370 581 2417; x_wconf 90' lang='lat' dir='ltr'><strong>te</strong></span> <span class='ocrx_word' id='word_1_285' title='bbox 628 2359 967 2416; x_wconf 79' lang='lat' dir='ltr'><strong>sublimabor</strong></span> <span class='ocrx_word' id='word_1_286' title='bbox 996 2357 1284 2415; x_wconf 84' lang='lat' dir='ltr'><strong>:Christus</strong></span> <span class='ocrx_word' id='word_1_287' title='bbox 1337 2367 1446 2414; x_wconf 89' lang='lat' dir='ltr'><strong>tota</strong></span> <span class='ocrx_word' id='word_1_288' title='bbox 1493 2358 1582 2415; x_wconf 89' lang='lat' dir='ltr'><strong>die</strong></span> <span class='ocrx_word' id='word_1_289' title='bbox 1624 2357 1886 2430; x_wconf 82' lang='lat' dir='ltr'><strong>expandit</strong></span> 
     </span>
    </p>
   </div>
   <div class='ocr_carea' id='block_1_39' title="bbox 280 2451 1884 2526">
    <p class='ocr_par' dir='ltr' id='par_1_39' title="bbox 280 2451 1884 2526">
     <span class='ocr_line' id='line_1_39' title="bbox 280 2451 1884 2526; baseline -0.006 -11"><span class='ocrx_word' id='word_1_290' title='bbox 280 2472 476 2515; x_wconf 88' lang='lat' dir='ltr'><strong>manus</strong></span> <span class='ocrx_word' id='word_1_291' title='bbox 504 2457 555 2511; x_wconf 90' lang='lat' dir='ltr'><strong>in</strong></span> <span class='ocrx_word' id='word_1_292' title='bbox 587 2470 749 2513; x_wconf 91' lang='lat' dir='ltr'><strong>cruce</strong></span> <span class='ocrx_word' id='word_1_293' title='bbox 775 2454 844 2511; x_wconf 91' lang='lat' dir='ltr'><strong>ad</strong></span> <span class='ocrx_word' id='word_1_294' title='bbox 874 2453 1132 2526; x_wconf 90' lang='lat' dir='ltr'><strong>populum</strong></span> <span class='ocrx_word' id='word_1_295' title='bbox 1164 2468 1270 2509; x_wconf 92' lang='lat' dir='ltr'><strong>non</strong></span> <span class='ocrx_word' id='word_1_296' title='bbox 1300 2451 1638 2520; x_wconf 89' lang='lat' dir='ltr'><strong>credentem,</strong></span> <span class='ocrx_word' id='word_1_297' title='bbox 1668 2459 1723 2507; x_wconf 92' lang='lat' dir='ltr'><strong>et</strong></span> <span class='ocrx_word' id='word_1_298' title='bbox 1748 2465 1884 2508; x_wconf 87' lang='lat' dir='ltr'><strong>con-</strong></span> 
     </span>
    </p>
   </div>
   <div class='ocr_carea' id='block_1_40' title="bbox 283 2547 1886 2618">
    <p class='ocr_par' dir='ltr' id='par_1_40' title="bbox 283 2547 1886 2618">
     <span class='ocr_line' id='line_1_40' title="bbox 283 2547 1886 2618; baseline -0.001 -14"><span class='ocrx_word' id='word_1_299' title='bbox 283 2548 646 2606; x_wconf 83' lang='lat' dir='ltr'><strong>tradicentem</strong></span> <span class='ocrx_word' id='word_1_300' title='bbox 678 2547 804 2606; x_wconf 87' lang='lat' dir='ltr'><strong>sibi.</strong></span> <span class='ocrx_word' id='word_1_301' title='bbox 832 2548 996 2605; x_wconf 79' lang='lat' dir='ltr'><strong>Velut</strong></span> <span class='ocrx_word' id='word_1_302' title='bbox 1021 2547 1220 2605; x_wconf 81' lang='lat' dir='ltr'><strong>Paulus</strong></span> <span class='ocrx_word' id='word_1_303' title='bbox 1250 2547 1301 2602; x_wconf 93' lang='lat' dir='ltr'><strong>in</strong></span> <span class='ocrx_word' id='word_1_304' title='bbox 1350 2561 1617 2618; x_wconf 89' lang='lat' dir='ltr'><strong>personas</strong></span> <span class='ocrx_word' id='word_1_305' title='bbox 1667 2553 1886 2602; x_wconf 87' lang='lat' dir='ltr'><strong>sancto-</strong></span> 
     </span>
    </p>
   </div>
   <div class='ocr_carea' id='block_1_41' title="bbox 282 2639 1886 2714">
    <p class='ocr_par' dir='ltr' id='par_1_41' title="bbox 282 2639 1886 2714">
     <span class='ocr_line' id='line_1_41' title="bbox 282 2639 1886 2714; baseline -0.004 -13"><span class='ocrx_word' id='word_1_306' title='bbox 282 2659 403 2701; x_wconf 87' lang='lat' dir='ltr'><strong>rum</strong></span> <span class='ocrx_word' id='word_1_307' title='bbox 438 2643 625 2701; x_wconf 86' lang='lat' dir='ltr'><strong>levans</strong></span> <span class='ocrx_word' id='word_1_308' title='bbox 674 2658 865 2699; x_wconf 88' lang='lat' dir='ltr'><strong>manus</strong></span> <span class='ocrx_word' id='word_1_309' title='bbox 902 2657 1066 2714; x_wconf 84' lang='lat' dir='ltr'><strong>puras</strong></span> <span class='ocrx_word' id='word_1_310' title='bbox 1097 2641 1214 2698; x_wconf 88' lang='lat' dir='ltr'><strong>sine</strong></span> <span class='ocrx_word' id='word_1_311' title='bbox 1257 2640 1370 2705; x_wconf 84' lang='lat' dir='ltr'><strong>ira,</strong></span> <span class='ocrx_word' id='word_1_312' title='bbox 1402 2649 1457 2696; x_wconf 85' lang='lat' dir='ltr'><strong>et</strong></span> <span class='ocrx_word' id='word_1_313' title='bbox 1487 2639 1886 2710; x_wconf 88' lang='lat' dir='ltr'><strong>disceptatione</strong></span> 
     </span>
    </p>
   </div>
   <div class='ocr_carea' id='block_1_42' title="bbox 283 2731 1889 2811">
    <p class='ocr_par' dir='ltr' id='par_1_42' title="bbox 283 2731 1889 2811">
     <span class='ocr_line' id='line_1_42' title="bbox 283 2731 1889 2811; baseline -0.003 -20"><span class='ocrx_word' id='word_1_314' title='bbox 283 2735 449 2811; x_wconf 83' lang='lat' dir='ltr'><strong>(Isai.</strong></span> <span class='ocrx_word' id='word_1_315' title='bbox 508 2753 631 2806; x_wconf 78' lang='lat' dir='ltr'><strong>uv,</strong></span> <span class='ocrx_word' id='word_1_316' title='bbox 671 2747 718 2792; x_wconf 89' lang='lat' dir='ltr'><strong>et</strong></span> <span class='ocrx_word' id='word_1_317' title='bbox 753 2735 776 2793; x_wconf 87' lang='grc' dir='ltr'><strong>ι</strong></span> <span class='ocrx_word' id='word_1_318' title='bbox 813 2735 948 2794; x_wconf 87' lang='lat' dir='ltr'><strong>Tim.</strong></span> <span class='ocrx_word' id='word_1_319' title='bbox 977 2738 1073 2808; x_wconf 90' lang='grc' dir='ltr'>ιι).</span> <span class='ocrx_word' id='word_1_320' title='bbox 1103 2734 1209 2792; x_wconf 89' lang='lat' dir='ltr'><strong>Per</strong></span> <span class='ocrx_word' id='word_1_321' title='bbox 1239 2748 1461 2802; x_wconf 89' lang='lat' dir='ltr'><strong>manus,</strong></span> <span class='ocrx_word' id='word_1_322' title='bbox 1494 2747 1660 2805; x_wconf 88' lang='lat' dir='ltr'><strong>opera</strong></span> <span class='ocrx_word' id='word_1_323' title='bbox 1689 2731 1889 2788; x_wconf 89' lang='lat' dir='ltr'><strong>intelli-</strong></span> 
     </span>
    </p>
   </div>
   <div class='ocr_carea' id='block_1_43' title="bbox 285 2840 507 2904">
    <p class='ocr_par' dir='ltr' id='par_1_43' title="bbox 285 2840 507 2904">
     <span class='ocr_line' id='line_1_43' title="bbox 285 2840 507 2904; baseline 0.014 -20"><span class='ocrx_word' id='word_1_324' title='bbox 285 2840 507 2904; x_wconf 86' lang='lat' dir='ltr'><strong>guntnr.</strong></span> 
     </span>
    </p>
   </div>
   <div class='ocr_carea' id='block_1_44' title="bbox 360 2920 1886 2998">
    <p class='ocr_par' dir='ltr' id='par_1_44' title="bbox 360 2920 1886 2998">
     <span class='ocr_line' id='line_1_44' title="bbox 360 2920 1886 2998; baseline -0.008 -14"><span class='ocrx_word' id='word_1_325' title='bbox 360 2927 510 2984; x_wconf 83' lang='lat' dir='ltr'><strong>Sicut</strong></span> <span class='ocrx_word' id='word_1_326' title='bbox 547 2926 732 2997; x_wconf 83' lang='lat' dir='ltr'><strong>adipe,</strong></span> <span class='ocrx_word' id='word_1_327' title='bbox 758 2933 810 2980; x_wconf 89' lang='lat' dir='ltr'><strong>et</strong></span> <span class='ocrx_word' id='word_1_328' title='bbox 839 2923 1153 2998; x_wconf 86' lang='lat' dir='ltr'><strong>pinguedine</strong></span> <span class='ocrx_word' id='word_1_329' title='bbox 1181 2921 1444 2996; x_wconf 85' lang='lat' dir='ltr'><strong>repleatur</strong></span> <span class='ocrx_word' id='word_1_330' title='bbox 1473 2920 1650 2976; x_wconf 87' lang='lat' dir='ltr'><strong>anima</strong></span> <span class='ocrx_word' id='word_1_331' title='bbox 1680 2935 1810 2987; x_wconf 87' lang='lat' dir='ltr'><strong>mea,</strong></span> <span class='ocrx_word' id='word_1_332' title='bbox 1839 2925 1886 2974; x_wconf 87' lang='lat' dir='ltr'><strong>et</strong></span> 
     </span>
    </p>
   </div>
   <div class='ocr_carea' id='block_1_45' title="bbox 285 3013 1888 3084">
    <p class='ocr_par' dir='ltr' id='par_1_45' title="bbox 285 3013 1888 3084">
     <span class='ocr_line' id='line_1_45' title="bbox 285 3013 1888 3084; baseline -0.006 -6"><span class='ocrx_word' id='word_1_333' title='bbox 285 3021 437 3078; x_wconf 85' lang='lat' dir='ltr'><strong>labiis</strong></span> <span class='ocrx_word' id='word_1_334' title='bbox 460 3019 822 3076; x_wconf 72' lang='lat' dir='ltr'><strong>exsultationis</strong></span> <span class='ocrx_word' id='word_1_335' title='bbox 847 3017 1080 3073; x_wconf 82' lang='lat' dir='ltr'><strong>laudabit</strong></span> <span class='ocrx_word' id='word_1_336' title='bbox 1105 3035 1161 3072; x_wconf 90' lang='lat' dir='ltr'><strong>os</strong></span> <span class='ocrx_word' id='word_1_337' title='bbox 1190 3032 1381 3072; x_wconf 86' lang='lat' dir='ltr'><strong>meum.</strong></span> <span class='ocrx_word' id='word_1_338' title='bbox 1410 3013 1528 3071; x_wconf 86' lang='lat' dir='ltr'><strong>Non</strong></span> <span class='ocrx_word' id='word_1_339' title='bbox 1560 3015 1613 3070; x_wconf 83' lang='lat' dir='ltr'><strong>in</strong></span> <span class='ocrx_word' id='word_1_340' title='bbox 1637 3013 1796 3084; x_wconf 87' lang='lat' dir='ltr'><strong>adipe</strong></span> <span class='ocrx_word' id='word_1_341' title='bbox 1825 3027 1888 3068; x_wconf 88' lang='lat' dir='ltr'><strong>ac</strong></span> 
     </span>
    </p>
   </div>
   <div class='ocr_carea' id='block_1_46' title="bbox 285 3106 1886 3187">
    <p class='ocr_par' dir='ltr' id='par_1_46' title="bbox 285 3106 1886 3187">
     <span class='ocr_line' id='line_1_46' title="bbox 285 3106 1886 3187; baseline -0.007 -16"><span class='ocrx_word' id='word_1_342' title='bbox 285 3114 617 3187; x_wconf 79' lang='lat' dir='ltr'><strong>pinguedine</strong></span> <span class='ocrx_word' id='word_1_343' title='bbox 645 3113 925 3170; x_wconf 89' lang='lat' dir='ltr'><strong>hircorum</strong></span> <span class='ocrx_word' id='word_1_344' title='bbox 955 3111 1044 3168; x_wconf 86' lang='lat' dir='ltr'><strong>vel</strong></span> <span class='ocrx_word' id='word_1_345' title='bbox 1073 3125 1338 3183; x_wconf 79' lang='lat' dir='ltr'><strong>agnorum</strong></span> <span class='ocrx_word' id='word_1_346' title='bbox 1367 3127 1378 3163; x_wconf 87' lang='lat'><strong>:</strong></span> <span class='ocrx_word' id='word_1_347' title='bbox 1415 3108 1557 3164; x_wconf 89' lang='lat' dir='ltr'><strong>sicut</strong></span> <span class='ocrx_word' id='word_1_348' title='bbox 1587 3106 1886 3179; x_wconf 90' lang='lat' dir='ltr'><strong>priscorum</strong></span> 
     </span>
    </p>
   </div>
   <div class='ocr_carea' id='block_1_47' title="bbox 285 3204 1889 3275">
    <p class='ocr_par' dir='ltr' id='par_1_47' title="bbox 285 3204 1889 3275">
     <span class='ocr_line' id='line_1_47' title="bbox 285 3204 1889 3275; baseline -0.005 -9"><span class='ocrx_word' id='word_1_349' title='bbox 285 3209 815 3266; x_wconf 86' lang='lat' dir='ltr'><strong>holocaustomatum</strong></span> <span class='ocrx_word' id='word_1_350' title='bbox 845 3222 963 3264; x_wconf 89' lang='lat' dir='ltr'><strong>mos</strong></span> <span class='ocrx_word' id='word_1_351' title='bbox 989 3217 1104 3274; x_wconf 88' lang='lat' dir='ltr'><strong>est;</strong></span> <span class='ocrx_word' id='word_1_352' title='bbox 1142 3205 1243 3262; x_wconf 88' lang='lat' dir='ltr'><strong>sed</strong></span> <span class='ocrx_word' id='word_1_353' title='bbox 1283 3204 1447 3262; x_wconf 90' lang='lat' dir='ltr'><strong>corde</strong></span> <span class='ocrx_word' id='word_1_354' title='bbox 1487 3219 1658 3275; x_wconf 91' lang='lat' dir='ltr'><strong>puro,</strong></span> <span class='ocrx_word' id='word_1_355' title='bbox 1701 3211 1756 3260; x_wconf 92' lang='lat' dir='ltr'><strong>et</strong></span> <span class='ocrx_word' id='word_1_356' title='bbox 1793 3216 1889 3258; x_wconf 88' lang='lat' dir='ltr'><strong>ore</strong></span> 
     </span>
    </p>
   </div>
   <div class='ocr_carea' id='block_1_48' title="bbox 1985 1988 3585 2062">
    <p class='ocr_par' dir='ltr' id='par_1_48' title="bbox 1985 1988 3585 2062">
     <span class='ocr_line' id='line_1_48' title="bbox 1985 1988 3585 2062; baseline 0.004 -20"><span class='ocrx_word' id='word_1_357' title='bbox 1985 1988 2155 2042; x_wconf 89' lang='lat' dir='ltr'><strong>multa</strong></span> <span class='ocrx_word' id='word_1_358' title='bbox 2180 1996 2305 2043; x_wconf 89' lang='lat' dir='ltr'><strong>sunt</strong></span> <span class='ocrx_word' id='word_1_359' title='bbox 2331 1996 2686 2057; x_wconf 87' lang='lat' dir='ltr'><strong>tenlamenta,</strong></span> <span class='ocrx_word' id='word_1_360' title='bbox 2720 1989 3022 2046; x_wconf 86' lang='lat' dir='ltr'><strong>secundum</strong></span> <span class='ocrx_word' id='word_1_361' title='bbox 3063 1990 3389 2062; x_wconf 81' lang='lat' dir='ltr'><strong>Apostolum</strong></span> <span class='ocrx_word' id='word_1_362' title='bbox 3419 1991 3585 2048; x_wconf 88' lang='lat' dir='ltr'><strong>:Otn-</strong></span> 
     </span>
    </p>
   </div>
   <div class='ocr_carea' id='block_1_49' title="bbox 1985 2079 3584 2154">
    <p class='ocr_par' dir='ltr' id='par_1_49' title="bbox 1985 2079 3584 2154">
     <span class='ocr_line' id='line_1_49' title="bbox 1985 2079 3584 2154; baseline 0.002 -19"><span class='ocrx_word' id='word_1_363' title='bbox 1985 2096 2104 2150; x_wconf 88' lang='lat' dir='ltr'><strong>nes,</strong></span> <span class='ocrx_word' id='word_1_364' title='bbox 2140 2079 2338 2151; x_wconf 89' lang='lat' dir='ltr'><strong>inquit,</strong></span> <span class='ocrx_word' id='word_1_365' title='bbox 2371 2081 2463 2152; x_wconf 87' lang='lat' dir='ltr'><strong>qui</strong></span> <span class='ocrx_word' id='word_1_366' title='bbox 2494 2081 2686 2139; x_wconf 86' lang='lat' dir='ltr'><strong>volunt</strong></span> <span class='ocrx_word' id='word_1_367' title='bbox 2733 2082 2820 2152; x_wconf 92' lang='lat' dir='ltr'><strong>pie</strong></span> <span class='ocrx_word' id='word_1_368' title='bbox 2866 2083 3049 2140; x_wconf 88' lang='lat' dir='ltr'><strong>vivere</strong></span> <span class='ocrx_word' id='word_1_369' title='bbox 3089 2083 3142 2139; x_wconf 92' lang='lat' dir='ltr'><strong>in</strong></span> <span class='ocrx_word' id='word_1_370' title='bbox 3175 2083 3392 2141; x_wconf 89' lang='lat' dir='ltr'><strong>Christo</strong></span> <span class='ocrx_word' id='word_1_371' title='bbox 3431 2084 3584 2154; x_wconf 85' lang='lat' dir='ltr'><strong>Jesu,</strong></span> 
     </span>
    </p>
   </div>
   <div class='ocr_carea' id='block_1_50' title="bbox 1986 2175 3592 2250">
    <p class='ocr_par' dir='ltr' id='par_1_50' title="bbox 1986 2175 3592 2250">
     <span class='ocr_line' id='line_1_50' title="bbox 1986 2175 3592 2250; baseline 0.003 -19"><span class='ocrx_word' id='word_1_372' title='bbox 1986 2175 2422 2246; x_wconf 90' lang='lat' dir='ltr'><strong>persecutionem</strong></span> <span class='ocrx_word' id='word_1_373' title='bbox 2454 2177 2736 2247; x_wconf 90' lang='lat' dir='ltr'><strong>patiuntur</strong></span> <span class='ocrx_word' id='word_1_374' title='bbox 2767 2178 2834 2250; x_wconf 91' lang='lat' dir='ltr'><strong>(ll</strong></span> <span class='ocrx_word' id='word_1_375' title='bbox 2873 2177 3009 2232; x_wconf 87' lang='lat' dir='ltr'><strong>Tim.</strong></span> <span class='ocrx_word' id='word_1_376' title='bbox 3056 2177 3160 2250; x_wconf 83' lang='lat' dir='ltr'><strong>tn).</strong></span> <span class='ocrx_word' id='word_1_377' title='bbox 3199 2179 3358 2237; x_wconf 87' lang='lat' dir='ltr'><strong>Unde</strong></span> <span class='ocrx_word' id='word_1_378' title='bbox 3382 2179 3592 2236; x_wconf 87' lang='lat' dir='ltr'><strong>intente</strong></span> 
     </span>
    </p>
   </div>
   <div class='ocr_carea' id='block_1_51' title="bbox 1986 2269 3587 2343">
    <p class='ocr_par' dir='ltr' id='par_1_51' title="bbox 1986 2269 3587 2343">
     <span class='ocr_line' id='line_1_51' title="bbox 1986 2269 3587 2343; baseline 0.004 -21"><span class='ocrx_word' id='word_1_379' title='bbox 1986 2283 2090 2323; x_wconf 87' lang='lat' dir='ltr'><strong>nos</strong></span> <span class='ocrx_word' id='word_1_380' title='bbox 2135 2269 2187 2324; x_wconf 92' lang='lat' dir='ltr'><strong>in</strong></span> <span class='ocrx_word' id='word_1_381' title='bbox 2238 2270 2577 2325; x_wconf 85' lang='lat' dir='ltr'><strong>orationibus</strong></span> <span class='ocrx_word' id='word_1_382' title='bbox 2624 2271 2852 2342; x_wconf 82' lang='lat' dir='ltr'><strong>vigilare</strong></span> <span class='ocrx_word' id='word_1_383' title='bbox 2894 2280 3140 2342; x_wconf 88' lang='lat' dir='ltr'><strong>oportet,</strong></span> <span class='ocrx_word' id='word_1_384' title='bbox 3175 2280 3233 2327; x_wconf 91' lang='lat' dir='ltr'><strong>ut</strong></span> <span class='ocrx_word' id='word_1_385' title='bbox 3280 2287 3587 2343; x_wconf 86' lang='lat' dir='ltr'><strong>repugnare</strong></span> 
     </span>
    </p>
   </div>
   <div class='ocr_carea' id='block_1_52' title="bbox 1987 2363 3588 2435">
    <p class='ocr_par' dir='ltr' id='par_1_52' title="bbox 1987 2363 3588 2435">
     <span class='ocr_line' id='line_1_52' title="bbox 1987 2363 3588 2435; baseline 0.002 -18"><span class='ocrx_word' id='word_1_386' title='bbox 1987 2364 2262 2435; x_wconf 89' lang='lat' dir='ltr'><strong>possimus</strong></span> <span class='ocrx_word' id='word_1_387' title='bbox 2287 2364 2453 2419; x_wconf 83' lang='lat' dir='ltr'><strong>vitiis.</strong></span> <span class='ocrx_word' id='word_1_388' title='bbox 2480 2365 2526 2417; x_wconf 83' lang='grc' dir='ltr'><strong><em>Α</em></strong></span> <span class='ocrx_word' id='word_1_389' title='bbox 2547 2363 2729 2418; x_wconf 88' lang='lat' dir='ltr'><strong>timore</strong></span> <span class='ocrx_word' id='word_1_390' title='bbox 2746 2364 2949 2418; x_wconf 85' lang='lat' dir='ltr'><strong>inimici</strong></span> <span class='ocrx_word' id='word_1_391' title='bbox 2973 2379 2992 2417; x_wconf 91' lang='lat'><strong><em>:</em></strong></span> <span class='ocrx_word' id='word_1_392' title='bbox 3021 2363 3072 2419; x_wconf 90' lang='lat' dir='ltr'><strong>id</strong></span> <span class='ocrx_word' id='word_1_393' title='bbox 3101 2372 3206 2431; x_wconf 92' lang='lat' dir='ltr'><strong>est,</strong></span> <span class='ocrx_word' id='word_1_394' title='bbox 3239 2363 3436 2419; x_wconf 87' lang='lat' dir='ltr'><strong>diaboli</strong></span> <span class='ocrx_word' id='word_1_395' title='bbox 3464 2379 3588 2430; x_wconf 89' lang='lat' dir='ltr'><strong>per-</strong></span> 
     </span>
    </p>
   </div>
   <div class='ocr_carea' id='block_1_53' title="bbox 1987 2454 3590 2526">
    <p class='ocr_par' dir='ltr' id='par_1_53' title="bbox 1987 2454 3590 2526">
     <span class='ocr_line' id='line_1_53' title="bbox 1987 2454 3590 2526; baseline -0.001 -14"><span class='ocrx_word' id='word_1_396' title='bbox 1987 2456 2254 2513; x_wconf 88' lang='lat' dir='ltr'><strong>secutoris</strong></span> <span class='ocrx_word' id='word_1_397' title='bbox 2288 2473 2302 2510; x_wconf 93' lang='lat'><strong>:</strong></span> <span class='ocrx_word' id='word_1_398' title='bbox 2335 2465 2396 2511; x_wconf 91' lang='lat' dir='ltr'><strong>ut</strong></span> <span class='ocrx_word' id='word_1_399' title='bbox 2428 2455 2561 2511; x_wconf 88' lang='lat' dir='ltr'><strong>illud</strong></span> <span class='ocrx_word' id='word_1_400' title='bbox 2593 2475 2603 2509; x_wconf 93' lang='lat'>:</span> <span class='ocrx_word' id='word_1_401' title='bbox 2637 2454 2819 2512; x_wconf 89' lang='lat' dir='ltr'><strong>Nolite</strong></span> <span class='ocrx_word' id='word_1_402' title='bbox 2849 2455 3040 2511; x_wconf 89' lang='lat' dir='ltr'><strong>timere</strong></span> <span class='ocrx_word' id='word_1_403' title='bbox 3076 2471 3172 2512; x_wconf 90' lang='lat' dir='ltr'><strong>eos</strong></span> <span class='ocrx_word' id='word_1_404' title='bbox 3198 2455 3291 2526; x_wconf 90' lang='lat' dir='ltr'><strong>qui</strong></span> <span class='ocrx_word' id='word_1_405' title='bbox 3335 2454 3590 2510; x_wconf 90' lang='lat' dir='ltr'><strong>occidunt</strong></span> 
     </span>
    </p>
   </div>
   <div class='ocr_carea' id='block_1_54' title="bbox 1989 2547 3590 2620">
    <p class='ocr_par' dir='ltr' id='par_1_54' title="bbox 1989 2547 3590 2620">
     <span class='ocr_line' id='line_1_54' title="bbox 1989 2547 3590 2620; baseline -0.001 -16"><span class='ocrx_word' id='word_1_406' title='bbox 1989 2563 2188 2620; x_wconf 90' lang='lat' dir='ltr'><strong>corpus</strong></span> <span class='ocrx_word' id='word_1_407' title='bbox 2222 2567 2233 2602; x_wconf 90' lang='lat'>:</span> <span class='ocrx_word' id='word_1_408' title='bbox 2274 2549 2518 2604; x_wconf 89' lang='lat' dir='ltr'><strong>animam</strong></span> <span class='ocrx_word' id='word_1_409' title='bbox 2546 2557 2729 2604; x_wconf 90' lang='lat' dir='ltr'><strong>autem</strong></span> <span class='ocrx_word' id='word_1_410' title='bbox 2767 2564 2876 2604; x_wconf 89' lang='lat' dir='ltr'><strong>non</strong></span> <span class='ocrx_word' id='word_1_411' title='bbox 2916 2557 3145 2620; x_wconf 89' lang='lat' dir='ltr'><strong>possunt</strong></span> <span class='ocrx_word' id='word_1_412' title='bbox 3169 2547 3459 2612; x_wconf 88' lang='lat' dir='ltr'><strong>occidere;</strong></span> <span class='ocrx_word' id='word_1_413' title='bbox 3492 2547 3590 2604; x_wconf 89' lang='lat' dir='ltr'><strong>scd</strong></span> 
     </span>
    </p>
   </div>
   <div class='ocr_carea' id='block_1_55' title="bbox 1991 2641 3589 2714">
    <p class='ocr_par' dir='ltr' id='par_1_55' title="bbox 1991 2641 3589 2714">
     <span class='ocr_line' id='line_1_55' title="bbox 1991 2641 3589 2714; baseline 0.003 -18"><span class='ocrx_word' id='word_1_414' title='bbox 1991 2643 2171 2713; x_wconf 91' lang='lat' dir='ltr'><strong>potius</strong></span> <span class='ocrx_word' id='word_1_415' title='bbox 2201 2657 2324 2699; x_wconf 90' lang='lat' dir='ltr'><strong>eum</strong></span> <span class='ocrx_word' id='word_1_416' title='bbox 2374 2643 2587 2710; x_wconf 87' lang='lat' dir='ltr'><strong>timete,</strong></span> <span class='ocrx_word' id='word_1_417' title='bbox 2619 2641 2710 2714; x_wconf 88' lang='lat' dir='ltr'><strong>qui</strong></span> <span class='ocrx_word' id='word_1_418' title='bbox 2744 2650 2922 2712; x_wconf 88' lang='lat' dir='ltr'><strong>potest</strong></span> <span class='ocrx_word' id='word_1_419' title='bbox 2948 2657 3152 2714; x_wconf 90' lang='lat' dir='ltr'><strong>corpus</strong></span> <span class='ocrx_word' id='word_1_420' title='bbox 3175 2687 3190 2711; x_wconf 88' lang='lat'><strong>,</strong></span> <span class='ocrx_word' id='word_1_421' title='bbox 3246 2652 3298 2700; x_wconf 90' lang='lat' dir='ltr'><strong>et</strong></span> <span class='ocrx_word' id='word_1_422' title='bbox 3346 2643 3589 2700; x_wconf 90' lang='lat' dir='ltr'><strong>animam</strong></span> 
     </span>
    </p>
   </div>
   <div class='ocr_carea' id='block_1_56' title="bbox 1990 2734 2959 2808">
    <p class='ocr_par' dir='ltr' id='par_1_56' title="bbox 1990 2734 2959 2808">
     <span class='ocr_line' id='line_1_56' title="bbox 1990 2734 2959 2808; baseline -0.001 -16"><span class='ocrx_word' id='word_1_423' title='bbox 1990 2735 2220 2806; x_wconf 88' lang='lat' dir='ltr'><strong>perdere</strong></span> <span class='ocrx_word' id='word_1_424' title='bbox 2250 2735 2302 2790; x_wconf 92' lang='lat' dir='ltr'><strong>in</strong></span> <span class='ocrx_word' id='word_1_425' title='bbox 2334 2735 2640 2808; x_wconf 77' lang='lat' dir='ltr'><strong>gehennam</strong></span> <span class='ocrx_word' id='word_1_426' title='bbox 2674 2734 2852 2807; x_wconf 81' lang='lat' dir='ltr'><strong>(Matt.</strong></span> <span class='ocrx_word' id='word_1_427' title='bbox 2880 2735 2959 2804; x_wconf 72' lang='grc' dir='ltr'>χ).</span> 
     </span>
    </p>
   </div>
   <div class='ocr_carea' id='block_1_57' title="bbox 2067 2826 3590 2900">
    <p class='ocr_par' dir='ltr' id='par_1_57' title="bbox 2067 2826 3590 2900">
     <span class='ocr_line' id='line_1_57' title="bbox 2067 2826 3590 2900; baseline 0.003 -19"><span class='ocrx_word' id='word_1_428' title='bbox 2067 2826 2349 2883; x_wconf 75' lang='lat' dir='ltr'><strong>Protexisti</strong></span> <span class='ocrx_word' id='word_1_429' title='bbox 2390 2844 2470 2883; x_wconf 89' lang='lat' dir='ltr'><strong>me</strong></span> <span class='ocrx_word' id='word_1_430' title='bbox 2499 2845 2533 2882; x_wconf 90' lang='lat' dir='ltr'><strong>a</strong></span> <span class='ocrx_word' id='word_1_431' title='bbox 2558 2837 2810 2883; x_wconf 87' lang='lat' dir='ltr'><strong>conventu</strong></span> <span class='ocrx_word' id='word_1_432' title='bbox 2840 2829 3259 2900; x_wconf 87' lang='lat' dir='ltr'><strong>malignantium,</strong></span> <span class='ocrx_word' id='word_1_433' title='bbox 3293 2846 3324 2884; x_wconf 90' lang='lat' dir='ltr'><strong>a</strong></span> <span class='ocrx_word' id='word_1_434' title='bbox 3355 2832 3590 2886; x_wconf 81' lang='lat' dir='ltr'><strong>multitu-</strong></span> 
     </span>
    </p>
   </div>
   <div class='ocr_carea' id='block_1_58' title="bbox 1993 2923 3589 3001">
    <p class='ocr_par' dir='ltr' id='par_1_58' title="bbox 1993 2923 3589 3001">
     <span class='ocr_line' id='line_1_58' title="bbox 1993 2923 3589 3001; baseline 0.004 -23"><span class='ocrx_word' id='word_1_435' title='bbox 1993 2923 2114 2978; x_wconf 85' lang='lat' dir='ltr'><strong>dine</strong></span> <span class='ocrx_word' id='word_1_436' title='bbox 2133 2924 2464 2994; x_wconf 81' lang='lat' dir='ltr'><strong>operantium</strong></span> <span class='ocrx_word' id='word_1_437' title='bbox 2493 2924 2817 2996; x_wconf 86' lang='lat' dir='ltr'><strong>iniquitatem</strong></span> <span class='ocrx_word' id='word_1_438' title='bbox 2845 2940 2865 2978; x_wconf 89' lang='lat'><strong><em>:</em></strong></span> <span class='ocrx_word' id='word_1_439' title='bbox 2893 2925 3018 2995; x_wconf 87' lang='lat' dir='ltr'><strong>quia</strong></span> <span class='ocrx_word' id='word_1_440' title='bbox 3047 2937 3364 2982; x_wconf 64' lang='lat' dir='ltr'><strong>erae-uerunt</strong></span> <span class='ocrx_word' id='word_1_441' title='bbox 3394 2938 3449 2982; x_wconf 90' lang='lat' dir='ltr'><strong>ut</strong></span> <span class='ocrx_word' id='word_1_442' title='bbox 3473 2929 3589 3001; x_wconf 83' lang='lat' dir='ltr'><strong>gla-</strong></span> 
     </span>
    </p>
   </div>
   <div class='ocr_carea' id='block_1_59' title="bbox 1993 3017 3592 3089">
    <p class='ocr_par' dir='ltr' id='par_1_59' title="bbox 1993 3017 3592 3089">
     <span class='ocr_line' id='line_1_59' title="bbox 1993 3017 3592 3089; baseline 0.003 -18"><span class='ocrx_word' id='word_1_443' title='bbox 1993 3018 2138 3072; x_wconf 85' lang='lat' dir='ltr'><strong>dium</strong></span> <span class='ocrx_word' id='word_1_444' title='bbox 2166 3017 2377 3087; x_wconf 84' lang='lat' dir='ltr'><strong>linguas</strong></span> <span class='ocrx_word' id='word_1_445' title='bbox 2405 3033 2543 3071; x_wconf 67' lang='lat' dir='ltr'><strong>suas.</strong></span> <span class='ocrx_word' id='word_1_446' title='bbox 2571 3017 2936 3086; x_wconf 84' lang='lat' dir='ltr'><strong>Malignantur</strong></span> <span class='ocrx_word' id='word_1_447' title='bbox 2967 3018 3162 3089; x_wconf 89' lang='lat' dir='ltr'><strong>iniqui,</strong></span> <span class='ocrx_word' id='word_1_448' title='bbox 3193 3027 3250 3076; x_wconf 91' lang='lat' dir='ltr'><strong>et</strong></span> <span class='ocrx_word' id='word_1_449' title='bbox 3269 3031 3472 3077; x_wconf 92' lang='lat' dir='ltr'><strong>acuunt</strong></span> <span class='ocrx_word' id='word_1_450' title='bbox 3495 3021 3592 3076; x_wconf 87' lang='lat' dir='ltr'><strong>lin-</strong></span> 
     </span>
    </p>
   </div>
   <div class='ocr_carea' id='block_1_60' title="bbox 1991 3109 3587 3182">
    <p class='ocr_par' dir='ltr' id='par_1_60' title="bbox 1991 3109 3587 3182">
     <span class='ocr_line' id='line_1_60' title="bbox 1991 3109 3587 3182; baseline 0.004 -17"><span class='ocrx_word' id='word_1_451' title='bbox 1991 3125 2124 3182; x_wconf 86' lang='lat' dir='ltr'><strong>guas</strong></span> <span class='ocrx_word' id='word_1_452' title='bbox 2169 3125 2296 3166; x_wconf 90' lang='lat' dir='ltr'><strong>suas</strong></span> <span class='ocrx_word' id='word_1_453' title='bbox 2322 3155 2336 3180; x_wconf 91' lang='lat'><strong>,</strong></span> <span class='ocrx_word' id='word_1_454' title='bbox 2393 3121 2452 3165; x_wconf 90' lang='lat' dir='ltr'><strong>ut</strong></span> <span class='ocrx_word' id='word_1_455' title='bbox 2493 3109 2910 3180; x_wconf 82' lang='lat' dir='ltr'><strong>blasphement;</strong></span> <span class='ocrx_word' id='word_1_456' title='bbox 2943 3111 3040 3168; x_wconf 86' lang='lat' dir='ltr'><strong>sed</strong></span> <span class='ocrx_word' id='word_1_457' title='bbox 3083 3123 3301 3168; x_wconf 88' lang='lat' dir='ltr'><strong>sanctus</strong></span> <span class='ocrx_word' id='word_1_458' title='bbox 3349 3114 3439 3170; x_wconf 86' lang='lat' dir='ltr'><strong>hic</strong></span> <span class='ocrx_word' id='word_1_459' title='bbox 3480 3131 3587 3171; x_wconf 93' lang='lat' dir='ltr'><strong>non</strong></span> 
     </span>
    </p>
   </div>
   <div class='ocr_carea' id='block_1_61' title="bbox 1994 3203 3586 3275">
    <p class='ocr_par' dir='ltr' id='par_1_61' title="bbox 1994 3203 3586 3275">
     <span class='ocr_line' id='line_1_61' title="bbox 1994 3203 3586 3275; baseline 0.001 -15"><span class='ocrx_word' id='word_1_460' title='bbox 1994 3203 2365 3271; x_wconf 89' lang='lat' dir='ltr'><strong>conturbatur,</strong></span> <span class='ocrx_word' id='word_1_461' title='bbox 2396 3203 2522 3275; x_wconf 88' lang='lat' dir='ltr'><strong>quia</strong></span> <span class='ocrx_word' id='word_1_462' title='bbox 2552 3218 2581 3257; x_wconf 89' lang='lat' dir='ltr'><strong>a</strong></span> <span class='ocrx_word' id='word_1_463' title='bbox 2613 3203 2726 3260; x_wconf 92' lang='lat' dir='ltr'><strong>Deo</strong></span> <span class='ocrx_word' id='word_1_464' title='bbox 2756 3206 3082 3274; x_wconf 85' lang='lat' dir='ltr'><strong>protegitur.</strong></span> <span class='ocrx_word' id='word_1_465' title='bbox 3115 3206 3160 3259; x_wconf 86' lang='grc' dir='ltr'><strong><em>Α</em></strong></span> <span class='ocrx_word' id='word_1_466' title='bbox 3192 3216 3441 3260; x_wconf 86' lang='lat' dir='ltr'><strong>conventu</strong></span> <span class='ocrx_word' id='word_1_467' title='bbox 3476 3225 3586 3262; x_wconf 88' lang='lat' dir='ltr'><strong>ma-</strong></span> 
     </span>
    </p>
   </div>
   <div class='ocr_carea' id='block_1_62' title="bbox 286 3285 3582 3370">
    <p class='ocr_par' dir='ltr' id='par_1_62' title="bbox 286 3285 3582 3370">
     <span class='ocr_line' id='line_1_62' title="bbox 286 3285 3582 3370; baseline -0.002 -8"><span class='ocrx_word' id='word_1_468' title='bbox 286 3303 493 3362; x_wconf 87' lang='lat' dir='ltr'><strong>mundo</strong></span> <span class='ocrx_word' id='word_1_469' title='bbox 513 3302 792 3360; x_wconf 86' lang='lat' dir='ltr'><strong>concinam</strong></span> <span class='ocrx_word' id='word_1_470' title='bbox 817 3302 1020 3360; x_wconf 88' lang='lat' dir='ltr'><strong>nomini</strong></span> <span class='ocrx_word' id='word_1_471' title='bbox 1048 3311 1159 3358; x_wconf 92' lang='lat' dir='ltr'><strong>tuo.</strong></span> <span class='ocrx_word' id='word_1_472' title='bbox 1182 3301 1332 3358; x_wconf 89' lang='lat' dir='ltr'><strong>Sicut</strong></span> <span class='ocrx_word' id='word_1_473' title='bbox 1355 3298 1486 3355; x_wconf 87' lang='lat' dir='ltr'><strong>illud</strong></span> <span class='ocrx_word' id='word_1_474' title='bbox 1514 3297 1888 3354; x_wconf 89' lang='lat' dir='ltr'><strong>holocaustum</strong></span> <span class='ocrx_word' id='word_1_475' title='bbox 1918 3285 1964 3351; x_wconf 92' lang='lat' dir='ltr'><strong>C</strong></span> <span class='ocrx_word' id='word_1_476' title='bbox 1995 3297 2310 3369; x_wconf 83' lang='lat' dir='ltr'><strong>lignantium</strong></span> <span class='ocrx_word' id='word_1_477' title='bbox 2351 3312 2368 3349; x_wconf 92' lang='lat'><strong><em>:</em></strong></span> <span class='ocrx_word' id='word_1_478' title='bbox 2407 3295 2461 3351; x_wconf 89' lang='lat' dir='ltr'><strong>id</strong></span> <span class='ocrx_word' id='word_1_479' title='bbox 2517 3304 2621 3364; x_wconf 90' lang='lat' dir='ltr'><strong>est,</strong></span> <span class='ocrx_word' id='word_1_480' title='bbox 2650 3295 2989 3366; x_wconf 69' lang='lat' dir='ltr'><strong>Judaaorum,</strong></span> <span class='ocrx_word' id='word_1_481' title='bbox 3028 3298 3113 3354; x_wconf 87' lang='lat' dir='ltr'><strong>vel</strong></span> <span class='ocrx_word' id='word_1_482' title='bbox 3150 3311 3582 3370; x_wconf 86' lang='lat' dir='ltr'><strong>persecutorum.</strong></span> 
     </span>
    </p>
   </div>
   <div class='ocr_carea' id='block_1_63' title="bbox 290 3389 1891 3467">
    <p class='ocr_par' dir='ltr' id='par_1_63' title="bbox 290 3389 1891 3467">
     <span class='ocr_line' id='line_1_63' title="bbox 290 3389 1891 3467; baseline -0.006 -12"><span class='ocrx_word' id='word_1_483' title='bbox 290 3400 344 3455; x_wconf 89' lang='lat' dir='ltr'><strong>in</strong></span> <span class='ocrx_word' id='word_1_484' title='bbox 371 3397 730 3455; x_wconf 85' lang='lat' dir='ltr'><strong>anterioribus</strong></span> <span class='ocrx_word' id='word_1_485' title='bbox 761 3403 1048 3467; x_wconf 88' lang='lat' dir='ltr'><strong>acceptum</strong></span> <span class='ocrx_word' id='word_1_486' title='bbox 1076 3395 1174 3450; x_wconf 89' lang='lat' dir='ltr'><strong>tibi</strong></span> <span class='ocrx_word' id='word_1_487' title='bbox 1203 3393 1334 3449; x_wconf 83' lang='lat' dir='ltr'><strong>luit:</strong></span> <span class='ocrx_word' id='word_1_488' title='bbox 1366 3392 1446 3448; x_wconf 89' lang='lat' dir='ltr'><strong>sic</strong></span> <span class='ocrx_word' id='word_1_489' title='bbox 1472 3391 1751 3463; x_wconf 87' lang='lat' dir='ltr'><strong>repleatur</strong></span> <span class='ocrx_word' id='word_1_490' title='bbox 1774 3389 1891 3445; x_wconf 91' lang='lat' dir='ltr'><strong>ani-</strong></span> 
     </span>
    </p>
   </div>
   <div class='ocr_carea' id='block_1_64' title="bbox 287 3481 1892 3562">
    <p class='ocr_par' dir='ltr' id='par_1_64' title="bbox 287 3481 1892 3562">
     <span class='ocr_line' id='line_1_64' title="bbox 287 3481 1892 3562; baseline -0.008 -14"><span class='ocrx_word' id='word_1_491' title='bbox 287 3507 378 3548; x_wconf 87' lang='lat' dir='ltr'><strong>ma</strong></span> <span class='ocrx_word' id='word_1_492' title='bbox 404 3506 524 3548; x_wconf 89' lang='lat' dir='ltr'><strong>mea</strong></span> <span class='ocrx_word' id='word_1_493' title='bbox 549 3489 619 3546; x_wconf 90' lang='lat' dir='ltr'><strong>de</strong></span> <span class='ocrx_word' id='word_1_494' title='bbox 643 3489 969 3562; x_wconf 88' lang='lat' dir='ltr'><strong>pinguedine</strong></span> <span class='ocrx_word' id='word_1_495' title='bbox 995 3487 1182 3560; x_wconf 72' lang='lat' dir='ltr'><strong>gratia:</strong></span> <span class='ocrx_word' id='word_1_496' title='bbox 1211 3485 1446 3557; x_wconf 90' lang='lat' dir='ltr'><strong>Spiritus</strong></span> <span class='ocrx_word' id='word_1_497' title='bbox 1483 3483 1679 3540; x_wconf 90' lang='lat' dir='ltr'><strong>sancti.</strong></span> <span class='ocrx_word' id='word_1_498' title='bbox 1714 3481 1892 3536; x_wconf 87' lang='lat' dir='ltr'><strong>Labiis</strong></span> 
     </span>
    </p>
   </div>
   <div class='ocr_carea' id='block_1_65' title="bbox 288 3574 1892 3644">
    <p class='ocr_par' dir='ltr' id='par_1_65' title="bbox 288 3574 1892 3644">
     <span class='ocr_line' id='line_1_65' title="bbox 288 3574 1892 3644; baseline -0.006 -4"><span class='ocrx_word' id='word_1_499' title='bbox 288 3584 647 3640; x_wconf 78' lang='lat' dir='ltr'><strong>cxsultationis</strong></span> <span class='ocrx_word' id='word_1_500' title='bbox 676 3582 907 3638; x_wconf 84' lang='lat' dir='ltr'><strong>laudabit</strong></span> <span class='ocrx_word' id='word_1_501' title='bbox 932 3599 988 3638; x_wconf 91' lang='lat' dir='ltr'><strong>os</strong></span> <span class='ocrx_word' id='word_1_502' title='bbox 1017 3597 1201 3637; x_wconf 91' lang='lat' dir='ltr'><strong>meum.</strong></span> <span class='ocrx_word' id='word_1_503' title='bbox 1244 3578 1343 3636; x_wconf 88' lang='lat' dir='ltr'><strong>llic</strong></span> <span class='ocrx_word' id='word_1_504' title='bbox 1366 3576 1642 3634; x_wconf 87' lang='lat' dir='ltr'><strong>orationes</strong></span> <span class='ocrx_word' id='word_1_505' title='bbox 1660 3617 1673 3644; x_wconf 96' lang='lat'><strong>,</strong></span> <span class='ocrx_word' id='word_1_506' title='bbox 1697 3582 1752 3632; x_wconf 87' lang='lat' dir='ltr'><strong>et</strong></span> <span class='ocrx_word' id='word_1_507' title='bbox 1779 3574 1892 3631; x_wconf 84' lang='lat' dir='ltr'><strong>illic</strong></span> 
     </span>
    </p>
   </div>
   <div class='ocr_carea' id='block_1_66' title="bbox 289 3674 1330 3746">
    <p class='ocr_par' dir='ltr' id='par_1_66' title="bbox 289 3674 1330 3746">
     <span class='ocr_line' id='line_1_66' title="bbox 289 3674 1330 3746; baseline -0.009 -10"><span class='ocrx_word' id='word_1_508' title='bbox 289 3678 655 3745; x_wconf 87' lang='lat' dir='ltr'><strong>laudationes,</strong></span> <span class='ocrx_word' id='word_1_509' title='bbox 683 3685 737 3733; x_wconf 92' lang='lat' dir='ltr'><strong>et</strong></span> <span class='ocrx_word' id='word_1_510' title='bbox 762 3675 951 3733; x_wconf 56' lang='lat' dir='ltr'><strong>laetitia</strong></span> <span class='ocrx_word' id='word_1_511' title='bbox 980 3674 1330 3746; x_wconf 89' lang='lat' dir='ltr'><strong>sempiterna.</strong></span> 
     </span>
    </p>
   </div>
   <div class='ocr_carea' id='block_1_67' title="bbox 366 3759 1891 3841">
    <p class='ocr_par' dir='ltr' id='par_1_67' title="bbox 366 3759 1891 3841">
     <span class='ocr_line' id='line_1_67' title="bbox 366 3759 1891 3841; baseline -0.007 -14"><span class='ocrx_word' id='word_1_512' title='bbox 366 3771 457 3827; x_wconf 87' lang='lat' dir='ltr'><strong>Sic</strong></span> <span class='ocrx_word' id='word_1_513' title='bbox 491 3785 684 3826; x_wconf 88' lang='lat' dir='ltr'><strong>memor</strong></span> <span class='ocrx_word' id='word_1_514' title='bbox 715 3769 792 3841; x_wconf 79' lang='lat' dir='ltr'><strong>{ui</strong></span> <span class='ocrx_word' id='word_1_515' title='bbox 824 3769 899 3823; x_wconf 88' lang='lat' dir='ltr'><strong>tui</strong></span> <span class='ocrx_word' id='word_1_516' title='bbox 927 3783 1080 3840; x_wconf 83' lang='lat' dir='ltr'><strong>super</strong></span> <span class='ocrx_word' id='word_1_517' title='bbox 1107 3775 1330 3822; x_wconf 84' lang='lat' dir='ltr'><strong>stratum</strong></span> <span class='ocrx_word' id='word_1_518' title='bbox 1369 3782 1556 3822; x_wconf 89' lang='lat' dir='ltr'><strong>meum.</strong></span> <span class='ocrx_word' id='word_1_519' title='bbox 1590 3763 1645 3819; x_wconf 91' lang='lat' dir='ltr'><strong>In</strong></span> <span class='ocrx_word' id='word_1_520' title='bbox 1683 3759 1891 3818; x_wconf 82' lang='lat' dir='ltr'><strong>lcetulo</strong></span> 
     </span>
    </p>
   </div>
   <div class='ocr_carea' id='block_1_68' title="bbox 290 3854 1889 3938">
    <p class='ocr_par' dir='ltr' id='par_1_68' title="bbox 290 3854 1889 3938">
     <span class='ocr_line' id='line_1_68' title="bbox 290 3854 1889 3938; baseline -0.007 -18"><span class='ocrx_word' id='word_1_521' title='bbox 290 3864 570 3938; x_wconf 73' lang='lat' dir='ltr'><strong>pudicitia:</strong></span> <span class='ocrx_word' id='word_1_522' title='bbox 597 3873 759 3935; x_wconf 90' lang='lat' dir='ltr'><strong>atque</strong></span> <span class='ocrx_word' id='word_1_523' title='bbox 784 3861 1088 3920; x_wconf 86' lang='lat' dir='ltr'><strong>sanctitatis</strong></span> <span class='ocrx_word' id='word_1_524' title='bbox 1111 3876 1318 3918; x_wconf 91' lang='lat' dir='ltr'><strong>memor</strong></span> <span class='ocrx_word' id='word_1_525' title='bbox 1336 3875 1454 3916; x_wconf 90' lang='lat' dir='ltr'><strong>sum</strong></span> <span class='ocrx_word' id='word_1_526' title='bbox 1484 3858 1560 3916; x_wconf 89' lang='lat' dir='ltr'><strong>tui</strong></span> <span class='ocrx_word' id='word_1_527' title='bbox 1594 3875 1607 3913; x_wconf 90' lang='lat'><strong>:</strong></span> <span class='ocrx_word' id='word_1_528' title='bbox 1637 3856 1762 3928; x_wconf 87' lang='lat' dir='ltr'><strong>quia</strong></span> <span class='ocrx_word' id='word_1_529' title='bbox 1785 3854 1889 3911; x_wconf 89' lang='lat' dir='ltr'><strong>im—</strong></span> 
     </span>
    </p>
   </div>
   <div class='ocr_carea' id='block_1_69' title="bbox 291 3950 1889 4022">
    <p class='ocr_par' dir='ltr' id='par_1_69' title="bbox 291 3950 1889 4022">
     <span class='ocr_line' id='line_1_69' title="bbox 291 3950 1889 4022; baseline -0.008 -5"><span class='ocrx_word' id='word_1_530' title='bbox 291 3975 504 4017; x_wconf 90' lang='lat' dir='ltr'><strong>memor</strong></span> <span class='ocrx_word' id='word_1_531' title='bbox 534 3974 654 4016; x_wconf 92' lang='lat' dir='ltr'><strong>sum</strong></span> <span class='ocrx_word' id='word_1_532' title='bbox 686 3957 1063 4014; x_wconf 89' lang='lat' dir='ltr'><strong>delectationis</strong></span> <span class='ocrx_word' id='word_1_533' title='bbox 1094 3956 1404 4012; x_wconf 65' lang='lat' dir='ltr'><strong>mundanas.</strong></span> <span class='ocrx_word' id='word_1_534' title='bbox 1440 3955 1531 4011; x_wconf 89' lang='lat' dir='ltr'><strong>Sic</strong></span> <span class='ocrx_word' id='word_1_535' title='bbox 1581 3967 1779 4008; x_wconf 89' lang='lat' dir='ltr'><strong>memor</strong></span> <span class='ocrx_word' id='word_1_536' title='bbox 1813 3950 1889 4022; x_wconf 78' lang='lat' dir='ltr'><strong>fui</strong></span> 
     </span>
    </p>
   </div>
   <div class='ocr_carea' id='block_1_70' title="bbox 291 4045 1890 4121">
    <p class='ocr_par' dir='ltr' id='par_1_70' title="bbox 291 4045 1890 4121">
     <span class='ocr_line' id='line_1_70' title="bbox 291 4045 1890 4121; baseline -0.006 -12"><span class='ocrx_word' id='word_1_537' title='bbox 291 4055 386 4109; x_wconf 89' lang='lat' dir='ltr'><strong>tui.</strong></span> <span class='ocrx_word' id='word_1_538' title='bbox 416 4053 557 4108; x_wconf 88' lang='lat' dir='ltr'><strong>Dicit</strong></span> <span class='ocrx_word' id='word_1_539' title='bbox 581 4052 698 4108; x_wconf 80' lang='lat' dir='ltr'><strong>hzec</strong></span> <span class='ocrx_word' id='word_1_540' title='bbox 731 4052 975 4108; x_wconf 78' lang='lat' dir='ltr'><strong>Ecclesia</strong></span> <span class='ocrx_word' id='word_1_541' title='bbox 1011 4069 1022 4105; x_wconf 90' lang='lat'>:</span> <span class='ocrx_word' id='word_1_542' title='bbox 1057 4059 1112 4106; x_wconf 89' lang='lat' dir='ltr'><strong>et</strong></span> <span class='ocrx_word' id='word_1_543' title='bbox 1150 4051 1204 4106; x_wconf 88' lang='lat' dir='ltr'><strong>in</strong></span> <span class='ocrx_word' id='word_1_544' title='bbox 1235 4049 1445 4121; x_wconf 88' lang='lat' dir='ltr'><strong>requie,</strong></span> <span class='ocrx_word' id='word_1_545' title='bbox 1480 4049 1618 4105; x_wconf 91' lang='lat' dir='ltr'><strong>etin</strong></span> <span class='ocrx_word' id='word_1_546' title='bbox 1663 4045 1890 4104; x_wconf 88' lang='lat' dir='ltr'><strong>tribula-</strong></span> 
     </span>
    </p>
   </div>
   <div class='ocr_carea' id='block_1_71' title="bbox 291 4139 1890 4214">
    <p class='ocr_par' dir='ltr' id='par_1_71' title="bbox 291 4139 1890 4214">
     <span class='ocr_line' id='line_1_71' title="bbox 291 4139 1890 4214; baseline -0.004 -13"><span class='ocrx_word' id='word_1_547' title='bbox 291 4146 467 4214; x_wconf 89' lang='lat' dir='ltr'><strong>tione,</strong></span> <span class='ocrx_word' id='word_1_548' title='bbox 499 4162 607 4202; x_wconf 91' lang='lat' dir='ltr'><strong>non</strong></span> <span class='ocrx_word' id='word_1_549' title='bbox 639 4143 714 4200; x_wconf 90' lang='lat' dir='ltr'><strong>tui</strong></span> <span class='ocrx_word' id='word_1_550' title='bbox 745 4143 819 4199; x_wconf 80' lang='lat' dir='ltr'><strong>fui</strong></span> <span class='ocrx_word' id='word_1_551' title='bbox 852 4142 1076 4199; x_wconf 88' lang='lat' dir='ltr'><strong>oblitus.</strong></span> <span class='ocrx_word' id='word_1_552' title='bbox 1107 4141 1174 4197; x_wconf 88' lang='lat' dir='ltr'><strong>In</strong></span> <span class='ocrx_word' id='word_1_553' title='bbox 1210 4142 1483 4196; x_wconf 87' lang='lat' dir='ltr'><strong>matutinis</strong></span> <span class='ocrx_word' id='word_1_554' title='bbox 1518 4139 1808 4198; x_wconf 87' lang='lat' dir='ltr'><strong>meditabor</strong></span> <span class='ocrx_word' id='word_1_555' title='bbox 1834 4139 1890 4194; x_wconf 86' lang='lat' dir='ltr'><strong>in</strong></span> 
     </span>
    </p>
   </div>
   <div class='ocr_carea' id='block_1_72' title="bbox 291 4231 1891 4310">
    <p class='ocr_par' dir='ltr' id='par_1_72' title="bbox 291 4231 1891 4310">
     <span class='ocr_line' id='line_1_72' title="bbox 291 4231 1891 4310; baseline -0.007 -12"><span class='ocrx_word' id='word_1_556' title='bbox 291 4252 342 4297; x_wconf 86' lang='lat' dir='ltr'><strong>te</strong></span> <span class='ocrx_word' id='word_1_557' title='bbox 367 4257 385 4296; x_wconf 92' lang='lat'><strong><em>:</em></strong></span> <span class='ocrx_word' id='word_1_558' title='bbox 415 4239 537 4310; x_wconf 87' lang='lat' dir='ltr'><strong>quia</strong></span> <span class='ocrx_word' id='word_1_559' title='bbox 565 4237 708 4309; x_wconf 81' lang='lat' dir='ltr'><strong>fuisti</strong></span> <span class='ocrx_word' id='word_1_560' title='bbox 736 4236 946 4306; x_wconf 85' lang='lat' dir='ltr'><strong>adjutor</strong></span> <span class='ocrx_word' id='word_1_561' title='bbox 966 4250 1127 4290; x_wconf 83' lang='lat' dir='ltr'><strong>meus.</strong></span> <span class='ocrx_word' id='word_1_562' title='bbox 1160 4233 1352 4291; x_wconf 84' lang='lat' dir='ltr'><strong>Merito</strong></span> <span class='ocrx_word' id='word_1_563' title='bbox 1377 4235 1709 4291; x_wconf 82' lang='lat' dir='ltr'><strong>conﬁtentur</strong></span> <span class='ocrx_word' id='word_1_564' title='bbox 1737 4231 1891 4302; x_wconf 86' lang='lat' dir='ltr'><strong>adju-</strong></span> 
     </span>
    </p>
   </div>
   <div class='ocr_carea' id='block_1_73' title="bbox 291 4327 1890 4401">
    <p class='ocr_par' dir='ltr' id='par_1_73' title="bbox 291 4327 1890 4401">
     <span class='ocr_line' id='line_1_73' title="bbox 291 4327 1890 4401; baseline -0.004 -11"><span class='ocrx_word' id='word_1_565' title='bbox 291 4343 495 4396; x_wconf 89' lang='lat' dir='ltr'><strong>torem,</strong></span> <span class='ocrx_word' id='word_1_566' title='bbox 523 4332 646 4401; x_wconf 92' lang='lat' dir='ltr'><strong>quia</strong></span> <span class='ocrx_word' id='word_1_567' title='bbox 673 4344 770 4400; x_wconf 92' lang='lat' dir='ltr'><strong>per</strong></span> <span class='ocrx_word' id='word_1_568' title='bbox 800 4329 1165 4399; x_wconf 80' lang='lat' dir='ltr'><strong>integritatem</strong></span> <span class='ocrx_word' id='word_1_569' title='bbox 1187 4327 1335 4395; x_wconf 92' lang='lat' dir='ltr'><strong>ﬁdei,</strong></span> <span class='ocrx_word' id='word_1_570' title='bbox 1365 4328 1631 4384; x_wconf 90' lang='lat' dir='ltr'><strong>matutina</strong></span> <span class='ocrx_word' id='word_1_571' title='bbox 1657 4329 1774 4399; x_wconf 88' lang='lat' dir='ltr'><strong>ejus</strong></span> <span class='ocrx_word' id='word_1_572' title='bbox 1795 4327 1890 4383; x_wconf 81' lang='lat' dir='ltr'><strong>de-</strong></span> 
     </span>
    </p>
   </div>
   <div class='ocr_carea' id='block_1_74' title="bbox 289 4419 1888 4491">
    <p class='ocr_par' dir='ltr' id='par_1_74' title="bbox 289 4419 1888 4491">
     <span class='ocr_line' id='line_1_74' title="bbox 289 4419 1888 4491; baseline -0.006 -8"><span class='ocrx_word' id='word_1_573' title='bbox 289 4425 528 4483; x_wconf 88' lang='lat' dir='ltr'><strong>lectatur</strong></span> <span class='ocrx_word' id='word_1_574' title='bbox 545 4420 963 4478; x_wconf 86' lang='lat' dir='ltr'><strong>resurrectione.</strong></span> <span class='ocrx_word' id='word_1_575' title='bbox 979 4419 1196 4476; x_wconf 87' lang='lat' dir='ltr'><strong>Utinam</strong></span> <span class='ocrx_word' id='word_1_576' title='bbox 1226 4429 1280 4475; x_wconf 92' lang='lat' dir='ltr'><strong>et</strong></span> <span class='ocrx_word' id='word_1_577' title='bbox 1300 4433 1400 4475; x_wconf 90' lang='lat' dir='ltr'><strong>nos</strong></span> <span class='ocrx_word' id='word_1_578' title='bbox 1420 4435 1517 4490; x_wconf 90' lang='lat' dir='ltr'><strong>per</strong></span> <span class='ocrx_word' id='word_1_579' title='bbox 1539 4420 1888 4491; x_wconf 90' lang='lat' dir='ltr'><strong>splendorem</strong></span> 
     </span>
    </p>
   </div>
   <div class='ocr_carea' id='block_1_75' title="bbox 293 4511 1890 4589">
    <p class='ocr_par' dir='ltr' id='par_1_75' title="bbox 293 4511 1890 4589">
     <span class='ocr_line' id='line_1_75' title="bbox 293 4511 1890 4589; baseline -0.003 -17"><span class='ocrx_word' id='word_1_580' title='bbox 293 4515 418 4589; x_wconf 89' lang='lat' dir='ltr'><strong>puri</strong></span> <span class='ocrx_word' id='word_1_581' title='bbox 445 4513 679 4586; x_wconf 89' lang='lat' dir='ltr'><strong>pectoris</strong></span> <span class='ocrx_word' id='word_1_582' title='bbox 707 4527 1044 4571; x_wconf 89' lang='lat' dir='ltr'><strong>mereremur</strong></span> <span class='ocrx_word' id='word_1_583' title='bbox 1073 4512 1125 4568; x_wconf 92' lang='lat' dir='ltr'><strong>in</strong></span> <span class='ocrx_word' id='word_1_584' title='bbox 1155 4527 1221 4568; x_wconf 90' lang='lat' dir='ltr'><strong>eo</strong></span> <span class='ocrx_word' id='word_1_585' title='bbox 1261 4511 1534 4583; x_wconf 87' lang='lat' dir='ltr'><strong>spirituali</strong></span> <span class='ocrx_word' id='word_1_586' title='bbox 1563 4513 1752 4568; x_wconf 62' lang='lat' dir='ltr'><strong>lietitia</strong></span> <span class='ocrx_word' id='word_1_587' title='bbox 1796 4512 1890 4568; x_wconf 81' lang='lat' dir='ltr'><strong>de-</strong></span> 
     </span>
    </p>
   </div>
   <div class='ocr_carea' id='block_1_76' title="bbox 297 4608 514 4667">
    <p class='ocr_par' dir='ltr' id='par_1_76' title="bbox 297 4608 514 4667">
     <span class='ocr_line' id='line_1_76' title="bbox 297 4608 514 4667; baseline -0.018 0"><span class='ocrx_word' id='word_1_588' title='bbox 297 4608 487 4667; x_wconf 91' lang='lat' dir='ltr'><strong>lectari</strong></span> <span class='ocrx_word' id='word_1_589' title='bbox 499 4650 514 4663; x_wconf 91' lang='lat'><strong>.</strong></span> 
     </span>
    </p>
   </div>
   <div class='ocr_carea' id='block_1_77' title="bbox 1997 3388 3587 3464">
    <p class='ocr_par' dir='ltr' id='par_1_77' title="bbox 1997 3388 3587 3464">
     <span class='ocr_line' id='line_1_77' title="bbox 1997 3388 3587 3464; baseline 0.002 -19"><span class='ocrx_word' id='word_1_590' title='bbox 1997 3390 2332 3446; x_wconf 76' lang='lat' dir='ltr'><strong>Exacuerunt</strong></span> <span class='ocrx_word' id='word_1_591' title='bbox 2368 3400 2422 3443; x_wconf 90' lang='lat' dir='ltr'><strong>ut</strong></span> <span class='ocrx_word' id='word_1_592' title='bbox 2449 3388 2685 3461; x_wconf 79' lang='lat' dir='ltr'><strong>gladium</strong></span> <span class='ocrx_word' id='word_1_593' title='bbox 2715 3391 2923 3464; x_wconf 87' lang='lat' dir='ltr'><strong>linguas</strong></span> <span class='ocrx_word' id='word_1_594' title='bbox 2944 3408 3087 3447; x_wconf 90' lang='lat' dir='ltr'><strong>suas.</strong></span> <span class='ocrx_word' id='word_1_595' title='bbox 3118 3393 3239 3447; x_wconf 85' lang='lat' dir='ltr'><strong>Alio</strong></span> <span class='ocrx_word' id='word_1_596' title='bbox 3272 3392 3393 3450; x_wconf 91' lang='lat' dir='ltr'><strong>loco</strong></span> <span class='ocrx_word' id='word_1_597' title='bbox 3422 3392 3587 3451; x_wconf 82' lang='lat' dir='ltr'><strong>dicit:</strong></span> 
     </span>
    </p>
   </div>
   <div class='ocr_carea' id='block_1_78' title="bbox 1994 3481 3244 3557">
    <p class='ocr_par' dir='ltr' id='par_1_78' title="bbox 1994 3481 3244 3557">
     <span class='ocr_line' id='line_1_78' title="bbox 1994 3481 3244 3557; baseline 0 -19"><span class='ocrx_word' id='word_1_598' title='bbox 1994 3481 2202 3554; x_wconf 83' lang='lat' dir='ltr'><strong>Lingua</strong></span> <span class='ocrx_word' id='word_1_599' title='bbox 2229 3498 2416 3540; x_wconf 89' lang='lat' dir='ltr'><strong>eorum</strong></span> <span class='ocrx_word' id='word_1_600' title='bbox 2442 3481 2658 3552; x_wconf 80' lang='lat' dir='ltr'><strong>gladius</strong></span> <span class='ocrx_word' id='word_1_601' title='bbox 2683 3490 2876 3539; x_wconf 87' lang='lat' dir='ltr'><strong>acutus</strong></span> <span class='ocrx_word' id='word_1_602' title='bbox 2904 3482 3080 3557; x_wconf 86' lang='lat' dir='ltr'><strong>(Psal.</strong></span> <span class='ocrx_word' id='word_1_603' title='bbox 3111 3483 3244 3557; x_wconf 64' lang='grc' dir='ltr'>ιιι).</span> 
     </span>
    </p>
   </div>
   <div class='ocr_carea' id='block_1_79' title="bbox 2066 3575 3588 3639">
    <p class='ocr_par' dir='ltr' id='par_1_79' title="bbox 2066 3575 3588 3639">
     <span class='ocr_line' id='line_1_79' title="bbox 2066 3575 3588 3639; baseline 0.005 -8"><span class='ocrx_word' id='word_1_604' title='bbox 2066 3575 2409 3633; x_wconf 87' lang='lat' dir='ltr'><strong>Intenderant</strong></span> <span class='ocrx_word' id='word_1_605' title='bbox 2455 3593 2634 3634; x_wconf 89' lang='lat' dir='ltr'><strong>arcum</strong></span> <span class='ocrx_word' id='word_1_606' title='bbox 2672 3594 2850 3635; x_wconf 86' lang='lat' dir='ltr'><strong>suum.</strong></span> <span class='ocrx_word' id='word_1_607' title='bbox 2895 3577 3208 3636; x_wconf 90' lang='lat' dir='ltr'><strong>Doctrinam</strong></span> <span class='ocrx_word' id='word_1_608' title='bbox 3248 3596 3424 3638; x_wconf 90' lang='lat' dir='ltr'><strong>suam.</strong></span> <span class='ocrx_word' id='word_1_609' title='bbox 3457 3581 3588 3639; x_wconf 88' lang='lat' dir='ltr'><strong>Rem</strong></span> 
     </span>
    </p>
   </div>
   <div class='ocr_carea' id='block_1_80' title="bbox 1995 3670 3580 3747">
    <p class='ocr_par' dir='ltr' id='par_1_80' title="bbox 1995 3670 3580 3747">
     <span class='ocr_line' id='line_1_80' title="bbox 1995 3670 3580 3747; baseline 0.004 -19"><span class='ocrx_word' id='word_1_610' title='bbox 1995 3689 2249 3728; x_wconf 87' lang='lat' dir='ltr'><strong>amaram.</strong></span> <span class='ocrx_word' id='word_1_611' title='bbox 2311 3670 2383 3728; x_wconf 89' lang='lat' dir='ltr'><strong>Ut</strong></span> <span class='ocrx_word' id='word_1_612' title='bbox 2439 3671 2703 3729; x_wconf 90' lang='lat' dir='ltr'><strong>doctrinis</strong></span> <span class='ocrx_word' id='word_1_613' title='bbox 2753 3671 2960 3729; x_wconf 88' lang='lat' dir='ltr'><strong>dolosis</strong></span> <span class='ocrx_word' id='word_1_614' title='bbox 3008 3673 3282 3746; x_wconf 85' lang='lat' dir='ltr'><strong>decipiant</strong></span> <span class='ocrx_word' id='word_1_615' title='bbox 3326 3679 3580 3747; x_wconf 84' lang='lat' dir='ltr'><strong>parvulos</strong></span> 
     </span>
    </p>
   </div>
   <div class='ocr_carea' id='block_1_81' title="bbox 1993 3765 3580 3843">
    <p class='ocr_par' dir='ltr' id='par_1_81' title="bbox 1993 3765 3580 3843">
     <span class='ocr_line' id='line_1_81' title="bbox 1993 3765 3580 3843; baseline 0.003 -21"><span class='ocrx_word' id='word_1_616' title='bbox 1993 3765 2195 3822; x_wconf 87' lang='lat' dir='ltr'><strong>Christi</strong></span> <span class='ocrx_word' id='word_1_617' title='bbox 2226 3785 2237 3820; x_wconf 92' lang='lat'><strong>:</strong></span> <span class='ocrx_word' id='word_1_618' title='bbox 2271 3765 2390 3843; x_wconf 76' lang='lat' dir='ltr'><strong>sivp</strong></span> <span class='ocrx_word' id='word_1_619' title='bbox 2421 3765 2750 3838; x_wconf 88' lang='lat' dir='ltr'><strong>neophytum</strong></span> <span class='ocrx_word' id='word_1_620' title='bbox 2772 3766 2822 3821; x_wconf 92' lang='lat' dir='ltr'><strong>in</strong></span> <span class='ocrx_word' id='word_1_621' title='bbox 2848 3767 3140 3838; x_wconf 90' lang='lat' dir='ltr'><strong>baptismo,</strong></span> <span class='ocrx_word' id='word_1_622' title='bbox 3166 3770 3280 3824; x_wconf 87' lang='lat' dir='ltr'><strong>sive</strong></span> <span class='ocrx_word' id='word_1_623' title='bbox 3310 3768 3462 3826; x_wconf 88' lang='lat' dir='ltr'><strong>illum</strong></span> <span class='ocrx_word' id='word_1_624' title='bbox 3488 3773 3580 3841; x_wconf 91' lang='lat' dir='ltr'><strong>qui</strong></span> 
     </span>
    </p>
   </div>
   <div class='ocr_carea' id='block_1_82' title="bbox 1994 3857 3330 3932">
    <p class='ocr_par' dir='ltr' id='par_1_82' title="bbox 1994 3857 3330 3932">
     <span class='ocr_line' id='line_1_82' title="bbox 1994 3857 3330 3932; baseline 0.003 -18"><span class='ocrx_word' id='word_1_625' title='bbox 1994 3857 2170 3914; x_wconf 89' lang='lat' dir='ltr'><strong>adhuc</strong></span> <span class='ocrx_word' id='word_1_626' title='bbox 2196 3857 2407 3931; x_wconf 87' lang='lat' dir='ltr'><strong>ignorat</strong></span> <span class='ocrx_word' id='word_1_627' title='bbox 2439 3859 2759 3932; x_wconf 87' lang='lat' dir='ltr'><strong>mysterium</strong></span> <span class='ocrx_word' id='word_1_628' title='bbox 2783 3859 3047 3916; x_wconf 81' lang='lat' dir='ltr'><strong>doctrinae</strong></span> <span class='ocrx_word' id='word_1_629' title='bbox 3069 3861 3330 3918; x_wconf 67' lang='lat' dir='ltr'><strong>caelestis.</strong></span> 
     </span>
    </p>
   </div>
   <div class='ocr_carea' id='block_1_83' title="bbox 2067 3952 3586 4024">
    <p class='ocr_par' dir='ltr' id='par_1_83' title="bbox 2067 3952 3586 4024">
     <span class='ocr_line' id='line_1_83' title="bbox 2067 3952 3586 4024; baseline 0.005 -16"><span class='ocrx_word' id='word_1_630' title='bbox 2067 3952 2254 4008; x_wconf 89' lang='lat' dir='ltr'><strong>Subito</strong></span> <span class='ocrx_word' id='word_1_631' title='bbox 2282 3953 2594 4024; x_wconf 80' lang='lat' dir='ltr'><strong>sagittabunt</strong></span> <span class='ocrx_word' id='word_1_632' title='bbox 2619 3969 2760 4021; x_wconf 89' lang='lat' dir='ltr'><strong>eum,</strong></span> <span class='ocrx_word' id='word_1_633' title='bbox 2791 3963 2836 4009; x_wconf 87' lang='lat' dir='ltr'><strong>et</strong></span> <span class='ocrx_word' id='word_1_634' title='bbox 2869 3971 2970 4009; x_wconf 89' lang='lat' dir='ltr'><strong>non</strong></span> <span class='ocrx_word' id='word_1_635' title='bbox 3003 3954 3276 4012; x_wconf 88' lang='lat' dir='ltr'><strong>timebunt.</strong></span> <span class='ocrx_word' id='word_1_636' title='bbox 3303 3953 3436 4012; x_wconf 89' lang='lat' dir='ltr'><strong>Cum</strong></span> <span class='ocrx_word' id='word_1_637' title='bbox 3466 3974 3586 4015; x_wconf 92' lang='lat' dir='ltr'><strong>eum</strong></span> 
     </span>
    </p>
   </div>
   <div class='ocr_carea' id='block_1_84' title="bbox 1995 4043 3586 4122">
    <p class='ocr_par' dir='ltr' id='par_1_84' title="bbox 1995 4043 3586 4122">
     <span class='ocr_line' id='line_1_84' title="bbox 1995 4043 3586 4122; baseline 0.006 -22"><span class='ocrx_word' id='word_1_638' title='bbox 1995 4043 2185 4101; x_wconf 90' lang='lat' dir='ltr'><strong>dolose</strong></span> <span class='ocrx_word' id='word_1_639' title='bbox 2214 4045 2474 4102; x_wconf 89' lang='lat' dir='ltr'><strong>veneuosi</strong></span> <span class='ocrx_word' id='word_1_640' title='bbox 2518 4048 2798 4118; x_wconf 88' lang='lat' dir='ltr'><strong>sagittant.</strong></span> <span class='ocrx_word' id='word_1_641' title='bbox 2839 4047 3045 4115; x_wconf 87' lang='lat' dir='ltr'><strong>Subito,</strong></span> <span class='ocrx_word' id='word_1_642' title='bbox 3085 4050 3239 4120; x_wconf 88' lang='lat' dir='ltr'><strong>quasi</strong></span> <span class='ocrx_word' id='word_1_643' title='bbox 3270 4065 3337 4106; x_wconf 81' lang='lat' dir='ltr'><strong>ex</strong></span> <span class='ocrx_word' id='word_1_644' title='bbox 3379 4050 3586 4122; x_wconf 89' lang='lat' dir='ltr'><strong>impro-</strong></span> 
     </span>
    </p>
   </div>
   <div class='ocr_carea' id='block_1_85' title="bbox 1995 4137 3588 4214">
    <p class='ocr_par' dir='ltr' id='par_1_85' title="bbox 1995 4137 3588 4214">
     <span class='ocr_line' id='line_1_85' title="bbox 1995 4137 3588 4214; baseline 0.005 -22"><span class='ocrx_word' id='word_1_645' title='bbox 1995 4139 2112 4195; x_wconf 87' lang='lat' dir='ltr'><strong>viso</strong></span> <span class='ocrx_word' id='word_1_646' title='bbox 2139 4157 2152 4194; x_wconf 86' lang='lat'><strong>:</strong></span> <span class='ocrx_word' id='word_1_647' title='bbox 2183 4137 2235 4194; x_wconf 88' lang='lat' dir='ltr'><strong>id</strong></span> <span class='ocrx_word' id='word_1_648' title='bbox 2265 4149 2380 4210; x_wconf 87' lang='lat' dir='ltr'><strong>est,</strong></span> <span class='ocrx_word' id='word_1_649' title='bbox 2429 4137 2485 4195; x_wconf 87' lang='lat' dir='ltr'><strong>in</strong></span> <span class='ocrx_word' id='word_1_650' title='bbox 2514 4154 2764 4197; x_wconf 86' lang='lat' dir='ltr'><strong>excessu.</strong></span> <span class='ocrx_word' id='word_1_651' title='bbox 2796 4138 2865 4194; x_wconf 86' lang='lat' dir='ltr'><strong>Et</strong></span> <span class='ocrx_word' id='word_1_652' title='bbox 2892 4158 2994 4196; x_wconf 90' lang='lat' dir='ltr'><strong>non</strong></span> <span class='ocrx_word' id='word_1_653' title='bbox 3027 4142 3276 4198; x_wconf 88' lang='lat' dir='ltr'><strong>timebunt</strong></span> <span class='ocrx_word' id='word_1_654' title='bbox 3304 4160 3320 4197; x_wconf 78' lang='lat'><strong>.&#39;</strong></span> <span class='ocrx_word' id='word_1_655' title='bbox 3349 4143 3452 4199; x_wconf 89' lang='lat' dir='ltr'><strong>hoc</strong></span> <span class='ocrx_word' id='word_1_656' title='bbox 3483 4155 3588 4214; x_wconf 91' lang='lat' dir='ltr'><strong>est,</strong></span> 
     </span>
    </p>
   </div>
   <div class='ocr_carea' id='block_1_86' title="bbox 1996 4232 3592 4305">
    <p class='ocr_par' dir='ltr' id='par_1_86' title="bbox 1996 4232 3592 4305">
     <span class='ocr_line' id='line_1_86' title="bbox 1996 4232 3592 4305; baseline 0.002 -15"><span class='ocrx_word' id='word_1_657' title='bbox 1996 4235 2168 4291; x_wconf 89' lang='lat' dir='ltr'><strong>Deum</strong></span> <span class='ocrx_word' id='word_1_658' title='bbox 2212 4241 2268 4290; x_wconf 90' lang='lat' dir='ltr'><strong>et</strong></span> <span class='ocrx_word' id='word_1_659' title='bbox 2300 4232 2564 4304; x_wconf 82' lang='lat' dir='ltr'><strong>judicium</strong></span> <span class='ocrx_word' id='word_1_660' title='bbox 2595 4234 2735 4305; x_wconf 89' lang='lat' dir='ltr'><strong>ejus.</strong></span> <span class='ocrx_word' id='word_1_661' title='bbox 2778 4232 3143 4290; x_wconf 86' lang='lat' dir='ltr'><strong>Firmarerunt</strong></span> <span class='ocrx_word' id='word_1_662' title='bbox 3180 4237 3278 4292; x_wconf 85' lang='lat' dir='ltr'><strong>sibi</strong></span> <span class='ocrx_word' id='word_1_663' title='bbox 3307 4255 3592 4294; x_wconf 81' lang='lat' dir='ltr'><strong>sermonem</strong></span> 
     </span>
    </p>
   </div>
   <div class='ocr_carea' id='block_1_87' title="bbox 1996 4327 3587 4404">
    <p class='ocr_par' dir='ltr' id='par_1_87' title="bbox 1996 4327 3587 4404">
     <span class='ocr_line' id='line_1_87' title="bbox 1996 4327 3587 4404; baseline 0.004 -20"><span class='ocrx_word' id='word_1_664' title='bbox 1996 4345 2234 4400; x_wconf 86' lang='lat' dir='ltr'><strong>nequam.</strong></span> <span class='ocrx_word' id='word_1_665' title='bbox 2272 4327 2631 4383; x_wconf 83' lang='lat' dir='ltr'><strong>Narravcrunt</strong></span> <span class='ocrx_word' id='word_1_666' title='bbox 2670 4338 2722 4382; x_wconf 89' lang='lat' dir='ltr'><strong>ut</strong></span> <span class='ocrx_word' id='word_1_667' title='bbox 2745 4327 3113 4386; x_wconf 75' lang='lat' dir='ltr'><strong>absconderant</strong></span> <span class='ocrx_word' id='word_1_668' title='bbox 3145 4332 3348 4404; x_wconf 86' lang='lat' dir='ltr'><strong>laqueos</strong></span> <span class='ocrx_word' id='word_1_669' title='bbox 3382 4350 3400 4387; x_wconf 91' lang='lat'><em>:</em></span> <span class='ocrx_word' id='word_1_670' title='bbox 3437 4333 3587 4391; x_wconf 73' lang='lat' dir='ltr'><strong>dixe--</strong></span> 
     </span>
    </p>
   </div>
   <div class='ocr_carea' id='block_1_88' title="bbox 1995 4422 3584 4494">
    <p class='ocr_par' dir='ltr' id='par_1_88' title="bbox 1995 4422 3584 4494">
     <span class='ocr_line' id='line_1_88' title="bbox 1995 4422 3584 4494; baseline 0.003 -15"><span class='ocrx_word' id='word_1_671' title='bbox 1995 4432 2138 4489; x_wconf 89' lang='lat' dir='ltr'><strong>runt,</strong></span> <span class='ocrx_word' id='word_1_672' title='bbox 2163 4424 2274 4494; x_wconf 88' lang='lat' dir='ltr'><strong>quis</strong></span> <span class='ocrx_word' id='word_1_673' title='bbox 2295 4422 2480 4478; x_wconf 79' lang='lat' dir='ltr'><strong>videbit</strong></span> <span class='ocrx_word' id='word_1_674' title='bbox 2510 4424 2634 4478; x_wconf 87' lang='lat' dir='ltr'><strong>eos?</strong></span> <span class='ocrx_word' id='word_1_675' title='bbox 2660 4423 2794 4480; x_wconf 84' lang='lat' dir='ltr'><strong>Cum</strong></span> <span class='ocrx_word' id='word_1_676' title='bbox 2810 4438 2871 4480; x_wconf 90' lang='lat' dir='ltr'><strong>se</strong></span> <span class='ocrx_word' id='word_1_677' title='bbox 2898 4423 2950 4479; x_wconf 90' lang='lat' dir='ltr'><strong>in</strong></span> <span class='ocrx_word' id='word_1_678' title='bbox 2983 4425 3085 4480; x_wconf 88' lang='lat' dir='ltr'><strong>hac</strong></span> <span class='ocrx_word' id='word_1_679' title='bbox 3114 4424 3319 4482; x_wconf 88' lang='lat' dir='ltr'><strong>malitia</strong></span> <span class='ocrx_word' id='word_1_680' title='bbox 3342 4427 3584 4494; x_wconf 88' lang='lat' dir='ltr'><strong>ﬁrmant,</strong></span> 
     </span>
    </p>
   </div>
   <div class='ocr_carea' id='block_1_89' title="bbox 1998 4513 3592 4584">
    <p class='ocr_par' dir='ltr' id='par_1_89' title="bbox 1998 4513 3592 4584">
     <span class='ocr_line' id='line_1_89' title="bbox 1998 4513 3592 4584; baseline 0.004 -14"><span class='ocrx_word' id='word_1_681' title='bbox 1998 4522 2058 4570; x_wconf 89' lang='lat' dir='ltr'><strong>ut</strong></span> <span class='ocrx_word' id='word_1_682' title='bbox 2087 4513 2186 4568; x_wconf 87' lang='lat' dir='ltr'><strong>hos</strong></span> <span class='ocrx_word' id='word_1_683' title='bbox 2208 4513 2548 4584; x_wconf 86' lang='lat' dir='ltr'><strong>deceptionis</strong></span> <span class='ocrx_word' id='word_1_684' title='bbox 2576 4513 2800 4584; x_wconf 87' lang='lat' dir='ltr'><strong>laqueos</strong></span> <span class='ocrx_word' id='word_1_685' title='bbox 2825 4513 2950 4571; x_wconf 87' lang='lat' dir='ltr'><strong>huic</strong></span> <span class='ocrx_word' id='word_1_686' title='bbox 2980 4515 3101 4572; x_wconf 91' lang='lat' dir='ltr'><strong>rudi</strong></span> <span class='ocrx_word' id='word_1_687' title='bbox 3121 4515 3406 4574; x_wconf 85' lang='lat' dir='ltr'><strong>intendant</strong></span> <span class='ocrx_word' id='word_1_688' title='bbox 3436 4537 3449 4574; x_wconf 90' lang='lat'><strong>:</strong></span> <span class='ocrx_word' id='word_1_689' title='bbox 3481 4535 3592 4577; x_wconf 90' lang='lat' dir='ltr'><strong>non</strong></span> 
     </span>
    </p>
   </div>
   <div class='ocr_carea' id='block_1_90' title="bbox 2001 4603 3592 4676">
    <p class='ocr_par' dir='ltr' id='par_1_90' title="bbox 2001 4603 3592 4676">
     <span class='ocr_line' id='line_1_90' title="bbox 2001 4603 3592 4676; baseline 0.008 -20"><span class='ocrx_word' id='word_1_690' title='bbox 2001 4611 2192 4674; x_wconf 88' lang='lat' dir='ltr'><strong>putant</strong></span> <span class='ocrx_word' id='word_1_691' title='bbox 2243 4603 2345 4657; x_wconf 90' lang='lat' dir='ltr'><strong>hoc</strong></span> <span class='ocrx_word' id='word_1_692' title='bbox 2382 4604 2554 4659; x_wconf 90' lang='lat' dir='ltr'><strong>Deum</strong></span> <span class='ocrx_word' id='word_1_693' title='bbox 2588 4619 2751 4674; x_wconf 88' lang='lat' dir='ltr'><strong>posse</strong></span> <span class='ocrx_word' id='word_1_694' title='bbox 2783 4619 3117 4676; x_wconf 89' lang='lat' dir='ltr'><strong>cognoscere</strong></span> <span class='ocrx_word' id='word_1_695' title='bbox 3152 4627 3166 4664; x_wconf 90' lang='lat'><strong>:</strong></span> <span class='ocrx_word' id='word_1_696' title='bbox 3195 4610 3282 4665; x_wconf 91' lang='lat' dir='ltr'><strong>cui</strong></span> <span class='ocrx_word' id='word_1_697' title='bbox 3322 4611 3459 4667; x_wconf 89' lang='lat' dir='ltr'><strong>nihil</strong></span> <span class='ocrx_word' id='word_1_698' title='bbox 3501 4629 3592 4668; x_wconf 87' lang='lat' dir='ltr'><strong>oc-</strong></span> 
     </span>
    </p>
   </div>
   <div class='ocr_carea' id='block_1_91' title="bbox 373 4683 3593 4773">
    <p class='ocr_par' dir='ltr' id='par_1_91' title="bbox 373 4683 3593 4773">
     <span class='ocr_line' id='line_1_91' title="bbox 373 4683 3593 4773; baseline 0.001 -17"><span class='ocrx_word' id='word_1_699' title='bbox 373 4701 442 4757; x_wconf 87' lang='lat' dir='ltr'><strong>Et</strong></span> <span class='ocrx_word' id='word_1_700' title='bbox 469 4703 521 4757; x_wconf 87' lang='lat' dir='ltr'><strong>in</strong></span> <span class='ocrx_word' id='word_1_701' title='bbox 553 4703 836 4758; x_wconf 86' lang='lat' dir='ltr'><strong>velamento</strong></span> <span class='ocrx_word' id='word_1_702' title='bbox 859 4700 1062 4757; x_wconf 88' lang='lat' dir='ltr'><strong>alarum</strong></span> <span class='ocrx_word' id='word_1_703' title='bbox 1091 4708 1296 4755; x_wconf 88' lang='lat' dir='ltr'><strong>tuarum</strong></span> <span class='ocrx_word' id='word_1_704' title='bbox 1327 4697 1617 4754; x_wconf 78' lang='lat' dir='ltr'><strong>exsultabo.</strong></span> <span class='ocrx_word' id='word_1_705' title='bbox 1641 4695 1895 4755; x_wconf 61' lang='lat' dir='ltr'><strong>Caelestis</strong></span> <span class='ocrx_word' id='word_1_706' title='bbox 1920 4683 1977 4747; x_wconf 83' lang='grc' dir='ltr'>Ῑ)</span> <span class='ocrx_word' id='word_1_707' title='bbox 2000 4696 2203 4754; x_wconf 91' lang='lat' dir='ltr'><strong>cultum</strong></span> <span class='ocrx_word' id='word_1_708' title='bbox 2245 4696 2372 4752; x_wconf 85' lang='lat' dir='ltr'><strong>latet</strong></span> <span class='ocrx_word' id='word_1_709' title='bbox 2404 4714 2418 4753; x_wconf 89' lang='lat'><strong>:</strong></span> <span class='ocrx_word' id='word_1_710' title='bbox 2446 4695 2539 4767; x_wconf 92' lang='lat' dir='ltr'><strong>qui</strong></span> <span class='ocrx_word' id='word_1_711' title='bbox 2569 4705 2623 4751; x_wconf 92' lang='lat' dir='ltr'><strong>et</strong></span> <span class='ocrx_word' id='word_1_712' title='bbox 2654 4707 2870 4752; x_wconf 82' lang='lat' dir='ltr'><strong>nOSIras</strong></span> <span class='ocrx_word' id='word_1_713' title='bbox 2907 4713 3123 4770; x_wconf 91' lang='lat' dir='ltr'><strong>quoque</strong></span> <span class='ocrx_word' id='word_1_714' title='bbox 3151 4703 3360 4756; x_wconf 87' lang='lat' dir='ltr'><strong>animas</strong></span> <span class='ocrx_word' id='word_1_715' title='bbox 3401 4713 3593 4773; x_wconf 89' lang='lat' dir='ltr'><strong>potens</strong></span> 
     </span>
    </p>
   </div>
   <div class='ocr_carea' id='block_1_92' title="bbox 298 4791 1896 4868">
    <p class='ocr_par' dir='ltr' id='par_1_92' title="bbox 298 4791 1896 4868">
     <span class='ocr_line' id='line_1_92' title="bbox 298 4791 1896 4868; baseline -0.003 -15"><span class='ocrx_word' id='word_1_716' title='bbox 298 4797 484 4853; x_wconf 77' lang='lat' dir='ltr'><strong>auxilii</strong></span> <span class='ocrx_word' id='word_1_717' title='bbox 534 4797 871 4868; x_wconf 89' lang='lat' dir='ltr'><strong>protectione</strong></span> <span class='ocrx_word' id='word_1_718' title='bbox 913 4810 973 4852; x_wconf 84' lang='lat' dir='ltr'><strong>se</strong></span> <span class='ocrx_word' id='word_1_719' title='bbox 1003 4794 1289 4851; x_wconf 92' lang='lat' dir='ltr'><strong>tutandum</strong></span> <span class='ocrx_word' id='word_1_720' title='bbox 1338 4801 1492 4864; x_wconf 89' lang='lat' dir='ltr'><strong>putat</strong></span> <span class='ocrx_word' id='word_1_721' title='bbox 1523 4810 1536 4849; x_wconf 91' lang='lat'><strong>:</strong></span> <span class='ocrx_word' id='word_1_722' title='bbox 1564 4791 1688 4848; x_wconf 88' lang='lat' dir='ltr'><strong>ideo</strong></span> <span class='ocrx_word' id='word_1_723' title='bbox 1727 4791 1778 4846; x_wconf 90' lang='lat' dir='ltr'><strong>in</strong></span> <span class='ocrx_word' id='word_1_724' title='bbox 1827 4807 1896 4850; x_wconf 92' lang='lat' dir='ltr'><strong>eo</strong></span> 
     </span>
    </p>
   </div>
   <div class='ocr_carea' id='block_1_93' title="bbox 299 4887 1894 4960">
    <p class='ocr_par' dir='ltr' id='par_1_93' title="bbox 299 4887 1894 4960">
     <span class='ocr_line' id='line_1_93' title="bbox 299 4887 1894 4960; baseline -0.003 -13"><span class='ocrx_word' id='word_1_725' title='bbox 299 4889 551 4947; x_wconf 79' lang='lat' dir='ltr'><strong>exsultat.</strong></span> <span class='ocrx_word' id='word_1_726' title='bbox 613 4891 846 4946; x_wconf 64' lang='lat' dir='ltr'><strong>Adhaesit</strong></span> <span class='ocrx_word' id='word_1_727' title='bbox 895 4890 1074 4944; x_wconf 88' lang='lat' dir='ltr'><strong>anima</strong></span> <span class='ocrx_word' id='word_1_728' title='bbox 1123 4905 1235 4943; x_wconf 82' lang='lat' dir='ltr'><strong>utea</strong></span> <span class='ocrx_word' id='word_1_729' title='bbox 1278 4897 1393 4960; x_wconf 88' lang='lat' dir='ltr'><strong>post</strong></span> <span class='ocrx_word' id='word_1_730' title='bbox 1435 4896 1483 4942; x_wconf 89' lang='lat' dir='ltr'><strong>te</strong></span> <span class='ocrx_word' id='word_1_731' title='bbox 1511 4903 1529 4942; x_wconf 91' lang='lat'><strong><em>:</em></strong></span> <span class='ocrx_word' id='word_1_732' title='bbox 1558 4904 1638 4943; x_wconf 88' lang='lat' dir='ltr'><strong>me</strong></span> <span class='ocrx_word' id='word_1_733' title='bbox 1669 4887 1894 4960; x_wconf 87' lang='lat' dir='ltr'><strong>suscepit</strong></span> 
     </span>
    </p>
   </div>
   <div class='ocr_carea' id='block_1_94' title="bbox 297 4978 1894 5050">
    <p class='ocr_par' dir='ltr' id='par_1_94' title="bbox 297 4978 1894 5050">
     <span class='ocr_line' id='line_1_94' title="bbox 297 4978 1894 5050; baseline -0.003 -12"><span class='ocrx_word' id='word_1_734' title='bbox 297 4984 513 5038; x_wconf 78' lang='lat' dir='ltr'><strong>dextera</strong></span> <span class='ocrx_word' id='word_1_735' title='bbox 545 4994 654 5038; x_wconf 88' lang='lat' dir='ltr'><strong>tua.</strong></span> <span class='ocrx_word' id='word_1_736' title='bbox 685 4983 899 5040; x_wconf 76' lang='lat' dir='ltr'><strong>Relicto</strong></span> <span class='ocrx_word' id='word_1_737' title='bbox 925 4981 1148 5046; x_wconf 66' lang='lat' dir='ltr'><strong>saeculo.</strong></span> <span class='ocrx_word' id='word_1_738' title='bbox 1181 4979 1279 5037; x_wconf 88' lang='lat' dir='ltr'><strong>Dei</strong></span> <span class='ocrx_word' id='word_1_739' title='bbox 1309 4979 1535 5038; x_wconf 82' lang='lat' dir='ltr'><strong>dextera</strong></span> <span class='ocrx_word' id='word_1_740' title='bbox 1561 5022 1577 5050; x_wconf 96' lang='lat'><strong>,</strong></span> <span class='ocrx_word' id='word_1_741' title='bbox 1611 4979 1664 5036; x_wconf 92' lang='lat' dir='ltr'><strong>id</strong></span> <span class='ocrx_word' id='word_1_742' title='bbox 1693 4987 1798 5046; x_wconf 91' lang='lat' dir='ltr'><strong>est,</strong></span> <span class='ocrx_word' id='word_1_743' title='bbox 1825 4978 1894 5034; x_wconf 92' lang='lat' dir='ltr'><strong>ab</strong></span> 
     </span>
    </p>
   </div>
   <div class='ocr_carea' id='block_1_95' title="bbox 297 5078 1353 5150">
    <p class='ocr_par' dir='ltr' id='par_1_95' title="bbox 297 5078 1353 5150">
     <span class='ocr_line' id='line_1_95' title="bbox 297 5078 1353 5150; baseline -0.005 -14"><span class='ocrx_word' id='word_1_744' title='bbox 297 5078 417 5149; x_wconf 88' lang='lat' dir='ltr'><strong>ejus</strong></span> <span class='ocrx_word' id='word_1_745' title='bbox 442 5080 663 5136; x_wconf 88' lang='lat' dir='ltr'><strong>salutari</strong></span> <span class='ocrx_word' id='word_1_746' title='bbox 687 5094 746 5136; x_wconf 87' lang='lat' dir='ltr'><strong>se</strong></span> <span class='ocrx_word' id='word_1_747' title='bbox 769 5086 1080 5150; x_wconf 87' lang='lat' dir='ltr'><strong>susceptum</strong></span> <span class='ocrx_word' id='word_1_748' title='bbox 1103 5084 1353 5133; x_wconf 82' lang='lat' dir='ltr'><strong>testatur.</strong></span> 
     </span>
    </p>
   </div>
   <div class='ocr_carea' id='block_1_96' title="bbox 370 5167 1894 5244">
    <p class='ocr_par' dir='ltr' id='par_1_96' title="bbox 370 5167 1894 5244">
     <span class='ocr_line' id='line_1_96' title="bbox 370 5167 1894 5244; baseline -0.003 -18"><span class='ocrx_word' id='word_1_749' title='bbox 370 5171 485 5244; x_wconf 82' lang='lat' dir='ltr'><strong>Ipsi</strong></span> <span class='ocrx_word' id='word_1_750' title='bbox 514 5189 650 5229; x_wconf 75' lang='lat' dir='ltr'><strong>vero.</strong></span> <span class='ocrx_word' id='word_1_751' title='bbox 687 5173 800 5228; x_wconf 94' lang='lat' dir='ltr'><strong>lloc</strong></span> <span class='ocrx_word' id='word_1_752' title='bbox 828 5179 932 5240; x_wconf 89' lang='lat' dir='ltr'><strong>est,</strong></span> <span class='ocrx_word' id='word_1_753' title='bbox 968 5170 1190 5226; x_wconf 89' lang='lat' dir='ltr'><strong>inimici.</strong></span> <span class='ocrx_word' id='word_1_754' title='bbox 1235 5167 1302 5224; x_wconf 89' lang='lat' dir='ltr'><strong>In</strong></span> <span class='ocrx_word' id='word_1_755' title='bbox 1345 5184 1534 5224; x_wconf 86' lang='lat' dir='ltr'><strong>vanum</strong></span> <span class='ocrx_word' id='word_1_756' title='bbox 1582 5169 1894 5240; x_wconf 73' lang='lat' dir='ltr'><strong>quaesierunt</strong></span> 
     </span>
    </p>
   </div>
   <div class='ocr_carea' id='block_1_97' title="bbox 302 5259 1892 5332">
    <p class='ocr_par' dir='ltr' id='par_1_97' title="bbox 302 5259 1892 5332">
     <span class='ocr_line' id='line_1_97' title="bbox 302 5259 1892 5332; baseline -0.004 -13"><span class='ocrx_word' id='word_1_757' title='bbox 302 5264 532 5319; x_wconf 87' lang='lat' dir='ltr'><strong>animam</strong></span> <span class='ocrx_word' id='word_1_758' title='bbox 559 5280 746 5318; x_wconf 89' lang='lat' dir='ltr'><strong>meam.</strong></span> <span class='ocrx_word' id='word_1_759' title='bbox 793 5262 928 5332; x_wconf 84' lang='lat' dir='ltr'><strong>Quia</strong></span> <span class='ocrx_word' id='word_1_760' title='bbox 969 5263 1242 5318; x_wconf 86' lang='lat' dir='ltr'><strong>incassum</strong></span> <span class='ocrx_word' id='word_1_761' title='bbox 1271 5263 1320 5318; x_wconf 88' lang='lat' dir='ltr'><strong>ei</strong></span> <span class='ocrx_word' id='word_1_762' title='bbox 1354 5275 1558 5317; x_wconf 84' lang='lat' dir='ltr'><strong>nocere</strong></span> <span class='ocrx_word' id='word_1_763' title='bbox 1583 5259 1892 5316; x_wconf 84' lang='lat' dir='ltr'><strong>voluerunt.</strong></span> 
     </span>
    </p>
   </div>
   <div class='ocr_carea' id='block_1_98' title="bbox 301 5354 1891 5428">
    <p class='ocr_par' dir='ltr' id='par_1_98' title="bbox 301 5354 1891 5428">
     <span class='ocr_line' id='line_1_98' title="bbox 301 5354 1891 5428; baseline -0.001 -16"><span class='ocrx_word' id='word_1_764' title='bbox 301 5356 334 5412; x_wconf 88' lang='lat'><strong><em>1</em></strong></span> <span class='ocrx_word' id='word_1_765' title='bbox 339 5358 604 5414; x_wconf 88' lang='lat' dir='ltr'><strong>ntroibunt</strong></span> <span class='ocrx_word' id='word_1_766' title='bbox 630 5358 684 5412; x_wconf 87' lang='lat' dir='ltr'><strong>in</strong></span> <span class='ocrx_word' id='word_1_767' title='bbox 704 5357 958 5428; x_wconf 82' lang='lat' dir='ltr'><strong>inferiora</strong></span> <span class='ocrx_word' id='word_1_768' title='bbox 977 5365 1144 5412; x_wconf 63' lang='lat' dir='ltr'><strong>terrai.</strong></span> <span class='ocrx_word' id='word_1_769' title='bbox 1165 5355 1223 5412; x_wconf 91' lang='lat' dir='ltr'><strong>In</strong></span> <span class='ocrx_word' id='word_1_770' title='bbox 1238 5356 1450 5412; x_wconf 81' lang='lat' dir='ltr'><strong>interno</strong></span> <span class='ocrx_word' id='word_1_771' title='bbox 1469 5354 1891 5412; x_wconf 89' lang='lat' dir='ltr'><strong>damnabuntur.</strong></span> 
     </span>
    </p>
   </div>
   <div class='ocr_carea' id='block_1_99' title="bbox 303 5449 1898 5524">
    <p class='ocr_par' dir='ltr' id='par_1_99' title="bbox 303 5449 1898 5524">
     <span class='ocr_line' id='line_1_99' title="bbox 303 5449 1898 5524; baseline -0.001 -17"><span class='ocrx_word' id='word_1_772' title='bbox 303 5449 600 5507; x_wconf 83' lang='lat' dir='ltr'><strong>Tradenlur</strong></span> <span class='ocrx_word' id='word_1_773' title='bbox 628 5452 680 5506; x_wconf 89' lang='lat' dir='ltr'><strong>in</strong></span> <span class='ocrx_word' id='word_1_774' title='bbox 711 5467 895 5506; x_wconf 85' lang='lat' dir='ltr'><strong>manus</strong></span> <span class='ocrx_word' id='word_1_775' title='bbox 917 5451 1103 5524; x_wconf 86' lang='lat' dir='ltr'><strong>gladii.</strong></span> <span class='ocrx_word' id='word_1_776' title='bbox 1126 5449 1184 5506; x_wconf 87' lang='lat' dir='ltr'><strong>In</strong></span> <span class='ocrx_word' id='word_1_777' title='bbox 1208 5451 1624 5522; x_wconf 90' lang='lat' dir='ltr'><strong>perpetuitatem</strong></span> <span class='ocrx_word' id='word_1_778' title='bbox 1655 5457 1898 5506; x_wconf 83' lang='lat' dir='ltr'><strong>tormen—</strong></span> 
     </span>
    </p>
   </div>
   <div class='ocr_carea' id='block_1_100' title="bbox 300 5541 1871 5613">
    <p class='ocr_par' dir='ltr' id='par_1_100' title="bbox 300 5541 1871 5613">
     <span class='ocr_line' id='line_1_100' title="bbox 300 5541 1871 5613; baseline -0.001 -15"><span class='ocrx_word' id='word_1_779' title='bbox 300 5550 516 5612; x_wconf 91' lang='lat' dir='ltr'><strong>torum,</strong></span> <span class='ocrx_word' id='word_1_780' title='bbox 569 5543 763 5613; x_wconf 88' lang='lat' dir='ltr'><strong>quibus</strong></span> <span class='ocrx_word' id='word_1_781' title='bbox 811 5541 1163 5600; x_wconf 86' lang='lat' dir='ltr'><strong>detruncandi</strong></span> <span class='ocrx_word' id='word_1_782' title='bbox 1204 5551 1352 5599; x_wconf 90' lang='lat' dir='ltr'><strong>sunt.</strong></span> <span class='ocrx_word' id='word_1_783' title='bbox 1410 5542 1598 5598; x_wconf 86' lang='lat' dir='ltr'><strong>Partes</strong></span> <span class='ocrx_word' id='word_1_784' title='bbox 1637 5543 1871 5612; x_wconf 83' lang='lat' dir='ltr'><strong>vulpium</strong></span> 
     </span>
    </p>
   </div>
   <div class='ocr_carea' id='block_1_101' title="bbox 299 5633 1897 5708">
    <p class='ocr_par' dir='ltr' id='par_1_101' title="bbox 299 5633 1897 5708">
     <span class='ocr_line' id='line_1_101' title="bbox 299 5633 1897 5708; baseline -0.001 -17"><span class='ocrx_word' id='word_1_785' title='bbox 299 5644 471 5691; x_wconf 85' lang='lat' dir='ltr'><strong>eruat.</strong></span> <span class='ocrx_word' id='word_1_786' title='bbox 515 5635 732 5691; x_wconf 86' lang='lat' dir='ltr'><strong>Sortem</strong></span> <span class='ocrx_word' id='word_1_787' title='bbox 765 5635 1016 5703; x_wconf 90' lang='lat' dir='ltr'><strong>llerodis,</strong></span> <span class='ocrx_word' id='word_1_788' title='bbox 1049 5636 1142 5708; x_wconf 90' lang='lat' dir='ltr'><strong>qui</strong></span> <span class='ocrx_word' id='word_1_789' title='bbox 1171 5650 1200 5691; x_wconf 90' lang='lat' dir='ltr'><strong>a</strong></span> <span class='ocrx_word' id='word_1_790' title='bbox 1229 5635 1465 5692; x_wconf 90' lang='lat' dir='ltr'><strong>Domino</strong></span> <span class='ocrx_word' id='word_1_791' title='bbox 1507 5635 1695 5708; x_wconf 87' lang='lat' dir='ltr'><strong>vulpes</strong></span> <span class='ocrx_word' id='word_1_792' title='bbox 1720 5633 1897 5692; x_wconf 88' lang='lat' dir='ltr'><strong>dictus</strong></span> 
     </span>
    </p>
   </div>
   <div class='ocr_carea' id='block_1_102' title="bbox 305 5729 1095 5804">
    <p class='ocr_par' dir='ltr' id='par_1_102' title="bbox 305 5729 1095 5804">
     <span class='ocr_line' id='line_1_102' title="bbox 305 5729 1095 5804; baseline -0.001 -17"><span class='ocrx_word' id='word_1_793' title='bbox 305 5737 412 5795; x_wconf 87' lang='lat' dir='ltr'><strong>est,</strong></span> <span class='ocrx_word' id='word_1_794' title='bbox 441 5729 748 5798; x_wconf 86' lang='lat' dir='ltr'><strong>suscepturi</strong></span> <span class='ocrx_word' id='word_1_795' title='bbox 777 5729 928 5799; x_wconf 87' lang='lat' dir='ltr'><strong>(Luc.</strong></span> <span class='ocrx_word' id='word_1_796' title='bbox 957 5729 1095 5804; x_wconf 84' lang='lat' dir='ltr'><strong>xm).</strong></span> 
     </span>
    </p>
   </div>
   <div class='ocr_carea' id='block_1_103' title="bbox 376 5819 1900 5880">
    <p class='ocr_par' dir='ltr' id='par_1_103' title="bbox 376 5819 1900 5880">
     <span class='ocr_line' id='line_1_103' title="bbox 376 5819 1900 5880; baseline 0.003 -5"><span class='ocrx_word' id='word_1_797' title='bbox 376 5819 495 5875; x_wconf 81' lang='lat' dir='ltr'><strong>Rea:</strong></span> <span class='ocrx_word' id='word_1_798' title='bbox 521 5835 638 5875; x_wconf 69' lang='lat' dir='ltr'><strong>vero</strong></span> <span class='ocrx_word' id='word_1_799' title='bbox 665 5820 920 5879; x_wconf 63' lang='lat' dir='ltr'><strong>laetabitur</strong></span> <span class='ocrx_word' id='word_1_800' title='bbox 949 5825 1003 5879; x_wconf 89' lang='lat' dir='ltr'><strong>in</strong></span> <span class='ocrx_word' id='word_1_801' title='bbox 1044 5823 1293 5879; x_wconf 89' lang='lat' dir='ltr'><strong>Domino.</strong></span> <span class='ocrx_word' id='word_1_802' title='bbox 1341 5823 1593 5880; x_wconf 87' lang='lat' dir='ltr'><strong>Christus</strong></span> <span class='ocrx_word' id='word_1_803' title='bbox 1636 5823 1690 5879; x_wconf 90' lang='lat' dir='ltr'><strong>in</strong></span> <span class='ocrx_word' id='word_1_804' title='bbox 1740 5822 1900 5880; x_wconf 88' lang='lat' dir='ltr'><strong>Patre</strong></span> 
     </span>
    </p>
   </div>
   <div class='ocr_carea' id='block_1_104' title="bbox 294 5914 1903 5995">
    <p class='ocr_par' dir='ltr' id='par_1_104' title="bbox 294 5914 1903 5995">
     <span class='ocr_line' id='line_1_104' title="bbox 294 5914 1903 5995; baseline 0.001 -25"><span class='ocrx_word' id='word_1_805' title='bbox 294 5924 430 5995; x_wconf 78' lang='lat' dir='ltr'><strong>post</strong></span> <span class='ocrx_word' id='word_1_806' title='bbox 460 5914 928 5972; x_wconf 84' lang='lat' dir='ltr'><strong>resurrectionem.</strong></span> <span class='ocrx_word' id='word_1_807' title='bbox 957 5916 1024 5971; x_wconf 76' lang='lat' dir='ltr'><strong>Et</strong></span> <span class='ocrx_word' id='word_1_808' title='bbox 1066 5917 1420 5973; x_wconf 85' lang='lat' dir='ltr'><strong>laudabuntur</strong></span> <span class='ocrx_word' id='word_1_809' title='bbox 1451 5931 1626 5973; x_wconf 89' lang='lat' dir='ltr'><strong>omnes</strong></span> <span class='ocrx_word' id='word_1_810' title='bbox 1655 5915 1740 5987; x_wconf 89' lang='lat' dir='ltr'><strong>qui</strong></span> <span class='ocrx_word' id='word_1_811' title='bbox 1789 5932 1903 5989; x_wconf 87' lang='lat' dir='ltr'><strong>spe-</strong></span> 
     </span>
    </p>
   </div>
   <div class='ocr_carea' id='block_1_105' title="bbox 635 6008 1189 6073">
    <p class='ocr_par' dir='ltr' id='par_1_105' title="bbox 635 6008 1189 6073">
     <span class='ocr_line' id='line_1_105' title="bbox 635 6008 1189 6073; baseline 0.002 -4"><span class='ocrx_word' id='word_1_812' title='bbox 635 6008 907 6072; x_wconf 72' lang='grc' dir='ltr'>ΡΔτιιοι..</span> <span class='ocrx_word' id='word_1_813' title='bbox 954 6009 1189 6073; x_wconf 81' lang='lat' dir='ltr'><strong>XXVI.</strong></span> 
     </span>
    </p>
   </div>
   <div class='ocr_carea' id='block_1_106' title="bbox 1999 4787 3596 4859">
    <p class='ocr_par' dir='ltr' id='par_1_106' title="bbox 1999 4787 3596 4859">
     <span class='ocr_line' id='line_1_106' title="bbox 1999 4787 3596 4859; baseline 0.003 -11"><span class='ocrx_word' id='word_1_814' title='bbox 1999 4799 2083 4848; x_wconf 91' lang='lat' dir='ltr'><strong>est</strong></span> <span class='ocrx_word' id='word_1_815' title='bbox 2122 4804 2150 4843; x_wconf 92' lang='lat' dir='ltr'><strong>a</strong></span> <span class='ocrx_word' id='word_1_816' title='bbox 2183 4787 2394 4859; x_wconf 88' lang='lat' dir='ltr'><strong>sagittis</strong></span> <span class='ocrx_word' id='word_1_817' title='bbox 2432 4802 2622 4844; x_wconf 89' lang='lat' dir='ltr'><strong>eorum</strong></span> <span class='ocrx_word' id='word_1_818' title='bbox 2671 4787 2838 4858; x_wconf 88' lang='lat' dir='ltr'><strong>largis</strong></span> <span class='ocrx_word' id='word_1_819' title='bbox 2887 4787 3102 4858; x_wconf 86' lang='lat' dir='ltr'><strong>pietatis</strong></span> <span class='ocrx_word' id='word_1_820' title='bbox 3139 4805 3254 4846; x_wconf 77' lang='lat' dir='ltr'><strong>suae</strong></span> <span class='ocrx_word' id='word_1_821' title='bbox 3289 4794 3462 4848; x_wconf 81' lang='lat' dir='ltr'><strong>armis</strong></span> <span class='ocrx_word' id='word_1_822' title='bbox 3499 4796 3596 4852; x_wconf 91' lang='lat' dir='ltr'><strong>de-</strong></span> 
     </span>
    </p>
   </div>
   <div class='ocr_carea' id='block_1_107' title="bbox 1999 4879 2240 4938">
    <p class='ocr_par' dir='ltr' id='par_1_107' title="bbox 1999 4879 2240 4938">
     <span class='ocr_line' id='line_1_107' title="bbox 1999 4879 2240 4938; baseline -0.008 -2"><span class='ocrx_word' id='word_1_823' title='bbox 1999 4879 2240 4938; x_wconf 79' lang='lat' dir='ltr'><strong>tendere.</strong></span> 
     </span>
    </p>
   </div>
   <div class='ocr_carea' id='block_1_108' title="bbox 2073 4971 3592 5046">
    <p class='ocr_par' dir='ltr' id='par_1_108' title="bbox 2073 4971 3592 5046">
     <span class='ocr_line' id='line_1_108' title="bbox 2073 4971 3592 5046; baseline 0.001 -14"><span class='ocrx_word' id='word_1_824' title='bbox 2073 4973 2304 5032; x_wconf 83' lang='lat' dir='ltr'><strong>Scr-atati</strong></span> <span class='ocrx_word' id='word_1_825' title='bbox 2323 4983 2441 5030; x_wconf 84' lang='lat' dir='ltr'><strong>sunt</strong></span> <span class='ocrx_word' id='word_1_826' title='bbox 2459 4971 2752 5046; x_wconf 86' lang='lat' dir='ltr'><strong>iniquitates</strong></span> <span class='ocrx_word' id='word_1_827' title='bbox 2780 4987 2799 5038; x_wconf 88' lang='lat'><em>;</em></span> <span class='ocrx_word' id='word_1_828' title='bbox 2823 4971 3121 5043; x_wconf 74' lang='lat' dir='ltr'><strong>defecerunt</strong></span> <span class='ocrx_word' id='word_1_829' title='bbox 3139 4984 3422 5033; x_wconf 85' lang='lat' dir='ltr'><strong>scrutantes</strong></span> <span class='ocrx_word' id='word_1_830' title='bbox 3442 4995 3592 5034; x_wconf 81' lang='lat' dir='ltr'><strong>scru-</strong></span> 
     </span>
    </p>
   </div>
   <div class='ocr_carea' id='block_1_109' title="bbox 2000 5069 3588 5142">
    <p class='ocr_par' dir='ltr' id='par_1_109' title="bbox 2000 5069 3588 5142">
     <span class='ocr_line' id='line_1_109' title="bbox 2000 5069 3588 5142; baseline 0.004 -16"><span class='ocrx_word' id='word_1_831' title='bbox 2000 5071 2149 5126; x_wconf 88' lang='lat' dir='ltr'><strong>tinio.</strong></span> <span class='ocrx_word' id='word_1_832' title='bbox 2175 5070 2424 5126; x_wconf 70' lang='lat' dir='ltr'><strong>llmretici</strong></span> <span class='ocrx_word' id='word_1_833' title='bbox 2450 5083 2664 5141; x_wconf 89' lang='lat' dir='ltr'><strong>quoque</strong></span> <span class='ocrx_word' id='word_1_834' title='bbox 2676 5077 2987 5124; x_wconf 87' lang='lat' dir='ltr'><strong>scrutantur</strong></span> <span class='ocrx_word' id='word_1_835' title='bbox 3002 5069 3316 5142; x_wconf 90' lang='lat' dir='ltr'><strong>Scripturas</strong></span> <span class='ocrx_word' id='word_1_836' title='bbox 3339 5085 3588 5132; x_wconf 86' lang='lat' dir='ltr'><strong>sanctas:</strong></span> 
     </span>
    </p>
   </div>
   <div class='ocr_carea' id='block_1_110' title="bbox 2003 5161 3598 5238">
    <p class='ocr_par' dir='ltr' id='par_1_110' title="bbox 2003 5161 3598 5238">
     <span class='ocr_line' id='line_1_110' title="bbox 2003 5161 3598 5238; baseline 0.002 -17"><span class='ocrx_word' id='word_1_837' title='bbox 2003 5174 2059 5221; x_wconf 90' lang='lat' dir='ltr'><strong>et</strong></span> <span class='ocrx_word' id='word_1_838' title='bbox 2106 5180 2213 5222; x_wconf 92' lang='lat' dir='ltr'><strong>non</strong></span> <span class='ocrx_word' id='word_1_839' title='bbox 2243 5161 2598 5234; x_wconf 89' lang='lat' dir='ltr'><strong>spiritualiter</strong></span> <span class='ocrx_word' id='word_1_840' title='bbox 2626 5171 2957 5230; x_wconf 90' lang='lat' dir='ltr'><strong>tractantes,</strong></span> <span class='ocrx_word' id='word_1_841' title='bbox 2995 5178 3165 5218; x_wconf 87' lang='lat' dir='ltr'><strong>vanas</strong></span> <span class='ocrx_word' id='word_1_842' title='bbox 3194 5163 3390 5221; x_wconf 79' lang='lat' dir='ltr'><strong>exinde</strong></span> <span class='ocrx_word' id='word_1_843' title='bbox 3416 5167 3598 5238; x_wconf 81' lang='lat' dir='ltr'><strong>proie-</strong></span> 
     </span>
    </p>
   </div>
   <div class='ocr_carea' id='block_1_111' title="bbox 2007 5255 3603 5328">
    <p class='ocr_par' dir='ltr' id='par_1_111' title="bbox 2007 5255 3603 5328">
     <span class='ocr_line' id='line_1_111' title="bbox 2007 5255 3603 5328; baseline 0.003 -15"><span class='ocrx_word' id='word_1_844' title='bbox 2007 5266 2134 5313; x_wconf 89' lang='lat' dir='ltr'><strong>runt</strong></span> <span class='ocrx_word' id='word_1_845' title='bbox 2192 5255 2544 5328; x_wconf 69' lang='lat' dir='ltr'><strong>qumstiones,</strong></span> <span class='ocrx_word' id='word_1_846' title='bbox 2575 5255 2777 5327; x_wconf 88' lang='lat' dir='ltr'><strong>quibus</strong></span> <span class='ocrx_word' id='word_1_847' title='bbox 2831 5271 2929 5311; x_wconf 88' lang='lat' dir='ltr'><strong>nos</strong></span> <span class='ocrx_word' id='word_1_848' title='bbox 2982 5271 3078 5328; x_wconf 91' lang='lat' dir='ltr'><strong>per</strong></span> <span class='ocrx_word' id='word_1_849' title='bbox 3132 5255 3498 5328; x_wconf 87' lang='lat' dir='ltr'><strong>iniquitatem,</strong></span> <span class='ocrx_word' id='word_1_850' title='bbox 3544 5271 3603 5318; x_wconf 83' lang='lat' dir='ltr'><strong>et</strong></span> 
     </span>
    </p>
   </div>
   <div class='ocr_carea' id='block_1_112' title="bbox 2007 5346 3603 5425">
    <p class='ocr_par' dir='ltr' id='par_1_112' title="bbox 2007 5346 3603 5425">
     <span class='ocr_line' id='line_1_112' title="bbox 2007 5346 3603 5425; baseline 0.002 -19"><span class='ocrx_word' id='word_1_851' title='bbox 2007 5349 2192 5407; x_wconf 90' lang='lat' dir='ltr'><strong>dolum</strong></span> <span class='ocrx_word' id='word_1_852' title='bbox 2223 5347 2448 5419; x_wconf 87' lang='lat' dir='ltr'><strong>cupiunt</strong></span> <span class='ocrx_word' id='word_1_853' title='bbox 2481 5346 2800 5417; x_wconf 86' lang='lat' dir='ltr'><strong>illaqueare.</strong></span> <span class='ocrx_word' id='word_1_854' title='bbox 2830 5346 2937 5404; x_wconf 88' lang='lat' dir='ltr'><strong>Sed</strong></span> <span class='ocrx_word' id='word_1_855' title='bbox 2981 5349 3056 5404; x_wconf 91' lang='lat' dir='ltr'><strong>nil</strong></span> <span class='ocrx_word' id='word_1_856' title='bbox 3085 5350 3463 5422; x_wconf 74' lang='lat' dir='ltr'><strong>prznvalentes,</strong></span> <span class='ocrx_word' id='word_1_857' title='bbox 3498 5353 3603 5425; x_wconf 90' lang='lat' dir='ltr'><strong>ipsi</strong></span> 
     </span>
    </p>
   </div>
   <div class='ocr_carea' id='block_1_113' title="bbox 2009 5439 3602 5516">
    <p class='ocr_par' dir='ltr' id='par_1_113' title="bbox 2009 5439 3602 5516">
     <span class='ocr_line' id='line_1_113' title="bbox 2009 5439 3602 5516; baseline 0.004 -18"><span class='ocrx_word' id='word_1_858' title='bbox 2009 5443 2190 5514; x_wconf 89' lang='lat' dir='ltr'><strong>potius</strong></span> <span class='ocrx_word' id='word_1_859' title='bbox 2216 5455 2247 5496; x_wconf 89' lang='lat' dir='ltr'><strong>a</strong></span> <span class='ocrx_word' id='word_1_860' title='bbox 2279 5441 2393 5497; x_wconf 90' lang='lat' dir='ltr'><strong>Deo</strong></span> <span class='ocrx_word' id='word_1_861' title='bbox 2441 5439 2664 5496; x_wconf 89' lang='lat' dir='ltr'><strong>scrutati</strong></span> <span class='ocrx_word' id='word_1_862' title='bbox 2702 5448 2865 5512; x_wconf 89' lang='lat' dir='ltr'><strong>atque</strong></span> <span class='ocrx_word' id='word_1_863' title='bbox 2904 5440 3202 5516; x_wconf 80' lang='lat' dir='ltr'><strong>exinaniti,</strong></span> <span class='ocrx_word' id='word_1_864' title='bbox 3247 5442 3423 5501; x_wconf 88' lang='lat' dir='ltr'><strong>relicti</strong></span> <span class='ocrx_word' id='word_1_865' title='bbox 3473 5456 3602 5504; x_wconf 86' lang='lat' dir='ltr'><strong>sunt</strong></span> 
     </span>
    </p>
   </div>
   <div class='ocr_carea' id='block_1_114' title="bbox 2004 5535 2182 5593">
    <p class='ocr_par' dir='ltr' id='par_1_114' title="bbox 2004 5535 2182 5593">
     <span class='ocr_line' id='line_1_114' title="bbox 2004 5535 2182 5593; baseline -0.017 -1"><span class='ocrx_word' id='word_1_866' title='bbox 2004 5535 2182 5593; x_wconf 87' lang='lat' dir='ltr'><strong>vacui.</strong></span> 
     </span>
    </p>
   </div>
   <div class='ocr_carea' id='block_1_115' title="bbox 2081 5628 3604 5701">
    <p class='ocr_par' dir='ltr' id='par_1_115' title="bbox 2081 5628 3604 5701">
     <span class='ocr_line' id='line_1_115' title="bbox 2081 5628 3604 5701; baseline 0.003 -16"><span class='ocrx_word' id='word_1_867' title='bbox 2081 5628 2296 5685; x_wconf 83' lang='lat' dir='ltr'><strong>Accedet</strong></span> <span class='ocrx_word' id='word_1_868' title='bbox 2321 5629 2483 5688; x_wconf 84' lang='lat' dir='ltr'><strong>homo</strong></span> <span class='ocrx_word' id='word_1_869' title='bbox 2510 5631 2580 5687; x_wconf 88' lang='lat' dir='ltr'><strong>ad</strong></span> <span class='ocrx_word' id='word_1_870' title='bbox 2608 5646 2696 5687; x_wconf 91' lang='lat' dir='ltr'><strong>cor</strong></span> <span class='ocrx_word' id='word_1_871' title='bbox 2715 5629 2904 5701; x_wconf 86' lang='lat' dir='ltr'><strong>altum,</strong></span> <span class='ocrx_word' id='word_1_872' title='bbox 2928 5638 2975 5686; x_wconf 86' lang='lat' dir='ltr'><strong>et</strong></span> <span class='ocrx_word' id='word_1_873' title='bbox 3004 5630 3314 5686; x_wconf 73' lang='lat' dir='ltr'><strong>exaltabilur</strong></span> <span class='ocrx_word' id='word_1_874' title='bbox 3349 5628 3511 5690; x_wconf 88' lang='lat' dir='ltr'><strong>Deus.</strong></span> <span class='ocrx_word' id='word_1_875' title='bbox 3542 5633 3604 5692; x_wconf 90' lang='lat' dir='ltr'><strong>Si</strong></span> 
     </span>
    </p>
   </div>
   <div class='ocr_carea' id='block_1_116' title="bbox 2009 5722 3611 5796">
    <p class='ocr_par' dir='ltr' id='par_1_116' title="bbox 2009 5722 3611 5796">
     <span class='ocr_line' id='line_1_116' title="bbox 2009 5722 3611 5796; baseline 0.003 -16"><span class='ocrx_word' id='word_1_876' title='bbox 2009 5739 2133 5780; x_wconf 86' lang='lat' dir='ltr'><strong>cum</strong></span> <span class='ocrx_word' id='word_1_877' title='bbox 2163 5725 2429 5795; x_wconf 88' lang='lat' dir='ltr'><strong>sapientia</strong></span> <span class='ocrx_word' id='word_1_878' title='bbox 2451 5725 2550 5782; x_wconf 91' lang='lat' dir='ltr'><strong>Dei</strong></span> <span class='ocrx_word' id='word_1_879' title='bbox 2576 5723 2642 5780; x_wconf 88' lang='lat' dir='ltr'><strong>ad</strong></span> <span class='ocrx_word' id='word_1_880' title='bbox 2675 5723 2770 5780; x_wconf 88' lang='lat' dir='ltr'><strong>alti</strong></span> <span class='ocrx_word' id='word_1_881' title='bbox 2791 5722 2975 5779; x_wconf 89' lang='lat' dir='ltr'><strong>cordis</strong></span> <span class='ocrx_word' id='word_1_882' title='bbox 3001 5722 3335 5780; x_wconf 88' lang='lat' dir='ltr'><strong>intellectum</strong></span> <span class='ocrx_word' id='word_1_883' title='bbox 3361 5725 3485 5796; x_wconf 90' lang='lat' dir='ltr'><strong>quis</strong></span> <span class='ocrx_word' id='word_1_884' title='bbox 3517 5742 3611 5785; x_wconf 88' lang='lat' dir='ltr'><strong>ac-</strong></span> 
     </span>
    </p>
   </div>
   <div class='ocr_carea' id='block_1_117' title="bbox 2011 5816 3612 5888">
    <p class='ocr_par' dir='ltr' id='par_1_117' title="bbox 2011 5816 3612 5888">
     <span class='ocr_line' id='line_1_117' title="bbox 2011 5816 3612 5888; baseline 0.002 -14"><span class='ocrx_word' id='word_1_885' title='bbox 2011 5817 2214 5875; x_wconf 89' lang='lat' dir='ltr'><strong>cedens</strong></span> <span class='ocrx_word' id='word_1_886' title='bbox 2237 5818 2337 5874; x_wconf 87' lang='lat' dir='ltr'><strong>ista</strong></span> <span class='ocrx_word' id='word_1_887' title='bbox 2367 5817 2705 5874; x_wconf 86' lang='lat' dir='ltr'><strong>discriminet</strong></span> <span class='ocrx_word' id='word_1_888' title='bbox 2735 5833 2750 5874; x_wconf 86' lang='lat'><strong>:</strong></span> <span class='ocrx_word' id='word_1_889' title='bbox 2783 5816 2833 5873; x_wconf 92' lang='lat' dir='ltr'><strong>id</strong></span> <span class='ocrx_word' id='word_1_890' title='bbox 2864 5825 2970 5888; x_wconf 89' lang='lat' dir='ltr'><strong>est,</strong></span> <span class='ocrx_word' id='word_1_891' title='bbox 2995 5817 3282 5874; x_wconf 87' lang='lat' dir='ltr'><strong>veritatem</strong></span> <span class='ocrx_word' id='word_1_892' title='bbox 3313 5831 3377 5873; x_wconf 90' lang='lat' dir='ltr'><strong>ac</strong></span> <span class='ocrx_word' id='word_1_893' title='bbox 3406 5818 3612 5878; x_wconf 76' lang='lat' dir='ltr'><strong>falsita-</strong></span> 
     </span>
    </p>
   </div>
   <div class='ocr_carea' id='block_1_118' title="bbox 2015 5911 3615 5982">
    <p class='ocr_par' dir='ltr' id='par_1_118' title="bbox 2015 5911 3615 5982">
     <span class='ocr_line' id='line_1_118' title="bbox 2015 5911 3615 5982; baseline 0.001 -12"><span class='ocrx_word' id='word_1_894' title='bbox 2015 5923 2121 5972; x_wconf 89' lang='lat' dir='ltr'><strong>tem</strong></span> <span class='ocrx_word' id='word_1_895' title='bbox 2151 5913 2449 5982; x_wconf 90' lang='lat' dir='ltr'><strong>discernat,</strong></span> <span class='ocrx_word' id='word_1_896' title='bbox 2497 5923 2626 5970; x_wconf 88' lang='lat' dir='ltr'><strong>tunc</strong></span> <span class='ocrx_word' id='word_1_897' title='bbox 2671 5911 2814 5970; x_wconf 91' lang='lat' dir='ltr'><strong>Deus</strong></span> <span class='ocrx_word' id='word_1_898' title='bbox 2862 5911 3210 5970; x_wconf 83' lang='lat' dir='ltr'><strong>exaltabitur.</strong></span> <span class='ocrx_word' id='word_1_899' title='bbox 3245 5911 3347 5982; x_wconf 85' lang='lat' dir='ltr'><strong>Qui</strong></span> <span class='ocrx_word' id='word_1_900' title='bbox 3390 5927 3512 5971; x_wconf 89' lang='lat' dir='ltr'><strong>cum</strong></span> <span class='ocrx_word' id='word_1_901' title='bbox 3544 5915 3615 5971; x_wconf 88' lang='lat' dir='ltr'><strong>sit</strong></span> 
     </span>
    </p>
   </div>
   <div class='ocr_carea' id='block_1_119' title="bbox 3050 6002 3131 6076">
    <p class='ocr_par' dir='ltr' id='par_1_119' title="bbox 3050 6002 3131 6076">
     <span class='ocr_line' id='line_1_119' title="bbox 3050 6002 3131 6076; baseline 0 0"><span class='ocrx_word' id='word_1_902' title='bbox 3050 6002 3131 6076; x_wconf 77' lang='lat'><strong>32</strong></span> 
     </span>
    </p>
   </div>
  </div>
