4010 6308
511 297 651 360 1005

1267 282 1615 350 APPENDIX
1652 286 1746 346 sn
1783 282 2027 344 ronuu
2069 282 2420 342 SEPTIMUM
2459 284 2517 342 s.
2562 250 2967 347 mancum.

3671 290 3816 349 i001

502 425 822 493 altissimus,
858 430 1040 478 tamen
1071 418 1139 475 de
1168 431 1233 473 eo
1260 415 1481 488 quando
1507 420 1657 471 recte
1683 410 1974 477 sentimus,
2006 421 2098 464 su-
2129 406 2184 469 Α
2209 406 2465 464 Sanctum
2492 414 2569 463 est
2597 410 2845 482 temptant
2878 419 3045 465 tuum.
3089 406 3262 466 Homo
3288 406 3383 466 ille
3412 406 3467 465 in
3493 424 3603 480 quo
3636 410 3821 481 pleni-

505 518 770 575 blimatur
798 516 852 571 in
878 513 1057 570 nobis.

582 609 801 681 Sagitta:
827 604 1162 677 parvulorum
1187 605 1346 675 facta
1362 608 1483 657 sunt
1507 601 1678 672 plaga
1701 610 1902 654 eorum.
1942 593 2106 651 Intel-

506 702 739 774 ligentes
774 698 920 754 enim
966 694 1100 767 justi
1148 709 1271 751 cum
1324 692 1564 750 viderint
1617 690 1764 746 hunc
1818 687 2103 760 parvulum

506 808 671 865 quem
692 790 947 864 superius
971 787 1348 860 exposuimus,
1372 786 1443 841 ab
1474 785 1582 842 hoc
1609 781 1984 854 persuasionis
2004 792 2104 836 ve-

505 900 652 943 neno
688 882 838 942 intlci
871 902 885 938 :
913 892 1037 939 cum
1083 880 1423 938 elevaverint
1458 890 1647 936 vocem
1694 890 1851 935 suam
1892 883 1953 931 ut
1976 886 2102 931 eum

503 979 805 1049 corrigunt,
838 976 1090 1048 protinus
1116 982 1283 1031 erunt
1302 970 1506 1044 iniquis
1534 972 1701 1027 verba
1734 981 1925 1026 eorum
1949 968 2103 1039 quasi

503 1071 695 1143 plagae.
740 1068 809 1124 Et
866 1070 1135 1141 inﬁrmata
1178 1076 1250 1124 est
1301 1075 1486 1122 contra
1539 1081 1625 1121 eos
1666 1064 1852 1135 lingua
1904 1078 2101 1117 eorum.

501 1165 717 1222 Nullam
744 1163 891 1235 capit
911 1158 1269 1219 stabilitatem
1298 1159 1541 1217 elocutio
1569 1172 1794 1215 eorum:
1818 1155 1915 1213 sed
1945 1155 2105 1212 dolus

502 1270 688 1317 eorum
711 1257 904 1315 reddet
931 1270 1030 1315 eos
1061 1256 1329 1313 inlirmos.

574 1351 884 1410 Contttrbati
909 1360 1031 1408 sunt
1066 1364 1242 1407 omnes
1270 1350 1362 1419 qui
1389 1348 1630 1405 uidebant
1657 1365 1769 1405 eos.
1798 1344 2022 1405 Confusi
2050 1353 2107 1400 et

501 1444 809 1503 conturbati
840 1455 987 1512 sunt,
1020 1445 1115 1515 qui
1143 1457 1203 1500 se
1255 1443 1419 1499 simili
1462 1454 1655 1499 errore
1696 1438 1987 1511 implicitos
2016 1454 2103 1494 re-

500 1544 855 1610 cognoscant.
881 1535 949 1593 Et
972 1535 1142 1592 timuit
1174 1536 1340 1591 omnis
1374 1535 1548 1591 homo.
1583 1532 1854 1592 Iudicium
1879 1530 1985 1589 sibi
2007 1530 2106 1587 im-

508 1634 721 1691 minere
757 1634 1020 1690 divinum.

576 1724 647 1780 Et
663 1726 1103 1780 muntiavmnt
1144 1734 1307 1792 opera
1354 1719 1491 1775 Dei:
1522 1731 1573 1777 et
1616 1719 1758 1788 facta
1797 1720 1909 1791 ejrts
1954 1714 2106 1771 intel-

2210 500 2339 557 tudo
2354 501 2942 559 divinitatisinhabitat
2971 516 2986 562 :
3017 502 3084 559 de
3100 514 3209 575 quo
3231 502 3433 559 dicitur
3448 502 3519 558 ad
3540 500 3812 558 Mariam:

2211 596 2279 652 Et
2320 596 2465 668 quod
2510 608 2768 654 nascetur
2810 606 2875 654 ex
2907 603 2961 654 te
2988 608 3271 665 sanctum,
3305 596 3594 655 vocabitur
3636 599 3818 655 Ftlius

2207 687 2303 744 Dei
2332 687 2487 761 (Luc.
2518 688 2582 760 ιι)
2605 700 2619 744 :
2642 701 2767 744 cum
2789 689 2846 745 in
2865 704 2930 745 ea
2960 689 3221 747 Dominus
3245 702 3468 746 carnem
3491 701 3821 763 assumptu-

2206 790 2301 837 rtts
2327 780 2674 837 inltabitabit.
2718 780 2958 837 Mirabile
2993 781 3048 836 in
3084 782 3340 855 (equitate.
3370 782 3507 850 Quia
3540 797 3655 837 non
3685 798 3818 839 crc-

2206 870 2463 928 dentibus
2482 869 2706 941 Judseis,
2732 870 3061 929 mirabiliter
3083 872 3203 945 ipse
3228 873 3494 930 Dominus
3514 874 3816 931 veritatem

2205 966 2441 1035 aperuit.

2279 1056 2495 1114 Exaudi
2524 1072 2637 1126 nos,
2669 1059 2811 1115 Deus
2834 1058 3080 1115 salutaris
3105 1064 3319 1115 noster:
3347 1072 3464 1133 spes
3490 1061 3726 1116 omnium
3749 1060 3821 1132 ﬁ-

2206 1152 2351 1205 nium
2372 1158 2527 1206 terra:
2543 1159 2591 1206 et
2619 1151 2674 1206 in
2699 1152 2834 1205 mari
2863 1150 3033 1226 longe.
3060 1149 3362 1210 Providetts
3384 1152 3675 1223 propheta,
3703 1162 3820 1208 [εἴη

2208 1258 2304 1312 rm,
2335 1246 2534 1311 maris,
2568 1260 2634 1299 ac
2661 1245 2850 1301 (inium
2880 1233 3157 1311 omnium,
3187 1259 3345 1315 spem
3371 1245 3654 1302 Christum
3685 1258 3819 1302 esse

2205 1338 2571 1393 anttuntiavit.
2599 1338 2756 1407 Quod
2777 1345 2961 1395 autem
2988 1353 3049 1395 se
3070 1337 3139 1394 ab
3155 1352 3226 1394 eo
3250 1336 3506 1394 exaudiri
3536 1340 3814 1411 postulat:

2207 1427 2291 1485 sic
2338 1430 2680 1503 intelligitur,
2725 1442 2788 1488 ac
2817 1433 2862 1488 si
2893 1431 3143 1489 diceret:
3176 1431 3297 1488 Jam
3326 1431 3486 1501 veni,
3519 1440 3583 1488 ut
3628 1448 3725 1504 per
3760 1446 3813 1489 te

2207 1522 2406 1578 salvari
2439 1534 2676 1580 merear.

2279 1612 2598 1687 Prteparuns
2624 1625 2823 1672 montes
2838 1618 2893 1672 in
2922 1616 3106 1673 uirtute
3125 1625 3237 1685 tua,
3267 1616 3531 1672 accinctus
3554 1618 3812 1689 potentia.

2209 1706 2331 1777 Ipse
2360 1707 2618 1764 Dominus
2654 1708 2892 1765 Verbum
2922 1720 3054 1766 caro
3097 1709 3299 1767 factum
3332 1716 3415 1766 est
3446 1709 3503 1765 in
3528 1719 3819 1781 assumpto

501 1818 761 1875 lexerunt.
815 1816 1136 1889 Compuncti
1185 1815 1335 1874 enim
1388 1815 1581 1882 corde.
1631 1812 1959 1885 intelligunt,
2010 1824 2108 1865 au-

2221 1799 2450 1855 itontinc.
2496 1800 2770 1856 Accinctus
2807 1803 3052 1873 potentia,
3099 1802 3487 1859 celsitudinem
3540 1805 3817 1859 montium

501 1912 861 1981 nuntiantqne
889 1907 1159 1965 mirabilia
1190 1908 1306 1964 Dei.

572 2002 859 2059 Lwtabitur
878 2000 1057 2073 justus
1088 2001 1143 2056 in
1173 1998 1427 2067 Domino,
1449 2009 1499 2054 st
1519 1998 1747 2072 sperabit
1766 1998 1822 2052 in
1849 2010 1929 2055 eo.
1952 1996 2107 2054 Sicut

499 2096 699 2169 impius
729 2111 828 2167 pro
857 2094 1186 2151 inﬁdelitate
1228 2108 1323 2149 sua
1372 2093 1630 2151 formidat
1654 2109 1668 2147 :
1696 2095 1768 2149 ita
1789 2094 1970 2164 justus
2008 2102 2108 2162 per

496 2204 651 2259 spem
680 2188 1004 2245 cternitatis
1032 2202 1146 2245 sua:
1175 2188 1417 2243 exsultat
1449 2188 1502 2241 in
1540 2186 1794 2242 Domino.
1826 2184 1893 2241 Et
1915 2185 2107 2241 laudae

498 2282 692 2338 buntur
737 2294 914 2336 omnes
958 2280 1085 2335 recti
1124 2280 1299 2334 corde.
1334 2278 1470 2349 Quia
1510 2275 1680 2335 Deum
1734 2277 1903 2334 visuri
1953 2286 2103 2335 sunt.

501 2377 655 2434 Beati
683 2378 829 2433 enim
859 2376 1062 2432 mando
1091 2373 1258 2431 corde
1292 2393 1306 2429 :
1338 2374 1597 2446 quoniam
1624 2372 1724 2444 ipsi
1769 2374 1941 2429 Deum
1965 2372 2111 2430 vitim

499 2467 878 2540 summatm.
905 2468 983 2540 v).
1025 2468 1127 2537 Qui
1175 2466 1334 2522 nobis
1375 2474 1641 2538 praestare
1670 2466 1948 2537 dignetur,
1979 2473 2036 2521 ut
2075 2478 2105 2518 ιι

499 2563 717 2636 sagittis
741 2562 1087 2619 inimicorttm
1122 2561 1301 2630 liberi,
1332 2561 1402 2617 ab
1430 2574 1561 2618 arcu
1612 2560 1868 2617 falsitatis
1907 2561 2107 2630 erepti,

500 2671 812 2712 mereamur
858 2656 928 2711 ab
958 2671 1026 2712 eo
1058 2654 1291 2727 protegi,
1324 2655 1417 2727 qui
1465 2655 1669 2711 sanctis
1709 2653 1964 2711 omnibus
2009 2660 2110 2725 pro

502 2761 601 2819 spe
629 2748 841 2816 salutis,
873 2747 1103 2819 gloriam
1143 2748 1331 2804 tribuit
1363 2742 1817 2803 immortalitatis.

1027 2878 1347 2940 PSALMUS
1385 2876 1572 2939 LXIV.

503 2973 572 3033 In
597 2979 773 3049 ﬁnem,
806 2974 1054 3032 Psalmus
1074 2972 1281 3049 Dauid,
1313 2972 1584 3049 Canticum
1618 2973 1862 3049 Jerentitc
1889 2984 1940 3049 et
1969 2968 2105 3029 Eze-

575 3044 730 3113 c'ltiet,
760 3058 807 3122 et
835 3048 1017 3122 populi
1051 3044 1115 3103 de
1142 3047 1456 3122 captivitate.
1486 3048 1593 3103 iste
1614 3044 1955 3122 psalmusitr
1984 3057 2109 3122 per-

574 3109 945 3191 sons-Chiis'ti
972 3109 1246 3191 cantato},
1278 3127 1336 3175 et
1359 3119 1428 3174 de
1451 3109 1767 3191 rever-sione
1788 3109 2107 3191 Babylonia)

2208 1890 2492 1948 diabolica:
2536 1893 2929 1950 dominationis
2972 1896 3287 1965 oppressit.
3335 1902 3391 1950 et
3455 1894 3816 1964 sempiternis

2208 1984 2425 2057 ignibus
2453 1986 2799 2057 praeparavit.
2839 1987 3131 2043 Accinctus
3177 1982 3275 2042 Dei
3330 1985 3612 2043 contrahit
3639 1986 3811 2043 vesti-

2209 2089 2476 2136 mentum.
2510 2079 2626 2136 Non
2645 2080 2790 2137 enim
2822 2092 3113 2151 possumus
3139 2090 3434 2151 expansum
3468 2078 3812 2137 fortitudinis

2208 2185 2321 2227 sua:
2365 2180 2573 2228 vestem
2632 2186 2988 2244 cognoscere.
3025 2172 3131 2241 Qui
3166 2175 3448 2229 conturbas
3493 2172 3813 2246 profundunt

2207 2264 2387 2319 maris.
2416 2263 2617 2321 Saeculi
2649 2263 2815 2337 hujus
2846 2264 3178 2338 profundam
3198 2266 3527 2337 iactantiam
3552 2308 3567 2333 ,
3619 2266 3815 2337 ιιι-πάι-

2210 2358 2430 2416 eatione
2461 2361 2768 2433 apostolica
2793 2374 3169 2419 commovens.
3204 2362 3407 2419 Sanum
3424 2365 3686 2434 ﬂuctuum
3704 2363 3815 2433 ejus

2208 2452 2325 2523 quis
2380 2453 2693 2509 sustinebit?
2737 2454 2795 2511 In
2845 2456 3137 2513 eversione
3179 2454 3329 2511 enim
3386 2456 3812 2512 simulacrorum

2208 2544 2344 2601 dant
2382 2545 2655 2603 damonis
2684 2559 2883 2604 sonum
2918 2560 2934 2602 :
2965 2542 3256 2604 inicientes
3282 2556 3549 2619 paganos,
3593 2558 3650 2604 ut
3682 2548 3813 2603 inte«

2211 2637 2415 2694 rimsnt
2439 2647 2661 2698 sanctos
2689 2640 2809 2698 Dei.
2842 2639 2951 2697 Sed
2979 2635 3069 2697 hic
3098 2650 3289 2708 sonus,
3323 2634 3417 2698 Dei
3453 2640 3698 2712 potentia
3721 2654 3814 2713 op-

2212 2731 2439 2802 pilatur.

2283 2821 2651 2880 Turbame
2689 2834 2881 2898 genus.
2927 2825 3067 2881 Cum
3109 2826 3313 2882 sanctis
3355 2826 3665 2897 pravslere
3710 2844 3810 2884 non

2210 2915 2510 2987 potuerint.
2563 2915 2632 2972 Et
2681 2917 2931 2973 timebunt
2985 2918 3190 2973 termini
3233 2926 3385 2974 terra!
3423 2934 3458 2974 tt
3496 2920 3661 2992 signis
3697 2921 3816 2975 tuis.

2209 3010 2257 3064 Α
2286 3009 2489 3065 virtute
2517 3008 2715 3074 crucis,
2747 3026 2869 3081 qua
2898 3011 2979 3067 eis
3009 3011 3162 3082 prius
3194 3011 3422 3067 stultitia
3451 3021 3576 3069 erat
3605 3020 3728 3068 :vet
3750 3013 3815 3069 ab

2210 3102 2296 3157 his
2344 3100 2686 3158 mirabilibus
2710 3114 3177 3175 compunguntur.
3208 3103 3398 3159 Exitus
3443 3108 3723 3173 matutini,
3767 3112 3813 3159 et

576 3190 1013 3271 iu_Jerusalem,
1070 3201 1125 3248 et
1167 3189 1237 3247 tle
1278 3199 1467 3247 nostra
1509 3188 1580 3246 ad
1619 3188 2102 3248 calestem‘leru-
2133 3191 2185 3255 O
2211 3210 2420 3267 vespere
2457 3193 2757 3251 delectabis.
2809 3196 3090 3253 Ilatutinis
3127 3198 3556 3270 vespertinisque
3600 3199 3815 3271 hymnis

580 3264 775 3320 salem.

579 3379 654 3437 Te
678 3380 820 3436 decet
842 3378 1088 3451 hymnus,
1119 3376 1285 3448 Dens,
1314 3378 1367 3432 in
1391 3376 1524 3434 Sion
1549 3386 1631 3432 :et
1644 3376 1734 3431 tibi
1760 3375 2005 3432 reddetur
2024 3390 2113 3431 υθέ

511 3484 619 3529 tum
661 3472 717 3526 in
742 3469 1058 3525 Jerusalem.
1100 3467 1217 3525 Non
1259 3466 1621 3524 theatralibus
1667 3481 1845 3538 neque
1890 3466 2116 3523 simula-

506 3579 728 3621 crorum
755 3561 995 3632 templis,
1024 3558 1119 3616 sed
1147 3558 1268 3629 tibi,
1302 3558 1675 3629 omnipotens,
1699 3559 1816 3614 laus
1843 3572 1907 3613 ac
1926 3565 2113 3613 votum

504 3657 705 3730 jugiter
735 3662 817 3709 est
843 3650 1180 3709 reddendum
1230 3651 1282 3705 in
1321 3650 1476 3716 Sion,
1525 3647 1579 3704 id
1609 3659 1714 3718 est,
1760 3649 1813 3704 in
1846 3649 2111 3719 Ecclesia,

515 3762 665 3807 tuam
694 3745 923 3815 gloriam
957 3744 1274 3816 speculante
1302 3762 1314 3797 :
1351 3742 1441 3798 vel
1471 3741 1524 3797 in
1567 3741 1780 3798 caelesti
1807 3740 2114 3798 Jerusalem

513 3842 711 3913 dignus
747 3836 1203 3895 commemoratis
1249 3833 1603 3890 inhabitator.
1657 3833 1939 3891 Reddetur
1982 3849 2115 3907 ergo

516 3930 612 3988 tibi
646 3931 791 3998 laus,
822 3930 948 4000 quia
994 3928 1137 3983 Deus
1166 3942 1226 3984 es
1259 3943 1273 3986 ι
1306 3937 1497 3996 votum,
1529 3927 1655 3998 quia
1682 3926 1994 4000 redemptor
2029 3942 2111 3984 es.

590 4016 805 4078 Exaudi
833 4020 1117 4076 orationem
1154 4036 1341 4075 nteant.
1384 4019 1489 4077 Per
1528 4020 1787 4093 Spiritum
1820 4030 2068 4079 sanctum
2098 4039 2112 4076 :

518 4115 609 4189 qui
645 4113 936 4187 gemitibus
966 4113 1431 4170 inenarrabilibns
1462 4114 1775 4186 interpellat
1807 4131 1904 4186 pro
1936 4118 2112 4176 nobis.

518 4208 600 4263 Ad
627 4216 675 4263 te
704 4206 869 4264 omnis
893 4221 1016 4260 caro
1037 4206 1217 4261 veniet.
1242 4204 1323 4262 Ac
1342 4207 1387 4261 si
1417 4205 1625 4263 diceret
1652 4224 1667 4262 :
1699 4208 1778 4263 Ad
1811 4218 1862 4264 te
1887 4224 2117 4268 conver-

522 4312 667 4358 tetur
698 4297 880 4355 omnis
909 4295 1095 4354 homo.
1158 4309 1171 4321 '

600 4390 772 4447 Verba
816 4388 1131 4462 iniquorum.
1183 4391 1447 4465 Dogmata
1490 4392 1976 4465 pltilosottltorutn,
2034 4396 2117 4451 fa-

522 4485 853 4553 tuitatesque
876 4482 1181 4557 gentilium.
1207 4483 1604 4544 Prwvaluerunt
1643 4503 1801 4558 super
1834 4506 1949 4544 nos.
1978 4487 2115 4545 Cum

2210 3286 2469 3344 Ecclesiae
2491 3287 2794 3346 delectatur
2825 3291 2989 3359 Deus,
3022 3306 3120 3363 per
3138 3295 3372 3349 animam
3405 3293 3626 3350 ﬁdelem
3656 3310 3671 3348 :
3700 3310 3812 3366 qua:

2214 3379 2406 3437 relicto
2438 3382 2682 3438 inanium
2708 3385 3157 3454 superstitionum
3187 3385 3295 3441 ritu
3323 3401 3445 3442 eum
3477 3386 3682 3442 devote
3703 3389 3811 3442 lau-

2213 3473 2448 3530 daverit.
2477 3475 2581 3531 Per
2611 3492 2793 3545 mune,
2827 3478 3014 3533 lmtitia
3051 3496 3065 3532 :
3095 3494 3190 3541 per
3221 3492 3509 3550 vesperum
3529 3516 3544 3545 ,
3575 3480 3810 3537 tristitia.

2296 3566 2527 3622 Visitasti
2582 3577 2798 3623 terram.
2851 3570 3100 3627 Visiiavit
3152 3568 3342 3644 utique
3387 3582 3593 3629 terram
3647 3574 3811 3630 nostri

2214 3659 2482 3729 corporis,
2523 3662 2850 3718 assuntendo
2897 3664 3177 3720 materiam
3215 3667 3415 3722 carnis.
3450 3665 3521 3721 Et
3549 3667 3811 3723 ineat-iusti

2216 3764 2350 3809 eant.
2408 3751 2527 3809 Non
2579 3754 2705 3811 vino
2761 3755 3037 3829 luxuriat,
3095 3758 3191 3816 sed
3252 3760 3525 3817 inlusione
3579 3760 3814 3832 Spiritus

2216 3848 2411 3904 sancti.
2475 3846 2845 3915 Nultiplicasti
2895 3852 3209 3925 locupletare
3260 3869 3393 3911 eam.
3466 3855 3810 3913 Diversum

2216 3941 2411 4011 opibus
2435 3942 2759 4014 gratiarum.

2289 4030 2518 4089 Flumen
2565 4033 2665 4090 Dei
2719 4035 2972 4109 repletum
3020 4048 3097 4094 est
3154 4041 3324 4111 aquis.
3385 4040 3635 4116 Denique
3683 4045 3807 4102 dicit

2219 4124 2479 4183 Dominus
2527 4126 2581 4182 in
2621 4128 2918 4201 Evangelia
2949 4150 2962 4186 :
2995 4130 3096 4201 Qui
3125 4133 3424 4190 crediderit
3470 4136 3527 4191 in
3557 4153 3670 4205 me,
3711 4139 3805 4193 liu-

2219 4218 2365 4274 mina
2394 4218 2463 4276 de
2490 4226 2682 4277 ventre
2721 4223 2843 4294 ejus
2868 4222 3039 4282 liuent
3085 4236 3240 4297 aqum
3285 4229 3422 4284 vivs:
3475 4227 3663 4302 (han.
3696 4234 3804 4303 vn).

2218 4312 2454 4370 Attende
2487 4315 2878 4387 evangelistam
2912 4335 2926 4372 :
2960 4318 3064 4375 hoc
3085 4320 3231 4375 enim
3261 4321 3477 4379 dicebat
3502 4324 3573 4381 de
3608 4326 3803 4395 Spiritu

2219 4415 2428 4475 sancto,
2457 4420 2620 4479 quem
2645 4411 2921 4481 accepturi
2943 4422 3102 4467 erant
3133 4413 3421 4470 ιιι-θύσεως
3448 4416 3504 4471 Ιιι
3532 4430 3680 4474 eum.
3707 4414 3807 4475 Nos

2220 4511 2348 4565 ergo
2369 4498 2460 4568 qui
2491 4498 2844 4566 credidimus,
2872 4501 2984 4571 jam
3016 4502 3216 4559 ﬂumen
3248 4503 3345 4560 Dei
3372 4520 3586 4563 sumus.
3620 4509 3802 4581 lleple-

522 4589 575 4637 te
597 4579 951 4644 nesciremus,
984 4579 1261 4650 quomodo
1290 4578 1560 4639 Jeremias
1586 4582 1759 4638 dixit:
1789 4581 1933 4641 Vere
1962 4600 2115 4643 men.-
2144 4586 2199 4649 υ
2219 4589 2395 4647 bimur
2421 4608 2584 4663 aqua,
2614 4607 2739 4649 cum
2769 4594 3039 4664 baptismo
3062 4595 3355 4666 abluimur,
3379 4608 3435 4653 et
3467 4600 3514 4655 si
3543 4578 3801 4672 dignito-

521 4672 732 4731 dacium
762 4684 815 4729 et
850 4673 1145 4730 vanitatem
1172 4673 1478 4731 locutisunt
1502 4686 1683 4747 patres
1706 4678 1901 4745 nostri,
1928 4688 1982 4734 et
2007 4693 2116 4734 non

520 4765 719 4836 profuit
749 4764 830 4822 eis
847 4762 1062 4838 (larem.
1093 4764 1228 4837 χιί).
1254 4766 1321 4822 Ει
1345 4764 1688 4841 impietatibus
1716 4769 1904 4825 nostris
1928 4779 1979 4824 tu
1995 4786 2115 4843 pro-

522 4859 804 4932 pitiaberis.
834 4857 1019 4931 Usque
1051 4860 1103 4913 in
1134 4858 1299 4916 ﬁnem
1329 4874 1429 4917 nos
1457 4860 1748 4917 fuissemus
1793 4863 1849 4917 in
1892 4877 2111 4929 errore,

520 4949 623 5007 nisi
657 4960 712 5007 tu
754 4950 1029 5024 propitius
1074 4951 1270 5008 fuisses
1312 4954 1484 5010 nostri
1522 4971 1536 5009 :
1578 4954 1671 5025 qui
1712 4969 1812 5011 nos
1851 4954 2117 5027 sanguine

518 5046 740 5121 proprio
769 5059 1047 5105 mercatus
1083 5062 1166 5105 es.
1195 5047 1285 5104 Sic
1318 5058 1375 5104 et
1413 5044 1615 5105 Paulus
1666 5050 1945 5120 apostolus
1994 5052 2109 5106 ait:

520 5143 622 5214 Qui
652 5158 751 5200 nos
769 5144 1144 5201 reconciliavit
1177 5144 1286 5200 Deo
1304 5142 1451 5199 Patri
1469 5157 1567 5214 per
1582 5158 1804 5201 crucem
1822 5143 1867 5217 (l
1891 5142 2011 5200 Cor.
2032 5143 2112 5217 v).

587 5237 781 5294 Beatus
807 5255 958 5310 quem
1006 5234 1203 5312 elegisti
1235 5248 1284 5294 et
1326 5238 1652 5306 assumpsisti
1678 5253 1699 5294 :
1724 5238 2029 5295 inltabilabit
2060 5239 2116 5294 in

516 5331 664 5386 atriis
712 5331 834 5387 tuis.
872 5330 1044 5389 Vocat
1080 5330 1226 5387 Deus
1260 5346 1452 5387 omnes
1485 5348 1499 5385 :
1528 5346 1630 5388 nec
1658 5331 1830 5387 ullum
1863 5333 2112 5404 spernit;

514 5421 611 5479 sed
641 5422 795 5495 pauci
843 5410 1167 5494 sequuntur.
1202 5422 1346 5495 Ergo
1375 5423 1469 5494 qui
1500 5439 1563 5479 se
1603 5423 1826 5496 dignum
1858 5426 1981 5496 ejus
1998 5425 2113 5482 ele-

511 5516 682 5573 ctioni
714 5515 1036 5585 praebuerit,
1067 5515 1346 5573 cohabitat
1372 5515 1422 5573 ei
1453 5532 1576 5573 cum
1607 5517 1872 5589 apostolis
1899 5516 2108 5575 sanctis

510 5607 561 5660 in
591 5607 953 5664 tabernaculis
984 5608 1357 5678 sempiternis.

582 5694 914 5768 Replebimur
954 5700 1007 5752 in
1037 5698 1184 5753 bonis
1213 5700 1393 5755 domus
1436 5712 1558 5758 tute.
1592 5702 1647 5759 ld
1676 5713 1780 5772 est,
1817 5702 2071 5762 Ecclesia:
2090 5749 2103 5775 ,

508 5795 627 5850 quae
664 5783 897 5843 diversis
928 5802 1213 5847 munerum
1247 5789 1612 5861 spiritualium
1636 5795 1906 5855 exuberat
1925 5797 2101 5856 bonis.

2220 4699 2340 4740 mus
2371 4692 2428 4740 ut
2454 4684 2660 4758 Spiritu
2696 4695 2891 4742 sancto
2918 4689 3257 4759 impleantur.
3300 4687 3722 4760 Locupletamur
3742 4694 3804 4751 ab

2217 4775 2412 4833 eodem
2462 4778 2761 4847 spiritualis
2806 4776 3095 4837 inlusionis
3142 4780 3358 4848 imbre,
3403 4794 3531 4839 cum
3564 4785 3689 4840 vite
3723 4800 3803 4855 pe-

2217 4870 2403 4927 rennis
2446 4869 2597 4928 fonte
2627 4872 2844 4942 repleti,
2894 4872 3053 4929 donis
3100 4873 3471 4943 spiritualibus
3501 4877 3799 4949 irrigantur.

2222 4965 2434 5021 Parasti
2457 4965 2626 5022 cibum
2641 4966 2876 5034 illorum,
2889 4968 3135 5039 quoniam
3155 4968 3224 5021 ita
3238 4979 3318 5024 est
3340 4973 3660 5044 praeparatio
3679 4976 3798 5044 eius.

2218 5057 2568 5130 Praiparasti,
2622 5058 2866 5131 inquam,
2913 5059 3173 5129 Domine,
3223 5061 3407 5117 cibum
3458 5074 3713 5121 nostrum
3755 5067 3799 5120 iu

2217 5148 2602 5206 communione
2632 5150 2773 5207 beati
2801 5153 3049 5223 corporis
3092 5165 3158 5208 ac
3205 5155 3484 5225 sanguinis
3515 5157 3591 5212 tui
3626 5176 3643 5214 :
3669 5156 3801 5229 quod

2217 5245 2263 5301 si
2285 5244 2450 5316 digne
2478 5245 2788 5301 bauriamas
2810 5288 2826 5315 ,
2865 5244 3130 5316 judicium
3172 5247 3366 5303 mortis
3387 5248 3703 5322 etl‘ugimus.
3731 5252 3801 5307 'l‘tt

2217 5352 2277 5393 es
2300 5338 2445 5394 enim
2471 5336 2627 5408 panis
2648 5338 2775 5393 vitae
2796 5337 3137 5396 descendens
3154 5338 3222 5395 de
3243 5339 3389 5396 cmi»
3410 5358 3425 5395 :
3453 5351 3512 5399 et
3533 5342 3698 5399 vitam
3727 5358 3800 5401 re:

2220 5429 2462 5487 tribuens
2494 5429 2715 5486 mundo.
2837 5437 2841 5443 '
3804 5448 3805 5453 π

2291 5524 2445 5581 [lives
2472 5529 2587 5598 ejus
2609 5523 2894 5593 inebrians,
2915 5524 3272 5595 multiplicans
3291 5525 3562 5599 genimina
3580 5532 3693 5603 ejus
3712 5545 3733 5584 :
3755 5534 3801 5585 in

2214 5616 2495 5673 stillicidiis
2518 5619 2654 5689 ejus.
2677 5617 2797 5673 Rivi
2828 5617 2973 5673 enim
3008 5617 3065 5671 in
3096 5617 3256 5674 nobis
3281 5632 3313 5672 a
3340 5617 3570 5677 ﬂumine
3594 5622 3694 5678 illo
3714 5640 3729 5678 :
3753 5623 3799 5677 id

2214 5718 2321 5778 est,
2349 5727 2379 5763 a
2409 5709 2616 5780 Spiritu
2644 5720 2833 5766 sancto
2861 5720 3141 5779 entanaut,
3169 5710 3263 5781 qui
3291 5724 3394 5766 nos
3417 5711 3664 5770 diversis
3689 5728 3795 5786 gra-

2217 5802 2414 5859 tiarttnt
2438 5800 2598 5859 donis
2626 5802 2901 5862 inebriaat
2929 5818 2944 5858 :
2977 5812 3038 5860 ιιι
3068 5799 3164 5859 alii
3186 5800 3347 5860 detur
3376 5816 3569 5862 sermo
3590 5809 3805 5878 sapiet,
