4010 6324
204 348 347 436 ιοοὲ

1153 370 1588 434 ΒιιΕνιΑῐιιιιιι
1627 371 1697 430 1N
1734 358 2073 433 PSALMOS.
2114 364 2366 434 PSALM.
2407 364 2568 434 LXV.

3366 364 3510 438 tuos

198 494 291 548 tiu!
320 536 334 560 ,
365 486 455 547 alii
488 486 775 562 prephetia
804 532 817 557 ,
859 488 947 545 alii
977 491 1219 561 curatio,
1254 492 1344 548 alii
1372 492 1751 563 interpretatio
1780 539 1793 563 ,
1826 486 1872 554 Α
1904 495 2154 551 terribilia
2196 503 2311 552 sum
2334 513 2492 566 opera
2524 505 2611 551 tua
2632 496 2653 550 .'
2682 495 2955 554 Terribile
2983 500 3068 551 est.
3095 492 3239 568 quod
3270 498 3502 566 potestis

198 585 289 641 vel
333 584 558 654 reliqua:
602 580 930 638 donationes
962 597 977 636 :
1010 596 1146 652 quas
1172 591 1432 654 operatur
1462 597 1603 640 unus
1635 591 1799 654 atque

196 676 349 734 idem
418 674 689 747 spiritus,
761 672 1008 730 dividens
1082 674 1379 746 unicuique
1462 684 1620 745 prout
1684 676 1801 732 vult

198 768 415 842 (lCar.
444 768 580 841 xu).
614 766 718 826 Per
760 783 879 838 qua)
921 767 1280 824 donationmn
1324 782 1523 840 genera
1554 813 1567 837 ,
1615 769 1798 824 inuiti-

198 862 479 934 plicantur
508 860 788 918 Ecclesize.
822 860 958 929 Qua:
987 862 1222 931 primum
1252 860 1469 930 quidem
1498 863 1652 932 quasi
1682 863 1801 917 stil—

198 953 388 1013 licidia
415 956 470 1012 in
503 954 664 1012 nobis
692 953 962 1015 deiluunt.
996 953 1201 1010 dehinc
1226 953 1325 1010 rivi
1349 952 1505 1011 ilunt.
1530 954 1659 1012 Post
1686 955 1802 1011 iure

200 1046 646 1119 multiplicantur
686 1048 738 1101 in
776 1045 1224 1118 generationibus
1258 1060 1274 1101 :
1318 1055 1377 1102 ut
1413 1046 1645 1103 ati‘erant
1683 1046 1800 1101 fru-

202 1148 378 1209 etum,
410 1137 555 1197 aliud
588 1138 968 1206 centesimum,
1008 1136 1153 1193 aliud
1186 1138 1610 1208 sexagesimum,
1654 1136 1801 1194 aliud

203 1233 539 1290 tricesimum
561 1233 582 1305 (
604 1232 792 1287 Matth.
825 1229 966 1302 xui).
994 1229 1279 1285 Laetabitur
1295 1231 1609 1301 germinans.
1631 1228 1800 1285 Terra

199 1326 413 1382 scilicet
443 1323 718 1381 laetabitur
750 1327 766 1394 (
800 1321 933 1378 lsai.
963 1322 1128 1394 Lvut)
1161 1338 1176 1378 :
1207 1332 1329 1378 cum
1361 1321 1417 1377 in
1458 1336 1521 1378 ea
1563 1321 1651 1376 hic
1692 1320 1802 1376 i‘ru-

201 1430 327 1479 ctus
349 1414 650 1491 spiritualis
674 1417 977 1473 exorietur.

276 1510 558 1570 Benedices
570 1524 814 1567 coronam
830 1511 955 1564 anui
976 1509 1302 1581 benignitatis
1317 1515 1437 1563 tum.
1453 1507 1567 1575 Qua
1582 1515 1730 1562 sanet
1741 1520 1803 1561 os

201 1605 467 1679 praemiis.
490 1608 545 1660 et
565 1603 913 1673 temetipsum
944 1615 1134 1656 eorum
1158 1599 1464 1671 agminibus
1488 1599 1797 1655 coronabis.

202 1698 424 1760 Annum
468 1710 602 1757 vero
638 1696 1029 1769 acceptabiietn
1059 1740 1073 1764 ,
1129 1696 1306 1765 ipsum
1338 1702 1461 1751 esse
1515 1693 1800 1748 Dominum

201 1793 349 1849 alius
398 1791 655 1862 propheta
708 1796 1103 1846 commemorat
1141 1806 1152 1841 :
1185 1785 1484 1842 Benedices
1535 1794 1799 1840 Coronam

1905 588 2127 656 mirari,
2158 599 2211 644 et
2244 604 2348 644 non
2383 588 2611 659 potestis
2639 586 3148 659 comprehendere,
3180 585 3232 642 id
3260 595 3346 643 est
3366 631 3381 655 ,
3430 590 3498 643 de

1905 682 2103 751 popqu
2128 681 2355 738 Jndaico
2381 681 2592 750 eiecto,
2628 689 2684 737 et
2712 690 2901 752 postea
2934 681 3265 752 reprobato,
3288 689 3345 736 et
3369 691 3502 751 gen-

1907 779 1987 828 tes
2019 775 2267 844 primitus
2296 773 2709 841 condemnatas,
2739 784 2792 830 et
2820 783 3008 845 postea
3034 773 3258 829 electas.
3287 772 3383 828 Vel
3407 774 3497 843 qui

1903 863 2156 921 videntur
2182 865 2335 937 quasi
2365 865 2575 931 sancti,
2601 873 2656 921 et
2682 864 2986 936 reprobati,
3017 873 3071 921 et
3098 861 3168 921 de
3195 866 3499 935 peccatori-

1903 956 2029 1026 bus,
2055 957 2143 1027 qui
2179 956 2436 1012 videntur
2466 955 2621 1027 quasi
2659 957 2959 1027 reprobati,
2985 964 3038 1010 et
3062 955 3249 1013 electi.
3277 954 3499 1012 Occulta

1906 1048 2252 1120 suntjudicia
2287 1049 2379 1104 Dei
2419 1068 2429 1103 :
2464 1049 2754 1115 terribilia,
2778 1050 2957 1119 idest,
2984 1047 3243 1106 timenda.
3275 1046 3341 1103 In
3364 1050 3501 1104 mul-

1906 1141 2125 1196 titudine
2147 1141 2349 1196 virtutis
2369 1148 2472 1197 tute
2489 1141 2803 1197 mentiantur
2821 1143 2912 1197 tibi
2936 1140 3135 1198 inimici
3157 1142 3253 1198 tui.
3270 1143 3502 1212 Quando

1907 1231 2158 1289 viderunt
2199 1234 2253 1288 in
2287 1229 2528 1306 Egypto
2559 1233 2791 1290 virtutes
2817 1275 2831 1301 ,
2884 1236 2936 1290 el
2962 1233 3115 1306 signa
3152 1252 3165 1289 :
3196 1243 3249 1291 et
3279 1235 3332 1290 in
3364 1236 3499 1289 mari

1906 1325 2114 1381 Rubro.
2148 1324 2351 1381 Mentiti
2384 1332 2516 1380 sunt
2550 1325 2767 1395 quando
2798 1324 3054 1381 dixerunt
3087 1344 3098 1379 :
3128 1324 3322 1381 Omnia
3351 1341 3500 1398 quaa-

1905 1429 2137 1488 cumque
2220 1416 2548 1488 prmceperit
2625 1417 2785 1473 nobis
2849 1416 3151 1481 Dominus,
3242 1418 3502 1475 iaciemus

1906 1507 2121 1578 (Ea-ed.
2144 1510 2333 1582 xxiv).
2366 1509 2522 1567 Unde
2549 1510 2681 1565 dicit
2713 1527 2726 1564 :
2757 1509 3020 1581 iniquitas
3051 1510 3276 1567 mentita
3301 1518 3419 1578 est,
3447 1519 3502 1567 et

1908 1601 2110 1656 inimici
2136 1601 2350 1657 Domini
2382 1601 2593 1657 mentiti
2624 1611 2753 1656 sunt
2778 1601 2829 1657 ei
2862 1599 3054 1672 (Psal.
3082 1608 3203 1657 itva
3225 1599 3265 1672 ).

1982 1691 2167 1747 Omnis
2193 1703 2328 1747 terra
2352 1694 2532 1748 adoret
2561 1703 2643 1757 te,
2670 1690 2844 1759 Dens,
2883 1700 2934 1746 st
2976 1693 3168 1765 psallat
3200 1692 3292 1747 tibi
3313 1708 3330 1746 :
3354 1691 3505 1748 Psal-

1907 1800 2049 1840 mum
2074 1785 2210 1839 dicat
2234 1784 2434 1840 nomini
2464 1794 2574 1839 tuo.
2613 1783 2917 1849 Tenderet,
2956 1795 3007 1838 te
3035 1796 3329 1842 veneretur
3356 1803 3369 1838 :
3405 1784 3499 1840 tibi

202 1886 334 1941 anni
365 1885 502 1955 eius.
531 1882 815 1940 Circulum
848 1889 905 1937 et
933 1893 1155 1949 semper
1186 1880 1237 1933 in
1268 1893 1330 1934 se
1349 1876 1628 1933 currentia
1673 1873 1798 1930 anni
1837 1866 1879 1945 ἕξ
1906 1877 2184 1944 concinet,
2215 1892 2323 1933 non
2341 1887 2811 1947 creaturae,quam
2836 1876 3162 1947 ejususlbtts
3187 1877 3498 1948 subjecisti.

203 1987 457 2048 tempora
478 2015 491 2039 ,
539 1986 800 2031 coronam
831 1972 1071 2028 vocavit.
1116 1968 1228 2026 Aut
1251 1978 1399 2025 certe
1428 1967 1555 2038 quia
1601 1967 1652 2021 in
1681 1980 1805 2036 pas-

202 2072 363 2128 sione
395 2069 605 2125 Domini
640 2067 868 2122 victoria
898 2064 967 2122 de
1001 2072 1114 2121 toto
1142 2063 1275 2120 orbe
1314 2068 1567 2131 suscepta
1596 2067 1698 2115 est.
1734 2057 1803 2111 Et

202 2166 377 2236 campi
418 2164 493 2219 tui
520 2162 855 2236 replebuntur
878 2159 1131 2215 ubertate.
1157 2157 1360 2229 Campi,
1389 2154 1529 2225 legis
1560 2155 1648 2225 qui
1682 2152 1805 2207 ttul-

200 2257 318 2314 ium
366 2255 722 2327 iucunditatis
771 2253 1003 2308 fructum
1066 2252 1121 2306 in
1178 2249 1358 2304 littera
1410 2237 1799 2319 protulerunt:

199 2364 350 2405 nunc
382 2344 739 2419 spiritualiter
772 2346 1059 2410 intellecti,
1094 2344 1306 2399 fruetus
1342 2340 1643 2411 evangelici
1673 2338 1805 2406 dog-

200 2439 365 2495 matis
392 2439 640 2495 ubertate
667 2438 1034 2508 complentur.

272 2530 620 2603 Piuguescent
647 2529 878 2602 speciosa
904 2528 1113 2583 deserti.
1144 2526 1390 2583 Ecclesia
1418 2525 1651 2588 scilicet,
1681 2536 1802 2592 quae

198 2624 381 2683 divina
412 2626 504 2681 Dei
536 2625 710 2696 gratia
739 2623 879 2679 iluit.
899 2622 966 2677 Et
987 2621 1332 2678 exsultatione
1354 2621 1512 2675 colles
1533 2619 1801 2689 accingen-

200 2728 308 2773 tur.
359 2718 660 2790 Martyres,
708 2717 826 2772 sive
871 2715 1064 2787 reliqui
1121 2716 1336 2769 sancti:
1371 2711 1463 2783 qui
1522 2710 1804 2766 immensis

194 2828 228 2867 a
264 2812 376 2868 Deo
413 2810 660 2882 praemiis
707 2808 995 2875 honorati,
1031 2808 1311 2880 perpetuis
1346 2805 1571 2877 gaudiis
1616 2804 1798 2860 accin-

200 2912 425 2977 gentur.

271 2997 454 3054 Iuduti
496 3006 618 3054 sunt
657 2998 841 3053 arietes
876 2997 1065 3051 ovium.
1106 2993 1471 3059 Patriarcbat,
1502 2992 1803 3064 pr0phetae,

197 3096 322 3152 sive
351 3094 582 3165 apostoli
610 3112 622 3147 :
655 3093 745 3163 qui
767 3092 938 3148 duces
961 3091 1183 3147 luerunt
1204 3090 1388 3145 ovium
1417 3088 1597 3160 gregis
1622 3088 1805 3143 eccle-

198 3186 434 3251 siastici,
472 3185 717 3241 translati
747 3199 779 3239 a
811 3192 989 3240 morte
1020 3183 1073 3238 in
1116 3182 1285 3238 vitam
1317 3199 1329 3236 :
1358 3181 1659 3235 induuntur
1704 3180 1803 3233 im-

1908 1968 2007 2024 iiic
2036 1968 2336 2040 interponit
2359 1969 2682 2041 diapsaima,
2700 1962 2760 2026 ut
2779 1970 2848 2025 ad
2874 1983 2976 2026 nos
2999 1970 3171 2026 verba
3192 1979 3499 2039 convertat,

1906 2062 2093 2117 dicens
2130 2081 2144 2118 :

1993 2153 2188 2221 Venite,
2214 2165 2261 2210 et
2282 2158 2450 2213 videte
2479 2173 2637 2228 Opera
2666 2156 2898 2227 Domini,
2924 2158 3166 2213 terribilis
3193 2160 3249 2214 in
3276 2157 3507 2214 consiliis

1908 2259 2066 2317 super
2106 2246 2245 2318 ﬁlios
2289 2248 2572 2305 taurinum.
2615 2248 2820 2305 Gentes
2848 2261 2970 2319 qua!
2995 2249 3087 2305 diu
3120 2252 3176 2304 in
3200 2265 3396 2306 errore
3424 2251 3498 2305 la-

1909 2342 2093 2396 natico
2122 2344 2424 2409 vixerunt,
2473 2344 2616 2398 sicut
2643 2343 2919 2415 quondam
2953 2352 3138 2412 patres
3172 2344 3388 2413 nostri,
3436 2345 3504 2399 ad

1914 2432 2078 2487 Deum
2110 2435 2558 2505 cognoscendum
2594 2435 2804 2490 invitat.
2842 2434 2945 2503 Qui
2998 2435 3331 2493 terribilibus
3368 2451 3505 2493 con-

1912 2526 2047 2581 siiiis
2105 2528 2342 2583 inunauo
2398 2528 2585 2599 generi
2644 2529 2950 2595 cotisuluit,
3000 2539 3058 2584 ut
3107 2540 3506 2601 cognoscentes

1910 2619 2185 2676 Creatoris
2208 2635 2399 2690 opera,
2425 2619 2631 2676 scirent
2650 2636 2879 2691 operum
2896 2624 3264 2678 conditorem.
3296 2622 3505 2687 Venite,

1910 2723 1957 2767 et
1982 2714 2146 2769 videte
2166 2729 2325 2783 opera
2346 2710 2580 2769 Domini.
2624 2712 2827 2784 Venite,
2853 2714 3088 2783 credite,
3130 2715 3317 2785 videte,
3349 2717 3509 2773 intel-

1914 2806 2087 2878 ligite.
2116 2805 2231 2863 Vox
2255 2808 2704 2878 praedicatorum.
2733 2808 2902 2875 Quam
2945 2809 3214 2877 terribilis,
3260 2812 3314 2865 in
3339 2812 3509 2864 consi-

1914 2900 1998 2955 liis
2017 2915 2171 2971 super
2183 2901 2320 2971 ﬁlios
2341 2900 2640 2956 hominum!
2661 2896 2951 2967 Terribilis,
2983 2902 3087 2957 hoc
3102 2913 3208 2972 est,
3231 2906 3507 2975 quomodo

1911 3010 2051 3051 unus
2078 2997 2422 3068 reprohatur,
2451 3003 2508 3051 et
2538 2997 2677 3051 alter
2718 2996 2957 3066 eligitur.
2995 2996 3381 3067 Reprobantnr
3403 2998 3498 3053 Ju-

1909 3091 2033 3155 daei,
2066 3101 2122 3146 et
2150 3092 2427 3161 eliguntur
2452 3100 2643 3162 gentes
2673 3109 2685 3142 :
2720 3089 2860 3145 sicut
2907 3088 3046 3145 dixit
3075 3090 3127 3145 in
3160 3091 3457 3162 Evangelia
3489 3111 3502 3147 :

1914 3185 2028 3239 Duo
2053 3184 2105 3239 in
2134 3196 2266 3256 agro
2296 3201 2310 3241 :
2349 3197 2488 3239 unus
2512 3192 2843 3249 assumatur,
2886 3192 2940 3237 et
2970 3191 3114 3237 unus
3141 3183 3502 3254 relinquetur.

200 3276 542 3334 mortalitate
593 3283 879 3346 perpetua.
938 3272 1009 3327 Et
1074 3272 1234 3327 valles
1281 3270 1621 3326 abundabunt
1690 3275 1804 3341 fru-
1836 3275 1882 3339 (Ζ
1917 3275 2047 3331 Dus:
2073 3276 2341 3332 moientes
2372 3291 2386 3330 :
2415 3290 2519 3331 una
2548 3283 2860 3330 nssumetur
2886 3314 2900 3339 ,
2933 3282 2991 3331 et
3031 3274 3137 3329 alia
3166 3275 3503 3345 relinquetur

201 3381 398 3425 ntento.
426 3367 754 3425 Clamabunt
778 3367 951 3424 sancti
978 3366 1209 3421 minoris
1232 3363 1439 3429 meriti,
1465 3371 1523 3419 et
1544 3376 1802 3417 coronam

201 3480 316 3522 non
342 3465 558 3535 capient
590 3482 601 3518 :
633 3462 906 3519 fructibus
942 3471 1122 3516 tamen
1155 3469 1376 3515 aeternae
1406 3459 1531 3511 vitae
1557 3456 1801 3511 aieutur.

200 3557 535 3623 Clamabunt,
561 3557 747 3613 etenim
778 3554 1027 3627 hymnum
1048 3553 1237 3607 (licent.
1263 3550 1467 3607 Omnes
1498 3548 1807 3620 promiscue

203 3650 367 3708 electi
402 3665 499 3722 pro
543 3650 888 3707 diversorum
921 3662 1205 3703 munerum
1233 3647 1394 3702 donis
1418 3686 1434 3714 ,
1470 3646 1580 3700 Deo
1609 3652 1807 3715 perpe-

204 3752 332 3799 tuas
375 3744 673 3799 concinunt
722 3741 936 3797 laudes.
992 3741 1235 3810 Quorum
1289 3747 1348 3794 ut
1406 3748 1809 3809 congregemur

205 3836 443 3897 meritis.
471 3834 839 3906 deprecantes
866 3849 1110 3901 oramus,
1141 3842 1199 3888 ut
1220 3832 1517 3904 iungamur
1544 3830 1800 3901 praemiis,

207 3936 272 3985 ut
302 3928 349 3984 si
403 3940 510 3984 non
540 3942 819 3984 meremur
865 3926 1127 3981 honorari
1172 3924 1415 3995 praemiis
1439 3967 1454 3993 ,
1501 3923 1588 3978 vel
1624 3920 1809 3975 ornari

204 4020 430 4078 coronis
451 4061 467 4087 ,
494 4021 691 4077 saltem
720 4019 936 4075 veniam
967 4017 1251 4074 consecuti
1277 4058 1291 4082 ,
1324 4030 1481 4087 pinna
1525 4026 1809 4071 careantus

204 4114 405 4171 aeterni
433 4111 648 4184 iudicii.
675 4111 871 4167 Amen.

753 4217 1071 4278 PSALMUS
1103 4216 1264 4277 LXV.

204 4318 282 4376 In
304 4310 484 4387 ﬁnem,
516 4310 784 4387 canticum
820 4310 1018 4387 Psalmi
1046 4308 1453 4387 resurrectionis.
1484 4312 1585 4387 Pet'
1623 4315 1803 4387 cauti-

279 4383 429 4457 cum,
455 4385 808 4456 intelligentia
830 4384 1131 4457 spirituaiis
1161 4383 1503 4457 intelligitur.
1535 4385 1636 4440 Per
1665 4386 1812 4457 psaig

285 4454 467 4521 mum,
498 4454 1087 4528 opus‘resut'reaionis
1120 4471 1133 4508 :
1181 4454 1308 4523 quia
1341 4457 1444 4509 iste
1475 4456 1713 4524 psalmus
1744 4455 1812 4511 ad

287 4525 748 4587 resurrectionem
769 4525 972 4583 Christi
1004 4527 1264 4597 pertinet.

1909 3367 2124 3441 (Matth
2154 3368 2331 3440 xxiv).
2383 3369 2503 3425 Dno
2538 3369 2592 3423 in
2639 3369 2781 3424 lecto
2812 3384 2825 3420 :
2862 3382 3002 3423 unus
3044 3377 3362 3424 assuinetor
3385 3412 3400 3434 ,
3449 3380 3503 3425 et

1908 3475 2049 3517 unus
2105 3461 2462 3533 relinquetur.
2521 3461 2794 3517 'l'erribile
2867 3470 2991 3529 est,
3051 3461 3184 3517 dum
3248 3461 3319 3517 de
3394 3477 3503 3518 una

1910 3569 2086 3609 massa
2118 3554 2341 3612 fuerunt
2362 3555 2553 3623 creati,
2585 3562 2643 3609 et
2674 3554 2767 3609 alii
2797 3555 3091 3626 eliguntur,
3123 3564 3180 3611 et
3199 3555 3294 3611 alii
3321 3570 3508 3627 repro-

1910 3645 2128 3702 bantur.

1986 3739 2087 3808 Qui
2117 3740 2366 3795 convertit
2386 3755 2532 3794 mare
2570 3740 2625 3793 in
2654 3739 2858 3793 aridam
2887 3739 2979 3794 :in
3003 3740 3220 3810 [lumine
3242 3749 3508 3812 pertrans-
3602 3782 3608 3789 .

1912 3832 2057 3888 ibunt
2087 3833 2234 3904 pede.
2285 3833 2468 3904 Ipsum
2523 3832 2752 3888 adorare
2792 3832 2952 3887 docet
2992 3833 3085 3903 qui
3113 3832 3181 3887 ad
3212 3835 3502 3888 transitum

1911 3925 2150 3994 lsraelis,
2184 3936 2242 3982 et
2274 3940 2424 3982 mare
2446 3926 2700 3994 siccavit,
2732 3932 2789 3981 et
2812 3924 3070 3981 lordanis
3097 3924 3271 3980 undas
3300 3939 3499 3997 appone

1912 4019 1995 4076 dit
2025 4019 2232 4091 (Exod.
2261 4020 2413 4090 xiv).
2456 4018 2563 4076 Sed
2607 4028 2665 4076 et
2714 4020 2831 4091 ipse
2877 4018 3137 4076 Dominus
3183 4019 3292 4076 dux
3322 4063 3337 4089 ,
3390 4020 3505 4077 haec

1913 4114 2065 4183 quasi
2100 4112 2237 4183 pede
2263 4110 2544 4184 printerlit,
2564 4112 2765 4184 populo
2795 4121 3188 4184 prosequente.
3224 4113 3370 4186 Ergo
3396 4115 3505 4170 sic-

1914 4211 1975 4259 ut
2004 4212 2133 4260 tunc
2169 4205 2253 4259 lue
2297 4219 2455 4277 aqua:
2493 4205 2612 4275 ipso
2639 4204 2778 4259 duce
2811 4203 2998 4261 divisa:
3026 4205 3225 4277 pepqu
3261 4208 3406 4262 viam
3450 4207 3505 4261 in

1917 4304 2118 4352 terram
2169 4297 2618 4368 repromissionis
2662 4307 2999 4365 aperuerunt
3041 4296 3198 4369 (los.
3244 4295 3346 4369 tu)
3382 4314 3396 4352 :
3428 4297 3502 4352 ita

1917 4400 2063 4442 nunc
2086 4387 2263 4453 nobis,
2286 4388 2332 4442 si
2358 4386 2688 4457 baptismum
2713 4400 2820 4442 non
2851 4389 3176 4458 poliuamus,
3203 4403 3300 4459 per
3322 4390 3499 4459 ipsum

1916 4480 2111 4545 abluti,
2146 4488 2421 4547 praeeunte
2448 4495 2535 4549 eo,
2567 4481 2620 4534 in
2651 4495 2759 4549 quo
2788 4481 2966 4537 renati
2998 4496 3211 4549 sumus,
3245 4483 3299 4537 in
3329 4483 3507 4553 regio.

1920 4585 2046 4626 nem
2088 4569 2333 4625 vivorum
2367 4571 2720 4641 ingredimur.
2782 4571 2874 4627 Vel
2923 4574 3311 4638 pertransibunt
3358 4579 3507 4647 pede,

286 4666 523 4722 Jubilate
547 4664 679 4733 Deo,
716 4664 883 4721 omnis
911 4674 1049 4720 terra
1080 4678 1096 4717 :
1127 4661 1400 4717 Psalmum
1429 4661 1585 4715 dicite
1616 4662 1811 4715 nomini
1840 4664 1893 4731 Β
1918 4660 2091 4718 sancti
2142 4660 2527 4732 praedicatores
2579 4661 2792 4717 lortiter
2853 4665 3270 4721 ambulaverunt
3318 4669 3509 4737 praedi-

214 4764 356 4834 eju.
382 4758 540 4827 Quod
570 4759 668 4825 ait,
698 4757 864 4813 cumis
895 4767 1032 4811 terra
1063 4771 1083 4810 :
1116 4766 1280 4811 omne
1310 4750 1608 4808 humanum
1642 4762 1817 4824 genus

217 4864 503 4912 terrenum
537 4865 664 4909 esse
693 4851 1058 4908 demonstrat.
1085 4849 1186 4905 Cui
1214 4849 1414 4921 iugiter
1436 4849 1816 4920 jubiiationem

218 4947 293 5004 ad
323 4948 493 5004 Deum
525 4954 743 5017 oportet
769 4938 1054 5011 emittere,
1088 4955 1143 5000 ut
1171 4958 1201 4999 a
1234 4943 1494 5016 nequitiis
1521 4944 1820 5014 spirituali-

219 5042 326 5098 bus
357 5051 603 5097 eruatur.
640 5039 911 5095 Psalmum
942 5040 1099 5094 dicite
1126 5040 1322 5095 nomini
1353 5042 1485 5113 ejus.
1521 5038 1674 5094 Multi
1703 5039 1820 5094 lau-

219 5131 390 5198 dant,
423 5133 518 5189 sed
563 5148 670 5187 non
725 5132 957 5203 implent
1006 5148 1194 5204 opere.
1234 5132 1364 5189 Date
1414 5133 1636 5205 gloriam
1675 5132 1823 5188 laudi

224 5225 362 5296 ejus.
411 5224 475 5281 Ut
507 5226 649 5281 sicut
677 5226 729 5281 ei
771 5224 994 5281 vocibus
1031 5225 1277 5295 jubilatis
1314 5243 1328 5281 :
1365 5227 1437 5280 ita
1470 5226 1524 5281 in
1555 5240 1678 5281 eum
1725 5238 1823 5296 pro

224 5317 386 5375 bouis
444 5317 661 5373 actibus
724 5314 1073 5389 gloriamini;
1128 5327 1186 5373 ut
1250 5319 1505 5375 videntes
1572 5317 1824 5373 homines

225 5420 397 5481 Opera
426 5417 604 5466 vestra
635 5410 772 5465 bona
797 5452 812 5480 ,
862 5410 1171 5482 gloriiicent
1202 5410 1418 5466 Patrem
1453 5421 1697 5467 vestrum
1729 5411 1823 5481 qui

227 5514 315 5561 est
345 5508 401 5560 in
430 5503 608 5559 uelis.
650 5500 746 5560 Vel
774 5500 907 5559 illud
944 5520 956 5557 :
997 5502 1111 5559 Non
1146 5504 1306 5561 nobis
1328 5548 1343 5573 ,
1396 5502 1625 5562 Domine
1650 5549 1664 5569 ,
1714 5522 1821 5563 nou

227 5596 415 5661 nobis,
446 5595 545 5650 sed
575 5596 779 5651 nomini
810 5604 903 5651 tuo
932 5596 999 5650 da
1024 5597 1252 5667 gloriam
1286 5598 1305 5672 (
1332 5588 1480 5654 Psal.
1511 5613 1643 5657 cxtu
1670 5599 1709 5673 ).

307 5688 480 5743 Dicite
494 5685 629 5754 Deo,
655 5700 805 5758 quam
836 5690 1087 5745 terribilia
1105 5701 1224 5745 sunt
1246 5702 1402 5764 opera
1422 5700 1535 5760 tua,
1566 5691 1823 5747 Domine!

227 5782 459 5844 Scilicet
485 5786 542 5833 ut
572 5790 677 5834 non
708 5790 1011 5837 creaturam
1041 5778 1249 5851 colant,
1283 5783 1379 5838 sed
1404 5780 1683 5839 Creatoris
1715 5784 1825 5839 vir-

229 5884 410 5935 tutem
444 5871 497 5925 in
527 5867 612 5924 his
641 5886 759 5941 quae
790 5870 1234 5940 contemplantur
1258 5914 1271 5937 ,
1300 5872 1625 5944 intelligant.
1657 5873 1829 5940 Quam

1918 4755 2139 4813 cando:
2185 4754 2311 4825 quia
2356 4754 2503 4810 Deus
2546 4764 2820 4826 prmparat
2864 4755 2975 4811 illis
3023 4759 3188 4814 viam.
3235 4758 3386 4816 Unde
3423 4761 3507 4816 di-

1920 4858 2066 4903 ctum
2099 4856 2182 4902 est
2211 4862 2225 4899 :
2261 4845 2506 4902 Calciate
2536 4840 2704 4916 pedes
2751 4854 2967 4901 vestros
3004 4847 3060 4902 in
3109 4850 3507 4919 pra-paratione

1923 4941 2205 5014 Evangelii
2253 4941 2396 5013 pacis
2440 4936 2672 5014 (Ephes.
2697 4940 2808 5011 Vt).
2856 4938 2940 4996 Ibi
2983 4941 3271 4999 ltrtabimur
3311 4945 3369 5000 in
3408 4946 3510 5001 idiu

1920 5053 2068 5111 psum
2097 5050 2114 5090 :
2142 5036 2231 5107 qui
2259 5035 2596 5090 dominantur
2625 5036 2679 5089 in
2711 5037 2897 5092 virtute
2918 5052 3014 5092 sua
3049 5037 3105 5092 in
3137 5046 3404 5094 (sternunt.
3443 5039 3510 5094 In

1920 5131 2170 5201 idipsum,
2201 5129 2303 5184 hoc
2324 5139 2426 5193 est,
2452 5129 2504 5183 in
2526 5129 2744 5185 Christo
2769 5145 2783 5184 :
2814 5130 2940 5200 quia
2968 5131 3060 5201 qui
3086 5131 3174 5188 hic
3207 5132 3308 5189 fuit
3331 5134 3510 5190 humi-

1880 5228 1889 5233 ’
1924 5221 2107 5283 liatus.
2140 5222 2259 5293 ipse
2282 5218 2597 5277 dominatur
2625 5220 2678 5277 in
2705 5224 3034 5280 aeternitate.
3053 5224 3206 5282 Sicut
3233 5227 3378 5283 enim
3397 5230 3515 5300 ejus

1925 5312 2142 5372 virtutis
2168 5315 2471 5372 dominatio
2513 5317 2664 5373 nullo
2697 5316 2974 5374 clauditur
3015 5317 3126 5377 line
3176 5337 3191 5376 :
3227 5321 3296 5378 ita
3328 5332 3511 5379 nostra

1926 5411 2111 5468 laetitia
2133 5452 2147 5477 ,
2177 5426 2279 5483 qua
2309 5413 2360 5468 ei
2387 5412 2699 5469 conlormes
2728 5412 3039 5471 el‘liciemur
3060 5455 3076 5483 ,
3105 5427 3374 5489 perpetuo
3397 5433 3520 5489 per-

1929 5503 2190 5561 manebit.

2007 5598 2158 5653 Oculi
2186 5603 2300 5672 ejus
2328 5616 2480 5672 super
2506 5609 2680 5672 gentes
2721 5601 3024 5672 respiciunt.
3071 5602 3141 5661 Ut
3168 5606 3526 5675 reprobcntur

1929 5689 2108 5746 Judrci
2137 5731 2151 5755 ,
2200 5699 2255 5743 et
2306 5690 2577 5760 eligantur
2621 5692 2892 5763 gentiles;
2939 5700 2996 5750 ut
3028 5695 3160 5750 illud
3196 5696 3337 5765 :Qui
3369 5697 3525 5753 tinxit

1931 5783 2151 5838 oculum
2182 5823 2195 5847 ,
2246 5792 2354 5837 non
2395 5784 2713 5839 considerat
2762 5784 2961 5857 (Paul.
3000 5798 3130 5844 acut
3174 5788 3213 5857 ).
3269 5790 3528 5847 Contem-

1933 5873 2172 5945 platione
2222 5884 2406 5932 saneta
2463 5877 2680 5947 inspicit
2734 5880 2964 5951 populos
3010 5880 3319 5940 credituros
3348 5898 3363 5939 :
3396 5899 3524 5939 nam
