4010 6312
553 337 692 398 10οῚ

1301 311 1657 396 'APPENDIX
1697 337 1789 396 AD
1827 333 2076 397 TOMUM
2115 333 2468 396 SEPTIMUM
2513 333 2573 394 S.
2616 334 3009 396 lllliRONYMl.

3718 329 3749 392 l
3763 333 3878 390 (ξοδ

551 454 720 510 nullis
751 453 964 523 penitus
985 451 1348 523 distinguitur
1374 453 1660 509 membris.
1697 454 1799 522 Qui
1825 463 2149 522 exasperant,
2182 452 2237 515 Α
2263 462 2406 507 runt.
2443 452 2572 506 Cum
2601 451 2786 508 hircis.
2814 452 2914 518 Qui
2947 456 3067 521 post
3097 455 3381 519 peccatum
3407 445 3695 515 conversi,
3721 448 3878 503 ﬁde-

553 564 657 600 non
684 545 977 601 exaltentur
1009 547 1061 598 in
1091 545 1398 616 semetipsis.
1427 545 1600 601 .luda:i
1633 547 1863 612 scilicet,
1894 546 2022 601 dum
2056 561 2152 617 per

551 639 702 694 fellis
733 637 1152 692 amaritudinem
1195 638 1247 692 in
1303 639 1535 694 Abrahae
1588 639 1869 695 natixitate
1899 640 2102 695 raruali
2131 681 2147 707 ,

550 733 647 786 Dei
678 731 906 801 gloriam
954 731 1271 798 collocant,
1321 747 1538 801 semper
1571 732 1942 787 humiliantur.
1978 732 2151 787 lnter-

544 824 712 892 jcctio
740 823 1114 894 diapsalmatis
1141 823 1392 878 ordinem
1423 825 1696 880 dictorum
1724 823 1998 889 immutat,
2031 834 2088 877 ut
2119 842 2148 877 a

544 914 864 987 prophetica
903 915 1300 972 vaticinatione
1330 957 1344 982 ,
1393 915 1460 971 ad
1504 916 1862 988 apostolicam
1915 923 2151 970 transeat

546 1007 1006 1065 exhortationem.

621 1099 940 1168 Benedicite,
965 1112 1168 1173 gentes,
1200 1099 1480 1156 Dominum
1509 1101 1673 1158 Deum
1695 1112 1949 1170 nostrum,
1979 1114 2024 1158 et
2053 1120 2149 1157 au-

547 1196 713 1250 ditam
743 1197 900 1266 facite
930 1211 1102 1250 vocem
1133 1195 1310 1249 laudis
1351 1198 1487 1267 ejus.
1524 1195 1774 1266 Apostoli
1807 1197 1922 1251 ha'c
1954 1197 2150 1268 praedi-

541 1301 714 1358 cant,
776 1299 835 1345 ut
890 1291 1067 1361 ipsum
1127 1289 1457 1344 benedicaut
1496 1301 1688 1360 gentes
1735 1290 1906 1346 Deum
1941 1308 1953 1343 :
1987 1305 2146 1360 quem

543 1385 707 1440 iidem
754 1382 992 1454 apostoli
1029 1381 1221 1437 dicunt
1257 1397 1413 1437 suum
1442 1425 1457 1450 ,
1511 1382 1918 1453 obaudiantque
1968 1382 2146 1452 ipsum

538 1480 594 1535 iu
642 1495 806 1550 quem
853 1488 982 1534 sunt
1027 1476 1201 1533 renati
1246 1491 1346 1548 per
1391 1477 1742 1547 baptismum.
1773 1477 1911 1532 llinc
1945 1477 2144 1533 iterum

540 1573 810 1644 prepheta
840 1572 1103 1642 loquitur.

614 1668 716 1734 Qui
762 1666 932 1737 posuit
971 1665 1202 1719 animam
1233 1681 1398 1721 meam
1428 1664 1496 1720 ad
1527 1664 1682 1719 vitam
1712 1679 1728 1717 :
1760 1663 1838 1721 Ne
1868 1679 1986 1720 eam
2020 1678 2146 1735 pcr-

536 1771 701 1833 pctua
731 1766 1083 1814 consumeret
1138 1775 1312 1814 mors.
1347 1759 1494 1813 Mors
1534 1758 1740 1814 occidit
1768 1766 2000 1814 mortem
2027 1801 2041 1825 ,
2089 1757 2140 1811 id

2255 547 2381 601 liter
2430 545 2482 600 in
2533 545 2798 618 martyrio
2849 545 3226 614 perstiterunt.
3273 541 3372 599 llic
3421 551 3608 598 autem
3666 557 3871 596 omnes

2256 639 2490 694 Domino
2534 655 2628 709 per
2655 638 3038 694 holocaustum
3067 637 3353 709 paciﬁcum
3383 638 3699 693 otl'cruntur
3736 656 3751 688 :
3802 636 3872 690 ad

2252 745 2392 803 quos
2434 746 2576 786 nunc
2626 730 2896 801 propheta
2931 738 3053 802 post
3083 729 3382 801 diapsalma
3429 729 3712 786 convertit
3738 743 3868 784 ser-

2253 838 2496 890 monem,
2531 822 2721 878 dicens
2754 839 2767 876 :

2331 914 2540 980 Venite,
2585 923 2634 969 et
2661 914 2874 981 audite,
2924 923 2970 968 et
3007 915 3231 970 narrabo
3254 955 3269 982 ,
3324 930 3500 969 omnes
3539 915 3632 986 qui
3666 914 3868 969 timetis

2254 1007 2450 1077 Deum,
2499 1017 2696 1079 quanta
2731 1008 2854 1078 fecit
2885 1009 3077 1064 anima:
3103 1025 3250 1064 mete.
3277 1009 3358 1064 Ad
3400 1009 3574 1079 ipsum
3607 1026 3700 1064 ore
3745 1025 3870 1064 meo

2249 1103 2486 1168 clamavi,
2503 1112 2548 1156 et
2567 1102 2818 1156 exsultavi
2834 1102 2925 1156 sub
2955 1102 3135 1174 lingua
3163 1119 3296 1158 mea.
3315 1102 3424 1158 Vos
3451 1103 3542 1173 qui
3560 1103 3868 1159 Dominum

2251 1197 2513 1262 metuitis,
2571 1196 2814 1252 accedite
2861 1208 2916 1253 et
2943 1196 3292 1253 considerate
3338 1197 3575 1268 qualiter
3610 1198 3866 1252 animam

2250 1305 2427 1346 meam
2470 1291 2524 1345 in
2557 1289 2950 1346 beatitudinem
3001 1290 3360 1346 constituerit
3403 1290 3808 1359 sempiternam
3848 1308 3862 1342 :

2250 1397 2349 1454 pro
2381 1397 2450 1438 eo
2479 1381 2625 1453 quod
2655 1397 2761 1437 non
2803 1382 2978 1438 solum
3002 1397 3099 1437 ore
3139 1382 3356 1453 postulo
3381 1426 3396 1450 ,
3448 1383 3547 1438 sed
3598 1382 3767 1439 etiam
3801 1384 3865 1438 in

2248 1475 2469 1530 arcanis
2499 1471 2678 1529 cordis
2704 1475 2822 1544 puri
2849 1473 3080 1529 clamavi
3120 1473 3187 1528 ad
3217 1474 3533 1530 Dominum.
3569 1475 3652 1528 Ad
3680 1476 3860 1546 ipsum

2249 1586 2336 1624 ore
2370 1585 2482 1624 meo
2533 1569 2751 1623 clamavi
2790 1585 2808 1622 :
2841 1567 3282 1625 manifestissime
3322 1568 3637 1626 declaratur
3664 1571 3719 1624 in
3749 1568 3861 1626 hoc

2249 1661 2370 1716 loco
2396 1661 2689 1717 clamorem
2725 1660 2781 1717 in
2813 1661 3112 1732 Scripturis
3143 1676 3249 1718 nou
3283 1663 3437 1718 vocis
3463 1661 3855 1734 accipiendum

2245 1767 2367 1810 esse
2391 1793 2406 1818 ,
2437 1752 2532 1809 sed
2559 1753 2765 1810 cordis.

540 1866 624 1911 est
645 1899 658 1922 ,
695 1870 842 1910 mors
883 1852 1088 1909 Christi
1143 1853 1344 1909 occidit
1373 1861 1604 1908 mortem
1635 1861 1900 1908 nostram.
1936 1851 2004 1905 Et
2036 1868 2138 1906 non
2167 1838 2217 1900 B
2318 1845 2652 1917 Iniquitatem
2690 1847 2737 1900 si
2775 1848 2956 1919 aspexi
2984 1849 3036 1902 in
3065 1850 3222 1904 corde
3269 1865 3383 1904 meo
3413 1865 3430 1902 :
3461 1867 3568 1905 non
3603 1851 3854 1907 ρεαιιιιίει

538 1948 680 2003 dedit
718 1948 772 2000 in
799 1944 1194 2000 commotionem
1224 1945 1378 2017 pedes
1421 1960 1582 2000 meos.
1615 1944 1722 2001 Sed
1755 1944 2016 2000 stabilivit
2052 1959 2138 2000 me

536 2043 592 2096 in
637 2039 1118 2112 praedicationibus
1149 2054 1284 2108 quas
1313 2040 1570 2110 gentibus
1614 2038 1793 2094 intuli.
1828 2038 1965 2094 llinc
2008 2052 2134 2094 suc-

535 2133 680 2189 cedit
709 2147 813 2187 vox
846 2140 1170 2202 martyrum.

610 2226 866 2294 Quoniam
891 2223 1182 2294 reprobasti
1209 2239 1327 2288 nos,
1355 2221 1518 2289 Deus,
1541 2224 1656 2293 igne
1684 2240 1774 2278 nos
1799 2223 2134 2290 examinasti,

528 2321 664 2374 sicut
687 2316 1016 2371 examinatur
1035 2325 1324 2387 argentum,
1345 2325 1392 2368 et
1407 2315 1664 2370 indum-isti
1683 2332 1776 2370 nos
1798 2317 1849 2368 in
1873 2316 2130 2386 laqueum,

527 2395 747 2486 posuisti
794 2410 1148 2466 tribulationes
1177 2410 1230 2463 in
1269 2409 1425 2463 dorso
1464 2419 1638 2463 nostro
1663 2425 1680 2463 :
1708 2409 2004 2481 imposuisti
2042 2409 2138 2463 ho-

534 2507 696 2560 mines
719 2521 874 2577 super
903 2504 1076 2577 capita
1108 2515 1312 2560 nostra.
1344 2501 1398 2557 ld
1429 2512 1532 2568 est,
1567 2503 1864 2567 diabolum,
1890 2511 1947 2558 ut
1969 2518 2136 2573 super

530 2614 634 2654 nos
660 2599 990 2668 crigeretur,
1021 2597 1088 2651 ad
1122 2597 1596 2667 prohandum.Vel
1631 2598 1820 2654 aliter:
1843 2597 1960 2651 Non
1994 2596 2134 2650 dixit

531 2692 601 2747 de
627 2691 860 2763 angelis,
890 2706 1065 2762 neque
1087 2689 1155 2745 dc
1183 2689 1410 2757 sanctis,
1437 2689 1532 2745 sed
1562 2691 1631 2745 de
1656 2689 2054 2758 peccatoribus,
2082 2688 2132 2743 id

531 2792 611 2840 cst
633 2824 648 2853 ,
683 2792 1006 2854 peccatores
1037 2782 1216 2837 iecisti
1244 2797 1366 2838 esse
1396 2796 1566 2852 super
1596 2798 1724 2844 nos.
1755 2789 1814 2836 ut
1845 2795 1944 2836 nos
1972 2781 2135 2836 susti-

529 2895 761 2936 neamus
814 2894 909 2949 per
953 2877 1293 2948 patientiam.
1328 2875 1399 2934 Ut
1440 2875 1574 2932 illud
1613 2895 1624 2928 :
1657 2876 1762 2930 Per
1794 2877 1995 2932 multas
2039 2876 2134 2930 tri-

529 2971 840 3028 hulationes
910 2978 1129 3041 Oportet
1185 2983 1286 3024 nos
1352 2969 1583 3024 introire
1641 2969 1695 3024 in
1759 2985 1983 3040 regnum
2037 2969 2133 3025 Dci

532 3066 553 3138 (
581 3065 698 3119 Act.
719 3079 807 3120 xtv
831 3067 872 3135 ).

602 3157 958 3212 Transirimus
981 3173 1070 3230 per
1096 3157 1268 3228 ignem
1295 3165 1344 3210 et
1367 3173 1555 3228 aquam
1573 3199 1588 3225 ,
1635 3167 1683 3212 et
1711 3159 1936 3214 eduxiin
1961 3174 2054 3214 nos
2079 3160 2132 3213 in

530 3253 885 3325 refrigerium.
920 3252 1215 3324 Martyrum
1249 3250 1337 3306 hic
1375 3252 1616 3307 ostendit
1650 3252 1907 3308 victorias
1933 3295 1947 3320 ,
2000 3268 2134 3324 quas
2159 3229 2206 3295 ο
2240 3287 2306 3344 In
2334 3291 2370 3360 ﬁ

533 3348 588 3402 in
621 3347 856 3403 diversis
903 3345 1252 3416 passionihus
1284 3356 1626 3413 meruerunt,
1657 3356 1711 3402 et
1742 3345 1808 3401 ad
1841 3363 2010 3402 unum
2041 3363 2136 3404 eos

535 3442 691 3498 ducit
727 3439 1091 3511 refrigerium,
1123 3437 1175 3493 id
1221 3446 1326 3499 est.
1361 3437 1636 3494 Christum
1673 3439 1960 3495 Dominum
1998 3459 2010 3494 :
2042 3457 2138 3513 per

537 3534 786 3604 laqueos,
819 3546 917 3602 per
946 3544 1163 3594 cruces,
1201 3544 1302 3598 per
1330 3529 1589 3594 verbera,
1613 3545 1712 3600 per
1739 3531 1910 3600 ignes,
1941 3541 2136 3586 :rstus-

536 3633 709 3695 quect
729 3621 834 3676 alia
860 3621 1074 3677 diversa
1104 3618 1390 3690 supplicia,
1417 3634 1513 3688 per
1538 3636 1657 3690 qua:
1681 3629 1736 3675 et
1759 3619 2136 3677 holocaustum

537 3723 821 3785 acceptum
856 3712 1038 3769 eﬂ'ecti
1069 3721 1216 3778 sunt,
1265 3711 1605 3781 pervenisse.
1629 3710 1774 3781 Ignis
1795 3719 1971 3779 vorat,
2001 3729 2137 3784 aqua

541 3807 824 3864 absorbet.
859 3805 1002 3877 Ignis
1029 3846 1044 3872 ,
1101 3803 1330 3859 tentalio
1367 3821 1379 3856 τ
1410 3818 1578 3874 aqua,
1633 3804 1988 3874 prosperitas.
2040 3805 2140 3862 Vel

540 3901 723 3971 ignem
756 3900 996 3971 Spiritus
1023 3897 1220 3953 sancti.
1258 3895 1521 3952 Induxisti
1557 3914 1652 3953 nos
1688 3899 1740 3952 in
1767 3898 2098 3973 refrigerium
2122 3943 2138 3969 ,

545 3995 650 4048 hoc
677 4001 783 4059 εει,
817 3991 870 4046 in
893 3989 1286 4046 beatitudinem
1322 3997 1608 4045 a-temam.

620 4082 856 4138 Introibo
896 4081 951 4135 in
997 4081 1207 4135 domum
1233 4091 1376 4134 tuam
1417 4081 1469 4133 in
1509 4081 1842 4136 holocaustis.
1885 4081 1984 4138 Hic
2012 4099 2141 4154 pro-

547 4180 707 4252 pheta
731 4193 840 4233 non
871 4175 938 4230 de
958 4189 1018 4232 se
1050 4183 1260 4230 tantum
1293 4174 1559 4244 loquitur,
1595 4176 1689 4231 sed
1717 4186 1771 4232 ct
1800 4177 1865 4230 de
1897 4176 1984 4234 his
2005 4193 2144 4249 quos

547 4274 800 4345 superius
824 4268 1171 4334 memoravit,
1204 4268 1296 4339 qui
1327 4268 1659 4324 introierunt
1684 4269 1735 4324 in
1764 4269 1982 4324 domum
2009 4271 2100 4326 Dei
2129 4289 2140 4324 :

552 4374 613 4420 ut
639 4379 746 4419 non
778 4361 958 4417 solum
987 4375 1048 4414 se
1079 4357 1406 4414 exhiberem
1426 4358 1537 4413 Deo
1564 4358 1799 4413 hostiam
1819 4359 2019 4425 vivam,
2045 4361 2144 4417 sed

553 4473 604 4518 et
637 4461 763 4516 illos
791 4457 883 4530 qui
915 4472 1104 4512 eorum
1135 4456 1386 4526 exemplo
1405 4470 1502 4524 pro
1526 4454 1744 4510 nomine
1766 4453 1978 4511 Domini
1999 4457 2144 4528 passi

552 4563 684 4610 sunt
717 4571 727 4604 :
763 4550 827 4606 Ut
853 4547 1067 4604 reddam
1100 4546 1190 4600 tibi
1219 4555 1333 4602 rota
1356 4562 1467 4600 mea
1498 4561 1518 4601 :
1545 4563 1661 4616 qua:
1697 4547 2044 4602 distinxerunt
2070 4549 2148 4602 la-

2243 1938 2522 1992 Dominus.
2557 1937 2847 2008 Propterea
2870 1940 3136 1995 exaudivit
3174 1957 3253 1996 me
3294 1939 3431 1996 Deus
3460 1959 3606 1998 meus
3638 1958 3657 1997 :
3685 1955 3735 1998 et
3765 1945 3850 1998 in-

2241 2032 2407 2087 tendit
2439 2031 2549 2086 voci
2579 2032 2831 2086 orationis
2864 2049 3006 2086 metu.
3043 2031 3163 2088 Vidi
3193 2033 3337 2090 enim
3367 2036 3664 2105 puritatem
3694 2052 3848 2093 men-

2241 2127 2310 2182 tis
2342 2141 2498 2190 meze,
2525 2125 2652 2182 ideo
2683 2133 2868 2196 petere
2901 2127 3243 2198 prmsumpsi.

2312 2217 2625 2273 Benedictus
2689 2217 2963 2287 Dominus,
3019 2220 3114 2290 qui
3159 2237 3264 2275 non
3308 2225 3498 2279 amarit
3553 2225 3844 2280 orationem

2239 2329 2426 2379 meam,
2487 2323 2532 2366 et
2587 2313 2998 2367 misericordiam
3025 2329 3174 2368 suam
3201 2331 3234 2369 a
3258 2332 3361 2371 me.
3399 2316 3606 2373 Plenus
3630 2318 3845 2376 miseri-

2239 2405 2423 2462 cordia
2452 2421 2558 2460 non
2591 2407 2794 2461 amovit
2822 2404 3264 2474 deprecationem
3311 2423 3491 2465 meam
3522 2425 3552 2464 a
3581 2425 3638 2466 se
3671 2429 3684 2464 :
3715 2411 3839 2482 quia

2238 2515 2359 2570 qua:
2375 2499 2521 2569 justa
2553 2509 2728 2562 erant,
2750 2498 3113 2569 postulabam.
3141 2499 3272 2556 Nam
3301 2516 3522 2574 semper
3549 2503 3655 2573 piae
3681 2519 3839 2559 aures

2239 2591 2356 2662 ejus
2378 2592 2648 2662 iustorum
2679 2593 2934 2663 precibus
2988 2603 3196 2664 patent.
3244 2593 3354 2651 Sed
3387 2610 3487 2651 nos
3515 2597 3839 2669 suppliciter

2240 2685 2527 2742 Dominum
2584 2687 2962 2756 deprecemur,
3007 2695 3068 2741 ut
3117 2687 3329 2758 aperiat
3380 2704 3546 2745 aures
3593 2706 3723 2746 suas
3766 2692 3838 2746 ad

2237 2795 2429 2852 preces
2458 2790 2695 2846 nostras,
2730 2791 2785 2836 et
2806 2782 2922 2851 ipse
2945 2797 3064 2846 nos,
3097 2781 3222 2838 data
3252 2793 3609 2853 peccatorum
3639 2784 3837 2842 remis-

2236 2875 2413 2940 sione,
2445 2873 2512 2929 de
2547 2873 2908 2944 prmsentibus
2933 2875 3192 2930 aerumnis
3216 2875 3454 2946 eripiat:
3486 2877 3703 2948 sibique
3743 2879 3839 2933 ho-

2237 2965 2539 3023 locaustum
2573 2983 2766 3036 purum
2813 2967 3058 3036 cllectos,
3100 2968 3351 3024 mactatis
3399 2969 3568 3038 vitiis,
3613 2981 3836 3027 sancto-

2237 3076 2358 3116 rum
2385 3059 2690 3132 agminibus
2708 3061 2920 3131 jungat.
2951 3062 3149 3118 Amen.

2765 3177 3087 3237 PSALMUS
3125 3179 3310 3238 LXVI.

2375 3307 2512 3355 nent,
2543 3291 2595 3344 in
2627 3289 2877 3361 Hymnis,
2929 3288 3177 3346 Psalmus
3232 3292 3436 3348 Cantici
3486 3293 3682 3352 David.
3736 3296 3839 3354 Iste

2312 3363 2556 3439 psalmus
2581 3362 2705 3417 licet
2735 3377 2932 3439 parvus
2963 3362 3054 3428 sit,
3097 3373 3275 3420 tamen
3300 3368 3676 3439 apostolorum
3709 3383 3838 3439 pro-

2310 3433 2705 3507 phetarumque
2731 3435 2974 3507 continet
2997 3450 3209 3507 vocem,
3236 3433 3452 3506 qui'aut
3473 3433 3726 3507 venisse;
3744 3451 3834 3494 aut

2311 3515 2598 3561 venturum
2631 3504 2920 3560 Dominum
2950 3506 3206 3576 gentibus
3231 3504 3644 3565 nuntiaverunt.

2309 3613 2454 3670 Deus
2477 3616 2783 3669 misereatur
2830 3616 3020 3682 nostri,
3069 3625 3116 3670 et
3165 3616 3430 3673 benedicat
3458 3621 3628 3675 nobis.
3659 3620 3841 3677 Prima

2241 3707 2556 3778 deprecatio
2612 3717 2696 3764 est
2747 3717 2808 3764 ut
2861 3697 3292 3765 misericordiam
3349 3712 3593 3782 praebeat
3649 3713 3836 3769 Deus:

2241 3800 2439 3857 deinde
2464 3800 2923 3858 benedictionem.
2950 3802 3268 3859 Benedictio
3298 3819 3430 3876 ergo
3452 3821 3576 3877 qua:
3602 3807 3842 3864 succedit

2242 3893 2656 3962 misericordiae,
2683 3893 2803 3950 talis
2849 3895 2939 3963 sit,
3001 3905 3062 3950 ut
3105 3910 3426 3967 compressa
3465 3898 3841 3956 dominatione

2243 3973 2469 4053 carnali,
2495 3989 2749 4058 spiritum
2796 3988 2959 4044 faciat
3007 3990 3367 4062 triumphare.
3398 3991 3520 4048 Non
3551 3996 3733 4052 nostri
3758 3995 3840 4064 ju-

2244 4080 2348 4137 dex
2380 4081 2476 4145 sit.
2513 4081 2610 4137 sed
2637 4081 2970 4140 misericors.
3004 4081 3145 4138 Deus
3176 4085 3484 4142 misereatur
3512 4090 3700 4145 nostri.
3731 4088 3840 4145 Vos

2245 4175 2622 4247 apostolorum
2649 4185 2754 4245 est,
2788 4177 3122 4247 loquentium
3146 4179 3221 4233 ad
3255 4179 3468 4250 plebem
3497 4180 3566 4238 de
3597 4183 3839 4255 gentibus

2246 4277 2652 4340 Congregatam.
2679 4269 3003 4327 Credidistis
3025 4271 3241 4342 quidem
3263 4273 3330 4329 ad
3353 4289 3549 4330 vocem
3577 4285 3835 4332 nostram.

2249 4360 2395 4418 Ecce
2425 4361 2539 4417 lucc
2572 4363 2818 4419 Ecclesia
2850 4375 3180 4437 congregata
3205 4376 3291 4423 est
3314 4367 3369 4422 in
3403 4369 3628 4427 nomine
3663 4369 3837 4426 Domi—

2250 4455 2301 4508 ni
2339 4469 2352 4506 :
2383 4461 2669 4524 propterea
2697 4469 2796 4510 nos
2822 4455 3053 4512 dicimus
3079 4475 3090 4510 :
3123 4455 3264 4512 Deus
3293 4460 3611 4514 misereatur
3656 4463 3836 4528 nostri,

2249 4555 2296 4598 et
2322 4544 2590 4600 benedicat
2619 4546 2785 4600 nobis.
2813 4545 3243 4604 Maledictionem
3275 4549 3512 4620 primam
3543 4551 3598 4607 in
3630 4552 3838 4609 homine

555 4649 640 4701 bia
667 4661 797 4699 mea.
827 4643 960 4712 Quae
989 4650 1116 4696 vota
1146 4639 1536 4705 distinxerunt,
1569 4639 1673 4694 nisi
1709 4648 1767 4695 ut
1796 4641 1936 4696 alios
1962 4640 2066 4695 sibi
2096 4641 2145 4696 in
2172 4622 2228 4684 Β
2253 4653 2348 4694 sua
2377 4639 2758 4697 benedictione
2803 4641 3085 4702 dissolvat.
3135 4641 3408 4698 llluminet
3455 4647 3660 4702 uultum
3700 4664 3839 4702 suum

557 4737 877 4810 martyrium
903 4730 1272 4804 copularent?
1325 4729 1420 4786 Vel
1454 4731 1824 4800 promissum,
1875 4739 1934 4785 ut
1975 4731 2148 4786 Deum

557 4830 864 4896 laudemus,
898 4837 956 4882 et
983 4824 1343 4880 conﬁteamur
1369 4823 1522 4878 illum
1546 4832 1872 4878 creatorem.
1895 4822 2152 4877 Locutum

559 4934 631 4979 est
673 4939 730 4977 os
753 4935 924 4975 meum
951 4920 1006 4972 in
1037 4915 1369 4972 tribulatione
1411 4932 1545 4970 mea.
1592 4915 1782 4971 Loculi
1807 4926 1935 4971 sunt
1959 4921 2104 4971 enim
2132 4957 2147 4983 ,

561 5028 620 5072 ut
659 5027 953 5085 numquam
985 5026 1083 5067 eos
1111 5018 1395 5081 separaret
1437 5024 1468 5063 a
1513 5008 1782 5064 charitate
1809 5008 2011 5064 Clu-isti
2043 5010 2152 5065 ulla

559 5107 894 5182 persecutio.

639 5200 961 5254 llolocausta
991 5196 1277 5250 medullula
1303 5196 1521 5264 o/I'eram
1551 5196 1662 5251 tibi.
1716 5197 1899 5253 Fidem
1931 5200 2144 5266 animm,

558 5299 645 5353 vel
674 5293 920 5366 corporis
945 5290 1221 5356 allectum,
1257 5289 1345 5345 vel
1371 5305 1571 5360 corpus
1594 5289 1817 5346 Christi.
1848 5292 1986 5348 Ossa
2013 5293 2149 5350 iut‘e—

557 5389 704 5442 riora
729 5386 880 5441 carni
908 5404 918 5437 :
951 5392 1007 5439 et
1031 5381 1294 5450 medulla,
1324 5381 1550 5438 inferior
1567 5383 1802 5438 ossibus.
1835 5383 2145 5453 Medullata,

556 5482 660 5535 hoc
689 5488 808 5546 est,
850 5477 1117 5533 viscerata
1150 5490 1271 5532 cum
1306 5491 1535 5547 corpore
1565 5487 1620 5532 et
1648 5478 1849 5532 anima.
1883 5478 2015 5534 Cum
2062 5482 2147 5536 in-

557 5587 730 5626 censa.
764 5569 900 5626 Cum
931 5565 1254 5636 acceptabili
1303 5568 1566 5622 orationis
1599 5567 1788 5624 odore.
1831 5568 1900 5624 Et
1939 5572 2144 5627 arietes.

551 5662 822 5733 Apostoli,
852 5661 944 5717 vel
974 5660 1225 5714 doctores
1257 5659 1647 5715 Ecclesiarum.

629 5753 860 5817 O/I'eram
901 5751 990 5804 tibi
1023 5752 1194 5806 bores.
1227 5751 1350 5817 Qui,
1378 5753 1579 5821 rejecta
1608 5755 1949 5812 contumacia
1979 5756 2132 5829 legis,

551 5838 680 5909 jugo
706 5840 916 5895 Domini
947 5840 1189 5896 cervices
1212 5857 1360 5908 suas,
1391 5843 1535 5911 quod
1563 5860 1726 5900 suave
1757 5857 1862 5917 est,
1890 5851 2139 5911 subdide-

2251 4747 2407 4801 super
2425 4748 2537 4786 nos.
2566 4731 2684 4791 Non
2730 4733 2880 4789 illum
2925 4735 3140 4790 tristem
3175 4735 3460 4792 videamus
3509 4739 3562 4793 iu
3613 4739 3840 4810 peccatis

2253 4824 2479 4893 nostris,
2509 4825 2605 4880 sed
2631 4825 2955 4896 gaudentem
2989 4827 3044 4883 in
3071 4829 3384 4885 virtutibus.
3417 4830 3535 4887 Non
3573 4847 3701 4888 eum
3729 4847 3841 4888 sen-

2255 4917 2450 4972 tiamus
2473 4916 2740 4988 judicem,
2771 4919 2868 4975 sed
2895 4919 3134 4976 Patrem.
3166 4921 3440 4978 Illuminet
3471 4923 3674 4980 vultum
3699 4941 3839 4980 suum

2253 5026 2408 5081 super
2453 5025 2568 5064 nos.
2619 5010 2714 5067 Dei
2770 5011 2936 5068 facies
2965 5028 3084 5084 qua:
3112 5013 3228 5069 est?
3253 5012 3452 5085 Utique
3484 5015 3666 5089 imago
3708 5019 3835 5088 ejus.

2255 5101 2396 5157 Dicit
2419 5104 2563 5158 enim
2613 5112 2669 5160 et
2714 5105 3032 5175 Apostolus,
3065 5107 3354 5178 imaginem
3387 5107 3563 5164 Patris
3606 5124 3730 5166 esse
3755 5109 3840 5166 Fi-

2254 5192 2385 5248 lium
2411 5193 2588 5265 (Rom.
2621 5194 2702 5268 n).
2739 5196 2881 5268 Ergo
2913 5198 3148 5270 imagine
3176 5215 3271 5255 sua
3301 5215 3400 5256 nos
3427 5202 3718 5271 illumiuet,
3745 5203 3837 5258 hoc

2253 5296 2356 5354 est,
2391 5290 2682 5362 imaginem
2720 5307 2872 5347 suam
2902 5292 3099 5349 Filium
3128 5295 3421 5352 :illuminet
3459 5314 3617 5369 super
3652 5312 3763 5362 nos,
3785 5305 3835 5350 ut

2255 5381 2814 5450 ipsenosilluminet.
2862 5383 2978 5441 Lux
3022 5387 3166 5442 enim
3196 5386 3395 5454 Patris,
3449 5389 3544 5445 lux
3588 5388 3712 5446 Filii
3739 5399 3832 5447 cst.

2253 5475 2353 5543 Qui
2381 5475 2526 5532 videt
2555 5476 2794 5546 Patrem,
2824 5478 2973 5535 videt
2999 5489 3058 5537 et
3086 5479 3303 5537 Filium.
3333 5481 3436 5540 Ubi
3472 5483 3628 5540 nulla
3654 5493 3737 5542 est
3763 5482 3835 5538 di-

2254 5567 2452 5622 stantia
2481 5567 2624 5625 inter
2653 5569 2887 5641 gloriam
2916 5581 2970 5628 et
2997 5572 3250 5644 gloriam,
3283 5583 3518 5648 uterque
3539 5587 3626 5634 est
3653 5577 3828 5648 gloria.

2253 5661 2552 5718 Precantur
2597 5663 2714 5721 haec
2762 5668 2995 5738 apostoli
3025 5678 3082 5726 et
3113 5669 3416 5741 prophetat,
3459 5682 3521 5728 ut
3563 5673 3708 5730 vultu
3750 5672 3829 5728 Dei

2250 5753 2566 5826 illuminati,
2628 5758 2724 5815 ttat
2779 5761 3093 5832 praedicatio
3137 5780 3324 5822 eorum
3377 5767 3560 5825 lumen
3603 5769 3825 5825 omnium

2259 5853 2523 5924 gentium.
