4010 6360
245 304 400 364 1ῡο9

1187 305 1619 365 BREVIARIUM
1657 305 1722 364 IN
1764 303 2100 365 PSALMOS.
2142 305 2394 365 PSALM.
2438 305 2625 366 LXVI.

3420 308 3562 368 1010

332 418 404 476 Ut
426 435 796 494 cognoscamus
820 420 874 475 in
899 427 1037 475 terra
1078 421 1214 475 viam
1253 430 1421 489 tuam,
1460 430 1508 476 et
1534 420 1588 476 in
1618 419 1856 476 omnibus
1879 420 1939 484 Α
1961 432 2154 476 sensus
2173 428 2260 476 est
2289 418 2596 476 :Laztentur
2633 428 2683 474 et
2714 421 2979 477 exsultent
3002 430 3198 495 gentes.
3230 421 3432 491 Quare,
3463 422 3560 479 la:-

241 512 495 588 yentibus
522 512 755 568 salutare
782 522 948 568 tuum.
990 512 1083 569 Sic
1129 513 1278 569 enim
1326 513 1627 570 invalescat
1656 513 1854 585 praedi-

242 608 403 664 catio
422 617 633 674 neSIra,
661 619 720 663 ut
748 608 830 662 via
859 606 974 664 sive
1002 608 1242 664 salutare
1268 615 1443 674 tuum,
1473 607 1534 664 id
1564 616 1670 675 est,
1697 605 1856 663 Chri-

245 714 376 759 stus
405 703 673 758 Dominus
702 702 756 758 in
779 701 865 757 his
892 699 985 773 qui
1010 715 1155 757 nunc
1183 709 1401 757 terrena
1442 700 1682 770 sapiunt,
1716 707 1776 758 et
1801 700 1857 757 in

248 794 582 869 gentilitatis
628 803 919 851 versantur
949 809 1158 863 errore,
1192 801 1510 850 cernantur.
1544 793 1613 851 Ut
1658 810 1855 867 cogno-

247 906 467 945 scamus
513 890 570 944 in
619 899 754 945 terra
781 889 922 944 viam
952 897 1117 944 tuam.
1159 890 1274 946 Hoc
1301 897 1481 946 autem
1509 890 1767 961 petimus,
1798 897 1856 945 ut

247 982 538 1040 illumines
588 983 793 1039 vultum
826 992 1014 1040 tuum:
1048 982 1155 1039 hoc
1206 991 1313 1051 est,
1362 982 1650 1054 imaginem
1708 990 1855 1037 tuam

249 1092 427 1148 super
448 1091 572 1145 nos,
601 1090 726 1148 quae
765 1075 911 1147 apud
958 1084 1013 1132 te
1056 1090 1276 1147 semper
1301 1074 1623 1132 abscondita
1653 1074 1777 1137 fuit,
1804 1083 1861 1129 et

250 1168 419 1242 quasi
473 1170 528 1225 in
588 1176 852 1236 secreto,
906 1175 964 1225 et
1010 1168 1247 1225 tenebris
1303 1177 1421 1224 erat
1469 1167 1859 1240 mysteriorum

253 1270 479 1318 tuorum
510 1278 524 1315 :
552 1258 851 1316 secundum
902 1258 1035 1315 illud
1085 1259 1229 1331 quod
1283 1260 1547 1331 scriptum
1600 1268 1684 1316 est
1717 1278 1731 1315 :
1761 1274 1859 1329 po-

252 1356 370 1412 Sttil.
426 1354 682 1412 tenebras
740 1353 1021 1412 latibulum
1070 1369 1227 1409 suum
1276 1351 1463 1422 (Psal.
1519 1352 1689 1423 xvu).
1747 1352 1860 1409 Hoc

250 1447 526 1521 petimus,
578 1456 639 1503 ut
691 1446 963 1504 illumines
1015 1461 1179 1518 super
1234 1461 1368 1513 nos,
1419 1456 1480 1503 ut
1529 1446 1857 1521 mysterium

248 1538 407 1613 quod
432 1555 463 1595 a
494 1539 943 1612 generationibus
967 1538 1354 1595 absconditum
1392 1539 1514 1609 fuit,
1538 1538 1692 1609 juxta
1712 1537 1862 1610 Apo-

253 1632 485 1701 stolum,
520 1631 797 1688 reveletur
842 1632 897 1687 in
947 1631 1105 1688 nobis
1156 1630 1198 1701 (l
1226 1629 1349 1688 Cor.
1380 1630 1466 1704 ιι).
1516 1630 1631 1687 Hoc
1676 1640 1857 1686 autent

252 1732 434 1779 totum
459 1738 635 1795 quare
664 1722 961 1795 poscimus,
994 1737 1170 1795 quare
1196 1722 1609 1779 desideramus?
1652 1721 1766 1779 Nisi
1793 1722 1860 1778 il-

1959 515 2165 568 tentur?
2196 512 2457 579 Quoniam
2494 513 2709 585 judicas
2738 515 2962 589 populos
3009 516 3062 570 in
3101 515 3343 586 tequitate
3369 533 3390 571 :
3426 532 3564 587 quo-

1960 608 2105 663 niam
2131 622 2472 680 nequaquam
2504 608 2708 680 accipis
2740 624 3030 681 personam
3053 610 3217 665 unius
3237 610 3436 682 gentis,
3462 610 3563 667 sed

1960 705 2203 759 omnium
2234 704 2378 760 Deus
2403 718 2482 760 es.
2515 703 2634 760 Non
2685 703 2781 761 tibi
2823 705 2925 761 soli
2971 703 3146 761 Judaei
3192 704 3428 776 placent,
3461 704 3564 761 sed

1960 795 2141 851 omnis
2193 796 2429 852 mundus
2472 804 2598 852 tuus
2637 805 2744 853 est.
2798 797 2953 853 Dicat
2995 796 3191 868 aliquis
3224 814 3239 852 :
3277 796 3398 853 Vim
3431 796 3563 853 lacis

1960 885 2284 958 Scripturae,
2312 904 2418 943 non
2450 888 2560 945 hoc
2587 904 2754 944 sensu
2781 888 2943 945 dixit.
2968 889 3365 960 Interpretatur
3386 890 3571 961 seipse

1961 980 2267 1052 Scriptura,
2308 997 2428 1050 quae
2475 981 2719 1053 loquitur
2746 998 2760 1036 :
2792 982 3050 1050 Quoniam
3066 981 3286 1054 judicas
3326 980 3553 1053 populos

1961 1076 2017 1130 in
2043 1076 2301 1147 erguitate.
2328 1073 2477 1144 Quos
2504 1075 2764 1146 populos?
2793 1075 2860 1130 Et
2886 1086 3062 1150 gentes
3095 1077 3151 1131 in
3179 1086 3321 1134 terra
3347 1076 3557 1150 dirigis.

1962 1166 2166 1223 Gentes
2190 1182 2310 1238 quae
2342 1176 2467 1223 ante
2511 1182 2618 1223 non
2671 1175 2822 1224 recte
2866 1170 3001 1240 pede
3026 1168 3440 1240 gradiebantur,
3484 1173 3564 1225 tc-

1962 1260 2081 1315 cisti
2114 1273 2209 1315 eas
2237 1268 2295 1313 ut
2321 1258 2663 1316 ambularent
2688 1260 2743 1315 in
2770 1260 2916 1316 viam
2967 1269 3133 1318 tuam.
3165 1261 3234 1318 Ut
3262 1276 3560 1333 cognosce-

1963 1370 2148 1411 remus
2178 1355 2230 1410 in
2262 1363 2404 1411 terra
2432 1355 2574 1410 viam
2607 1364 2780 1420 tuam,
2829 1365 2888 1410 ut
2933 1356 3339 1412 ambularemus
3368 1357 3421 1412 in
3448 1359 3557 1424 via,

1964 1461 2071 1503 non
2105 1447 2156 1502 in
2184 1446 2365 1515 inviis,
2396 1453 2452 1503 et
2474 1461 2571 1518 per
2605 1461 2767 1502 unam
2793 1446 2937 1502 viam
2958 1447 3271 1503 veniremus
3292 1449 3360 1504 ad
3391 1457 3463 1515 te,
3490 1449 3561 1505 de

1962 1556 2071 1612 quo
2118 1542 2364 1597 nascitur
2416 1541 2521 1597 via.
2556 1540 2675 1597 Non
2704 1540 2848 1597 enim
2878 1542 3021 1597 imus
3061 1541 3130 1597 ad
3181 1543 3425 1613 Patrem,
3456 1543 3559 1599 nisi

1962 1648 2060 1704 per
2090 1634 2308 1690 Filium.
2358 1634 2514 1690 Dicat
2556 1634 2802 1705 aliquis:
2834 1634 3166 1691 Arianorum
3214 1635 3412 1706 dogma
3455 1645 3562 1691 est.

1963 1726 2109 1797 Ergo
2137 1742 2233 1797 per
2267 1727 2465 1783 Filium
2494 1728 2712 1783 venitur
2740 1728 2807 1783 ad
2839 1727 3082 1784 Patrem.
3119 1728 3234 1801 Ego
3263 1728 3371 1785 hoc
3414 1728 3560 1796 dico,

253 1816 616 1873 luminaveris
648 1815 939 1887 imaginem
971 1823 1121 1871 tuam
1149 1828 1315 1886 super
1353 1828 1479 1884 nos,
1513 1815 1657 1870 viam
1686 1824 1855 1881 tuam,
1888 1818 1937 1880 B
1961 1820 2220 1892 quoniam
2252 1835 2348 1892 per
2370 1821 2665 1893 imaginem
2692 1821 2833 1877 imus
2855 1821 2922 1878 ad
2950 1820 3171 1889 faciem;
3200 1822 3332 1878 etin
3357 1822 3565 1879 lumine

254 1918 316 1966 et
343 1909 635 1965 scientiam
664 1917 811 1964 tuam
839 1911 1138 1979 nossenon
1168 1922 1480 1980 possumus,
1508 1915 1569 1962 ut
1596 1907 1854 1978 majesta-

257 2013 371 2060 tem
398 2010 545 2058 tuam
572 2017 693 2074 quae
716 2001 771 2058 in
798 2002 953 2059 etelis
974 2010 1102 2058 nota
1131 2012 1238 2071 est,
1269 2012 1452 2058 notam
1477 2001 1776 2059 habeamus
1803 2009 1860 2058 et

255 2097 514 2155 interra.
570 2094 641 2153 Ut
694 2114 1071 2171 cognoscamus
1121 2098 1177 2153 in
1221 2107 1358 2153 terra
1383 2098 1521 2153 viam
1549 2106 1712 2152 tuam.
1744 2097 1857 2168 Ego

255 2205 401 2260 sum,
434 2191 633 2263 inquit,
684 2191 799 2261 via,
841 2192 955 2248 vita
981 2202 1038 2248 et
1062 2192 1267 2249 veritas
1290 2191 1478 2265 (Joan.
1502 2191 1643 2264 xiv).
1670 2190 1739 2249 Ut
1765 2208 1856 2247 ce-

257 2299 569 2359 gnescamus
596 2286 651 2340 in
677 2297 814 2341 terra
837 2287 974 2341 aiant
994 2296 1159 2343 tuam.
1187 2287 1242 2342 lu
1267 2296 1410 2343 terra
1434 2300 1857 2359 cognoscamus:

258 2376 384 2434 Fiat
411 2378 662 2435 voluntas
691 2388 783 2435 tua
812 2380 955 2436 sicut
977 2381 1030 2436 in
1052 2382 1194 2437 coelo
1218 2390 1274 2437 et
1304 2381 1357 2437 in
1381 2389 1523 2437 terra
1552 2380 1735 2454 (Matt.
1756 2383 1857 2452 vt),

259 2478 324 2525 ut
352 2485 513 2543 quem
544 2472 726 2542 angeli
767 2472 1002 2529 adorant
1033 2475 1087 2530 in
1116 2475 1293 2543 ctelis,
1344 2474 1599 2534 homines
1642 2491 1860 2549 quoque

259 2563 495 2621 adorent
514 2564 568 2621 in
601 2574 765 2622 terra.
799 2565 907 2624 Sed
953 2567 1101 2625 dicet
1138 2570 1339 2641 aliquis
1371 2591 1385 2628 :
1431 2571 1560 2641 quia
1585 2579 1717 2626 nota
1742 2578 1862 2626 erat

260 2659 351 2714 via
383 2658 474 2714 Dei
507 2675 521 2713 :
554 2657 726 2715 Notus
756 2658 902 2716 enim
931 2660 987 2715 in
1022 2659 1212 2717 Judaca
1242 2660 1423 2717 Deus:
1454 2661 1511 2717 in
1552 2660 1721 2718 Israel
1747 2677 1861 2716 ma-

261 2766 430 2825 gnum
459 2766 654 2809 nomen
684 2753 826 2824 ejus.
852 2753 1028 2811 Notus
1050 2763 1169 2812 erat
1190 2756 1361 2822 Deus,
1389 2756 1485 2812 sed
1509 2756 1608 2812 Dei
1632 2755 1719 2812 via
1752 2771 1860 2811 non

262 2857 383 2905 erat
402 2855 529 2903 nota
560 2846 614 2903 in
647 2846 856 2904 Judata.
905 2848 1173 2916 Quoniam
1226 2864 1360 2920 ergo
1408 2848 1496 2905 via
1542 2849 1638 2905 Dei
1684 2848 1863 2904 Patris

264 2956 376 2998 non
405 2950 523 2998 erat
552 2953 679 2998 neta
722 2942 779 2997 in
808 2941 1038 3006 Iudaeis,
1081 2952 1370 3014 propterea
1409 2957 1553 2999 nunc
1584 2942 1718 2999 dicit
1748 2961 1762 2998 :
1795 2940 1863 2998 In

266 3035 503 3092 omnibus
531 3036 770 3109 gentibus
793 3035 1023 3093 salutare
1043 3045 1212 3092 tuum.
1256 3036 1375 3093 Non
1407 3037 1463 3094 in
1488 3052 1599 3092 uno
1638 3038 1862 3109 populo,

264 3129 362 3185 sed
395 3129 447 3184 in
474 3130 689 3186 cunctis
713 3129 992 3201 gentibus.
1024 3130 1091 3185 In
1112 3130 1349 3186 omnibus
1375 3130 1612 3205 gentibus
1637 3130 1866 3186 salutare

1960 1912 2207 1969 videmus
2257 1913 2467 1983 lumen,
2519 1914 2574 1970 in
2604 1914 2744 1971 Filio
2775 1915 3021 1972 videmus
3068 1917 3310 1973 Patrem.
3359 1918 3567 1988 My5te-

1958 2007 2102 2062 rium
2146 2015 2201 2063 ct
2242 2007 2581 2078 dispensatio
2618 2016 2703 2064 est
2741 2024 2863 2080 quae
2907 2007 3170 2080 loquitur.
3215 2009 3484 2066 Craterum
3517 2010 3566 2065 si

1960 2103 2082 2172 quis
2112 2110 2264 2171 putat
2285 2115 2408 2158 esse
2435 2100 2839 2173 blasphemum,
2865 2102 3125 2175 quoniam
3148 2103 3290 2158 viam
3323 2102 3563 2159 diximus

1961 2208 2084 2251 esse
2112 2194 2334 2265 Filium,
2364 2206 2419 2252 et
2452 2210 2549 2267 per
2587 2197 2731 2251 viam
2768 2196 2911 2253 imus
2953 2196 3109 2268 quasi
3139 2194 3206 2251 ad
3249 2195 3445 2265 Deum,
3482 2196 3566 2250 vi-

1961 2285 2187 2343 deamus
2212 2287 2331 2344 hare
2359 2288 2475 2360 ipsa
2502 2289 2587 2344 via
2618 2289 2746 2361 quid
2767 2288 2918 2345 dicat
2944 2308 2957 2344 :
2987 2289 3162 2346 Nemo
3182 2290 3332 2345 venit
3357 2290 3425 2345 ad
3451 2305 3562 2357 me,

1963 2382 2065 2438 nisi
2090 2381 2253 2438 Pater
2283 2397 2441 2438 meus
2468 2382 2765 2439 adduxerit
2816 2398 2941 2439 eum
2991 2382 3060 2440 ad
3111 2399 3198 2440 me
3248 2382 3561 2454 (Joan.vt).

1962 2475 2247 2545 Quomodo
2275 2490 2409 2548 ergo
2435 2474 2606 2532 Filius
2634 2475 2784 2533 ducit
2810 2477 2879 2532 ad
2926 2476 3170 2547 Patrem,
3201 2476 3280 2532 sic
3320 2488 3375 2533 et
3402 2478 3565 2533 Pater

1964 2568 2116 2625 ducit
2143 2569 2209 2625 ad
2239 2568 2462 2627 Filium.
2491 2569 2623 2626 llatc
2642 2568 2882 2625 humana
2914 2568 3091 2626 verba
3116 2577 3265 2625 sunt.
3297 2567 3568 2627 Caeterum

1964 2671 2021 2717 et
2044 2662 2215 2718 Filius
2233 2662 2385 2720 ducit
2407 2662 2475 2720 ad
2502 2662 2740 2731 Patrem,
2778 2671 2833 2718 et
2857 2663 3024 2719 Pater
3054 2662 3205 2719 ducit
3232 2661 3301 2718 ad
3333 2660 3559 2729 Filium,

1965 2766 2018 2812 et
2039 2771 2145 2811 una
2168 2764 2380 2824 natura,
2411 2764 2466 2812 et
2496 2772 2600 2812 una
2629 2756 2938 2813 substantia
2969 2767 3082 2814 est.

2041 2846 2401 2917 Cenfiteantur
2425 2849 2518 2904 tibi
2538 2849 2744 2923 pepuli,
2778 2848 2943 2917 Deus,
2973 2852 3323 2921 confiteantur
3352 2849 3443 2904 tibi
3472 2866 3568 2919 pe-

1966 2941 2081 3014 puli
2118 2957 2309 2997 omnes.
2342 2941 2462 2998 Jam
2498 2958 2662 3012 supra
2690 2941 2923 3009 dixerat,
2967 2948 3024 2997 et
3072 2944 3125 2997 in
3176 2943 3284 2998 isto
3338 2942 3569 3012 parvulo

1966 3036 2200 3110 psalmo,
2225 3038 2324 3092 hos
2352 3036 2490 3093 duos
2512 3036 2815 3092 versiculos
2841 3037 3036 3092 iterum
3070 3036 3293 3106 repetit.
3344 3036 3569 3091 Dixerat

1967 3133 2112 3187 enim
2157 3149 2327 3205 supra
2357 3149 2373 3189 :
2405 3133 2769 3204 Cenﬁteantur
2805 3132 2900 3187 tibi
2938 3132 3143 3206 populi,
3177 3130 3317 3186 Deus
3340 3147 3359 3186 :
3391 3130 3561 3199 conﬁ-

266 3233 438 3280 tuum.
467 3220 569 3279 Ubi
602 3236 703 3278 nos
731 3222 1000 3279 habemus
1030 3222 1087 3279 in
1122 3222 1337 3290 Latino,
1376 3226 1637 3290 salutare;
1671 3223 1724 3278 in
1757 3222 1863 3280 ile-
1891 3206 1939 3273 C
1970 3234 2177 3281 teantur
2205 3228 2296 3282 tibi
2323 3227 2505 3300 populi
2530 3241 2707 3281 omnes
2730 3242 2750 3281 :
2781 3223 3042 3280 Ltetentur
3065 3232 3114 3278 et
3155 3222 3411 3278 exsultent
3441 3238 3568 3295 geu-

266 3313 439 3383 braao,
479 3313 636 3370 Iesus
664 3314 880 3372 dicitur.
914 3316 1155 3389 Denique
1197 3326 1253 3373 et
1296 3318 1523 3389 angelus
1554 3317 1658 3374 hoc
1687 3318 1864 3390 loqui-

1971 3332 2066 3391 tes,
2099 3329 2154 3378 et
2180 3330 2377 3377 caetera
2424 3338 2436 3375 :
2477 3329 2533 3377 et
2559 3334 2703 3376 nunc
2743 3334 2934 3375 rursus
2966 3317 3166 3388 repetit
3202 3317 3302 3372 hos
3323 3317 3568 3372 versicu-

265 3419 359 3465 tur
388 3427 402 3464 :
433 3407 504 3465 Et
533 3411 757 3467 vocabis
785 3426 989 3468 nomen
1037 3414 1157 3482 ejus
1195 3411 1382 3468 Jesum
1431 3411 1584 3485 (Luc.
1633 3412 1716 3486 ιι).
1766 3412 1865 3469 Hic
1968 3416 2073 3485 los,
2102 3415 2257 3487 quasi
2279 3413 2513 3496 apostoli
2544 3413 2843 3484 prmcinant
2868 3411 3080 3468 cunctis
3100 3408 3377 3481 gentibus.
3410 3410 3572 3480 Saepe

265 3503 411 3559 enim
444 3503 677 3560 salvabit
715 3505 972 3577 pupulum
1021 3521 1205 3562 suum.
1256 3505 1322 3561 In
1349 3507 1585 3562 omnibus
1627 3507 1866 3580 gentibus
1967 3515 2420 3581 expugnaverunt
2450 3522 2537 3563 me
2566 3521 2596 3561 a
2623 3508 2913 3576 juventute
2943 3520 3086 3571 mea,
3126 3504 3274 3560 dicat
3317 3518 3461 3559 nunc
3489 3502 3568 3558 ls-

266 3600 497 3655 salutare
536 3608 704 3655 tuum.
755 3600 895 3657 Ecce
933 3601 1269 3671 completum
1317 3611 1424 3670 est,
1456 3602 1598 3672 quod
1630 3600 1866 3674 apostoli
1969 3602 2081 3658 rael
2108 3599 2287 3670 (Psal.
2311 3598 2560 3672 cxxvm).
2592 3598 2752 3669 Saepe
2797 3606 3245 3670 expugnaverunt
3284 3611 3373 3652 me
3414 3611 3446 3651 a
3482 3596 3573 3667 ju—

266 3692 551 3763 deprecati
572 3703 699 3751 sunt
730 3712 744 3750 :
773 3694 829 3751 lu
865 3695 1119 3752 omnibus
1158 3696 1410 3768 gentibus
1440 3705 1628 3753 notum
1655 3704 1743 3754 est
1777 3710 1865 3751 sa-

267 3787 443 3844 lutare
470 3788 609 3859 ejus.
632 3788 989 3862 Quocumque
1011 3789 1281 3847 humanus
1301 3806 1485 3848 sermo
1510 3806 1634 3848 esse
1657 3798 1861 3862 potest,

266 3878 339 3937 ibi
365 3879 525 3938 Jesus
551 3893 792 3941 resonat.

338 3973 699 4046 Cenﬁteantttr
738 3976 831 4033 tibi
872 3978 1075 4052 populi,
1119 3977 1260 4035 Deus
1309 3996 1328 4035 :
1373 3980 1719 4047 conﬁteantur
1772 3977 1866 4033 tibi

266 4067 451 4138 populi
478 4083 674 4123 omnes.
705 4067 1070 4139 Cenﬁteantur
1118 4071 1212 4125 tibi
1254 4070 1459 4143 pepuli,
1497 4070 1862 4127 Judmorum?

265 4161 385 4218 Non
417 4179 431 4216 :
464 4162 584 4229 sed,
617 4163 801 4232 populi
829 4180 1004 4218 omnes
1035 4164 1397 4234 conﬁteantur.
1429 4164 1715 4235 Quomodo
1746 4180 1864 4220 om-

267 4269 367 4311 nes
406 4260 621 4323 gentes,
673 4252 755 4308 sic
804 4262 860 4308 et
906 4268 1099 4309 omnes
1130 4255 1331 4325 populi.
1380 4254 1742 4327 Conﬁteautur
1774 4256 1867 4311 tibi

268 4343 476 4418 populi,
492 4342 655 4398 Deus.
682 4343 822 4412 Quid
850 4345 1251 4400 conliteantur?
1268 4345 1463 4419 Utique
1485 4360 1707 4418 peccata
1727 4362 1823 4404 sua
1847 4367 1862 4405 :

267 4436 354 4494 vel
368 4444 516 4492 certe
526 4436 889 4492 conﬁteantur
903 4437 1189 4507 imaginem
1205 4446 1349 4493 tuam
1363 4454 1486 4495 esse
1500 4440 1551 4495 in
1567 4440 1702 4495 te.ln
1721 4439 1864 4495 Filio

270 4538 324 4586 te
348 4528 740 4597 conﬁteantur,
764 4528 818 4585 in
845 4529 941 4585 illo
963 4538 1017 4586 te
1037 4528 1293 4585 videant:
1320 4530 1373 4585 in
1401 4530 1493 4586 illo
1524 4541 1577 4586 te
1606 4530 1858 4587 adorent.

1967 3701 2190 3750 ventute
2214 3707 2356 3749 mea.
2382 3691 2574 3747 Videte
2600 3690 2875 3763 quomodo
2904 3690 2980 3747 illi
3006 3689 3336 3761 praecinunt,
3361 3697 3417 3744 et
3450 3703 3569 3744 om-

1968 3786 2120 3841 nium
2143 3784 2387 3855 gentium
2412 3784 2563 3839 turba
2593 3782 2916 3852 respondet.
2949 3782 3041 3839 Sic
3072 3789 3134 3838 et
3174 3795 3322 3837 nunc
3342 3779 3575 3836 dicenti-

1969 3880 2069 3935 bus
2092 3877 2198 3934 illis
2226 3878 2280 3933 iu
2312 3877 2583 3948 principio
2613 3893 2627 3930 :
2653 3876 3016 3947 Cenﬁteantur
3038 3876 3131 3931 tibi
3157 3874 3338 3946 populi
3366 3890 3570 3940 omnes,

1969 3980 2026 4028 et
2063 3969 2505 4041 praecipientibus
2552 3969 2837 4040 apostolis,
2889 3979 2944 4024 et
2994 3968 3349 4024 dicentibus:
3392 3967 3569 4036 Con/i-

1970 4073 2173 4121 teantur
2217 4062 2311 4117 tibi
2350 4061 2552 4133 populi,
2593 4061 2735 4117 Deus
2780 4078 2801 4118 :
2843 4060 3202 4132 Cenﬁteantur
3243 4059 3336 4113 tibi
3384 4059 3571 4129 pepuli

1969 4175 2171 4224 omnes,
2202 4157 2461 4229 quoniam
2501 4156 2627 4213 illos
2652 4155 2842 4212 vident
2889 4156 3241 4223 reticescere,
3275 4161 3571 4225 propterea

1971 4252 2207 4324 idipsum
2237 4251 2457 4320 iterant,
2489 4260 2542 4308 et
2570 4250 2761 4307 dicunt
2789 4269 2801 4306 :
2836 4250 3194 4320 Cen/iteantur
3239 4248 3332 4304 tibi
3362 4249 3568 4323 pepuli.

1973 4345 2136 4411 Deus,
2162 4346 2509 4416 conﬁteantur
2529 4343 2623 4398 tibi
2651 4342 2834 4417 pepuli
2863 4360 3061 4399 omnes.
3092 4341 3277 4400 Semel
3306 4341 3567 4410 diximus,

1970 4451 2079 4493 non
2105 4437 2364 4505 audistis;
2392 4438 2586 4493 iterum
2609 4434 2876 4503 dicimus,
2909 4444 2971 4491 ut
2999 4435 3229 4492 cauatis.
3252 4433 3367 4491 Hoc
3387 4443 3571 4490 autem

1971 4538 2142 4585 totum
2171 4545 2345 4600 quare
2372 4530 2631 4595 diximus,
2655 4539 2711 4585 et
2738 4530 2907 4586 semel
2932 4541 2987 4585 et
3010 4530 3278 4600 secundo,
3314 4540 3371 4586 ut
3400 4530 3573 4586 conli-

339 4620 610 4677 Ltetentur
632 4631 680 4676 et
708 4594 963 4677 exsultent
986 4631 1185 4697 gentes.
1220 4620 1489 4690 Quoniam
1528 4624 1598 4677 de
1637 4620 1865 4691 captivi-
1890 4594 1945 4655 D
1972 4594 2399 4692 tcantur'populi
2431 4622 2578 4677 Deo?
2620 4594 2802 4689 Quare
2832 4623 2934 4679 hoc
2965 4623 3198 4680 dicimus
3219 4625 3245 4679 ?
3265 4594 3443 4694 quare
3470 4623 3576 4679 hoc

271 4723 379 4771 tate
404 4713 605 4770 diaboli
633 4714 880 4771 liberatae
902 4722 1069 4770 sunt:
1102 4713 1359 4785 quoniam
1383 4725 1506 4783 quae
1530 4721 1659 4767 ante
1686 4712 1870 4767 incur-

273 4808 540 4863 vabantur
568 4806 635 4862 ad
665 4806 945 4863 adoranda
994 4807 1168 4873 idola,
1195 4806 1340 4876 ligna
1363 4814 1418 4861 et
1444 4804 1678 4878 lapides,
1722 4820 1867 4862 nunc

272 4909 457 4957 erecto
494 4899 645 4954 vultu
670 4900 841 4956 caelos
881 4899 1200 4970 reSpieiunt.
1250 4897 1508 4966 Quoniam
1529 4898 1747 4971 judicas
1776 4913 1870 4968 po-

273 4991 424 5064 pulos
450 4992 505 5045 in
533 4991 795 5063 aquitate.
820 4988 1164 5062 Ubicumque
1202 4990 1432 5060 aequitas
1471 4998 1557 5046 est
1593 4998 1756 5060 atque
1781 4989 1871 5059 ju-

273 5084 499 5148 dicium,
526 5084 599 5140 ibi
625 5098 737 5139 non
764 5084 974 5151 laetitia,
995 5082 1093 5140 sed
1121 5081 1360 5139 formido
1380 5090 1466 5139 est
1493 5090 1867 5153 peccatorum.

275 5177 343 5233 Et
368 5176 646 5248 quomodo
674 5176 812 5232 dixit
839 5193 853 5232 :
880 5176 1023 5233 Deus
1051 5176 1382 5232 misereatur
1403 5175 1600 5241 nostri,
1624 5184 1685 5232 et
1708 5174 1876 5232 bene-

277 5268 423 5326 dicat
453 5282 576 5329 nos.
607 5279 661 5324 et
685 5282 830 5325 nunc
858 5268 999 5324 dixit
1027 5287 1038 5323 :
1072 5267 1340 5324 Laztentur
1365 5278 1414 5324 et
1448 5268 1712 5324 exsultent
1747 5283 1872 5341 geu-

278 5373 352 5420 tes
384 5380 403 5417 :
430 5363 681 5435 quoniam
713 5364 924 5435 judicas
968 5363 1189 5435 populos
1227 5363 1284 5417 in
1329 5363 1615 5434 aequitate?
1640 5360 1871 5418 Videtur

277 5457 383 5517 sibi
412 5471 535 5514 esse
560 5457 889 5513 contrarius.
923 5457 979 5514 Si
1008 5455 1155 5512 enim
1188 5454 1569 5513 misericordia
1601 5454 1871 5524 indigent,

276 5551 558 5626 quomodo
586 5551 841 5608 laetantur
886 5559 942 5608 et
987 5551 1262 5607 exsultant
1308 5568 1319 5604 :
1376 5551 1630 5622 quoniam
1663 5549 1879 5619 judicas

283 5644 506 5719 populos
533 5645 589 5698 in
625 5643 906 5716 wguitete?
934 5642 1284 5713 Ubicumque
1311 5642 1459 5699 enim
1502 5640 1881 5699 misericordia

283 5746 392 5803 est,
421 5734 497 5791 ibi
520 5747 632 5789 non
665 5744 748 5793 est
768 5735 1069 5808 judicium;
1091 5734 1188 5791 ubi
1215 5744 1399 5790 autem
1420 5734 1689 5805 judicium
1716 5741 1804 5789 est
1826 5739 1882 5789 et

285 5830 519 5905 aequitas
538 5826 748 5901 iudicii,
783 5831 857 5890 ibi
885 5831 1069 5902 procul
1103 5838 1188 5889 est
1213 5826 1606 5888 misericordia.
1639 5826 1747 5885 Sed
1777 5826 1881 5883 iste

1974 4712 2357 4782 praecipimus?
2406 4712 2671 4779 Quoniam
2707 4711 2921 4781 judicas
2973 4714 3196 4785 populos
3224 4713 3280 4768 in
3308 4715 3575 4786 aequitate.

1973 4803 2214 4871 Judmos,
2238 4802 2330 4871 qui
2365 4816 2479 4870 pra:
2505 4800 2786 4857 nimietate
2812 4801 3058 4867 malitiae,
3088 4802 3271 4873 populi
3295 4802 3574 4873 accipiun-

1977 4905 2085 4961 tur,
2109 4894 2267 4964 juxta
2300 4891 2435 4948 illud
2478 4910 2489 4946 :
2535 4890 2729 4963 Populi
2761 4892 3004 4948 meditati
3027 4903 3158 4951 sunt
3186 4894 3364 4951 inania
3396 4895 3572 4969 (Psal.

1972 4990 2060 5057 ιι).
2094 4986 2159 5042 Et
2189 4994 2365 5061 gentes
2393 4986 2448 5042 in
2476 4994 2618 5041 terra
2646 4983 2848 5056 dirigis.
2887 4985 3091 5056 Diriget
3113 5000 3207 5044 eas
3232 4986 3284 5042 in
3310 4991 3397 5044 via
3427 4989 3578 5056 vitae,

1976 5080 2104 5137 data
2146 5085 2493 5151 peccatorum
2546 5076 2890 5133 remissione.
2923 5075 3058 5133 Cum
3104 5077 3324 5151 dicitur,
3379 5097 3577 5147 omnes,

1981 5186 2092 5227 non
2121 5168 2297 5226 solum
2329 5183 2431 5240 pro
2460 5169 2705 5240 gentium
2733 5168 2957 5240 populo,
3005 5169 3102 5227 sed
3151 5171 3316 5227 etiam
3356 5187 3456 5243 pro
3483 5172 3577 5229 Ju-

1981 5264 2225 5321 daorum
2249 5271 2394 5330 erat,
2420 5269 2483 5318 ut
2502 5273 2553 5318 et
2587 5260 2689 5333 ipsi
2719 5263 2994 5331 conversi,
3025 5263 3397 5321 conﬁteantur
3423 5263 3583 5322 Chri-

1981 5370 2128 5417 stum
2161 5359 2366 5416 Filium
2399 5359 2515 5414 Dei.
2558 5356 2721 5413 Terra
2748 5357 2894 5413 dedit
2926 5362 3153 5431 fructum
3178 5373 3348 5414 suum.
3396 5357 3581 5425 Terra,

1982 5463 2176 5510 sancta
2203 5451 2393 5518 Maria,
2425 5451 2494 5508 de
2522 5461 2712 5508 nostra
2746 5457 2911 5515 terra,
2933 5450 3003 5508 de
3024 5459 3217 5509 nostro
3246 5453 3481 5520 semine,
3510 5452 3584 5508 de

1981 5541 2089 5598 hoc
2115 5542 2254 5608 luto,
2284 5541 2354 5597 de
2384 5541 2489 5596 hoc
2532 5540 2690 5606 limo,
2739 5541 2811 5597 de
2854 5540 3053 5596 Adam.
3084 5540 3255 5597 Terra
3292 5555 3375 5609 es,
3429 5547 3486 5596 et
3524 5542 3581 5596 in

1985 5642 2189 5690 terram
2208 5633 2314 5688 ibis
2332 5631 2487 5702 (Gen.
2510 5629 2614 5703 ιιι).
2635 5631 2823 5699 Terra,
2846 5632 2974 5699 ista,
2996 5631 3138 5687 dedit
3159 5632 3385 5702 fructum
3405 5648 3581 5689 suum.

1980 5729 2136 5803 Quod
2163 5725 2405 5801 perdidit
2431 5727 2484 5781 in
2511 5726 2782 5798 paradiso,
2808 5727 3019 5783 invenit
3038 5727 3093 5782 in
3127 5726 3261 5783 lilio.
3300 5714 3462 5783 Terra
3492 5727 3591 5782 de-

2000 5826 2079 5882 dit
2099 5828 2323 5896 fructum
2363 5819 2832 5910 suumrPrimum
2862 5818 3015 5880 dedit
3034 5819 3249 5880 ﬂorem.
3280 5819 3424 5880 Dicit
3456 5829 3511 5881 et
3536 5820 3595 5879 in
