4010 6312
543 223 677 279 1⁴1Ι

1288 220 1635 279 ΑΡΡΕΝΒΙΧ
1674 220 1767 279 AD
1799 216 2049 279 TOMUM
2085 214 2431 283 SEPTIMUM
2469 215 2529 272 S.
2577 214 2976 271 HIERDNYMI.

3709 216 3857 274 10ιέ

537 336 769 393 Cantico
791 339 1127 401 canticorum
1160 355 1174 392 :
1201 336 1313 404 Ego
1338 334 1442 390 ﬂos
1473 333 1673 402 campi,
1712 342 1767 389 et
1798 330 1972 389 lilium
2000 343 2135 384 cou-
2158 332 2211 399 Α
2242 328 2382 385 Deus
2415 329 2465 385 ei
2499 344 2794 399 numquam
2826 330 3038 399 locutus
3084 329 3258 386 fuerat
3287 347 3300 383 :
3336 342 3621 403 postquam
3664 341 3853 389 autem

538 429 1175 502 vallium(Cant.tt).lste
1198 428 1359 498 igitur
1384 425 1486 483 llos
1513 425 1723 481 fructus
1751 424 1927 479 factus
1949 430 2054 489 est,
2078 429 2139 479 ut

540 537 643 577 nos
672 521 825 579 illum
856 522 1300 586 comedercmus,
1330 528 1387 577 ut
1412 532 1514 575 nos
1541 515 1991 575 manducaremns
2017 527 2138 569 car-

540 628 640 673 nes
671 614 810 683 ejus.
840 614 1017 671 Vultis
1040 614 1184 670 st'ire
1210 612 1330 681 qttis
1370 610 1443 665 sit
1472 610 1578 667 iste
1607 604 1853 665 fructus?
1885 606 2042 676 Virgo
2068 605 2137 669 de

531 707 743 774 virgine
770 725 781 759 :
814 707 1079 762 Dominus
1098 705 1167 761 de
1194 704 1393 763 anetlla
1419 720 1432 757 :
1462 703 1602 759 Deus
1622 717 1688 757 ex
1720 699 1963 766 homine,
1994 697 2137 757 {ilius

532 812 598 852 ex
629 806 822 863 malre,
852 795 1059 855 fructus
1091 813 1160 853 ex
1205 804 1375 855 terra.
1425 794 1617 848 Videte
1660 792 1788 864 quid
1831 791 1977 846 dicat
2020 790 2136 860 ipse

536 893 741 945 fructus
775 908 785 943 :
813 889 924 947 Nisi
954 906 1180 961 granum
1210 888 1467 947 frumenti
1496 885 1759 949 ceciderit
1804 883 1859 937 in
1908 893 2131 951 terram,

533 992 585 1036 et
616 994 889 1041 mortuum
930 982 1113 1048 fuerit,
1143 998 1248 1041 non
1278 990 1456 1051 potest
1487 979 1511 1041 f
1528 994 1668 1035 .cere
1697 976 1906 1034 fructus
1935 976 2132 1032 multos

530 1074 719 1139 (Joan.
750 1078 871 1146 ιιι).
895 1074 1064 1133 Terra
1084 1076 1227 1132 dedit
1259 1077 1487 1146 fructum
1508 1089 1661 1131 suam
1684 1088 1703 1127 :
1726 1070 1877 1126 dedit
1903 1084 2130 1141 granum

529 1168 811 1223 frumenti.
843 1167 999 1235 Quod
1040 1183 1272 1239 granum
1302 1164 1561 1222 frmnenti
1595 1164 1791 1220 cecidit
1823 1165 1875 1218 in
1906 1173 2131 1230 terram,

529 1271 583 1315 et
615 1271 888 1319 mortuum
915 1272 1026 1327 est,
1056 1274 1110 1318 et
1139 1261 1265 1321 ideo
1296 1261 1498 1317 multos
1528 1260 1739 1316 fructus
1766 1258 1945 1317 affert.
1991 1258 2131 1315 Mul-

526 1356 828 1424 tiplicatum
866 1366 953 1411 est
1004 1357 1059 1411 in
1099 1356 1247 1426 spica
1284 1374 1297 1412 :
1328 1356 1472 1425 quod
1515 1370 1682 1413 unum
1732 1354 2032 1420 ceciderat,
2078 1354 2129 1410 in

526 1448 710 1504 multis
735 1446 1053 1505 resurrexit.
1086 1446 1295 1505 Cecidit
1317 1448 1461 1513 enim
1483 1461 1710 1519 granum
1743 1447 1904 1505 tritici
1936 1447 1988 1502 in
2021 1456 2131 1501 ter-

524 1554 668 1604 ram,
697 1546 753 1593 et
793 1554 953 1609 seges
975 1541 1196 1611 cepiosa
1228 1541 1487 1595 surrexit.
1519 1537 1681 1594 Terra
1725 1539 1871 1595 dedit
1902 1542 2128 1610 [ructant

524 1649 695 1686 suum.
735 1633 1053 1703 Propterea,
1088 1634 1434 1705 conﬁteantur
1456 1634 1547 1689 tibi
1568 1632 1773 1705 pepuli,
1806 1632 1969 1697 Deus,
2002 1648 2127 1688 con-

2242 430 2478 480 tentatus
2508 434 2614 490 est,
2653 425 2892 483 venitad
2921 440 3044 481 eum
3082 427 3242 491 tiens,
3286 433 3342 480 ct
3380 426 3732 485 familiariter
3771 427 3855 483 lo.

2240 518 2445 589 quitur,
2476 517 2627 587 quasi
2646 518 2852 581 amicus
2880 533 3006 573 cum
3030 518 3207 573 amico
3236 533 3358 573 son.
3391 517 3624 574 Veniant
3653 518 3852 589 plagae,

2241 608 2420 665 omnia
2455 624 2737 679 ptenarum
2771 624 2973 680 genera
2999 652 3012 675 ,
3047 611 3176 666 dum
3208 621 3334 682 post
3359 611 3569 682 plagas,
3599 610 3853 669 Christus

2241 700 2516 756 adveniat.
2550 701 2767 771 Egressi
2799 717 2990 757 sumus
3015 703 3083 759 de
3114 703 3349 775 psnlmo,
3400 703 3500 761 sed
3532 718 3644 758 non
3684 703 3851 760 inuti-

2240 792 2386 859 liter,
2413 794 2539 864 quia
2566 793 2883 849 diteratnus
2913 814 2927 848 :
2978 793 3045 849 Et
3087 804 3319 853 metuant
3360 812 3481 853 eum
3507 812 3691 851 omnes
3720 797 3851 867 ﬁnes

2239 894 2411 956 tet-rte,
2444 895 2499 943 et
2528 888 2879 958 dixeramus,
2926 888 3181 961 quoniam
3213 898 3463 953 metuere
3489 893 3850 963 parvulorum

2238 987 2321 1032 est
2351 996 2363 1029 :
2395 986 2657 1034 caeterum
2702 979 2954 1051 diligere,
2991 981 3393 1054 perfecturum,
3425 992 3481 1040 et
3525 985 3849 1044 dixeramus

2237 1070 2303 1124 ad
2336 1069 2439 1124 hoc
2483 1072 2954 1144 comprobandum
3001 1075 3072 1131 de
3116 1072 3427 1145 Apostolo:
3469 1074 3844 1147 Diligentibus

2236 1170 2416 1219 autem
2449 1164 2737 1221 Dominum
2760 1209 2776 1233 ,
2809 1166 2991 1223 omnia
3032 1175 3398 1237 cooperantur
3423 1167 3480 1224 in
3511 1166 3742 1225 bonum.
3776 1167 3846 1227 Et

2235 1256 2453 1311 timeant
2482 1273 2600 1313 eum
2631 1272 2809 1312 omnes
2839 1257 2968 1327 lines
2996 1267 3169 1313 terrm.
3210 1258 3566 1331 Nequaquam
3605 1262 3722 1317 sola
3752 1261 3849 1319 Ju~

2234 1349 2373 1416 dira,
2405 1350 2501 1413 sed
2523 1366 2715 1407 omnes
2744 1352 2880 1409 lines
2906 1363 3085 1409 terra).
3122 1352 3441 1415 Secundum
3471 1356 3847 1429 trepologiam

2233 1453 2458 1512 autem,
2509 1460 2682 1499 omnes
2735 1445 2867 1514 fines
2916 1454 3113 1501 terrae:
3147 1461 3255 1503 non
3312 1447 3576 1508 medietas
3628 1459 3845 1508 terrae:

2234 1554 2343 1594 non
2390 1538 2466 1594 illi
2520 1539 2609 1610 qui
2648 1530 2712 1595 in
2758 1547 2908 1596 terra
2955 1549 3083 1597 sunt
3132 1541 3336 1611 media,
3389 1542 3484 1599 sed
3516 1544 3608 1614 qui
3641 1543 3697 1599 in
3734 1545 3843 1603 fine

2234 1642 2391 1687 terra:
2419 1641 2565 1696 sunt,
2594 1632 2686 1703 qui
2730 1634 3048 1706 relinquunt
3104 1644 3330 1704 terram,
3361 1645 3417 1692 ct
3442 1637 3510 1693 ad
3559 1640 3736 1697 cmlos
3765 1640 3843 1696 ire

522 1724 767 1793 ﬁteantur
793 1726 883 1780 tibi
906 1726 1089 1796 populi
1116 1742 1310 1781 omnes.
1340 1724 1503 1781 Terra
1527 1725 1671 1781 dedit
1697 1728 1927 1797 fructum
1949 1741 2121 1783 suum.
2156 1725 2201 1787 Β
2231 1728 2508 1785 festinant.
2538 1729 2650 1784 Iloc
2672 1730 2837 1801 igitur
2862 1731 3007 1801 quod
3048 1733 3284 1801 apostoli
3312 1732 3572 1789 dixerunt
3599 1734 3654 1793 in
3696 1735 3839 1805 prin-

520 1814 654 1881 Quis
685 1826 773 1870 est
794 1817 897 1873 iste
927 1816 1171 1875 fructus?

596 1907 871 1965 Benedicat
893 1926 986 1965 nos
1008 1909 1146 1966 Deus
1171 1909 1312 1967 Deus
1335 1922 1527 1975 noster,
1547 1910 1813 1969 benedicat
1839 1928 1933 1967 nos
1960 1909 2118 1966 Deus.

521 2000 681 2067 Dens,
722 2001 881 2059 Pater
914 2020 927 2058 :
960 2002 1100 2058 Deus
1154 2013 1348 2069 noster,
1395 2002 1586 2061 Filius.
1633 2004 1755 2074 Ipse
1799 2003 1945 2059 enim
1981 2004 2124 2060 Deus

514 2101 727 2147 noster.
763 2094 828 2148 Et
854 2094 1098 2158 vocabis,
1146 2094 1344 2166 inquit,
1379 2109 1578 2151 nomen
1611 2094 1732 2165 ejus
1770 2094 2118 2167 Emmanuel,

513 2185 705 2253 idest,
751 2185 1034 2249 nobiscum
1080 2186 1244 2241 Deus.
1293 2186 1429 2245 Deus
1474 2198 1647 2243 noster
1689 2187 1957 2244 benedicat
2001 2204 2118 2245 nos.

515 2282 658 2333 Deus
689 2278 928 2346 Spiritus
968 2286 1212 2335 sanctus.
1252 2277 1447 2334 Videte
1479 2279 1798 2352 mysterium
1836 2279 2121 2337 Trinitatis

515 2371 568 2424 in
596 2386 705 2425 uno
732 2372 1005 2427 Versiculo
1028 2371 1512 2441 comprehensum.
1539 2373 1703 2437 Terra
1722 2374 1862 2430 dedit
1891 2377 2119 2446 fructum

516 2478 690 2516 suunt.
722 2462 781 2517 ln
812 2461 917 2517 isto
946 2462 1145 2533 fructu,
1183 2464 1466 2525 Trinitatis
1514 2466 1837 2537 mysterium
1869 2468 2117 2526 contine-

513 2561 621 2607 tur.
659 2551 941 2611 Denedicct
992 2572 1087 2612 nos
1121 2555 1264 2611 Deus
1303 2554 1446 2614 Deus
1476 2567 1673 2617 noster.
1729 2558 1831 2627 Qui
1864 2559 2008 2616 Deus
2033 2572 2120 2621 est

506 2644 752 2701 omnium
802 2660 901 2716 per
954 2657 1240 2719 naturam,
1294 2662 1488 2709 noster
1543 2652 1761 2724 proprie
1814 2654 1989 2711 factus
2033 2668 2117 2729 cst

509 2742 676 2796 Deus.
714 2740 997 2799 Benedicat
1029 2759 1123 2801 nos
1156 2743 1317 2803 Deus.
1355 2745 1605 2817 Expellat
1658 2758 1893 2805 veterem
1944 2751 2116 2809 male-

509 2835 830 2889 dictiouem.
866 2836 1176 2893 Maledictio
1212 2853 1311 2893 nos
1336 2837 1495 2911 ejecit
1519 2839 1588 2897 de
1614 2841 1868 2908 paradiso
1897 2861 1909 2897 :
1955 2844 2115 2900 redu.

507 2935 597 2981 rat
624 2926 956 2987 benedictio.
1010 2928 1075 2983 Et
1122 2940 1349 2989 metuant
1389 2948 1506 2991 eum
1554 2949 1729 2993 omnes
1783 2936 1909 3007 ﬁnes
1939 2947 2112 2999 terra.

504 3019 625 3076 Non
655 3020 791 3077 dixit
825 3038 839 3076 :
874 3022 1110 3095 Diligaut,
1154 3040 1276 3083 eum
1325 3042 1518 3085 Omlle
1551 3028 1689 3087 lines
1714 3038 1894 3089 terrae.
1924 3030 2111 3090 Perfe-

2229 1823 2395 1893 cipio,
2431 1838 2531 1880 nos
2553 1823 2804 1883 dicamus
2833 1826 2884 1880 in
2912 1827 3018 1885 line
3043 1846 3055 1881 ε
3090 1826 3230 1883 Deus
3262 1828 3572 1883 misereatur
3596 1831 3761 1885 nostri
3788 1838 3837 1889 et

2227 1916 2491 1973 benedicat
2516 1916 2667 1973 nobis
2692 1933 2711 1981 ,'
2741 1918 3004 1977 illuminet
3036 1924 3232 1979 uultum
3270 1937 3423 1977 suum
3450 1938 3607 1993 super
3635 1939 3754 1989 nos,
3787 1932 3837 1979 at

2228 2010 2542 2067 misereatur
2595 2012 2800 2077 nostri;
2857 2021 2913 2069 et
2957 2022 3141 2069 notam
3196 2012 3357 2071 faciet
3418 2014 3651 2069 interra
3689 2016 3835 2077 viam

2225 2118 2404 2161 suam.
2430 2101 2565 2161 Cum
2596 2104 2915 2167 manufestus
2944 2106 2995 2163 in
3023 2107 3279 2163 claritate
3311 2106 3523 2165 venerit
3555 2106 3834 2175 Christus,

2227 2206 2354 2251 tunc
2386 2195 2641 2257 omnibus
2671 2204 2858 2255 notum
2894 2197 3057 2255 faciet
3092 2215 3191 2255 cur
3229 2208 3377 2255 tanta
3428 2201 3613 2261 carnis
3652 2199 3832 2261 humi-

2224 2288 2377 2345 litate
2397 2287 2767 2347 descenderit.
2808 2288 2967 2346 Terra
3007 2290 3148 2345 dedit
3177 2291 3407 2361 fructum
3453 2308 3626 2347 suum.
3664 2291 3830 2357 Maria

2221 2380 2411 2454 genuit
2435 2379 2795 2438 Salvatorem.

2737 2474 3060 2534 PSALMUS
3098 2476 3313 2537 LXVII.

2226 2564 2502 2642 Iulium,
2546 2567 2794 2642 Psalmus
2838 2567 3043 2627 Cantici
3075 2569 3261 2626 David.
3306 2571 3581 2637 Psalmus,
3619 2586 3825 2642 opera:

2292 2638 2599 2717 Canticum,
2642 2640 2999 2717 intelligentia
3039 2644 3236 2717 mentis
3283 2644 3606 2717 spiritualis.
3641 2638 3829 2717 Sit-sa-

2291 2710 2529 2785 gesimus
2558 2710 3097 2785 septimus'psalmus
3127 2714 3171 2767 si
3205 2710 3542 2785 intelligatur
3572 2715 3825 2783 spiritua-

2297 2783 2438 2847 liter,
2484 2782 2720 2855 refertus
2770 2784 2925 2853 Legis
2980 2782 3510 2855 Etangeliortttiiqtte
3562 2782 3669 2854 rep-
3690 2788 3828 2840 ritur

2291 2854 2666 2921 sacramentis,
2695 2856 2889 2924 quisic
2921 2857 3141 2918 btchoat
3170 2873 3233 2912 rx
3260 2874 3390 2911 voce
3421 2854 3741 2927 prophetica
3769 2875 3784 2912 :

2291 2943 2564 3035 Exsurgat‘
2582 2946 2745 3016 Deus,
2788 2959 2835 3005 et
2868 2949 3188 3021 dissipentur
3216 2950 3414 3007 inimici
3445 2952 3579 3022 ejus.
3614 2952 3679 3009 Et
3704 2967 3826 3022 spe-

2223 3039 2435 3097 cialiter
2458 3041 2778 3111 intelligitur
2811 3043 2910 3099 iste
2937 3043 3203 3114 psalmus,
3229 3054 3283 3105 et
3301 3044 3660 3115 generaliter.
3685 3044 3823 3116 Spe-

506 3126 592 3169 cta
624 3117 827 3189 quippe
874 3116 1124 3187 dilectio,
1174 3118 1321 3177 foras
1369 3121 1534 3181 mittit
1584 3121 1856 3182 timorem.
1888 3124 2108 3187 Timere
2134 3116 2181 3189 C
2212 3131 2421 3189 cialiter
2471 3132 2538 3188 de
2570 3133 2687 3203 ipso
2718 3134 2969 3203 Domino,
3009 3147 3066 3190 ut
3100 3145 3350 3207 resurgat
3377 3154 3405 3191 a
3456 3142 3719 3205 mortuis,
3766 3147 3823 3202 et

506 3210 883 3281 iucipientium
914 3220 1041 3279 est;
1074 3212 1328 3285 diligere.
1364 3214 1754 3284 perfectorem.
1798 3217 1900 3287 Qui
1935 3219 2111 3283 adhuc

505 3302 682 3368 timet,
720 3304 770 3358 in
812 3304 969 3360 initio
1001 3316 1084 3362 est
1114 3309 1350 3378 positus,
1383 3324 1487 3371 non
1530 3308 1694 3369 habet
1724 3311 2021 3383 perfectam
2055 3322 2115 3371 et

506 3398 724 3464 plenam
768 3397 951 3461 fidem.
993 3400 1096 3468 Qui
1146 3412 1325 3459 autem
1375 3401 1551 3473 diligit
1600 3402 1793 3465 Deum.
1835 3405 2018 3461 omnia
2059 3406 2108 3467 ei

504 3490 829 3560 provenient
872 3494 924 3547 in
973 3491 1197 3551 bonum.
1250 3491 1476 3549 Videtur
1521 3494 1722 3564 brevis,
1775 3505 1831 3550 et
1876 3496 2110 3567 simplex

505 3596 630 3637 esse
674 3583 1029 3645 sententiola.
1086 3582 1194 3641 Sed
1249 3586 1567 3643 rentilemus
1607 3602 1750 3655 eam,
1783 3599 1838 3645 et
1886 3589 1940 3647 in
1988 3591 2109 3647 istis

499 3672 848 3743 simplicibus
887 3673 1086 3739 verbis,
1143 3673 1384 3749 ingentia
1436 3678 1693 3748 mysteria
1746 3681 2105 3750 reperiemus.

508 3766 853 3829 Inveniemus
880 3766 1235 3838 intrinsecus,
1266 3768 1411 3845 quod
1436 3767 1742 3829 forinsecus
1772 3771 1925 3828 latet.
1977 3774 2109 3831 Dili-

503 3858 761 3924 gentibns
806 3866 989 3917 autem
1040 3857 1354 3929 Dominum,
1405 3861 1589 3919 omnia
1640 3875 2010 3935 cooperantur
2052 3867 2107 3924 in

504 3949 730 4007 bonum.
766 3950 871 4013 Job
903 3950 985 4006 vir
1016 3960 1239 4011 sanctus
1272 3964 1515 4015 tentatus
1546 3964 1651 4033 est,
1693 3959 1935 4030 perdidit
1968 3961 2108 4020 filios

501 4049 561 4096 et
612 4039 776 4111 tilias,
808 4041 1002 4103 domus
1052 4046 1223 4121 ipsius
1260 4051 1494 4116 corruit,
1544 4052 1798 4115 universa
1846 4055 2103 4131 perdidit,

503 4134 687 4189 omnia
725 4143 954 4207 repente
984 4138 1248 4211 perdidit;
1297 4156 1396 4196 nec
1446 4152 1627 4217 pater,
1661 4160 1761 4202 nec
1810 4147 2106 4217 dominus;

504 4225 637 4285 nihil
661 4227 808 4284 enim
834 4227 909 4293 illi
936 4231 1201 4291 remansit
1230 4233 1281 4287 in
1302 4247 1537 4311 corpore
1559 4238 1827 4312 sanitatis,
1854 4242 1957 4297 nisi
1985 4243 2104 4305 sola

504 4317 684 4388 lingua
715 4334 810 4388 per
839 4336 1002 4400 quam
1042 4322 1423 4397 blasphemare
1466 4338 1675 4399 posset.
1703 4331 1898 4391 Videte
1931 4343 2104 4392 tenta-

500 4416 677 4465 torem
707 4408 1008 4467 diabolum.
1058 4415 1096 4469 Α
1153 4414 1357 4486 planta,
1403 4418 1599 4490 inquit,
1637 4422 1789 4492 pedis
1830 4440 2005 4496 usque
2034 4428 2101 4485 ad

2212 3225 2490 3296 disperdat
2522 3227 2770 3291 inimico;
2801 3246 2950 3299 suos,
2986 3229 3089 3287 hoc
3131 3240 3252 3298 est,
3283 3230 3558 3291 diabolum
3591 3243 3643 3293 et
3668 3251 3824 3297 eser-

2211 3318 2380 3372 citum
2411 3317 2551 3391 ejus,
2579 3328 2671 3374 aut
2708 3319 2950 3379 Judteos.
2984 3321 3328 3381 Generaliter
3352 3336 3561 3393 autem,
3608 3328 3822 3398 quando

2211 3411 2262 3467 in
2292 3411 2646 3469 tribulatione
2682 3428 2871 3473 sumus
2909 3424 2964 3472 et
3002 3418 3271 3487 angustia.
3305 3427 3362 3473 ct
3405 3417 3684 3477 dicimus:
3717 3421 3819 3482 EX-

2212 3519 2394 3576 surge,
2429 3506 2613 3577 utquid
2660 3507 2943 3571 dormites,
2975 3509 3238 3565 Domine?
3273 3511 3523 3583 Exsurge
3543 3522 3600 3569 ct
3625 3514 3820 3583 adjnva

2213 3611 2313 3657 nos
2363 3596 2539 3668 (Psal.
2584 3599 2704 3669 45).
2748 3599 3033 3669 Quomodo
3080 3610 3137 3659 ct
3183 3604 3414 3673 apostoli
3463 3605 3518 3661 in
3568 3606 3818 3663 navicula

2210 3690 2449 3746 excitant
2481 3690 2770 3747 Dominum
2797 3692 3186 3761 dormientem,
3222 3694 3470 3753 dicentes
3496 3714 3510 3751 :
3538 3698 3814 3769 Magister,

2210 3780 2357 3834 Salva
2392 3797 2490 3836 nos
2520 3800 2532 3836 :
2570 3786 2810 3852 perimus
2841 3784 3057 3857 (Matth.
3084 3786 3223 3857 Vill).
3264 3786 3327 3841 Et
3354 3788 3563 3865 fugiant
3585 3791 3677 3862 qui
3706 3793 3818 3845 ode~

2208 3883 2332 3929 runt
2371 3891 2484 3933 eum
2520 3892 2552 3931 α
2586 3877 2719 3946 facie
2762 3881 2899 3951 ejus.
2947 3879 3063 3936 Non
3115 3879 3268 3941 dixit.
3302 3892 3552 3953 pereant,
3581 3886 3699 3951 sed,
3732 3886 3814 3957 [u-

2209 3967 2354 4035 giant
2381 3983 2399 4020 :
2430 3968 2521 4038 qui
2555 3981 2868 4038 peccatores
2898 3972 2950 4026 in
2981 3982 3277 4044 conspectu
3308 3974 3401 4037 Dei
3435 3992 3543 4033 non
3591 3988 3812 4048 possunt

2209 4066 2377 4113 stare.
2410 4057 2720 4116 Praevidens
2752 4062 3018 4135 propheta
3049 4074 3191 4131 orat,
3242 4076 3300 4120 ut
3345 4082 3410 4121 cu
3463 4081 3809 4141 cxsurgcnte,

2208 4152 2493 4211 diabolica:
2524 4156 2921 4217 dominationes
2952 4159 3238 4232 effugiant,
3271 4163 3395 4233 quia
3446 4175 3503 4220 et
3537 4182 3679 4222 nunc
3725 4168 3809 4223 iu-

2208 4245 2520 4305 dubitanter
2562 4251 2894 4308 credendum
2942 4263 3059 4323 est,
3108 4256 3251 4327 quod
3300 4258 3367 4313 ad
3410 4258 3807 4323 invocationem

2209 4338 2327 4411 ejus
2353 4342 2591 4398 nominis
2620 4354 2766 4400 stare
2796 4360 2902 4400 non
2926 4355 3179 4417 possunt.

2280 4427 2432 4487 Sicut
2474 4432 2644 4502 deﬁcit
2694 4436 2889 4506 fantur,
2942 4438 3208 4504 deﬁciant.
3241 4439 3357 4496 Non
3404 4454 3464 4498 ut
3496 4446 3550 4501 in
3582 4447 3806 4507 nihilum

499 4499 778 4602 verticem.
809 4503 1083 4602 percussit
1128 4521 1251 4565 emn
1300 4508 1529 4567 vulnere
1562 4514 1822 4585 pessimo,
1857 4517 1962 4577 hoc
1993 4529 2098 4592 est,
2128 4498 2183 4563 Ῑ)
2209 4498 2557 4595 reducantur,
2587 4498 2776 4583 sed'ut
2824 4498 3107 4600 quiescant
3136 4546 3167 4587 a
3200 4536 3437 4602 peccatis

502 4589 811 4661 elgphantia
838 4591 979 4671 (Job.
1008 4595 1070 4670 ι).
1102 4596 1232 4656 lndc
1286 4610 1401 4661 toto
1448 4618 1682 4675 corpore
1721 4625 1935 4669 vermes
1967 4589 2100 4671 fluc;

499 4681 652 4751 bant,
680 4694 735 4740 et
768 4687 1016 4757 putredo.
1048 4688 1239 4755 Solam
1273 4693 1511 4767 linguam
1544 4697 1810 4770 integram
1841 4704 1890 4756 ei
1921 4718 2101 4760 reser-

501 4776 668 4842 vavit,
716 4788 771 4832 ut
824 4791 1008 4848 posset
1058 4782 1342 4847 Dominum
1389 4804 1545 4845 suum
1592 4790 1995 4864 blasphemare.
2039 4799 2098 4857 in

496 4867 750 4924 omnibus
793 4869 879 4925 bis
922 4888 1035 4937 non
1080 4877 1328 4947 peccavit
1368 4877 1473 4936 Job
1520 4880 1680 4943 labiis
1718 4887 1850 4943 suis.
1909 4888 2099 4949 Videte

496 4963 930 5033 magnitudinem
957 4969 1296 5047 tentationis,
1326 4974 1506 5032 videte
1534 4980 1958 5050 magnitudinem
1990 4987 2097 5042 vir-

495 5055 648 5113 tutis.
676 5057 872 5125 Videte
896 5069 954 5125 et
975 5064 1320 5131 considerate
1348 5074 1677 5131 sententiam
1699 5073 1947 5145 Apostoli
1971 5094 2096 5141 esse

494 5149 822 5219 completam
856 5170 870 5208 :
902 5153 1266 5232 Diligentibus
1298 5168 1485 5221 autem
1534 5163 1822 5235 Dominum
1845 5210 1863 5236 ,
1907 5173 2091 5230 omnia

493 5252 863 5336 cooperantur
892 5246 948 5301 in
969 5246 1170 5311 bonum
1204 5250 1382 5325 (Rom.
1414 5255 1559 5327 vin).
1600 5258 1677 5319 Eo
1709 5270 1955 5332 tempore
1979 5280 2093 5336 quo

490 5333 753 5421 perdebat
795 5351 883 5392 res
914 5353 1062 5409 suas,
1112 5356 1224 5421 quo
1253 5341 1394 5410 ﬁlios
1421 5349 1732 5419 amittebat;
1769 5333 2090 5417 ridebant—tur

486 5420 794 5518 quidcmuei
827 5441 949 5518 esse
978 5420 1253 5497 contraria
1280 5449 1400 5507 qua:
1441 5438 1796 5513 accidissent;
1830 5447 1925 5505 sed
1946 5464 2088 5518 quo-

485 5512 630 5573 niam
659 5513 919 5585 diligebat
948 5519 1234 5587 Dominum
1261 5566 1277 5591 ,
1310 5526 1399 5585 illa
1456 5530 1599 5591 mala
1629 5548 1751 5604 quae
1784 5512 1855 5593 ei
1896 5512 2081 5608 infert,

480 5614 844 5673 cooperantur
896 5609 975 5667 illi
1024 5612 1186 5669 bona.
1243 5616 1321 5672 llli
1380 5634 1512 5679 vero
1571 5638 1781 5681 vermes
1836 5631 2082 5699 corpOria

485 5697 857 5764 praeparabant
880 5700 933 5761 ei
953 5701 1078 5761 cmli
1103 5718 1383 5766 coronam.
1415 5714 1723 5787 Antequam
1754 5697 2075 5795 tentaretur,

2206 4616 2324 4684 ﬂuit
2343 4632 2519 4672 cerua
2547 4619 2684 4689 [acie
2714 4620 2872 4692 ignis.
2921 4620 3075 4681 Sicut
3120 4639 3248 4681 cera
3294 4627 3550 4695 solvitur,
3600 4639 3659 4686 et
3702 4647 3803 4689 non

2207 4708 2386 4778 perdit
2414 4722 2662 4772 naturam
2707 4727 2884 4787 suam,
2932 4716 3027 4772 sed
3051 4715 3318 4777 mollescit
3346 4737 3360 4777 :
3393 4722 3475 4783 sic
3501 4733 3559 4779 et
3579 4725 3670 4782 isti
3699 4742 3802 4785 non

2179 4793 2454 4869 pereant,
2506 4803 2603 4860 sed
2644 4806 2919 4875 deponant
2959 4806 3221 4865 malitiam
3266 4826 3446 4881 suam,
3478 4823 3537 4870 et
3565 4816 3647 4873 sic
3673 4833 3801 4881 can-

2204 4903 2483 4959 vertantur
2510 4897 2577 4955 ad
2602 4902 2996 4968 ptenitentiam,
3026 4910 3081 4958 et
3123 4903 3420 4963 solventur.
3467 4907 3562 4964 Sic
3592 4920 3801 4981 pereant

2200 5000 2491 5060 peccatores
2508 5007 2546 5060 ,a
2569 4990 2704 5061 facie
2732 4992 2846 5049 Dei.
2868 4995 3003 5063 Quia
3028 5004 3347 5065 peccatores
3369 5014 3478 5061 non
3504 5011 3638 5061 sunt
3655 5002 3799 5074 digni

2199 5080 2386 5137 videre
2417 5082 2607 5143 Deum.

2270 5172 2337 5233 Et
2353 5175 2487 5248 justi
2509 5174 2801 5248 eputentur.
2825 5178 2927 5248 Qui
2960 5192 3284 5251 permanent
3328 5185 3382 5243 in
3425 5199 3523 5241 sua
3566 5188 3797 5257 iustitia.

2195 5268 2287 5337 qui
2326 5266 2455 5327 vitia
2486 5283 2591 5323 non
2625 5268 2847 5339 habent,
2896 5272 3241 5333 delectentur
3290 5278 3345 5333 in
3398 5278 3655 5338 Domino.
3710 5281 3796 5343 Vel

2197 5362 2397 5421 aliter:
2427 5379 2733 5434 ptem-mos
2752 5365 2943 5437 judicii
2969 5380 3355 5441 persequatur,
3390 5382 3451 5429 ut
3480 5378 3641 5445 quasi
3671 5376 3792 5435 fumi

2198 5454 2432 5513 tenuitas
2472 5458 2754 5527 deficiant,
2804 5470 2859 5521 et
2886 5470 2946 5518 ut
2970 5478 3092 5521 cera
3122 5476 3249 5527 ante
3276 5467 3417 5538 ignis
3445 5467 3641 5529 faciem
3688 5471 3792 5527 dis-

2192 5546 2497 5618 solvantur,
2545 5550 2890 5620 epulantibus
2939 5556 3145 5614 sanctis
3177 5557 3231 5613 in
3259 5557 3577 5625 cmlestibus
3614 5561 3787 5621 bonis.

2191 5635 2467 5699 Exsultant
2489 5641 2545 5695 in
2572 5650 2852 5715 conspectu
2895 5643 3017 5711 Dei,
3044 5657 3094 5703 et
3138 5647 3463 5709 delectentur
3500 5651 3557 5709 in
3587 5650 3786 5713 (milia.

2188 5727 2421 5790 Grandis
2453 5731 2646 5795 ﬁducia
2674 5744 2781 5808 est,
2811 5737 3084 5799 exsultare
3132 5741 3189 5801 in
3215 5750 3529 5818 conspectu
3556 5742 3784 5811 bonum.
