4010 6310
250 247 401 319 sors

1198 246 1626 311 BREVMRIUM
1663 244 1730 311 IN
1767 242 2084 308 PSALMOS
2142 245 2396 311 PSALM.
2438 250 2649 314 LXVII.

3419 259 3560 320 10H

253 358 413 417 Sicut
441 359 787 434 dispensator
814 362 1076 419 creditam
1123 362 1224 421 sibi
1256 377 1287 419 a
1331 362 1562 419 Domino
1608 360 1859 421 substan-
1892 362 1941 425 Α
1969 356 2101 417 Cum
2139 366 2487 437 perlransires
2524 367 2579 426 in
2611 368 2836 427 deserto.
2892 369 3038 433 Deus
3082 384 3188 433 non
3237 371 3568 433 immoratur

248 454 388 521 tiam
428 453 475 509 si
506 456 646 513 male
675 456 997 514 tractaverit
1023 463 1081 511 et
1106 453 1424 531 perdiderit,
1470 454 1625 511 timet
1652 452 1865 513 Domini

255 546 627 617 praesentiam,
664 546 737 605 its
766 556 821 602 et
851 547 945 621 qui
976 545 1117 607 bene
1146 545 1571 618 dispensaverit,
1623 542 1865 605 exsultat

253 637 311 695 in
346 637 564 693 Domini
597 640 912 709 prmsentia.
942 637 1218 696 Exsullent
1259 639 1311 694 in
1341 644 1625 708 conspectu
1665 635 1786 704 Dei,
1816 647 1864 697 et

251 728 575 801 delectentur
612 730 671 784 in
718 729 905 787 ltetitia
937 746 965 789 :.
1007 747 1115 791 non
1162 731 1339 789 solum
1386 730 1458 787 de
1482 730 1739 805 vindicta,
1766 729 1862 793 sed

249 821 421 876 etiam
452 820 520 876 de
552 821 891 878 beatitudine
919 821 1272 891 sempiterna.

329 911 554 970 Cantate
582 911 726 982 Deo,
756 913 1018 987 psalmum
1046 914 1201 975 dicite
1230 915 1423 973 nomini
1450 918 1585 990 ejus.
1619 914 1858 987 Cantate,

251 1006 310 1067 in
345 1006 591 1064 theorica
643 1023 862 1081 semper
905 1007 1177 1079 signiﬁcat
1219 1007 1506 1085 Scriptura
1549 1026 1563 1065 :
1616 1009 1723 1066 hoc
1753 1017 1859 1081 est,

249 1101 611 1172 considerare
642 1104 923 1176 mysteria,
957 1113 1014 1160 et
1055 1118 1279 1161 sensum
1312 1103 1510 1161 divina:
1537 1102 1858 1175 Scripturae.

252 1193 503 1250 Psallere
530 1204 710 1255 autem
750 1197 803 1252 in
827 1197 972 1253 bono
1011 1211 1181 1266 opere
1219 1195 1492 1269 signiﬁcat
1522 1195 1810 1270 Scriptura
1844 1214 1858 1257 :

251 1290 413 1345 verbi
440 1289 640 1360 gratia,
670 1302 729 1347 ut
750 1291 969 1348 auditus
998 1306 1159 1347 suum
1191 1307 1331 1363 opus
1363 1300 1609 1363 pratstet.
1652 1290 1860 1349 Simili-

254 1394 340 1440 ter
365 1397 418 1440 et
449 1399 533 1454 os,
567 1395 623 1443 et
651 1386 824 1453 oculi,
856 1396 913 1442 et
934 1401 1153 1455 manus,
1183 1396 1240 1443 et
1265 1387 1452 1444 omnia
1496 1387 1742 1444 membra
1765 1428 1781 1456 ,
1813 1387 1859 1445 si

249 1477 628 1545 consentiunt,
659 1486 715 1535 et
738 1479 813 1535 ita
852 1479 1161 1551 percutiunt
1209 1479 1525 1550 psalterium
1556 1479 1609 1535 in
1635 1478 1855 1538 virtuti-

253 1571 380 1625 bus.
413 1570 684 1645 Largitori
729 1571 939 1628 laetitia:
969 1573 1321 1643 sempiterna:
1356 1574 1579 1630 canite:
1625 1586 1860 1645 eumque

252 1663 486 1718 vocibus
515 1663 805 1720 honorate.
852 1662 963 1718 Iter
1012 1664 1170 1735 facite
1209 1666 1256 1721 ei
1303 1665 1393 1736 qui
1439 1666 1670 1721 ascendit
1704 1681 1859 1735 super

248 1768 492 1808 occasum
524 1771 543 1810 :
572 1754 831 1810 Dominus
861 1771 1050 1810 nomen
1073 1764 1150 1811 est
1171 1753 1275 1810 illi.
1307 1755 1480 1815 Docet
1500 1764 1557 1811 ut
1584 1769 1858 1827 compres-

247 1846 329 1903 sis
358 1848 568 1918 peccati
602 1848 935 1914 tumoribus,
965 1848 1185 1925 planam
1209 1847 1261 1904 ei
1283 1847 1336 1905 in
1362 1848 1624 1905 cordibus
1651 1848 1857 1909 nostris

245 1939 396 1994 viam
444 1954 541 2009 per
583 1938 854 2010 justitiam
900 1955 1272 2012 prazparemus
1309 1958 1322 1994 :
1365 1940 1458 2014 qui
1484 1956 1653 2012 super
1699 1955 1860 1998 occa-

246 2048 371 2089 sum
405 2033 600 2089 mortis
627 2034 952 2101 ascendens,
979 2034 1157 2089 victor
1178 2033 1444 2091 remeavit
1474 2050 1539 2090 ex
1565 2034 1774 2091 inferis.
1797 2033 1857 2093 Si

248 2146 359 2184 non
389 2128 551 2185 nobis
579 2128 797 2184 occidat
826 2129 910 2184 sol
939 2128 1265 2201 iniquitatis,
1319 2144 1427 2183 non
1476 2136 1661 2200 potest
1701 2126 1857 2185 nobis

248 2222 386 2279 oriri
414 2220 500 2277 sol
521 2223 775 2295 justitize,
809 2224 968 2296 cujus
990 2226 1198 2283 sanitas
1224 2226 1276 2281 in
1309 2224 1465 2283 caelis
1485 2234 1590 2285 est.

326 2313 606 2371 Easultate
630 2316 687 2372 in
725 2326 1004 2387 conspectu
1033 2320 1169 2387 eius.
1199 2317 1257 2372 ln
1284 2317 1404 2391 ejus
1428 2314 1575 2373 enim
1608 2331 1709 2373 nos
1730 2330 1860 2377 con-

248 2409 533 2480 spectibus
564 2411 803 2480 gaudere
835 2420 1077 2481 oportet,
1123 2421 1177 2467 et
1225 2427 1332 2467 non
1363 2412 1419 2467 in
1458 2410 1623 2481 hujus
1670 2409 1857 2469 satculi

246 2501 524 2559 illecebris
572 2502 856 2563 delectari.
898 2503 1275 2559 Turbabuntur
1303 2504 1491 2576 afacie
1538 2505 1651 2576 ejus
1683 2511 1857 2577 patres

245 2595 628 2665 orphanorum,
658 2606 704 2651 et
732 2595 942 2671 judices
965 2596 1265 2655 viduarum.
1291 2596 1371 2653 Illi
1394 2596 1484 2668 qui
1517 2609 1578 2652 se
1603 2609 1748 2650 nunc
1774 2602 1856 2652 tu-

249 2699 398 2745 tores
427 2700 481 2747 et
505 2689 718 2762 judices
770 2692 982 2759 dicunt,
1019 2701 1075 2748 et
1102 2691 1201 2746 hac
1235 2692 1529 2749 occasione
1577 2691 1856 2761 decipiunt

246 2795 340 2834 res
367 2779 1080 2851 inopum;coulundentur,
1128 2796 1255 2838 cum
1300 2781 1580 2853 respicere
1620 2783 1855 2857 coeperit

244 2871 580 2930 Altissimus.

325 2963 467 3019 Deus
492 2965 548 3020 in
571 2965 685 3021 loco
728 2975 909 3022 sancto
953 2983 1069 3023 suo.
1101 2966 1161 3023 ln
1191 2966 1370 3025 anima
1401 2965 1572 3024 lideli.
1623 2967 1855 3043 Semper

252 3057 395 3113 Deus
428 3058 480 3113 in
514 3058 719 3115 sanctis
766 3060 882 3116 suis
936 3058 1168 3116 habitat.
1222 3058 1564 3133 Ubicumque
1592 3064 1852 3121 sanctitas

1969 451 2023 515 in
2051 452 2299 525 deserto,
2332 458 2428 517 sed
2458 463 2787 535 pertransit.
2822 460 2989 521 Terra
3032 473 3173 523 mota
3210 475 3320 539 est,
3371 466 3566 525 etenim

1964 543 2082 623 ρωιί
2129 547 2513 608 distillat'erunt
2556 570 2590 613 a
2637 556 2774 626 [acie
2816 554 2919 613 Dei
2963 558 3155 633 .‘inai,
3203 575 3238 617 α
3283 559 3423 631 [acie
3467 557 3570 616 Dei

1966 634 2158 697 Israel.
2191 640 2319 699 (λιειί
2349 643 2762 719 distillaverunt,
2796 648 2901 706 hoc
2930 661 3038 719 est,
3082 664 3285 707 manna
3334 650 3563 723 (ΕΜ.

1964 728 2099 801 xvr).
2150 730 2304 790 Sinai
2352 734 2752 811 interpretatur
2786 741 3026 799 tentatio.
3056 742 3199 816 Ergo
3230 744 3371 803 Deus
3399 743 3455 801 in
3482 744 3566 803 eis

1965 820 2195 894 habitat,
2228 824 2320 895 qui
2372 836 2657 886 tentantur
2702 838 2759 887 et
2802 843 3089 907 superant.
3141 832 3201 893 lu
3250 834 3338 893 eis
3374 843 3560 895 autem

1963 915 2056 986 qui
2103 914 2157 970 in
2203 913 2416 975 deliciis
2442 928 2592 989 sunt,
2622 937 2729 978 non
2762 921 3054 985 inhabitat.
3096 921 3308 983 Etenim
3335 925 3453 983 ctuti
3476 925 3562 983 die

1963 1004 2295 1067 stillaverunt
2342 1026 2376 1067 a
2419 1013 2557 1084 facie
2603 1012 2700 1072 Dei
2748 1015 2924 1085 Sinai,
2974 1034 3008 1073 o
3035 1018 3172 1090 facie
3221 1018 3321 1077 Dei
3367 1019 3559 1081 Israel.

1968 1097 2140 1159 Unum
2172 1100 2299 1159 novi
2338 1104 2653 1176 veterisque
2681 1106 3018 1167 Testamenti
3059 1108 3149 1166 hie
3176 1109 3431 1184 designat
3459 1130 3557 1170 au-

1961 1201 2192 1246 ctorem.
2240 1192 2376 1253 Nam
2420 1196 2511 1271 qui
2555 1211 2743 1255 coram
2796 1199 3100 1263 Israelitico
3149 1206 3435 1279 populoin
3473 1206 3564 1263 de-

1961 1295 2110 1341 serto
2139 1291 2447 1358 praecessit,
2478 1290 2598 1363 ipse
2626 1289 2681 1347 in
2713 1290 3023 1369 Evangeliis
3061 1295 3283 1355 deserta
3313 1303 3560 1371 gentium

1959 1375 2222 1435 visitavit.
2254 1378 2323 1434 Et
2353 1395 2453 1454 per
2480 1397 2642 1452 quem
2671 1393 2801 1443 tunc
2826 1385 2881 1445 in
2911 1386 3040 1445 Sina
3067 1388 3194 1446 huic
3220 1395 3563 1459 generationi

1960 1484 2159 1527 manna
2185 1470 2453 1533 deﬂuxit:
2484 1472 2603 1556 ipse
2632 1474 2961 1537 Christiana:
2985 1483 3136 1551 genti
3166 1484 3413 1555 corporis
3437 1500 3565 1543 san.

1958 1565 2250 1639 guinisque
2282 1568 2368 1625 sui
2396 1584 2603 1627 manna
2626 1570 2681 1627 in
2715 1571 2969 1630 Ecclesia
3003 1575 3407 1637 subminiStrat.

2030 1656 2279 1715 Pluviam
2326 1662 2683 1720 uoluntariam
2725 1666 3049 1741 segregabis,
3081 1668 3241 1739 Deus,
3273 1670 3566 1729 haereditati

1890 1758 1933 1819 Β
1964 1760 2085 1806 tute.
2134 1750 2592 1815 Prtedicationem
2636 1766 2921 1824 sanctam,
2972 1774 3095 1831 qua:
3142 1774 3242 1830 per
3285 1762 3563 1833 apostolos

1960 1843 2016 1899 in
2058 1845 2226 1903 corda
2272 1844 2555 1905 hominum
2608 1848 2816 1921 proﬂua
2877 1850 3197 1927 irrigatioue
3246 1853 3557 1913 descendit.

1961 1935 2059 1993 Vel
2085 1937 2156 1994 de
2186 1937 2306 2015 lege
2335 1939 2488 2004 dicit,
2534 1957 2657 2015 qua:
2684 1941 2812 1998 data
2838 1954 2922 2001 est
2951 1959 3049 2017 per
3069 1944 3319 2021 Moysen.
3352 1945 3561 2005 Etenim

1959 2029 2227 2100 inﬁrmata
2270 2042 2366 2088 est.
2403 2031 2502 2090 Vel
2548 2048 2671 2093 cum
2703 2034 2910 2095 Paulus
2934 2035 3205 2108 judicium
3258 2041 3455 2099 mortis
3499 2041 3556 2104 in

1961 2138 2023 2181 se
2075 2124 2265 2181 habuit
2291 2143 2306 2182 :
2332 2127 2416 2185 vel
2446 2144 2569 2186 cum
2597 2130 2794 2191 Petrus
2827 2131 3117 2191 Dominum
3162 2143 3248 2193 ter
3297 2137 3556 2213 negavit:

1958 2218 2078 2279 sive
2129 2233 2252 2275 cum
2294 2220 2493 2294 reliqui
2519 2224 2752 2297 apostoli
2778 2266 2794 2291 ,
2849 2226 3045 2285 relicto
3071 2227 3127 2283 in
3158 2231 3415 2307 passione
3454 2232 3559 2291 Do-

1960 2310 2133 2378 mino,
2169 2310 2427 2386 fugerunt
2454 2315 2674 2389 (Matth.
2710 2317 2789 2390 v).
2820 2317 3102 2393 Inﬁrmata
3131 2330 3229 2389 est,
3259 2321 3385 2383 lex:
3416 2339 3557 2395 quoe

1962 2405 2106 2465 niam
2156 2422 2320 2465 nemo
2364 2408 2546 2483 potuit
2576 2410 2804 2482 implere
2848 2427 2993 2481 eam,
3033 2414 3139 2469 nisi
3178 2413 3440 2473 Dominus
3466 2417 3558 2495 qui

1958 2497 2138 2554 dixit:
2167 2498 2285 2555 Non
2315 2500 2442 2559 veni
2485 2500 2703 2561 solvere
2734 2502 2943 2579 legem,
2992 2503 3090 2561 sed
3129 2504 3452 2580 adimplere.
3489 2506 3559 2566 Et

1959 2592 2258 2651 secundum
2291 2595 2613 2669 Apostolum
2655 2613 2668 2651 :
2712 2596 3220 2669 lmpossibilitatem
3249 2601 3394 2661 enim
3423 2603 3560 2674 legis

1960 2684 2013 2741 in
2057 2700 2166 2756 quo
2213 2685 2612 2756 inﬁrmabatur,
2645 2687 2788 2745 Deus
2816 2687 3016 2747 Filium
3065 2705 3225 2751 suum
3274 2693 3443 2763 misit,
3478 2697 3558 2751 la-

1956 2789 2104 2839 etum
2132 2796 2197 2837 ex
2227 2781 2488 2851 muliere,
2533 2781 2736 2841 factum
2769 2783 2872 2839 sub
2899 2784 3021 2858 lege
3053 2802 3069 2843 :
3105 2794 3164 2843 ut
3193 2800 3291 2844 eos
3330 2788 3422 2863 qui
3458 2790 3561 2847 sub

1956 2873 2076 2944 lege
2114 2883 2308 2942 eraut,
2352 2874 2645 2941 redimeret
2692 2875 2910 2947 (Colat.
2951 2894 3003 2934 ιν
3025 2879 3063 2953 ).
3116 2879 3198 2936 Tu
3235 2898 3351 2938 vero
3380 2887 3556 2958 perfe-

1956 2964 2073 3021 cisti
2097 2980 2250 3020 eam:
2277 2965 2529 3021 animalia
2556 2975 2644 3020 tua
2671 2966 2983 3024 habitabant
3007 2970 3061 3023 in
3093 2986 3171 3027 ea.
3200 2971 3555 3033 Resurrectio

1956 3056 2103 3113 enim
2144 3068 2232 3111 tua
2274 3057 2424 3129 quod
2468 3057 2741 3115 titubabat
2767 3069 3046 3129 avertens.
3075 3062 3150 3118 ita
3184 3062 3324 3120 hanc
3352 3066 3553 3137 praedi-

248 3157 359 3217 cst,
391 3149 462 3205 ibi
492 3149 865 3209 habitaculum
913 3151 1010 3209 Dei
1042 3160 1149 3209 est.
1177 3149 1319 3208 Deus
1340 3153 1430 3224 qui
1457 3152 1746 3208 inhabitare
1765 3157 1850 3225 [a-
1875 3140 1921 3203 C
1953 3150 2223 3209 cationem
2255 3149 2321 3207 ad
2350 3148 2653 3221 perlectum
2678 3150 2835 3206 duxit
2866 3167 2882 3207 :
2929 3160 2989 3207 ut
3014 3151 3070 3211 in
3102 3168 3163 3211 ea
3210 3163 3402 3227 gentes
3429 3173 3551 3229 quas

249 3244 322 3298 cit
344 3243 500 3299 unius
541 3246 699 3300 moris
726 3246 781 3301 in
806 3246 982 3303 domo.
1009 3246 1065 3303 In
1092 3246 1367 3313 Ecclesia,
1395 3247 1451 3307 in
1481 3263 1585 3318 qua
1615 3247 1851 3313 lideliter

249 3337 685 3395 consistentibus
713 3339 962 3410 spiritum
996 3338 1279 3397 charitatis
1307 3340 1664 3413 inlundit.qui
1691 3341 1850 3401 unius

250 3430 424 3486 moris
447 3441 604 3503 sunt,
637 3442 694 3489 et
725 3449 832 3491 non
867 3445 1167 3493 mutantur.
1210 3434 1491 3507 Siquidem
1525 3436 1703 3507 justus
1739 3451 1848 3499 non

252 3531 526 3579 mutatur:
556 3528 682 3597 quia
709 3528 880 3585 semel
903 3527 1172 3600 judicavit
1193 3530 1242 3584 in
1262 3528 1478 3601 justitia
1509 3546 1847 3601 permanere.

252 3616 519 3672 PeCCator
547 3628 730 3674 autem
765 3631 1024 3690 mutatur.
1071 3620 1340 3693 [nsipiens
1369 3622 1515 3681 enim
1547 3624 1695 3679 sicut
1723 3623 1849 3681 luna

251 3719 493 3766 mutatur
542 3711 748 3784 (Eccli.
804 3716 1009 3786 xxvii).
1049 3715 1106 3771 lu
1148 3716 1382 3775 Hebraeo
1413 3723 1594 3775 autem
1635 3717 1796 3779 habet
1829 3733 1846 3773 :

253 3804 510 3861 Dominus
539 3805 828 3865 inhabitare
858 3809 987 3882 facit
1014 3810 1295 3865 monachos
1319 3812 1373 3864 in
1405 3811 1558 3867 domo
1588 3826 1606 3864 :
1636 3809 1687 3866 id
1712 3818 1799 3867 est
1824 3852 1846 3878 ,

251 3902 305 3957 in
337 3902 532 3973 quibus
556 3918 662 3959 non
686 3903 963 3963 cobabitat
994 3912 1299 3977 peccatum.

327 3994 432 4060 Qui
457 3996 629 4051 educit
649 3997 841 4052 uinctos
868 3997 923 4050 in
952 3997 1273 4068 fortitudine.
1303 3997 1422 4067 Ipse
1447 3999 1592 4057 Deus
1614 4012 1715 4055 sua
1740 3998 1849 4055 vir-

253 4097 369 4145 tute
393 4086 574 4142 educit
595 4102 713 4155 eos,
742 4089 834 4158 qui
866 4088 1013 4159 ligati
1038 4100 1163 4144 sunt
1193 4103 1224 4145 a
1249 4089 1467 4147 diabolo
1494 4091 1547 4149 in
1571 4088 1845 4162 peccatis:

251 4184 397 4238 sicut
430 4182 523 4235 illa
550 4180 749 4234 mulier
774 4182 825 4235 in
849 4180 1151 4255 Evangelio
1175 4198 1188 4236 :
1216 4198 1337 4253 qua:
1361 4183 1523 4254 ligata
1553 4184 1729 4241 fuerat
1753 4183 1850 4240 de-

249 4290 372 4332 cem
404 4281 461 4329 et
487 4282 613 4328 octo
635 4273 792 4329 annis
809 4288 839 4328 a
862 4273 1086 4330 diabolo
1115 4273 1269 4348 (an.
1295 4275 1440 4347 χιιι).
1489 4276 1745 4333 Similiter
1762 4293 1849 4333 eos

250 4369 342 4443 qui
363 4375 695 4440 exasperant,
721 4366 812 4438 qui
839 4366 1071 4421 habitant
1096 4367 1151 4422 in
1168 4367 1436 4438 sepulcris.
1466 4369 1605 4423 Deus
1653 4378 1847 4426 natura

253 4463 430 4521 dulcis
461 4468 562 4519 est.
596 4460 701 4530 Qui
736 4469 918 4517 autem
956 4460 1021 4515 ad
1060 4460 1477 4519 amaritudinem
1509 4477 1630 4519 eum
1676 4461 1846 4517 addu-

1954 3244 2103 3317 prius
2143 3250 2419 3314 tamquam
2459 3242 2854 3300 irrationabilia
2890 3243 3233 3303 habebantur
3270 3247 3550 3319 animalia,

1951 3342 2447 3395 commorerentur.
2477 3333 2736 3388 Animalia
2772 3342 2863 3388 tua
2892 3334 3200 3391 habitabant
3229 3337 3282 3393 in
3314 3354 3373 3393 ea
3401 3354 3419 3392 :
3443 3340 3551 3397 hoc

1953 3437 2053 3496 est,
2104 3428 2156 3485 in
2206 3426 2554 3487 haereditate.
2596 3427 2866 3483 Animalia
2912 3437 3092 3484 autem
3143 3428 3281 3487 dixit
3309 3445 3426 3497 eos,
3454 3432 3548 3502 qui

1954 3525 2006 3579 in
2034 3523 2146 3580 Deo
2173 3522 2387 3582 vivunt;
2412 3521 2517 3581 hoc
2554 3531 2658 3591 est,
2688 3532 2930 3578 sanctos.
2963 3521 3060 3579 Vel
3087 3522 3280 3579 aliter:
3301 3522 3546 3581 Pluviam

1952 3616 2301 3671 voluntariam
2351 3615 2662 3689 segregabis.
2717 3614 2962 3675 Pluviam
3015 3616 3397 3687 uoluntariam,
3455 3628 3550 3679 aut

1950 3720 2251 3783 prmcepta,
2280 3718 2372 3765 aut
2422 3724 2621 3765 manna
2659 3708 2925 3769 debemus
2965 3709 3242 3784 accipere.
3295 3710 3362 3767 Et
3400 3712 3550 3781 infir-

1951 3813 2092 3859 mata
2119 3814 2193 3859 est
2222 3820 2239 3860 :
2270 3814 2325 3859 tu
2351 3820 2469 3859 vero
2495 3804 2758 3877 perfecisti
2787 3820 2919 3860 eam.
2950 3804 3065 3861 Lex
3091 3821 3213 3875 qua:
3240 3819 3344 3879 per
3372 3815 3547 3865 trans-

1948 3896 2282 3968 gressionem
2330 3894 2643 3955 Judtcorum
2689 3895 2869 3952 fuerat
2914 3896 3213 3963 inﬁrmata.
3263 3897 3545 3970 Evangelii

1947 3990 2119 4063 gratia
2149 3990 2403 4047 veniente
2425 3991 2692 4063 completa
2719 4001 2820 4049 est.

2021 4080 2311 4138 Parastiin
2343 4082 2619 4139 dulcedine
2654 4093 2748 4143 tua
2795 4085 3035 4157 pauperi,
3083 4085 3239 4149 Deus.
3286 4084 3546 4149 Dominus

1948 4177 2087 4232 dabit
2114 4176 2321 4233 uerbum
2357 4177 2831 4252 evangelisantibus
2873 4180 3059 4235 virtute
3098 4181 3288 4240 multo.
3323 4179 3383 4237 In
3434 4182 3544 4239 lle-

1948 4267 2096 4325 braco
2124 4268 2287 4327 habet
2319 4287 2333 4324 :
2366 4268 2496 4339 Qua:
2521 4270 2945 4342 euangelizantur
2968 4286 2988 4327 :
3027 4271 3134 4329 hoc
3163 4282 3271 4343 est,
3301 4275 3553 4333 mulieri-

1950 4361 2051 4416 bus
2097 4376 2219 4432 quae
2269 4362 2715 4433 evangeliubaut
2761 4364 3030 4439 apostolis
3077 4381 3091 4420 :
3146 4366 3237 4424 ubi
3284 4366 3485 4425 dicitur
3531 4384 3548 4429 :

1953 4453 2157 4511 Euntes
2177 4453 2342 4513 dicite
2363 4455 2621 4513 fratribus
2645 4458 2807 4527 meis,
2825 4469 2880 4516 et
2901 4469 3101 4517 cetera
3119 4461 3301 4534 (Matt.
3330 4460 3547 4539 sxvnt).

252 4565 404 4622 cum,
436 4524 755 4627 peccatvores
775 4563 922 4622 sum,
950 4562 1007 4611 θι
1030 4552 1234 4613 faciunt
1255 4554 1358 4608 sibi
1390 4568 1630 4609 amarum
1654 4553 1845 4609 Deum,
1878 4524 1930 4584 Ι)
1957 4544 2065 4597 Aut
2093 4543 2303 4599 animas
2352 4546 2641 4616 signiﬁcat,
2681 4564 2802 4620 qua:
2832 4524 3184 4609 crediderunt
3227 4553 3281 4607 ίιι
3306 4524 3550 4613 ϐιιιὶειίι.

254 4651 374 4708 Non
406 4658 651 4707 naturam
682 4663 836 4704 suam
873 4655 1105 4713 mutant.
1136 4645 1233 4703 sed
1266 4646 1368 4725 ipsi
1401 4644 1506 4702 sibi
1536 4654 1850 4716 peccatores

255 4742 463 4799 faciunt
480 4755 725 4797 amarum
760 4739 955 4797 Deum.
984 4740 1087 4806 Qui
1112 4738 1353 4795 habitant
1375 4739 1428 4797 in
1456 4738 1730 4811 sepulcris.
1764 4737 1855 4799 Al-

258 4835 480 4906 ligatum
504 4832 644 4888 intra
666 4831 885 4889 domum
911 4845 1065 4887 suam
1092 4830 1311 4898 fortem,
1335 4830 1388 4886 id
1416 4838 1523 4897 est,
1545 4828 1849 4899 diabolum,

256 4927 347 4995 qui
380 4925 618 4997 peccatis
648 4923 814 4980 vineti
845 4924 1170 4981 tenebantur
1189 4964 1204 4988 ,
1236 4922 1491 4987 absolvit,
1524 4933 1577 4978 et
1606 4921 1731 4979 illos
1761 4921 1851 4995 qui

258 5019 418 5075 idolis
446 5017 636 5084 dediti,
670 5017 836 5073 Deum
868 5017 1249 5083 irritaverant,
1288 5025 1344 5073 et
1372 5024 1646 5089 tamquam
1678 5014 1733 5071 in
1764 5029 1853 5075 se-

256 5112 458 5185 pulcris
500 5110 757 5184 jacebant
799 5112 1040 5179 mortui,
1092 5110 1384 5167 liberavit:
1428 5109 1569 5165 sicut
1612 5107 1745 5165 illud
1796 5107 1851 5167 in

259 5204 559 5275 Evangelio
582 5202 706 5259 :Vae
734 5202 909 5274 vobis,
936 5201 1148 5259 Scriba:
1182 5211 1238 5259 et
1260 5201 1519 5258 Pharismi
1550 5218 1563 5255 :
1594 5201 1851 5279 quoniam

258 5299 470 5356 similes
489 5297 623 5353 estis
650 5296 921 5368 sepulcris
947 5297 1250 5368 dealbatis(
1278 5296 1465 5353 Matth.
1498 5311 1629 5353 astu
1654 5294 1695 5368 ).
1728 5296 1851 5353 Sic-

260 5403 316 5448 ut
353 5398 611 5457 sanctus,
659 5391 919 5465 templum
958 5390 1055 5446 Dei
1091 5399 1219 5459 est,
1268 5390 1349 5446 sic
1398 5389 1707 5462 sepulcrum
1747 5388 1850 5449 sibi

259 5485 496 5543 ellicitur
522 5491 797 5553 peccator.

332 5574 476 5627 Deus
505 5590 623 5627 cum
651 5574 966 5646 egredereris
993 5574 1049 5627 in
1076 5580 1353 5645 conspectu
1382 5573 1562 5645 populi
1604 5573 1702 5627 ttti.
1744 5571 1857 5626 lloc

259 5663 563 5725 secundum
593 5663 896 5734 historiam,
940 5663 1161 5736 quando
1188 5663 1332 5721 Deus
1367 5663 1725 5719 antecedebat
1762 5676 1858 5734 po-

261 5760 452 5834 pulum
488 5768 644 5809 suum
685 5758 1055 5827 egredientem
1084 5754 1153 5811 de
1193 5753 1431 5827 Atigypto
1477 5753 1675 5825 (Exod.
1718 5756 1855 5823 xw).

1954 4633 2264 4695 Secundum
2279 4635 2639 4708 Septuaginta
2659 4651 2840 4697 autem
2865 4642 3216 4714 interpretes,
3235 4644 3304 4702 ad
3326 4658 3550 4717 aposto-

1957 4724 2042 4780 los
2066 4724 2309 4783 dicitur:
2338 4727 2464 4799 quia
2498 4729 2758 4786 Dominus
2800 4732 2953 4790 dedit
2988 4735 3070 4790 eis
3104 4736 3362 4795 virtutem
3413 4753 3556 4808 pra:-

1957 4817 2175 4873 dicandi
2226 4817 2603 4892 Evangelium.
2674 4820 2800 4877 Haec
2850 4822 3083 4878 dulcedo
3133 4825 3373 4896 pluviae,
3430 4841 3555 4899 quas

1958 4911 2135 4967 mellis
2163 4925 2229 4966 ac
2259 4911 2365 4967 lavi
2386 4926 2637 4982 saporem
2671 4913 2860 4985 vincit,
2892 4914 2945 4971 in
2971 4917 3324 4986 pauperibus,
3358 4916 3409 4974 id
3440 4928 3551 4991 est,

1956 5006 2009 5060 in
2042 5005 2245 5061 sanctis
2271 5004 2368 5059 Dei
2395 5003 2640 5074 deﬂuxit,
2671 5022 2795 5078 quae
2816 5007 2887 5063 ab
2912 5022 3011 5065 ore
3041 5008 3439 5080 apostolorum,
3465 5011 3556 5080 itt-

1959 5097 2121 5154 bcnte
2149 5097 2286 5164 Deo,
2315 5113 2439 5155 cum
2463 5098 2634 5154 multa
2665 5099 2869 5158 virtute
2902 5100 3191 5172 processit.

2034 5190 2146 5245 Rea:
2175 5191 2424 5245 uirtutum
2451 5190 2645 5260 dilecti,
2678 5191 2876 5248 dilecti.
2915 5191 3157 5253 Virtutes
3186 5192 3372 5252 dilecti
3415 5195 3507 5251 Dei
3537 5212 3551 5249 :

1960 5283 2012 5339 id
2054 5295 2159 5352 est,
2192 5283 2418 5353 Christi,
2452 5286 2690 5357 apostoli
2723 5295 2873 5343 sunt.
2905 5287 3165 5344 Dominus
3196 5303 3328 5360 ergo
3351 5287 3443 5360 qui
3472 5296 3557 5344 est

1962 5392 2057 5433 rex
2089 5378 2349 5434 virtutum
2381 5377 2601 5446 dilecti,
2647 5378 2797 5435 dabit
2837 5380 3344 5453 cvangelizautibus
3383 5384 3557 5438 virtu-

1961 5479 2075 5528 tem
2129 5471 2352 5535 multam
2390 5472 2445 5526 in
2484 5472 2879 5545 praedicando:
2923 5483 2982 5533 nt
3026 5475 3291 5533 Ecclesiae
3330 5474 3559 5533 devictis

1966 5562 2234 5625 hostibus,
2286 5562 2509 5631 Judteis,
2542 5567 2658 5621 sive
2688 5565 3055 5636 daemonibus,
3095 5568 3274 5638 spolia
3318 5569 3562 5639 partian-

1966 5664 2073 5711 tur.
2106 5654 2456 5712 Pulchritudo
2485 5658 2703 5729 domus,
2733 5659 2977 5717 Ecclesia
3012 5669 3098 5716 est
3128 5678 3143 5717 :
3185 5661 3348 5735 cujus
3387 5660 3562 5717 divisa

1971 5749 2283 5807 referuntur
2315 5751 2489 5822 spolia
2524 5770 2538 5808 :
2591 5752 2643 5808 id
2666 5765 2770 5822 est,
2806 5768 2926 5812 cum
2966 5755 3253 5812 credentes
3289 5755 3448 5819 divisi
3478 5753 3549 5820 ab
