4010 6330
523 256 662 314 1015

1321 251 1664 313 APPENDIX
1707 253 1798 310 AD
1836 249 2079 312 'I'OMUM
2117 251 2468 313 SLPTIMUM
2507 250 2568 316 S.
2611 253 3016 313 IIIERONYMI.

3685 253 3835 314 1016

517 377 700 446 idolis,
725 377 974 436 diversos
1015 373 1443 433 ministeriorum
1483 373 1683 445 gradus
1717 373 1771 429 in
1817 388 1880 430 ea
1924 372 2114 428 sortiti
2142 398 2193 457 Α
2221 372 2372 442 dedi,
2407 387 2512 429 non
2544 386 2725 428 escam
2761 370 2805 446 (l
2833 370 2954 428 Cor.
3004 369 3110 445 ιιι).
3143 370 3239 427 Vel
3281 385 3439 427 mons
3475 371 3566 443 qui
3605 369 3660 427 in
3691 369 3835 428 Eze—

517 479 646 528 sunt
685 489 698 526 :
742 471 1109 528 distribuente
1151 469 1270 539 ipso
1315 467 1513 522 dilecto
1565 465 1766 533 Patris,
1807 475 1864 522 et
1909 480 2112 537 coope~

523 575 680 620 rante
723 563 1026 619 Paracleto.
1075 560 1186 616 Rea.
1216 561 1462 614 virtutum
1500 559 1696 614 dilecti.
1745 558 1858 614 Rea:
1907 557 2068 614 Pater
2096 573 2116 613 :

519 659 810 712 virtutum:
841 657 943 712 hoc
990 662 1096 722 est,
1143 661 1480 709 sanctorum.
1532 652 1743 718 Dilecli,
1783 650 1924 706 Filii.
1975 651 2116 707 Ecce

525 749 695 804 Filius
721 763 874 804 meus
904 746 1159 811 dilectus,
1190 747 1367 817 ipsum
1399 745 1586 802 audite
1617 745 1800 818 (Matt.
1830 747 1986 815 xvn).
2020 743 2117 798 Di-

517 841 656 896 lecti.
695 840 751 896 Si
803 841 926 912 quis
957 840 1200 912 aliquem
1251 839 1450 910 diligit,
1501 853 1719 910 semper
1766 838 1818 893 in
1863 853 1960 894 ore
1989 852 2112 893 eum

519 933 705 989 habet.
742 933 884 1005 Ergo
920 933 1158 1004 Spiritus
1185 941 1404 989 sanctus
1437 940 1659 1004 propter
1685 945 1926 988 amorem
1954 946 2114 1000 quem

520 1025 688 1082 habet
719 1027 770 1082 in
801 1025 1018 1094 Filium,
1046 1025 1361 1098 frequenter
1388 1026 1503 1097 ejus
1534 1024 1803 1081 meminit.
1836 1022 1903 1077 Et
1930 1024 2117 1096 speciei

521 1118 706 1173 domus
744 1119 974 1173 dividere
1005 1118 1191 1189 spolia.
1229 1117 1334 1190 Ipsi
1372 1118 1604 1189 apostoli
1633 1115 1882 1172 dividunt
1921 1116 1974 1171 in
2016 1116 2117 1171 Ec-

518 1211 698 1266 clesiis
725 1213 924 1282 Spolia,
959 1226 1080 1283 qua:
1110 1223 1444 1283 acceperunt
1474 1211 1542 1268 de
1570 1211 1750 1267 idolis.

575 1305 636 1361 Si
654 1305 925 1359 dormiatis
945 1307 1078 1360 inter
1095 1306 1287 1360 medios
1310 1306 1494 1374 cleros,
1515 1321 1699 1379 penna:
1710 1303 1960 1360 columba:
1975 1305 2117 1359 dear-

516 1407 738 1470 gentata:
776 1408 822 1452 et
849 1399 1133 1469 posteriora
1178 1398 1322 1452 dorsi
1355 1402 1469 1470 ejus
1499 1398 1550 1452 in
1580 1399 1778 1468 pallore
1819 1399 1950 1453 auri.
1978 1396 2113 1453 Cum

515 1490 728 1545 duobus
760 1488 1066 1545 credideris
1099 1489 1488 1555 Testamentis,
1521 1491 1764 1546 invenies
1797 1491 1848 1545 in
1885 1501 2115 1561 utroque

515 1580 776 1652 Spiritum
796 1593 1062 1637 sanctum.
1093 1581 1157 1636 Et
1175 1581 1299 1636 licet
1317 1582 1388 1638 sit
1411 1581 1760 1652 pulchritudo
1778 1582 1941 1636 etiam
1961 1581 2112 1652 juxta

516 1674 776 1742 litteram,
811 1674 950 1729 scire
981 1690 1103 1745 qua:
1128 1674 1280 1745 legas
1314 1692 1324 1728 :
1363 1685 1543 1730 tamen
1580 1674 1663 1728 vis
1691 1672 1908 1728 decoris
1937 1673 2116 1728 omnis

2225 467 2398 524 ehiele
2428 467 2682 522 vulnerat
2711 468 3008 538 principem
3038 466 3166 540 Tyri
3198 463 3415 539 (Ezecli.
3456 471 3635 536 xm).
3676 466 3835 523 Mon-

2223 571 2331 618 tem
2370 573 2556 618 autem
2596 562 2729 618 dicit
2767 564 2941 636 ipsum
2988 561 3296 618 Dominum.
3341 561 3540 634 thuid
3586 563 3830 634 suspica-

2222 654 2351 709 mini
2393 664 2588 710 montes
2636 657 2948 728 coagulatos.
3004 656 3116 711 lloc
3147 655 3214 710 ad
3263 653 3482 710 Judzeos
3529 655 3688 721 dicit,
3734 656 3829 726 qui

2223 749 2538 805 existimant
2583 749 2807 822 Moysen
2849 759 2902 806 et
2946 749 3239 822 prophetas
3285 749 3490 803 similes
3535 763 3661 803 esse
3711 746 3831 804 Sal-

2223 844 2418 898 vatori.

2293 934 2448 990 Mons
2475 937 2526 991 in
2554 952 2653 1008 quo
2693 937 3004 1008 complacuit
3037 935 3142 991 Deo
3183 935 3414 990 habitare
3455 936 3505 988 in
3555 949 3658 988 eo:
3689 932 3830 989 Sen-

2221 1044 2316 1087 sus
2364 1029 2466 1085 iste
2507 1040 2632 1085 est:
2682 1028 2800 1086 Non
2848 1029 3058 1085 debetis
3107 1030 3427 1085 existimare
3474 1027 3661 1099 plures
3700 1042 3828 1083 esse

2223 1122 2520 1188 Ecclesias,
2559 1138 2682 1193 qua:
2716 1122 2952 1178 habeant
2989 1121 3154 1179 ubera
3185 1121 3584 1187 doctrinarum,
3615 1131 3670 1175 et
3700 1134 3833 1190 pos-

2221 1215 2331 1270 sint
2369 1213 2658 1269 credentes
2701 1214 2946 1269 scientize
2989 1215 3128 1268 lacte
3169 1214 3400 1268 nutrire.
3432 1211 3553 1268 Una
3595 1222 3680 1266 est
3725 1212 3829 1266 Ec-

2224 1309 2408 1376 clesia,
2443 1317 2498 1364 et
2546 1325 2685 1363 unus
2718 1308 2970 1364 Christus
3001 1323 3234 1376 sponsus
3264 1306 3546 1362 Ecclesiae.
3578 1304 3638 1360 In
3673 1306 3828 1360 nullo

2221 1401 2366 1457 enim
2405 1401 2513 1457 alio
2545 1401 2871 1456 inhabitabit
2907 1401 3109 1472 jugiter
3139 1401 3378 1472 Spiritus
3423 1410 3666 1468 sanctus,
3718 1401 3823 1455 nisi

2223 1493 2277 1548 in
2311 1493 2620 1562 Salvatore,
2653 1493 2864 1551 Joanne
2891 1494 3152 1551 dicente:
3185 1495 3240 1549 In
3272 1509 3434 1566 quem
3461 1493 3667 1550 videris
3697 1493 3826 1564 Spi-

2235 1589 2396 1644 ritum
2425 1588 2875 1654 descendentem.
2911 1599 2964 1644 et
2989 1599 3300 1646 manentem
3333 1591 3385 1644 in
3413 1604 3480 1644 eo
3512 1588 3694 1661 (Joan.
3731 1590 3770 1660 ι)
3805 1607 3818 1654 ;

2224 1684 2339 1753 ipse
2372 1692 2457 1738 est
2479 1683 2571 1754 qui
2602 1685 2816 1739 excisus
2846 1683 2966 1738 sine
2996 1683 3268 1750 manibus,
3299 1681 3545 1753 implevit
3568 1683 3820 1738 latitudi-

521 1768 575 1822 in
608 1783 770 1824 sensu
811 1777 914 1824 εει.
949 1768 1203 1822 Exterior
1244 1769 1423 1838 itaque
1472 1768 1763 1824 verborum
1805 1778 2031 1823 ornatus
2061 1768 2114 1822 in

2225 1791 2346 1832 nem
2375 1777 2553 1832 omnis
2585 1787 2747 1832 teme
2778 1795 2790 1830 :
2825 1776 2876 1831 id
2908 1787 3013 1844 est,
3068 1777 3406 1832 Dominicum
3443 1771 3473 1813 δ
3513 1775 3817 1832 hominem.

518 1863 730 1932 argenti
789 1862 1014 1916 nomine
1079 1861 1490 1916 demonstratur
1545 1878 1560 1915 :
1619 1860 1922 1917 occultiora
1987 1877 2116 1917 vero

515 1955 778 2028 mysteria
809 1955 864 2010 in
896 1955 1198 2011 reconditis
1225 1955 1341 2010 auri
1393 1954 1714 2013 muneribus
1740 1954 2112 2010 continentur.

517 2051 580 2106 Si
609 2050 878 2106 dormiatis
912 2050 1044 2104 inter
1066 2049 1260 2103 medios
1283 2049 1448 2104 cleros
1479 2065 1496 2102 :
1526 2048 1629 2105 hoc
1655 2057 1758 2118 est,
1794 2047 1838 2104 si
1868 2049 2120 2119 quiesca-

517 2151 586 2205 tis
617 2151 760 2205 inter
794 2163 990 2204 novum
1023 2157 1077 2204 et
1118 2157 1270 2204 vetus
1318 2147 1728 2203 Tesmmentum
1759 2162 1775 2201 :
1827 2143 2116 2200 invenietis

515 2246 571 2301 in
627 2244 840 2299 duobus
894 2241 1261 2299 Tcstamentis
1331 2239 1565 2311 gratiam
1627 2238 1862 2309 Spiritus
1917 2237 2114 2292 sancti.

515 2337 662 2394 Cleri
691 2336 946 2392 dicuntur
979 2334 1182 2406 singuli
1214 2333 1340 2389 libri
1367 2352 1379 2387 :
1413 2332 1518 2388 hoc
1548 2341 1652 2400 est,
1685 2330 1941 2395 Genesis,
1975 2329 2122 2384 Exo-

519 2433 642 2499 dus,
696 2432 983 2497 Judicum,
1036 2429 1358 2502 Evangelia,
1418 2428 1735 2500 Apostolus.
1787 2426 1981 2482 Pruna:
2032 2443 2120 2482 co-

517 2527 708 2581 lumba:
751 2525 1116 2595 deargentatte.
1148 2522 1530 2596 Deargenlatte,
1577 2522 1784 2578 clarum
1831 2519 2057 2576 verbum
2091 2528 2116 2555 ³³

520 2619 792 2692 signiﬁcat
820 2617 1022 2673 divina:
1051 2617 1370 2687 Scripturrc.
1405 2615 1472 2670 Et
1505 2616 1791 2688 posteriora
1831 2615 1972 2669 dorsi
2005 2615 2118 2684 ejus

519 2715 577 2766 in
625 2711 824 2782 pallore
853 2710 967 2765 auri
1000 2727 1018 2765 :
1067 2708 1168 2765 hoc
1200 2721 1306 2775 est,
1342 2710 1396 2764 in
1430 2707 1815 2775 interioribus,
1863 2706 2121 2777 spiritua-

519 2806 649 2860 litcr
679 2806 939 2877 mysteria
970 2803 1368 2875 intelliguntur.
1401 2803 1457 2860 Si
1485 2817 1656 2874 usque
1684 2803 1748 2857 ad
1777 2815 2120 2856 consumma-

522 2900 730 2955 tionem
756 2901 880 2955 vitze
911 2899 1220 2971 praisentis,
1252 2913 1374 2970 quae
1397 2912 1542 2969 smpe
1574 2912 1800 2953 somnus
1827 2895 2116 2968 accipitur,

519 2993 666 3048 inter
691 2993 800 3048 duo
827 2993 1179 3049 Testamenta
1215 3011 1226 3046 :
1269 2992 1320 3046 id
1347 3003 1451 3057 est,
1488 3007 1684 3046 novum
1720 3000 1987 3062 vetusque
2017 2990 2120 3044 Te-

521 3094 848 3142 stamentum
893 3085 1186 3159 quiescatis
1221 3101 1233 3137 :
1268 3083 1555 3139 invenietis
1603 3085 1657 3138 in
1715 3083 1799 3138 his
1857 3083 2117 3152 Spiritum

2222 1868 2427 1924 Etenim
2455 1867 2711 1922 Dominus
2740 1867 2988 1922 habitabit
3011 1869 3062 1922 in
3093 1869 3268 1939 ﬁnem.
3301 1867 3359 1924 In
3391 1883 3644 1940 corpore,
3673 1869 3819 1939 quod

2220 1964 2427 2036 accepit
2457 1962 2524 2019 de
2551 1973 2738 2019 sancta
2769 1963 2953 2030 Maria,
2984 1963 3108 2035 quia
3135 1978 3258 2019 cum
3287 1979 3354 2020 co
3396 1973 3482 2019 est
3508 1975 3733 2020 evectus
3766 1968 3818 2020 in

2221 2059 2442 2116 cmlum.

2294 2152 2489 2207 Curru:
2530 2151 2626 2206 Dei
2655 2153 2825 2207 decem
2855 2151 3085 2207 millibus
3116 2151 3408 2223 multiplex.
3457 2151 3821 2224 IIyperbolicc

2221 2243 2353 2302 dicit
2408 2245 2910 2301 administratorias
2959 2252 3255 2315 potestates
3299 2253 3354 2299 et
3396 2255 3636 2312 sanctos,
3692 2244 3817 2315 quia

2223 2337 2653 2394 innumerabiles
2693 2346 2843 2405 sunt,
2893 2340 3033 2393 sicut
3072 2336 3219 2392 dixit
3265 2336 3320 2392 in
3375 2336 3601 2392 Daniele
3634 2355 3647 2390 :
3679 2335 3815 2391 Mille

2223 2433 2393 2489 millia
2420 2431 2804 2488 ministrabant
2835 2430 2933 2497 illi,
2966 2439 3022 2486 et
3047 2431 3232 2487 decies
3258 2438 3495 2487 centena
3527 2429 3702 2484 millia
3734 2445 3816 2484 as-

2224 2526 2490 2583 sistebant
2518 2526 2569 2582 ei
2596 2525 2760 2596 (Dan.
2791 2524 2913 2597 vn).
2960 2524 3024 2579 Et
3053 2525 3106 2580 in
3152 2523 3437 2580 Ezechiele
3468 2524 3810 2588 describitur,

2222 2617 2517 2674 Cherubim
2570 2628 2802 2688 quatuor
2849 2631 3173 2688 pennarum,
3223 2615 3278 2670 in
3330 2624 3563 2686 quatuor
3609 2614 3814 2686 angulis

2225 2711 2428 2768 habere
2477 2721 2711 2783 quatuor
2751 2725 3061 2781 personas:
3110 2710 3264 2780 cujus
3307 2710 3492 2779 auriga
3550 2709 3693 2764 Deus
3737 2717 3817 2763 est

2226 2803 2442 2876 (Ezech.
2472 2815 2557 2859 tet
2581 2803 2656 2875 κ).
2687 2803 2981 2860 Cherubim
3008 2812 3186 2858 autem
3218 2804 3632 2874 interpretatur,
3657 2803 3816 2857 scien-

2223 2900 2311 2954 tia:
2357 2898 2644 2971 plenitudo.
2689 2897 2970 2969 Significat
3000 2906 3179 2954 autem
3211 2911 3442 2968 persona
3489 2897 3688 2962 leonis,
3738 2913 3817 2952 rc-

2222 2991 2400 3063 galem
2440 3009 2448 3044 :
2483 2991 2587 3046 hoc
2628 3000 2732 3059 est,
2768 3005 2994 3061 regnare
3026 2989 3374 3061 passionibus
3408 3008 3422 3045 ε
3458 3004 3693 3062 persona
3726 2989 3817 3043 ho-

2227 3083 2409 3150 minis,
2445 3083 2828 3138 rationabilem
2859 3098 2873 3148 ;
2901 3097 3132 3153 persona
3160 3081 3334 3149 vituli,
3373 3083 3424 3138 in
3452 3095 3620 3152 opere
3654 3099 3668 3136 :
3701 3095 3816 3151 per-

517 3187 768 3232 sanctum
799 3197 809 3232 :
837 3177 994 3249 cujus
1025 3191 1221 3248 penum
1267 3176 1321 3230 in
1367 3175 1824 3246 praedicatoribus
1850 3173 2116 3246 deargen-
2150 3191 2194 3254 ρ
2227 3190 2358 3231 sona
2380 3174 2597 3246 aquilae,
2624 3174 2677 3229 in
2704 3175 3188 3245 contemplatione,
3217 3175 3321 3231 hoc
3349 3184 3454 3242 est,
3483 3174 3534 3228 in
3568 3173 3812 3229 theoria:

519 3281 667 3342 tatas,
693 3289 790 3343 pro
814 3273 1012 3344 eloquii
1037 3269 1442 3343 pulchritudine
1459 3268 1814 3340 respondent.
1843 3268 1897 3322 In
1935 3277 2118 3338 poste-

517 3366 666 3421 riora
699 3382 850 3436 vero,
884 3381 1007 3436 qua:
1055 3363 1293 3434 scapulae
1321 3364 1602 3428 dicuntur,
1633 3376 1700 3416 eo
1740 3360 1886 3432 quod
1927 3370 2119 3432 peetus

518 3461 790 3529 aperiant,
818 3460 975 3514 bona:
1006 3456 1358 3512 conscientia:
1379 3454 1594 3509 fructus
1619 3452 1929 3509 ostenditur
1955 3471 1967 3506 :
1999 3467 2120 3524 qua:

518 3563 644 3624 post
676 3561 959 3622 peractum
987 3549 1361 3620 livangelium,
1394 3548 1446 3602 in
1471 3547 1591 3602 auri
1619 3549 1822 3618 specie,
1852 3546 2030 3616 idest,
2065 3549 2116 3603 in

517 3647 731 3703 honore
765 3644 913 3715 regio
935 3649 1362 3698 commutantur.

593 3737 732 3792 Dum
776 3735 1023 3790 discernit
1047 3733 1284 3799 caelestis,
1327 3747 1472 3803 reges
1503 3747 1658 3799 super
1687 3748 1799 3785 eam
1828 3731 1943 3786 nive
1972 3731 2119 3786 deal-

516 3831 776 3886 babuntur
805 3829 858 3882 in
900 3825 1134 3884 Selmou.
1190 3824 1363 3893 Reges
1405 3822 1539 3878 dicit
1564 3832 1804 3890 snnctos,
1833 3824 1924 3895 qui
1957 3839 2119 3893 repu-

514 3929 686 3992 gnant
715 3918 832 3974 suis
872 3916 1237 3987 pasﬁonibus.
1291 3914 1383 3970 Isti
1428 3929 1557 3985 ergo
1585 3915 1759 3970 sancti
1805 3913 2120 3970 dividuntur

514 4015 572 4067 in
619 4009 933 4064 Ecclesiis:
986 4009 1128 4062 sicut
1159 4007 1357 4061 Paulus
1403 4007 1457 4061 in
1498 4005 1782 4074 Gentibus,
1840 4006 2030 4062 Petrus
2061 4006 2117 4062 in

515 4102 959 4163 circumcisione.
1002 4099 1256 4156 C(elestis
1286 4099 1569 4168 Dominus,
1605 4109 1886 4170 separatos
1917 4100 2016 4154 hos
2048 4103 2117 4156 ab

515 4192 844 4251 idololatriis
870 4208 1006 4263 quos
1054 4193 1305 4262 Superius
1337 4191 1596 4258 diximus,
1637 4193 1921 4248 conStituit
1967 4193 2020 4247 in
2055 4193 2118 4249 il-

516 4291 622 4346 lius
641 4289 836 4344 domus
858 4287 1264 4359 pulchritudine
1291 4301 1471 4358 rcges.
1503 4287 1610 4343 Sed
1637 4289 1785 4358 prius
1812 4289 1937 4344 nive
1963 4289 2120 4345 deal-

515 4383 795 4438 babuntur
824 4382 877 4436 in
910 4382 1154 4438 Selmou.
1187 4381 1300 4437 Hoc
1328 4391 1410 4436 est
1439 4381 1584 4451 quod
1611 4381 1762 4447 dicit,
1789 4383 1916 4438 licet
1939 4385 2114 4440 sancti

517 4474 656 4541 sint;
690 4475 785 4529 sed
818 4484 1000 4530 tamen
1035 4475 1084 4530 in
1110 4475 1215 4532 isto
1244 4474 1446 4531 sarculo
1472 4476 1772 4546 suntquasi
1805 4476 2016 4544 umbra,
2047 4493 2112 4533 ex

2223 3283 2343 3339 qua:
2377 3282 2476 3322 nos
2499 3268 2702 3322 exaltat
2729 3267 2784 3321 in
2817 3268 3130 3323 virtutibus.
3159 3266 3333 3323 Simul
3370 3274 3552 3322 autem
3586 3275 3646 3322 ut
3674 3265 3818 3321 dica-

2223 3373 2385 3414 mus:
2425 3359 2676 3415 Thronus
2724 3359 2819 3415 Dei
2866 3360 2918 3414 in
2964 3361 3168 3416 sanctis
3211 3369 3315 3416 est.
3352 3358 3540 3415 Decem
3597 3359 3816 3414 millibus

2223 3453 2494 3526 multiplex
2517 3469 2538 3509 :
2565 3453 2728 3508 Multa
2753 3453 2898 3510 enim
2931 3455 3100 3510 millia
3139 3470 3400 3510 curruum
3431 3454 3773 3510 saecularium
3796 3494 3811 3519 ,

2223 3545 2537 3602 devicerunt
2594 3547 3030 3618 evangelizantes
3099 3547 3380 3604 Christum
3453 3549 3506 3604 in
3563 3549 3815 3604 universo

2223 3638 2445 3694 mundo.
2497 3638 2670 3693 Millia
2701 3640 3007 3707 la’tantium,
3049 3639 3300 3695 Dominus
3329 3643 3381 3695 in
3412 3641 3536 3695 illis.
3578 3640 3816 3696 Ministe-

2221 3731 2300 3786 ria
2330 3730 2508 3787 divina
2540 3731 2627 3786 hic
2660 3746 2782 3786 esse
2817 3733 3037 3788 indicat.
3085 3731 3150 3788 In
3181 3733 3354 3800 Sinai,
3385 3734 3436 3788 in
3466 3743 3663 3787 sancto.
3709 3733 3814 3790 [Ioc

2223 3835 2326 3895 est,
2377 3827 2429 3883 in
2476 3827 2683 3882 sanctis
2712 3837 2795 3882 est
2824 3827 2983 3898 Dens
3026 3826 3243 3896 quando
3276 3835 3575 3895 tentantur,
3616 3835 3672 3882 et
3702 3839 3815 3898 post

2224 3919 2576 3973 tentationem
2605 3917 2854 3989 sequitur
2879 3919 3161 3973 sanctitas.
3193 3916 3537 3987 lmpossibile
3566 3926 3650 3973 est
3671 3919 3810 3972 enim

2223 4010 2477 4082 aliquem,
2530 4011 2656 4065 licet
2700 4018 2923 4066 sanctus
2953 4010 3044 4075 sit,
3095 4009 3215 4066 sine
3255 4009 3556 4065 tentatione
3588 4009 3810 4064 transire

2223 4101 2273 4155 in
2313 4103 2416 4157 hoc
2467 4101 2690 4168 saeculo,
2736 4101 3034 4157 secundum
3066 4101 3166 4157 Job
3219 4120 3230 4154 :
3274 4101 3528 4157 Teutatio
3573 4110 3660 4157 est
3709 4100 3807 4155 vita

2222 4193 2458 4248 hominis
2486 4208 2649 4265 super
2674 4202 2880 4250 terram
2914 4191 3058 4265 (Job.
3097 4192 3215 4265 vn).

2293 4289 2580 4344 Ascendisti
2610 4292 2661 4344 in
2691 4290 2876 4356 altum,
2905 4291 3083 4364 cepisti
3108 4291 3476 4364 captivitatem.
3510 4289 3806 4346 Ascendisd

2223 4385 2274 4441 in
2305 4385 2474 4441 coelos
2519 4403 2531 4439 :
2579 4386 2863 4455 captivasti
2896 4398 3013 4451 nos,
3061 4387 3151 4456 qui
3182 4385 3380 4456 captivi
3430 4384 3750 4442 tenebamur
3779 4399 3805 4438 a

2219 4475 2461 4532 diabolo.
2490 4477 2594 4545 Qui
2624 4475 2896 4547 quondam
2941 4475 2995 4531 in
3031 4477 3175 4532 Sinai
3218 4477 3580 4545 descendens,
3617 4478 3806 4549 populo

513 4576 670 4640 parte
721 4575 1135 4637 cognoscentes.
1187 4567 1434 4634 Selmon,
1477 4567 1658 4621 umbra
1699 4568 2108 4638 interpretatur.
2143 4591 2194 4652 υ
2222 4568 2392 4640 legem
2436 4569 2735 4634 distribuit,
2766 4569 2884 4640 ipse
2915 4585 3057 4626 nunc
3084 4571 3138 4626 in
3171 4581 3380 4635 saneto,
3415 4569 3468 4625 id
3495 4581 3600 4637 est,
3644 4571 3698 4625 in
3727 4585 3804 4624 as-

515 4659 649 4717 Cum
671 4660 837 4732 igitur
858 4676 954 4716 rex
977 4660 1217 4716 caelestis
1239 4659 1487 4716 Christus
1510 4661 1562 4716 in
1598 4660 1842 4716 Ecclesia
1873 4676 1968 4717 sua
2001 4677 2114 4717 cce-

514 4755 656 4827 perit
687 4756 987 4827 apostolos,
1020 4762 1074 4810 et
1103 4754 1378 4825 principes
1407 4755 1748 4810 constituere
1779 4763 1941 4824 atque
1972 4755 2110 4809 divi-

514 4849 644 4905 dere
687 4868 700 4904 :
753 4865 858 4904 non
905 4849 1184 4905 habebunt
1233 4849 1447 4920 plenam
1505 4849 1715 4914 lucem,
1759 4849 1853 4904 sed
1900 4859 2108 4918 partem

515 4945 754 5015 aliquam
786 4943 1034 5000 scientiae
1067 4960 1079 4996 :
1111 4943 1237 5014 quia
1272 4957 1416 4998 nunc
1459 4956 1524 4998 ex
1571 4949 1725 5014 parte
1758 4941 2022 5006 videmus,
2055 4950 2108 4997 et

513 5053 578 5092 ex
610 5049 764 5108 parte
794 5037 1183 5108 prophetamus
1215 5033 1259 5107 (I
1291 5034 1410 5089 Cor.
1462 5036 1604 5103 xm).

587 5129 742 5184 Mons
777 5129 890 5195 Dei,
928 5145 1073 5181 mons
1114 5127 1322 5198 pinguis
1359 5142 1375 5178 :
1407 5142 1551 5179 mons
1591 5126 1918 5198 coagulatus,
1962 5141 2109 5180 mam

515 5225 747 5296 pinguis.
781 5222 886 5278 Iste
914 5230 999 5278 est
1029 5235 1183 5276 mons
1209 5220 1276 5276 ad
1307 5235 1466 5291 quem
1499 5230 1553 5274 et
1583 5219 1635 5274 in
1665 5219 1797 5275 Isaia
1828 5229 1882 5275 et
1923 5222 1973 5275 in
2007 5221 2107 5276 Mi-

512 5317 684 5385 clima,
712 5325 769 5371 ut
796 5314 1154 5372 ascendentes
1186 5322 1434 5384 pergant,
1464 5327 1523 5368 se
1545 5312 1778 5367 invicem
1809 5311 2103 5369 cohortan-

516 5425 603 5470 tur
623 5410 756 5485 (Isa.
786 5428 846 5477 ιι,
868 5421 914 5464 et
941 5410 1102 5465 Mir/r.
1133 5409 1232 5482 Iv).
1263 5409 1417 5478 Quod
1436 5421 1614 5466 autem
1633 5409 1707 5464 ait
1729 5411 2063 5482 :coagulatus
2088 5428 2105 5465 :

513 5503 758 5576 Apostoli
801 5501 1050 5573 congruit
1079 5501 1279 5569 verbis,
1313 5501 1403 5572 qui
1435 5501 1546 5557 ait:
1580 5501 1689 5557 Lac
1725 5502 1880 5558 vobis
1913 5512 2101 5574 potum

512 5770 545 5822 4
583 5701 850 5821 ιιῗιῖιιιετ
887 5700 1117 5765 llieron,
1165 5701 1215 5755 in
1260 5715 1379 5770 cap.
1426 5717 1482 5755 ιιι
1514 5699 1667 5756 Isaia:
1719 5712 1773 5759 et
1819 5701 1875 5758 In
1919 5718 2087 5762 serm.

572 5787 599 5822 (-
690 5782 742 5822 ι.

572 5782 624 5823 ('l
655 5782 742 5824 IU.

2219 4673 2434 4734 sumpto
2455 4663 2674 4720 homine
2703 4662 2796 4737 (de
2817 4679 2925 4736 quo
2944 4665 3176 4735 angelus
3199 4664 3264 4719 ad
3292 4664 3516 4720 Mariam
3544 4662 3701 4736 (Luc.
3729 4663 3766 4733 ι)
3787 4679 3801 4720 :

2214 4753 2372 4823 Quod
2403 4762 2656 4810 nascetur
2683 4771 2749 4811 ex
2787 4765 2861 4822 te,
2901 4763 3148 4812 sanctum
3185 4755 3496 4826 vocabitur)
3543 4756 3800 4812 caelorum

2214 4848 2430 4903 excelsa
2460 4849 2840 4905 conscendens
2874 4867 2887 4902 :
2920 4864 3018 4906 eos
3045 4851 3139 4922 qui
3174 4851 3227 4906 in
3259 4850 3578 4921 captivitate
3607 4849 3799 4904 diaboli

2215 4941 2558 5009 tenebantur,
2592 4942 2830 4998 absolvit
2865 4962 2877 4999 :
2926 4958 2989 4998 ac
3017 4952 3139 5015 post
3167 4958 3228 5000 se
3251 4951 3526 5014 tamquam
3563 4942 3799 5014 captivos

2215 5035 2476 5092 deductos
2504 5045 2724 5091 :eternze
2751 5037 2878 5092 vita:
2915 5036 3174 5092 restituit.
3220 5036 3311 5094 Sic
3351 5046 3405 5092 et
3448 5051 3672 5092 carnem
3718 5049 3797 5089 as-

2215 5138 2510 5199 sumptam,
2552 5128 2709 5200 quasi
2751 5130 3021 5199 captivam
3050 5130 3229 5185 evexit
3273 5127 3341 5184 ad
3391 5127 3597 5184 sidera.
3655 5129 3797 5182 Acce-

2217 5223 2339 5292 pisti
2366 5222 2503 5275 dona
2528 5221 2581 5274 in
2613 5220 2920 5275 hominibus.
2955 5221 3101 5276 Bene
3130 5220 3287 5287 dixit,
3335 5221 3602 5290 accepisti.
3637 5223 3677 5275 Δ
3709 5219 3797 5273 Pa-

2216 5323 2297 5368 tre
2324 5314 2532 5385 aecepit
2562 5331 2577 5370 :
2617 5313 2824 5385 accepit
2849 5323 2908 5368 ut
2939 5315 3124 5382 homo,
3155 5315 3246 5370 dat
3274 5326 3335 5370 ut
3359 5315 3500 5370 Deus
3531 5332 3544 5368 :
3584 5324 3640 5370 et
3664 5310 3795 5385 quod

2213 5407 2441 5478 accepit,
2472 5407 2779 5462 hominibus
2801 5409 3032 5480 accepit,
3060 5419 3119 5465 ut
3139 5408 3254 5464 det.
3285 5408 3405 5480 Ipse
3428 5409 3576 5464 enim
3613 5396 3794 5481 plenus

2210 5509 2317 5571 εει,
2359 5509 2416 5556 ει
2460 5500 2594 5556 nihil
2625 5499 2855 5572 indiget.
2892 5500 3053 5557 Dedit
3080 5502 3221 5557 dona
3261 5502 3633 5574 spiritualium
3685 5515 3793 5572 gra-

2290 5706 2318 5746 δ
2359 5707 2479 5782 Vid.
2531 5725 2652 5782 quae
2705 5710 3056 5766 observamus
3104 5709 3170 5766 ad
3193 5710 3306 5782 ιιι).
3358 5710 3427 5766 de
3475 5711 3685 5782 Spiritu
3738 5710 3786 5768 S.

2217 5777 2370 5834 Tum.
2403 5779 2461 5849 2,
2491 5777 2598 5836 col.
2631 5783 2749 5838 157.
