4016 6334
213 282 369 339 1017

1187 279 1616 336 BREVIARIUM
1659 277 1722 334 IN
1762 277 2093 336 PSALMOS.
2136 276 2379 336 PSALM.
2424 277 2631 335 LXVII.

3375 283 3514 340 1018

207 398 420 453 tiarum
451 394 774 452 hominibus
808 412 820 451 :
865 394 955 468 qui
991 410 1088 468 per
1117 395 1281 453 fidem
1308 395 1373 451 ad
1401 410 1527 452 eum
1557 394 1818 468 deinceps
1845 397 1900 456 Α
1927 404 2032 451 tem
2056 395 2159 453 hoc
2190 405 2362 455 totum
2395 397 2569 466 fieret,
2605 396 2778 468 ipsius
2803 396 3108 455 Salvatoris
3136 399 3388 456 voluntas
3417 403 3517 459 fuit

206 497 588 546 accesserunt.

289 583 499 638 Etenim
520 598 622 637 non
645 583 928 649 credentes,
971 583 1262 638 inhabitare
1303 583 1584 638 Dominum
1617 580 1810 636 Deum.

206 677 285 734 Et
316 678 402 733 his
434 676 748 732 hominibus
776 693 791 738 ;
825 676 875 732 id
908 688 1013 746 εει,
1045 693 1112 734 ex
1143 679 1396 748 gentibus
1426 677 1626 748 populo
1655 675 1818 748 largi-

205 784 304 829 tus
333 783 419 830 est
443 773 701 829 Christus
731 790 744 827 :
779 774 868 843 qui
895 789 1003 828 non
1048 772 1346 830 credebant
1388 773 1558 827 Deum
1605 771 1816 828 inhabi-

208 877 334 924 tare
366 881 526 938 posse
551 866 871 922 mortalibus
900 885 912 918 :
944 875 1001 922 et
1031 867 1130 922 hos
1158 866 1405 934 salvasti,
1433 867 1523 937 qui
1557 881 1663 920 non
1694 879 1814 919 cre-

205 960 420 1018 debant
455 959 601 1032 quod
643 959 907 1030 possibile
945 968 1028 1016 est
1057 960 1226 1015 Deum
1268 958 1517 1015 habitare
1549 959 1600 1012 in
1642 957 1816 1013 homi-

208 1056 376 1112 nibus
427 1077 439 1110 :
487 1057 590 1112 hoc
637 1064 723 1112 est
767 1055 1114 1112 Salvatorem
1157 1055 1406 1126 accipere
1445 1067 1685 1108 carnem.
1714 1049 1814 1106 Vel

205 1149 382 1204 etiam
414 1149 494 1204 eis
524 1147 859 1204 ministravit
887 1147 1052 1212 bona,
1087 1148 1177 1218 qui
1208 1154 1367 1203 erant
1401 1146 1520 1200 sine
1551 1159 1645 1216 spe
1670 1141 1814 1214 quod

208 1239 267 1296 in
310 1240 555 1296 Ecclesia
583 1239 700 1310 ejus
742 1237 1046 1294 inhabitare
1077 1237 1308 1309 possint.

287 1334 598 1389 Benedictus
625 1333 877 1387 Dominus
911 1331 996 1386 die
1019 1331 1264 1402 quotidie.
1289 1330 1391 1399 Qui
1420 1328 1648 1401 prolicit,
1679 1341 1814 1399 quo-

209 1427 349 1482 tidie
382 1434 562 1498 potest
593 1425 921 1481 benedicere
941 1425 1131 1480 Deum.
1158 1423 1298 1492 Quid
1323 1425 1465 1478 enirn
1485 1422 1619 1478 mihi
1651 1421 1814 1492 prod-

208 1529 320 1588 est,
355 1520 419 1587 si_
447 1518 566 1575 heri
609 1517 861 1574 benedixi
895 1537 906 1570 :
941 1527 995 1574 et
1043 1517 1204 1573 hodie
1246 1533 1354 1572 non
1391 1531 1608 1588 possum
1648 1515 1813 1570 bene-

207 1611 440 1668 dicere?
467 1611 537 1667 Et
559 1627 656 1681 pro
680 1612 1058 1682 superioribus
1088 1611 1393 1678 beneficiis,
1423 1620 1478 1667 et
1503 1609 1646 1682 quod
1669 1625 1812 1666 nunc

209 1707 375 1762 nobis
395 1705 461 1760 ad
476 1721 534 1762 sc
548 1703 806 1761 veniendi
826 1705 1044 1776 planum
1069 1715 1337 1776 przeparat
1358 1706 1482 1772 iter,
1500 1703 1714 1759 assidue
1729 1709 1814 1756 est

1919 490 2009 560 qui
2039 489 2157 546 lucc
2197 506 2385 561 passus
2433 500 2519 548 est
2562 489 2702 547 fieri.
2742 490 2837 547 Vel
2877 490 2946 547 de
2990 491 3312 548 confusione
3351 493 3514 565 hujus

1918 583 2103 638 saeculi
2131 594 2442 641 convertam
2473 583 2767 640 humanum
2795 598 2966 656 genus
2993 603 3006 640 :
3035 585 3138 642 hoc
3158 595 3244 643 est
3267 602 3366 659 per
3389 602 3514 658 pas-

1918 677 2127 733 sionem
2155 692 2351 744 meam,
2394 688 2449 734 et
2473 692 2713 748 crucem,
2746 694 2869 749 quae
2900 677 2988 734 isti
3017 679 3511 750 putantstultitiam

1919 776 1974 824 et
2003 768 2400 826 confusionem.
2439 769 2745 824 Couvertam
2775 769 2975 839 Busan,
3009 771 3268 842 populum
3305 786 3509 830 meum.

1919 864 2221 920 Convertam
2250 866 2303 918 in
2348 866 2671 938 profundum
2699 867 2858 921 maris
2880 883 2898 920 :
2927 867 2977 922 id
3006 875 3112 936 est,
3136 867 3204 922 de
3228 865 3514 938 profundis

1918 957 2085 1021 vitiis,
2114 965 2168 1012 et
2198 955 2438 1027 peccatis
2467 958 2655 1013 satculi
2697 958 2855 1014 istius
2886 977 2897 1013 :
2941 959 3010 1015 de
3035 960 3425 1026 commotione,
3459 969 3514 1016 et

1917 1049 2170 1106 ﬂuctibus
2197 1059 2517 1106 convertam
2573 1051 2829 1122 populum
2869 1067 3071 1108 meum.
3118 1052 3186 1108 Ut
3222 1054 3512 1126 intingatur

1916 1159 2006 1214 pes
2034 1151 2149 1196 tuus
2183 1143 2237 1196 in
2285 1143 2560 1216 sanguine.
2601 1144 2868 1211 Quoniam
2911 1160 3008 1216 pes
3039 1144 3211 1216 ipsius
3251 1146 3511 1202 intinctus

1917 1235 2085 1290 estin
2117 1235 2380 1306 sanguine
2419 1250 2547 1292 suo.
2578 1236 2842 1291 Torcular
2878 1237 3081 1292 calcavi
3119 1237 3300 1302 solus,
3344 1247 3400 1293 et
3443 1237 3510 1293 de

1914 1327 2168 1398 gentibus
2197 1326 2283 1383 vir
2308 1342 2416 1384 non
2443 1326 2544 1383 fuit
2567 1342 2777 1384 mecum
2807 1327 2941 1400 (Isa.
2971 1331 3151 1400 um).
3182 1330 3245 1384 Et
3268 1330 3462 1386 iterum
3493 1348 3508 1387 :

1915 1420 2046 1489 Quis
2084 1433 2167 1478 εει
2197 1421 2302 1478 iste
2331 1423 2422 1492 qui
2472 1421 2716 1476 ascendit
2750 1437 2815 1477 ex
2845 1421 2998 1477 Edon
3028 1425 3052 1477 Ρ
3094 1423 3294 1478 fulvida
3343 1425 3508 1480 vesti-

1914 1525 2094 1570 menta
2145 1515 2262 1586 ejus
2290 1530 2356 1570 ex
2402 1515 2575 1570 Bosor
2605 1515 2822 1589 (Ibid).
2874 1515 3069 1584 Edam,
3119 1519 3507 1588 interpretatur

1915 1611 2131 1683 sanguis
2161 1626 2180 1665 :
2204 1612 2396 1678 Bosor,
2426 1626 2574 1665 caro.
2608 1609 2788 1682 Ipsum
2819 1611 3106 1667 Dominum
3156 1620 3403 1667 nostrum
3434 1612 3510 1666 si-

1918 1703 2137 1776 gniﬁcat
2165 1705 2505 1761 crucifixum.
2535 1704 2738 1777 Lingua
2777 1722 2962 1761 canum
2994 1715 3198 1761 tuorum
3229 1723 3291 1760 ea:
3333 1705 3510 1760 inimi-

207 1799 643 1857 benedicendus.
672 1798 984 1871 Prosperum
1004 1801 1100 1856 iter
1120 1798 1431 1871 facietnobis
1454 1796 1595 1852 Deus
1615 1797 1810 1851 satuta-
1841 1788 1888 1849 B
1915 1798 1990 1853 cis
2020 1797 2086 1852 ab
2121 1799 2257 1868 ipso.
2294 1797 2469 1856 Canes
2497 1798 2636 1856 dicit
2662 1799 2809 1871 ipsos
2842 1800 3081 1870 Iudaeos,
3117 1810 3174 1857 ut
3209 1800 3462 1871 superius
3493 1817 3508 1857 :

203 1895 346 1950 rium
360 1903 674 1950 nostrorum.
696 1894 832 1960 Quia
847 1893 915 1948 ab
931 1893 1049 1963 ipso
1065 1891 1364 1947 salvantur.
1386 1890 1703 1961 Prosperum
1719 1889 1815 1944 iter

206 1989 368 2058 faciet
391 1987 536 2042 nobis
561 1984 702 2042 Deus
730 1987 1040 2042 salutarium
1065 1995 1378 2040 nostrorum.
1407 1983 1642 2041 Securus
1671 1991 1810 2048 esto,

204 2090 467 2152 peccator
501 2099 513 2134 :
558 2081 669 2135 noli
700 2080 952 2136 dubitare
988 2079 1133 2151 quod
1163 2077 1411 2150 quotidie
1441 2077 1619 2149 possis
1645 2077 1813 2133 bene-

205 2171 400 2229 dicere
430 2172 621 2227 Deum.
656 2171 800 2229 Ecce
827 2172 972 2226 enim
996 2171 1132 2227 dicit
1157 2191 1169 2225 :
1196 2170 1515 2241 Prosperum
1535 2171 1634 2225 iter
1658 2170 1812 2240 faciet

205 2266 358 2321 nobis
393 2265 552 2321 Deus.
599 2265 742 2336 Ergo
772 2264 919 2321 Deus
963 2264 1185 2336 adjuvat
1230 2280 1348 2332 nos,
1384 2272 1439 2320 et
1486 2272 1812 2334 cooperatur

205 2358 388 2415 nobis.
419 2358 745 2414 Salutat-ium
772 2365 1085 2412 nostrorum.
1139 2357 1288 2413 Bene
1314 2356 1453 2412 dixit
1496 2355 1806 2427 pluraliter,

207 2451 570 2506 salutarium:
605 2451 750 2523 quod
796 2459 998 2522 quanta
1041 2461 1263 2522 peccata
1294 2451 1688 2518 commisimus,
1731 2459 1809 2504 tot

204 2554 264 2600 et
311 2544 522 2600 salutes
569 2543 856 2600 habemus.
906 2541 1214 2615 Diapsalma
1255 2544 1311 2599 in
1365 2543 1599 2600 Hebraeo
1644 2543 1809 2600 habet

204 2652 342 2694 sua
367 2622 522 2712 (n‘TD)
557 2657 569 2692 :
613 2637 716 2694 hoc
746 2647 829 2695 est
881 2654 1079 2710 semper
1116 2647 1171 2694 et
1205 2638 1424 2710 jugiter.
1475 2637 1618 2708 Ergo
1662 2636 1807 2692 Deus

202 2746 424 2802 semper
453 2745 555 2786 nos
585 2731 826 2802 adjuvat.

280 2822 421 2878 Deus
463 2831 653 2879 noster.
681 2823 816 2891 Quia
867 2831 1066 2893 praeter
1100 2822 1274 2893 ipsum
1305 2822 1470 2878 alium
1509 2821 1804 2877 nescimus.

205 2914 349 2971 Deus
378 2915 547 2971 salvos
580 2915 826 2985 faciendi,
867 2923 913 2969 et
954 2913 1166 2969 Domini
1213 2912 1427 2968 Domini
1462 2915 1625 2969 exitus
1667 2931 1804 2968 mor-

205 3009 292 3064 tis.
344 3007 550 3064 Prtesto
596 3017 679 3062 est
726 3007 867 3063 enim
915 3015 972 3060 ut
1013 3007 1195 3061 salvos
1233 3007 1393 3061 faciat
1441 3014 1734 3078 pereuntes
1789 3025 1800 3061 :

203 3097 331 3171 quia
372 3113 472 3170 pro
519 3098 895 3168 redemptione
933 3106 1121 3153 nostra
1153 3106 1333 3152 natus.
1365 3096 1432 3152 Et
1461 3098 1668 3151 Domini
1695 3095 1804 3152 Do-

205 3193 337 3247 mini
366 3199 438 3247 cst
468 3193 632 3246 exitus
655 3191 836 3245 mortis
866 3209 880 3244 :
913 3191 1034 3260 quia
1071 3189 1222 3260 prior
1249 3191 1442 3244 mortis
1471 3189 1674 3244 exitum
1709 3205 1805 3260 pa—
1834 3185 1879 3247 C

206 3286 416 3355 tcfecit,
449 3285 664 3341 dicente
709 3283 975 3355 Apostulo
1010 3301 1022 3337 :
1056 3282 1256 3338 Factus
1295 3292 1399 3347 est,
1451 3282 1646 3353 inquit,
1697 3283 1806 3353 pri-

206 3379 517 3450 mogenitus
559 3385 924 3444 mortuorum,
973 3376 1229 3448 quoniam
1273 3377 1390 3446 ipse
1435 3374 1742 3430 resurrexit
1773 3391 1803 3431 a

206 3475 463 3540 mortuis,
507 3484 560 3530 et
591 3487 693 3528 nos
740 3471 899 3527 simul
960 3470 1087 3527 fecit
1139 3485 1429 3542 resurgere
1468 3469 1692 3541 (Cotoss.
1740 3487 1800 3537 r;

206 3570 374 3638 Apoc.
406 3565 468 3638 ι).
499 3564 674 3620 Aliter
702 3583 713 3617 :
749 3561 1007 3618 Diabolus
1029 3561 1288 3619 introitus
1313 3571 1396 3619 est
1426 3562 1622 3619 mortis
1650 3581 1661 3615 :
1695 3562 1803 3618 Do-

207 3660 390 3718 minus
420 3673 552 3714 vero
583 3657 788 3714 educit.

288 3751 651 3807 Verumtamen
718 3750 858 3806 Deus
912 3751 1197 3822 confringet
1251 3750 1422 3822 cupita
1473 3750 1806 3804 inimicorum

210 3864 442 3904 suorum.
486 3846 568 3903 Ab
604 3844 844 3902 exitibus
875 3845 1066 3899 mortis
1109 3859 1366 3915 egressus
1392 3844 1683 3913 confringit
1710 3858 1803 3899 ca-

211 3943 324 4013 pita
367 3939 590 4006 diaboli,
615 3948 671 3994 et
703 3951 892 3993 omnes
920 3938 1152 3993 virtutes
1182 3938 1319 4008 ejus.
1363 3936 1444 3992 Tu
1489 3938 1804 4008 confregisti

213 4034 392 4106 capita
422 4033 679 4088 draconis
721 4033 772 4087 in
803 4046 960 4101 aqua.
1003 4031 1146 4099 Quot
1182 4039 1401 4100 peccata
1430 4038 1578 4097 sunt,
1614 4038 1693 4084 tut
1719 4044 1808 4084 ca-

210 4129 322 4200 pita
353 4127 520 4183 habet
545 4126 795 4182 diabolus
830 4145 842 4179 :
875 4125 1222 4194 Principatus
1247 4133 1304 4180 et
1331 4133 1652 4196 potestates,
1686 4140 1806 4196 quae

213 4232 487 4292 tamquam
511 4220 910 4292 caputcunetis
957 4219 1295 4288 eminebant,
1333 4219 1436 4274 hoc
1481 4230 1585 4285 est,
1622 4219 1804 4275 diabo-

211 4313 344 4370 licas
375 4311 800 4367 dominationes.
838 4308 1094 4364 Verticem
1123 4311 1302 4379 capilli
1347 4311 1808 4383 perambulantium

209 4410 264 4464 in
289 4408 492 4466 delictis
519 4409 626 4463 suis
663 4423 680 4462 :
714 4405 1094 4463 Summitatem
1128 4404 1462 4460 extollentia:
1496 4421 1685 4460 eorum
1718 4406 1806 4474 qui

212 4500 591 4573 ptenitentiam
624 4499 987 4569 negligentes,
1021 4497 1320 4567 perdurant
1363 4497 1416 4552 in
1444 4498 1704 4568 peccatis.
1746 4498 1804 4553 1n

1917 1894 2007 1964 qni
2039 1893 2434 1961 elamaverunt,
2460 1893 2739 1966 crucifige,
2762 1893 3020 1966 crucifige
3047 1894 3208 1950 talem
3235 1911 3248 1950 :
3281 1909 3387 1950 non
3416 1893 3512 1948 ha-

1917 1985 2109 2042 bemus
2128 2001 2311 2056 regem
2345 1986 2450 2042 nisi
2475 1984 2749 2043 Caesarcm
2783 1985 2968 2058 (Joan.
2998 1988 3136 2058 xix).
3169 1987 3250 2044 Ex
3274 1986 3512 2044 inimicis

1913 2087 2095 2134 autem
2117 2079 2372 2134 submissi
2395 2094 2425 2133 a
2458 2078 2798 2135 daemonibus
2829 2094 3030 2150 negare
3055 2079 3421 2148 Salvatorcm,
3453 2089 3512 2136 ει

1914 2171 2295 2242 hlasphernare
2331 2188 2476 2228 eum.
2516 2172 2736 2230 Aliter:
2794 2173 3064 2242 Quoniam
3119 2175 3236 2246 ipse
3283 2183 3370 2231 tua
3412 2191 3508 2232 vo-

1913 2269 2124 2325 luntate
2152 2267 2347 2323 venisti
2375 2274 2431 2324 et
2452 2281 2644 2339 passus
2678 2281 2739 2324 es
2770 2286 2782 2322 :
2816 2278 2873 2323 et
2899 2277 2985 2323 tua
3016 2268 3295 2325 voluntate
3331 2269 3508 2325 cruci-

1914 2361 2053 2418 fixus
2091 2377 2151 2418 es
2179 2377 2209 2417 a
2233 2361 2459 2417 ludatis.
2493 2361 2718 2417 Tinctus
2757 2371 2841 2417 εει
2869 2362 3018 2418 enim
3061 2377 3157 2434 pes
3205 2362 3419 2418 Domini
3451 2363 3506 2418 in

1911 2455 2198 2527 sanguine,
2230 2469 2352 2510 eum
2384 2469 2513 2510 caro
2542 2464 2821 2525 assumpta
2856 2455 2912 2510 in
2943 2470 3049 2526 qua
3080 2454 3339 2512 divinitas
3369 2456 3506 2512 late-

1912 2546 2023 2616 bat,
2053 2549 2242 2603 lancea
2281 2548 2622 2604 verberatur.
2656 2547 2736 2604 Ab
2765 2548 2884 2618 ipso
2921 2548 3082 2619 igitur
3126 2547 3415 2619 sanguine,
3454 2557 3510 2605 et

1911 2655 2100 2696 eorum
2131 2639 2311 2712 lingua
2351 2641 2523 2696 tincta
2552 2650 2658 2707 est,
2698 2641 2788 2711 qui
2819 2640 3077 2697 dixerunt
3111 2657 3126 2696 :
3172 2641 3252 2697 En
3284 2642 3506 2714 sanguis

1910 2733 2032 2803 ejus
2059 2748 2222 2804 super
2253 2748 2375 2798 nos,
2405 2743 2459 2789 et
2491 2748 2659 2804 super
2689 2733 2830 2790 filios
2858 2742 3074 2789 nostros
3099 2734 3278 2806 (Matt.
3313 2735 3506 2809 xxvn).

1911 2826 2018 2884 Sed
2073 2837 2195 2898 post
2238 2828 2534 2898 gloriosum
2588 2827 2884 2890 Dominica:
2922 2830 3262 2887 ascensionis
3313 2832 3507 2888 trium-

1911 2919 2099 2990 phum,
2132 2917 2335 2974 ultione
2369 2919 2671 2986 Dominica,
2715 2927 2770 2974 et
2811 2918 3047 2975 hostium
3081 2936 3176 2992 pes
3212 2923 3265 2978 in
3315 2938 3506 2980 eorum

1908 3015 2174 3085 sanguine
2202 3014 2405 3070 tinctus
2432 3021 2515 3071 est
2548 3031 2561 3068 :
2597 3022 2652 3070 et
2681 3013 2875 3069 canina
2912 3015 3120 3073 scilicet
3161 3018 3504 3076 inimicorum

1908 3109 2088 3165 rabies
2116 3109 2184 3164 ab
2211 3123 2278 3166 eo
2307 3117 2389 3164 est
2420 3111 2632 3165 satiata.

1988 3200 2241 3255 Viderunt
2267 3202 2531 3274 ingressus
2561 3211 2697 3270 tuos,
2726 3201 2900 3274 Deus,
2937 3205 3206 3277 ingressus
3248 3203 3350 3259 Dei
3379 3205 3502 3272 mei,

1905 3293 2040 3365 regis
2067 3295 2168 3349 mei
2203 3295 2289 3364 qui
2319 3304 2393 3349 est
2430 3296 2483 3350 in
2513 3307 2715 3372 sancto.
2747 3297 2792 3353 Ο
2832 3312 2996 3368 quam
3023 3295 3421 3352 admirabiliter
3452 3297 3505 3353 in

1907 3385 2012 3441 hoc
2044 3387 2253 3456 psalmo
2278 3397 2434 3443 vetus
2477 3387 2889 3445 Testamentum
2933 3406 3054 3446 cum
3087 3388 3504 3460 Evangeliorum

1905 3477 2070 3533 dictis
2111 3478 2452 3536 concordat!
2489 3481 2614 3537 Visa
2645 3490 2772 3537 sunt
2801 3484 2945 3538 enim
2979 3483 3176 3538 itinera
3216 3481 3421 3538 Cirriin
3455 3483 3506 3538 in

1908 3569 2159 3641 ingressu
2203 3571 2372 3627 maris
2411 3571 2584 3628 Rubri
2626 3573 2827 3644 (Exod.
2858 3572 2968 3646 xtv)
2995 3590 3010 3628 :
3041 3575 3154 3630 visa
3197 3587 3323 3632 sunt
3365 3585 3419 3631 et
3453 3576 3504 3632 in

1909 3663 2224 3736 Evangeliis
2252 3664 2422 3736 ipsius
2456 3668 2601 3738 regis
2648 3668 2821 3723 nostri
2855 3685 2869 3728 :
2899 3684 3022 3725 eum
3065 3669 3122 3725 in
3165 3681 3358 3726 sancto
3404 3669 3505 3725 ho-

1907 3759 2059 3815 mine
2089 3761 2356 3825 elevatus,
2389 3761 2548 3818 cmlis
2567 3762 2813 3819 invectus
2837 3771 2920 3819 εει
2949 3763 3130 3837 (Joan.
3164 3780 3265 3830 xx;
3299 3763 3412 3817 Act.
3441 3763 3503 3835 ι).

1980 3850 2352 3908 Ρνωυεηετιιηι
2390 3855 2652 3927 principes
2703 3857 2970 3928 conjuncti
3002 3839 3353 3927 lpsallentibus
3393 3873 3412 3911 :
3454 3857 3506 3910 in

1907 3945 2077 4000 medio
2111 3947 2519 4017 juvencularum
2551 3950 3057 4020 tympanistriarum.
3100 3950 3162 4006 Et
3203 3949 3419 4021 quidem
3455 3949 3507 4005 in

1909 4036 2003 4092 illo
2047 4039 2214 4093 maris
2256 4041 2488 4095 transitu
2537 4051 2925 4111 prmvenerunt
2971 4042 3248 4112 principes
3275 4059 3290 4098 :
3317 4041 3370 4098 id
3403 4052 3506 4108 est,

1911 4132 2062 4204 prius
2109 4133 2315 4204 egressi
2345 4143 2471 4188 sunt
2501 4134 2587 4188 vel
2618 4135 2856 4207 Moyses,
2888 4135 2972 4191 vel
3013 4136 3209 4208 reliqui
3240 4136 3508 4202 seniores,

1910 4235 1966 4281 et
1993 4224 2273 4295 conjuncti
2303 4235 2428 4280 sunt
2460 4225 2766 4297 juveneulis
2795 4226 3009 4284 coelein
3043 4228 3260 4287 itinere.
3294 4227 3508 4283 Pricae-

1911 4326 2098 4370 nerunt
2128 4317 2410 4388 principes,
2441 4317 2764 4388 angelorum
2798 4327 3112 4375 sanctorum
3140 4320 3383 4388 animas,
3415 4319 3510 4391 qui

1913 4405 2100 4463 laudes
2126 4407 2344 4463 Domini
2374 4409 2701 4466 mortificata
2732 4425 2968 4482 corpore
3008 4412 3394 4480 concinebant,
3428 4411 3508 4467 (li-

1911 4509 2097 4556 centes
2129 4517 2144 4558 :
2175 4501 2372 4556 Tollite
2404 4514 2609 4572 portas,
2638 4504 2939 4576 principes,
2965 4516 3175 4562 vestras
3203 4523 3217 4562 :
3241 4507 3364 4575 quia
3392 4506 3506 4578 jam

215 4571 425 4651 tantum
473 4593 619 4648 enim
650 4590 1010 4661 confringitur
1039 4599 1200 4659 caput
1225 4591 1363 4658 ejus,
1397 4599 1458 4645 ut
1492 4606 1598 4644 non
1629 4607 1805 4646 rema-
1834 4571 1888 4631 Ῑ)
1913 4592 2056 4648 redit
2085 4571 2453 4664 triumphator
2475 4593 2680 4649 inferni
2711 4595 2730 4664 (
2760 4571 2906 4650 Psal.
2939 4599 3122 4666 χχιιι).
3154 4571 3283 4653 Ideo
3323 4571 3506 4653 aulem

212 4697 339 4746 neat
378 4689 434 4743 in
480 4701 547 4743 eo
595 4686 776 4758 aliqua
833 4686 1002 4740 virtus
1046 4699 1150 4755 qua
1199 4683 1446 4739 stimulet
1492 4695 1801 4756 peccantes.

213 4782 494 4840 Summum
513 4780 727 4850 capitis,
751 4778 977 4850 capillus
997 4787 1100 4846 est,
1125 4787 1180 4834 et
1201 4779 1408 4849 capilli,
1434 4791 1641 4834 vertex.
1667 4780 1806 4850 Ergo

215 4875 319 4931 hoc
347 4872 499 4941 dicit,
528 4871 672 4944 quod
711 4886 810 4928 nec
848 4871 1130 4928 minimum
1167 4881 1447 4926 remaneat
1479 4869 1533 4926 in
1561 4869 1803 4940 diabolo,

215 4966 356 5041 quod
385 4980 492 5021 non
521 4965 818 5036 frangatur.

284 5057 432 5113 Dixit
455 5057 712 5114 Dominus
740 5073 760 5112 :
785 5055 869 5111 Ea:
897 5055 1069 5111 Busan
1095 5067 1408 5125 convertam,
1434 5067 1726 5112 convertam
1753 5058 1806 5110 in

215 5151 533 5225 profundum
559 5152 740 5206 maris.
777 5148 846 5206 Ut
867 5149 1154 5220 intingatur
1172 5165 1260 5222 pes
1288 5161 1406 5205 tuus
1445 5151 1500 5205 in
1530 5150 1804 5223 sanguine,

216 5249 391 5317 lingua
421 5260 604 5298 canum
633 5252 840 5298 tuorum
868 5259 931 5296 eat
951 5241 1175 5298 inimicis
1198 5243 1261 5296 ab
1280 5244 1412 5316 ipso.
1445 5243 1646 5311 Busan,
1686 5259 1810 5298 con-

218 5338 350 5407 fusio
379 5337 792 5405 interpretatur.
821 5333 898 5390 De
918 5332 1238 5390 confusione
1264 5335 1428 5405 igitur
1450 5350 1551 5390 nos
1579 5350 1810 5390 conver-

217 5429 278 5484 tit
305 5427 464 5482 Deus.
502 5426 617 5482 l-loc
641 5436 824 5483 autem
853 5425 1001 5492 ideo,
1033 5425 1155 5496 quia
1188 5440 1410 5482 erucem
1439 5427 1721 5492 sustinuit,
1753 5438 1810 5484 et

221 5534 316 5589 pes
361 5519 480 5588 ejus
518 5520 745 5590 proprio
784 5533 979 5575 cruore
1009 5518 1262 5589 perfusus
1288 5525 1394 5584 est,
1445 5521 1810 5577 clamantibus

222 5620 406 5667 contra
436 5626 560 5666 eum
583 5614 784 5669 Iudaeis
810 5621 976 5684 atque
1004 5612 1307 5668 dicentibus
1337 5630 1348 5664 :
1373 5612 1664 5685 Crucifigc,
1687 5630 1810 5670 cru-

223 5702 376 5773 cilige
406 5719 531 5760 eum
565 5703 745 5777 (Joan.
777 5705 913 5777 xix).
953 5704 1059 5774 Qui
1087 5704 1261 5761 Judaei
1293 5705 1563 5762 stimulati
1596 5707 1818 5764 fuerunt

223 5795 289 5852 ab
336 5796 570 5854 inimicis
599 5798 800 5855 Christi
835 5818 846 5852 :
882 5799 988 5854 hoc
1014 5805 1122 5867 est,
1156 5812 1182 5853 a
1220 5797 1583 5856 diemonibus.
1619 5799 1690 5857 Ut
1717 5817 1814 5856 au-

1912 4687 2392 4758 tympanistriarum
2417 4703 2436 4741 :
2457 4688 2713 4758 quoniam
2737 4699 3010 4743 mortuum
3036 4698 3118 4744 est
3139 4703 3338 4760 corpus
3359 4690 3507 4760 ipso-

1912 4794 2031 4834 rum
2073 4787 2316 4850 peccato.
2358 4779 2426 4834 Et
2453 4779 2616 4835 Maria
2667 4795 2824 4835 soror
2871 4779 3069 4852 Moysi,
3116 4788 3173 4835 et
3211 4780 3390 4836 Aaron
3419 4789 3506 4836 te-

1915 4885 2052 4927 nens
2083 4879 2397 4944 tympanum
2430 4872 2482 4926 in
2513 4870 2724 4934 Exodo,
2748 4871 3110 4926 antecedebat
3132 4871 3429 4942 psallentes
3455 4882 3509 4927 et

1913 4961 2134 5018 dicebat
2164 4981 2177 5017 :
2206 4963 2505 5020 Cantemus
2545 4963 2799 5028 Domino,
2833 4963 3074 5033 gloriose
3103 4964 3246 5018 enim
3292 4963 3516 5052 honori;

1913 5059 2104 5112 licatth
2129 5063 2214 5112 est
2233 5056 2430 5130 (Exod.
2456 5055 2572 5129 xv).
2611 5056 2824 5113 Aliter:
2861 5054 3226 5111 Prmveuerunt
3254 5057 3510 5128 principes

1903 5151 2079 5225 juncti
2100 5151 2442 5222 psallentibus
2456 5152 2508 5204 in
2523 5151 2692 5206 medio
2710 5151 3110 5222 juvencularum
3132 5151 3510 5222 tympanistria-

1912 5259 2047 5298 rum.
2079 5243 2326 5314 Apostoli
2349 5259 2471 5298 eum
2505 5243 2787 5312 Ecclesiis,
2817 5242 3009 5313 jnncto
3040 5244 3240 5314 pariter
3270 5258 3508 5314 princes-

1916 5346 2104 5392 serunt
2133 5335 2328 5406 gradu.
2371 5336 2519 5392 Bene
2559 5351 2656 5391 eos
2697 5335 3032 5406 prmvenisse
3075 5344 3348 5391 testatur:
3385 5337 3510 5407 quia

1918 5427 2188 5502 principes
2220 5427 2341 5485 fidei
2371 5428 2440 5485 de
2467 5429 2668 5485 Judacis
2694 5437 2846 5485 sunt.

1988 5521 2054 5576 In
2085 5519 2334 5577 Ecclesiis
2365 5521 2650 5577 benedicite
2697 5521 2999 5577 Dominum.
3045 5523 3384 5580 Manifestius
3430 5534 3513 5581 est

1918 5616 2158 5681 locutus,
2193 5627 2329 5683 quas
2359 5627 2520 5684 supra
2545 5612 2748 5669 dixerit
2773 5614 3207 5686 tympanistrias.
3234 5615 3513 5673 Dominum

1921 5711 1985 5767 de
2010 5709 2240 5782 fontibus
2267 5706 2460 5764 Israel.
2491 5709 2629 5778 Quia
2656 5709 2804 5765 salus
2825 5725 2892 5766 ex
2920 5709 3122 5768 Juda-is
3145 5719 3230 5769 est
3259 5730 3272 5768 :
3306 5721 3362 5768 et
3390 5712 3517 5772 inde

1922 5805 2095 5876 prima
2119 5800 2386 5858 Ecclesia.
2415 5801 2492 5858 Ex
2518 5801 2932 5860 adumbratione
2950 5805 3094 5861 enim
3120 5804 3300 5879 Legis,
3331 5804 3518 5863 Eccle‘
