4016 6324
484 225 622 283 ιοιί)
1270 224 1613 285 APPENDIX
1652 224 1744 283 AD
1780 222 2024 281 TOMUM
2059 238 2060 244 ‘

2187 222 2413 284 ’TIMUII
2451 225 2513 285 S.
2558 226 2968 291 HIERONYMI.

3645 236 3789 299 1020

481 341 578 403 siue
608 342 857 399 doctrina
888 343 1157 414 processit
1190 359 1203 399 :
1241 343 1295 401 in
1330 356 1435 412 qua
1471 356 1617 397 nunc
1647 341 1946 407 Dominus,
1993 339 2083 410 qui
2113 341 2166 411 Α
2189 337 2478 398 Jeroboam
2508 342 2757 401 adoravit
2785 344 2807 417 (
2833 344 2902 409 III
2944 346 3079 420 Reg.
3111 362 3186 407 xu
3209 347 3254 419 ).
3307 349 3450 421 Ergo
3495 349 3786 415 consilium

483 450 550 493 es
593 434 897 492 Israeliticae
947 436 1133 505 stirpis
1185 435 1483 506 propagine
1534 450 1759 497 carnem
1808 432 2081 504 sttscepit,

488 524 854 585 bencdicilur.

557 615 639 671 Ibi
662 616 956 690 Brnjamin.
988 617 1189 674 Paulus
1215 618 1519 688 aposmlus,
1545 619 1635 689 qui
1664 633 1732 674 ex
1764 617 1907 680 tribu
1935 617 2079 677 Ben-

480 709 653 780 jamin
711 709 1012 766 descendit.
1058 708 1164 777 lbi,
1211 712 1267 767 in
1317 710 1583 767 Ecclesia.
1630 710 2077 771 Adolescentutus.

486 802 827 865 Novissimus
849 802 1088 867 omnium
1113 802 1514 874 apostolorum.
1538 803 1607 865 In
1634 804 1816 861 utentis
1845 820 2078 865 excessu.

482 895 658 964 Quem
692 896 916 966 pertulit
948 898 1001 959 in
1030 898 1356 959 Damascum
1385 914 1508 955 cum
1543 899 1668 963 iret.

557 986 832 1061 Principes
858 990 890 1053 Ι
899 990 1003 1055 uda
1031 991 1186 1049 duces
1210 1007 1404 1051 eorum.
1439 990 1687 1062 Apostoli
1714 1001 1842 1050 sunt
1873 992 2077 1062 princi.

483 1097 579 1153 pes
607 1081 745 1145 Juda
772 1101 785 1140 :
821 1083 925 1143 hoc
950 1093 1034 1139 est
1056 1084 1306 1154 Domini,
1336 1083 1796 1156 quemadmodum
1825 1084 1960 1143 dicit
1986 1084 2078 1143 1a..

479 1176 584 1232 cob
636 1194 650 1231 :
683 1175 842 1242 .Iuda,
891 1186 943 1232 te
983 1176 1281 1241 laudabunt
1322 1178 1517 1233 fratres
1563 1177 1637 1233 tui
1671 1176 1844 1250 (Gen.
1880 1194 2006 1236 xu:
2033 1177 2074 1248 ).

477 1267 735 1338 Zalulon,
766 1277 814 1323 et
846 1269 1104 1343 principes
1146 1270 1470 1340 Nephtalim.
1513 1270 1752 1329 Zubulon
1793 1273 2072 1342 interpre~

477 1373 624 1419 tatur
648 1366 824 1431 fluxus
858 1365 1048 1421 noctis.
1079 1363 1385 1437 Neplttalim
1407 1406 1424 1430 ,
1466 1364 1707 1425 latitudo.
1739 1366 1970 1433 Quando
2008 1365 2076 1429 li.-

479 1456 650 1513 berati
685 1456 948 1517 fuerimus
970 1457 1039 1513 de
1062 1459 1315 1528 passione
1349 1458 1594 1521 libidinis
1623 1477 1636 1514 :
1665 1460 1768 1523 hoc
1792 1468 1894 1529 est,
1928 1459 2075 1519 illius

481 1549 656 1607 ﬂuxus
701 1568 715 1605 :
767 1560 896 1607 tunc
947 1551 1239 1620 incipimus
1288 1552 1601 1613 latitudines
1647 1554 1926 1611 virtutum.
1978 1553 2073 1615 Vel

480 1642 638 1699 aliter
672 1658 687 1700 :
718 1641 995 1715 Principes
1028 1643 1303 1713 Zabulon,
1345 1655 1393 1699 et
1436 1646 1694 1716 principes
1737 1644 2069 1716 Neplttalim,

2187 445 2374 487 eorum
2406 434 2549 504 quod
2575 435 2779 493 habent
2808 445 2868 492 ut
2896 451 3117 494 sanctos
3146 439 3215 495 de
3243 441 3326 494 via
3356 441 3589 512 justitite
3616 454 3788 502 retra-

2187 523 2318 581 hant
2347 541 2363 587 ;
2394 525 2450 583 in
2490 542 2681 584 eorum
2721 528 3012 585 animabus
3042 533 3367 603 requiescat,
3403 533 3566 606 juxta
3606 535 3737 592 illud
3769 554 3785 593 :

2184 615 2409 681 Gladius
2438 634 2630 677 eorum
2663 621 2832 679 intret
2864 623 2916 678 in
2947 637 3048 679 cor
3073 624 3354 695 ipsorum,
3387 633 3447 682 ut
3468 626 3523 683 bi
3559 643 3670 685 non
3698 643 3786 686 ex-

2184 709 2472 769 cludantur
2501 728 2532 769 a
2560 728 2731 784 regno
2762 714 2881 786 Dei,
2917 715 3012 787 qui
3048 731 3148 788 per
3174 718 3370 775 multas
3405 720 3786 783 tribulationes

2185 811 2456 876 tamquam
2486 816 2775 878 argentum
2807 808 3047 881 probati,
3078 809 3287 867 inventi
3318 820 3446 868 sunt
3463 814 3625 884 justi.
3661 814 3785 875 Tale

2182 897 2471 959 consilium
2502 900 2837 972 praevidt-hat
2858 900 3028 965 Jacob
3049 917 3172 959 cum
3201 902 3451 964 diceret:
3478 905 3535 967 In
3557 908 3786 968 consilio

2180 1004 2371 1055 eorum
2397 1008 2507 1050 non
2534 993 2772 1051 introeat
2797 994 2978 1055 anima
3002 1010 3121 1055 mea
3152 994 3313 1069 (Gen.
3342 999 3523 1073 xm).

2253 1082 2467 1159 Dissipa
2512 1096 2690 1159 gentes
2732 1103 2848 1161 quis
2889 1087 3027 1145 bella
3074 1087 3277 1145 uolunt.
3326 1090 3660 1163 Ilmreticos,
3702 1094 3784 1155 vel

2178 1177 2417 1241 Judznos.
2457 1180 2548 1248 qui
2581 1180 2911 1251 plerumque
2931 1192 3125 1239 contra
3152 1181 3460 1241 Ecclesiam
3491 1187 3785 1246 certamina

2180 1279 2394 1334 parant.
2428 1270 2645 1329 Venient
2682 1273 2839 1345 legati
2869 1290 2933 1329 ea:
2956 1273 3195 1348 gypto
3227 1291 3245 1330 :
3278 1275 3559 1349 As'thiopia
3588 1295 3783 1349 prtere-

2177 1365 2281 1421 niet
2308 1381 2491 1420 manus
2518 1367 2632 1439 ejus
2670 1364 2807 1423 Deo.
2842 1364 2902 1422 In
2931 1367 3378 1425 tribulationibus
3406 1384 3472 1425 ac
3499 1372 3785 1428 erroribus

2178 1456 2510 1515 idololatria:
2554 1458 2761 1529 positi,
2793 1458 2879 1515 vel
2906 1458 3002 1531 qui
3037 1463 3275 1531 peccatis
3311 1462 3449 1532 nigri
3483 1463 3603 1520 sive
3633 1472 3785 1521 tene-

2177 1551 2325 1611 brosi
2355 1563 2483 1609 sunt
2516 1568 2530 1607 :
2567 1551 2859 1611 credentes
2896 1552 3041 1625 quod
3080 1553 3331 1615 Christus
3370 1554 3636 1613 Dominus
3667 1558 3783 1628 ipse

2175 1654 2260 1702 est
2307 1646 2448 1702 Deus
2492 1645 2668 1703 Filius
2721 1646 2816 1703 Dei
2862 1663 2877 1700 :
2925 1645 3166 1703 oﬂ'erunt
3201 1648 3251 1703 ei
3300 1664 3551 1717 munera,
3606 1650 3658 1705 id
3700 1661 3782 1713 est

481 1735 700 1790 Petrum
713 1746 771 1793 et
798 1737 1067 1795 Andream
1089 1737 1459 1808 aposmlorum
1487 1739 1760 1810 principes
1777 1748 2076 1801 monstrat;
2107 1740 2155 1803 Β
2182 1745 2392 1795 mentes
2421 1754 2609 1811 puras,
2640 1753 2777 1799 auro
2806 1747 3145 1811 argentoque
3176 1739 3509 1809 Incidiores;
3540 1741 3666 1812 quia
3692 1742 3781 1801 ubi

477 1830 568 1900 qui
596 1830 648 1887 in
671 1829 1038 1886 crassitudine
1062 1832 1437 1901 tenebrarum,
1460 1832 1603 1891 illius
1630 1833 1805 1897 lucem
1823 1848 2071 1906 magnam

478 1922 901 1987 annuntiantes,
954 1922 1209 1981 doctores
1246 1932 1375 1981 sunt
1416 1924 1698 1997 Evangelii
1751 1927 2070 1998 constituti,

471 2014 625 2086 juxta
671 2015 804 2075 illttd
840 2033 855 2076 :
883 2017 1055 2074 Terra
1083 2018 1344 2087 Zabulou,
1366 2030 1421 2081 et
1451 2030 1597 2079 terra
1625 2022 1954 2094 Nepbtalim.
1983 2025 2072 2087 via

476 2108 645 2163 maris
666 2117 818 2165 trans
842 2108 1137 2169 Jordanem
1164 2111 1409 2173 Galilteze
1433 2115 1700 2184 gentium,
1724 2116 1955 2188 populus
1976 2117 2071 2189 qui

473 2199 699 2261 sedebat
722 2202 775 2263 in
795 2203 1060 2274 tenebris,
1075 2205 1215 2261 vidit
1235 2205 1411 2267 lucem
1432 2223 1683 2283 magnam
1705 2209 1850 2283 (lsa.
1866 2226 1991 2269 thx
2022 2210 2065 2284 ).

547 2291 771 2356 Munda.
793 2294 950 2363 Deus,
967 2297 1145 2351 virtuti
1162 2306 1282 2353 tute.
1300 2297 1378 2354 Cb
1387 2299 1518 2357 risto
1530 2308 1639 2361 tuo.
1659 2299 1921 2371 Con/ima
1942 2302 2061 2375 hoc,

473 2384 635 2452 Deus,
665 2387 808 2458 quod
851 2397 1093 2459 operatus
1119 2406 1171 2444 es
1201 2390 1257 2444 in
1282 2391 1447 2447 nobis.
1481 2390 1546 2451 Ut
1572 2391 1778 2453 donum
1810 2393 2065 2465 baptismi

471 2477 618 2551 quod
662 2478 926 2546 contulit,
975 2480 1212 2552 Spiritus
1247 2483 1420 2541 sancti
1452 2483 1726 2541 infusione
1754 2489 2063 2547 confirmet.

472 2570 737 2644 Con/irrita
748 2574 865 2642 hoc,
882 2575 1044 2644 Deus,
1067 2583 1203 2646 quod
1226 2581 1518 2651 aperutusje
1528 2582 1611 2636 sin
1623 2583 1768 2638 nobis
1790 2600 1811 2640 :
1833 2585 1938 2647 hoc
1956 2596 2064 2657 est,

392 2712 403 2723 .
471 2667 715 2724 salutare
752 2670 897 2741 quod
937 2668 1153 2726 donasti
1205 2672 1364 2729 nobis
1412 2687 1509 2745 per
1558 2682 1705 2731 tuam
1753 2675 2064 2747 passionem

468 2760 752 2832 conﬁrma,
779 2771 837 2823 et
862 2762 930 2821 da
956 2763 1249 2835 auxilium,
1283 2767 1538 2835 quoniam
1569 2767 1821 2829 homines
1847 2783 2062 2842 sumus,

470 2861 524 2911 et
577 2868 686 2909 nou
738 2868 1028 2924 possumus
1085 2857 1343 2915 incedere
1391 2860 1445 2923 in
1477 2860 1797 2932 virtutibus,
1851 2864 1896 2923 si
1951 2879 2062 2929 non

468 2942 648 3013 adepti
681 2944 943 3002 fuerimus
980 2947 1240 3005 auxilium
1274 2956 1449 3007 tuum.

542 3037 585 3090 A
615 3038 805 3108 templo
837 3048 929 3093 tuo
965 3039 1105 3111 quod
1134 3050 1208 3095 est
1236 3042 1289 3095 in
1319 3042 1616 3105 Jerusalem
1654 3062 1674 3101 :
1707 3046 1799 3107 tibi
1845 3046 2063 3116 offeram

2175 1830 2469 1893 abundavit
2486 1840 2791 1903 peccatum,
2817 1830 3282 1901 superabundavit
3300 1833 3470 1903 gratia
3492 1832 3672 1905 (Rom.
3696 1835 3777 1907 ν).

2248 1922 2430 1995 Regna
2455 1932 2628 1992 terra,
2647 1932 2849 1981 cantate
2871 1921 3006 1991 Deo,
3035 1923 3247 1993 psallite
3266 1920 3510 1981 Domino.
3540 1926 3647 1983 Vos
3676 1928 3777 1981 uti-

2174 2031 2279 2088 que
2307 2018 2398 2090 qui
2445 2016 2597 2089 prius
2630 2026 2911 2073 terrenum
2945 2031 3171 2087 regnum
3213 2015 3508 2089 diligentes
3556 2018 3773 2092 ignora-

2174 2110 2317 2173 batis
2355 2110 2569 2169 Deum:
2611 2124 2753 2167 nunc
2787 2108 2966 2171 evicto
3013 2110 3218 2173 carnali
3268 2109 3476 2180 livore,
3527 2112 3771 2175 cmleStia

2175 2217 2341 2272 regna
2375 2212 2595 2272 penetra
2604 2201 2694 2259 tis.

2243 2293 2466 2351 Psallite
2493 2292 2601 2350 Deo
2628 2294 2717 2364 qui
2744 2296 2979 2349 ascendit
3003 2310 3159 2369 super
3180 2293 3337 2351 cmlos
3364 2293 3481 2351 mli
3505 2296 3575 2351 ad
3605 2297 3770 2352 arieti.

2172 2395 2290 2441 tem.
2322 2386 2402 2447 Illi
2445 2386 2629 2457 utique
2655 2386 2745 2457 qui
2794 2385 3067 2459 quondam
3110 2388 3303 2445 mortis
3333 2401 3532 2447 occasu
3576 2403 3766 2449 ascen-

2169 2480 2324 2537 derat
2352 2480 2406 2539 in
2436 2495 2696 2547 crucem,
2752 2482 3000 2537 invectus
3039 2490 3123 2535 est
3163 2497 3307 2537 nunc
3344 2496 3510 2551 super
3539 2481 3715 2539 sidera
3745 2525 3762 2553 ,

2169 2574 2453 2644 victorque
2485 2574 2680 2631 mortis
2707 2572 2907 2630 residet
2937 2574 3231 2644 gloriosus.
3262 2573 3342 2630 Ad
3373 2575 3640 2633 orientem
3671 2592 3762 2632 au-

2168 2672 2276 2722 tem
2311 2682 2482 2735 uscgne
2514 2685 2527 2721 :
2560 2668 2679 2721 sive
2713 2668 2837 2736 quia
2868 2667 2983 2736 ipse
3010 2665 3209 2723 Oriens
3250 2667 3322 2723 sit
3358 2666 3539 2723 dictus
3585 2685 3598 2722 :
3646 2668 3760 2725 sive

2165 2758 2289 2830 quia
2318 2773 2415 2833 per
2438 2773 2560 2814 eum
2590 2772 2785 2814 omnes
2810 2759 3057 2815 oriantur
3083 2758 3149 2813 ad
3174 2760 3364 2819 vitam.

2239 2848 2373 2907 Ecce
2392 2850 2532 2909 dabit
2555 2851 2666 2906 coci
2690 2865 2800 2907 sua!
2816 2867 2989 2909 vocem
3015 2851 3220 2907 uirtutis
3243 2868 3372 2909 sum.
3391 2850 3524 2911 Voci
3546 2851 3762 2908 Domini

2168 2953 2297 3000 tunc
2325 2943 2550 3003 dabitur
2579 2957 2683 2998 vox
2716 2942 2957 3014 virtutis,
2987 2958 3109 2999 cum
3142 2942 3287 3016 quod
3321 2943 3567 3021 praecipit
3591 2943 3760 3001 efﬁci-

2164 3045 2252 3096 tur
2282 3053 2295 3091 :
2325 3051 2487 3110 quam
2518 3036 2721 3097 mortui
2760 3051 2884 3091 cum
2927 3034 3227 3105 audierint,
3278 3045 3583 3108 resurgent.
3629 3035 3759 3095 Date

462 3144 605 3199 reges
633 3146 868 3186 munera.
905 3131 1077 3203 [teges
1105 3132 1269 3201 dicit,
1296 3134 1388 3208 qui
1418 3147 1645 3207 regnant
1672 3137 2052 3213 sibimetipsis,
2081 3130 2126 3201 Ω
2159 3127 2381 3201 gloriam
2412 3126 2520 3183 Deo
2548 3143 2704 3201 super
2733 3125 2928 3183 Israel.
2961 3126 3128 3198 Magis
3157 3126 3327 3185 Deum
3358 3142 3521 3199 quam
3557 3142 3754 3183 Carna-

464 3220 763 3277 secundum
792 3223 933 3295 quod
958 3226 1220 3297 scriptum
1245 3236 1359 3282 est:
1384 3228 1490 3283 Cor
1519 3230 1663 3300 regis
1692 3230 1745 3291 iu
1773 3246 1932 3288 manu
1958 3231 2056 3301 Dei

468 3311 665 3385 (Prov.
702 3324 821 3387 sit).
852 3316 956 3388 Ipsi
986 3316 1218 3375 offerent
1244 3321 1356 3375 Deo
1380 3336 1625 3381 munera.
1662 3322 1907 3387 Virtutes
1930 3340 2059 3391 san-

464 3417 700 3476 ctoruin,
729 3424 955 3465 munera
984 3418 1115 3467 sunt
1156 3413 1270 3467 I‘lei.
1297 3410 1397 3469 Vel
1424 3429 1453 3468 a
1483 3416 1684 3484 templo
1726 3416 1820 3479 illo
1860 3431 2060 3488 corpov

467 3497 589 3567 rali,
620 3500 762 3569 quod
797 3500 938 3556 bene
966 3503 1199 3557 vivendo
1225 3515 1471 3557 sanctum
1505 3504 1773 3575 fecerunt,
1803 3509 1974 3579 Reges
2002 3509 2058 3573 in

464 3590 659 3662 quibus
704 3602 987 3664 peccatum
1038 3594 1174 3651 ultra
1209 3612 1317 3650 non
1350 3608 1557 3667 regnat,
1585 3597 1823 3663 oﬂ'erent
1851 3601 1903 3661 in
1945 3616 2058 3665 ραις

462 3685 583 3767 festi
605 3688 937 3759 Jerusalem,
963 3684 1085 3760 quae
1108 3702 1194 3753 est
1223 3690 1625 3763 pritnitivorunt
1644 3693 1915 3760 Ecclesia,
1938 3711 2058 3755 tnu-

465 3793 593 3834 nera
618 3786 728 3851 regi
752 3792 959 3838 aeterno
985 3798 999 3835 :
1027 3781 1239 3840 scilicet
1260 3786 1473 3857 seipsus
1493 3785 1790 3845 olfercntes
1816 3786 2052 3849 bnstiam

459 3871 660 3937 vivam,
685 3874 987 3944 placentem
1011 3875 1124 3933 Deo
1154 3878 1205 3932 in
1228 3888 1584 3950 conspectum
1612 3882 1856 3943 omnium
1889 3898 2055 3955 ange-

461 3966 659 4021 lorum.

535 4056 757 4129 lncrepa
798 4060 986 4117 bestias
1025 4063 1234 4123 calami.
1270 4063 1465 4120 Bestiae
1505 4064 1731 4135 calami,
1772 4066 2055 4133 daemones

460 4160 605 4219 sunt,
639 4150 843 4223 fragilis
866 4152 1205 4225 inﬁrmaeque
1231 4154 1467 4215 virtutis.
1502 4154 1602 4213 Vel
1631 4156 1871 4217 bteretici
1901 4167 2052 4231 sunt,

459 4245 549 4316 qui
576 4254 836 4313 tractant,
866 4256 921 4305 et
947 4247 1192 4307 scribunt
1219 4260 1407 4305 contra
1444 4258 1499 4307 te
1525 4260 1582 4307 ut
1610 4251 1886 4321 decipiant
1926 4266 2050 4311 nos.

456 4335 689 4407 Oportet
716 4337 861 4395 enim
901 4348 957 4394 et
983 4339 1217 4399 Increses
1250 4355 1372 4399 esse
1412 4342 1467 4401 in
1499 4343 1682 4401 nobis.
1705 4342 1862 4403 Ferte
1901 4344 2050 4401 enim

456 4428 713 4485 dicuntur
740 4430 809 4485 ab
837 4446 905 4489 eo
933 4433 1075 4504 quod
1104 4436 1327 4507 eapinnt
1352 4437 1583 4507 animas,
1612 4445 1671 4499 et
1692 4438 2045 4501 interficiunt.

2161 3225 2267 3280 lem
2291 3221 2455 3279 Israel
2474 3221 2761 3279 honorate.
2789 3221 3126 3278 Aliter:Non
3150 3221 3338 3295 labiis,
3364 3234 3419 3277 ut
3448 3222 3636 3289 Israel,
3662 3220 3756 3283 sed

2158 3311 2324 3375 cerdo
2353 3312 2622 3369 honorate
2648 3312 2841 3368 Deum.

2232 3403 2628 3479 Hagni/iccntia
2675 3408 2827 3481 ejus,
2870 3418 2916 3460 et
2957 3404 3126 3461 virtus
3169 3407 3282 3480 ejus
3332 3406 3385 3460 in
3428 3404 3669 3459 nubibus.
3701 3402 3756 3460 In

2157 3498 2424 3568 apostolis
2443 3508 2501 3557 et
2521 3498 2828 3576 prophetis.
2861 3498 3013 3555 Unde
3040 3499 3213 3555 dicit:
3248 3498 3491 3557 Mandavi
3525 3500 3757 3557 nubibus

2160 3594 2328 3655 meis,
2362 3601 2417 3648 ut
2448 3595 2634 3663 pluant
2660 3608 2828 3662 super
2856 3593 3020 3648 Israel
3052 3594 3282 3651 imbrem
3316 3592 3474 3666 (Isai.
3508 3593 3587 3667 ν).

2232 3684 2493 3743 Mirabilis
2520 3683 2665 3741 Deus
2686 3686 2740 3745 in
2766 3687 2962 3743 sanctis
2990 3687 3124 3744 suis.
3155 3686 3212 3743 In
3244 3687 3347 3742 hoc
3376 3686 3644 3747 mirabilis
3672 3695 3758 3743 est

2156 3778 2302 3836 Deus
2329 3780 2626 3853 :quoniatn
2657 3781 2730 3837 ita
2754 3780 2950 3841 dilexit
2972 3780 3269 3841 humanum
3298 3798 3494 3854 genus,
3523 3792 3581 3838 ut
3603 3782 3755 3854 signa

2157 3870 2317 3929 faciat
2355 3872 2410 3930 in
2447 3875 2651 3933 sanctis
2690 3877 2823 3931 suis.
2872 3874 2931 3931 In
2966 3875 3088 3932 istis
3132 3878 3308 3949 magis
3351 3876 3625 3933 mirabilis
3671 3886 3756 3935 est

2159 3964 2302 4025 Deus
2359 3981 2521 4037 quam
2575 3967 2628 4023 in
2677 3969 2896 4025 cieteris
2952 3969 3244 4034 creaturis,
3302 3970 3446 4045 quod
3491 3984 3587 4025 eos
3636 3977 3754 4041 post

2158 4056 2360 4113 multas
2395 4058 2773 4116 tribulationcs
2824 4062 3010 4117 evexit
3056 4062 3110 4119 in
3154 4061 3547 4121 sublimitatem
3591 4065 3755 4120 ctelo-

2156 4164 2296 4205 rum.
2330 4148 2468 4205 Deus
2511 4147 2680 4207 Israel
2719 4151 2829 4225 ipse
2864 4152 3008 4207 dabit
3037 4153 3278 4209 virtutem
3314 4164 3363 4209 et
3391 4155 3749 4229 fortitudinem

2154 4240 2290 4309 plebi
2318 4257 2446 4299 sutc.
2481 4242 2562 4297 Ad
2604 4242 2919 4305 tolerandas
2968 4245 3252 4319 passiones
3298 4247 3633 4315 mundanas,
3663 4248 3751 4309 vel

2154 4333 2472 4403 spirituales
2516 4337 2803 4408 nequitias.
2848 4336 3164 4397 Benedictus
3211 4338 3376 4401 Deus.
3422 4342 3525 4411 Qui
3580 4359 3677 4397 nos
3718 4357 3746 4397 a

2154 4436 2329 4485 morte
2361 4427 2414 4483 in
2455 4428 2657 4498 vitam,
2704 4445 2734 4485 a
2782 4432 3137 4505 corruptione
3183 4434 3234 4489 in
3280 4434 3747 4508 incorruptionem

459 4519 554 4577 Vel
588 4520 816 4599 increpa
850 4524 995 4583 feras
1021 4526 1305 4584 arundinis
1337 4546 1352 4587 ;
1382 4528 1697 4591 .Iudzeornm
1744 4531 2045 4597 belluinatn

2189 4529 2434 4577 emutare
2464 4520 2741 4595 dignetur,
2773 4531 2831 4579 ut
2860 4525 3064 4583 sanctis
3103 4526 3221 4595 ejus
3267 4526 3557 4599 participes
3583 4528 3705 4583 facti
3728 4568 3744 4593 ,

455 4616 784 4685 superbiam.
828 4617 1171 4693 Cougregatio
1216 4632 1484 4685 taurorum
1526 4626 1580 4681 in
1617 4628 1784 4689 vaccis
1825 4629 2050 4702 populor-

453 4724 592 4763 runr.
624 4708 777 4779 Ipsos
802 4709 1093 4768 hirreticos
1118 4714 1429 4786 significat:
1456 4719 1578 4789 quia
1608 4720 1885 4785 neminem
1917 4734 2047 4792 pus-

454 4809 578 4857 sunt
606 4800 863 4873 decipere
889 4802 993 4861 nisi
1024 4804 1413 4877 simpliciores,
1446 4821 1502 4865 et
1542 4824 1777 4881 partes:
1808 4810 1909 4875 hoc
1938 4821 2046 4881 est,

456 4910 647 4953 vaccas
668 4896 931 4961 minores.
959 4899 1170 4961 Tauros
1191 4902 1340 4959 enim
1364 4920 1471 4959 non
1498 4914 1724 4975 possunt
1746 4905 2003 4976 decipere
2026 4922 2043 4965 :

455 4985 558 5045 huc
577 5000 683 5055 est,
706 5005 954 5063 magnos.
973 4991 1043 5048 Ut
1065 4993 1344 5057 excludant
1361 5012 1445 5051 eos
1465 4997 1554 5067 qui
1581 4998 1787 5070 probati
1815 5010 1933 5053 sunt
1960 5014 2048 5052 ar-

452 5091 623 5154 gento.
656 5084 724 5145 Et
744 5095 1034 5157 propterea
1066 5086 1431 5159 simpliciores
1449 5089 1730 5160 decipiunt
1763 5106 1778 5148 :
1807 5089 1912 5151 bac
1938 5100 2045 5164 est,

454 5176 895 5249 multitudinem,
950 5187 1016 5234 ut
1062 5181 1282 5235 veniant
1335 5197 1505 5252 usque
1559 5181 1627 5241 ad
1682 5194 1940 5253 sanctos,
1995 5191 2052 5245 ct

454 5268 751 5329 excludant
765 5284 859 5325 eos
876 5270 946 5326 de
963 5286 1133 5342 regno
1156 5272 1448 5335 calorum.
1466 5272 1561 5333 Vel
1591 5276 1643 5335 in
1671 5275 1861 5342 lauris,
1879 5275 2049 5339 duces

452 5357 774 5415 Judtenrum
808 5377 823 5416 :
854 5363 943 5433 qui
994 5366 1435 5434 persecutionem
1474 5368 1526 5422 in
1557 5367 1849 5433 Dominum
1877 5370 1962 5433 vel
1992 5371 2046 5426 in

452 5463 673 5511 sanctos
723 5455 842 5525 ejus
890 5456 1233 5527 intulerunt,
1282 5459 1486 5517 indicat
1515 5478 1530 5520 :
1563 5472 1621 5523 ut
1668 5462 1851 5523 illud:
1884 5463 2050 5525 Tauri

453 5545 684 5619 pingues
714 5547 1051 5605 obsederunt
1079 5568 1167 5608 me
1211 5553 1229 5622 (
1254 5551 1402 5611 Psal.
1429 5570 1519 5612 ut
1544 5555 1584 5627 ).
1615 5555 1675 5623 In
1706 5556 1889 5621 vaccis
1918 5572 2050 5617 vero

452 5642 655 5699 stultas
696 5642 880 5712 populi
908 5644 1189 5716 sequentis
1230 5647 1443 5711 animas
1485 5647 1847 5717 demonSIrat.
1891 5649 2049 5722 Quod

452 5731 527 5790 ibi
573 5732 903 5806 ostenditur,
938 5751 1064 5797 cum
1087 5752 1279 5803 vaccas
1321 5754 1519 5805 aureas
1565 5742 1619 5811 in
1659 5743 1903 5811 Samatia
1941 5745 2048 5813 sub

2151 4614 2504 4687 sempiternis
2533 4615 2585 4671 in
2613 4630 2744 4675 eum
2770 4617 2983 4688 gaudiis
3014 4618 3372 4677 exsultcmus.
3410 4619 3605 4675 Amen.

2654 4788 2732 4846 PS
2746 4789 2971 4848 ALMUS
3011 4791 3244 4849 LXVIII.

2150 4898 2214 4954 In
2239 4899 2401 4981 ﬁnem
2448 4916 2543 4981 pro
2574 4900 2655 4956 his
2683 4903 2792 4981 _qui
2833 4906 3309 4981 cornmutabttntuf,
3355 4907 3603 4981 Paulinus
3647 4908 3744 4981 ipsi

2228 4972 2413 5025 David.
2445 4972 2550 5027 Iste
2584 4972 2824 5046 psalmus
2854 4976 2922 5030 de
2957 4980 3210 5046 passione
3239 4972 3444 5035 Christi
3476 4972 3740 5045 simitfet

2223 5058 2287 5098 ex
2324 5058 2550 5111 persona
2581 5044 3198 5118 membrorumsuorum
3232 5064 3248 5102 :
3283 5052 3408 5105 licet
3438 5044 3655 5118 quidam
3688 5051 3739 5104 iit

2221 5127 2288 5169 eo
2327 5124 2519 5193 putent
2556 5117 2863 5193 eihminiute
2889 5119 3209 5193 convenire,
3241 5118 3349 5175 Pro
3379 5117 3463 5176 bis
3488 5124 3578 5193 qui
3604 5137 3741 5175 rom-

2223 5185 2575 5263 rnutgbuntur.
2604 5185 2975 5263 Ctttnntutavit
2996 5205 3056 5249 se
3076 5185 3327 5247 Christus
3355 5209 3369 5247 :
3401 5185 3529 5248 dum
3562 5207 3739 5263 xequa-

2228 5255 2294 5310 lis
2333 5256 2479 5315 Patri
2525 5265 2692 5333 erat,_
2716 5261 3132 5333 furittamservi
3174 5264 3471 5333 accipiens.
3507 5264 3599 5318 νει
3629 5255 3742 5317 'nns

2225 5336 2624 5405 contunduntur
2662 5329 2731 5384 de
2775 5329 3091 5405 infidelitate
3134 5334 3199 5387 ad
3246 5329 3404 5405 fidem
3440 5337 3645 5405 tiquia,
3686 5342 3741 5405 ut

2224 5398 2487 5470 diximus,
2531 5401 2634 5455 iste
2689 5400 2931 5470 psalmus
2955 5418 3143 5458 vncent
3186 5404 3429 5461 euntittel
3475 5398 3740 5460 Dutuinici

2222 5468 2462 5535 hominis
2492 5468 2765 5535 venientis
2787 5472 2857 5531 ad
2888 5476 3219 5545 passionem.

2222 5649 2438 5709 Salvum
2478 5667 2558 5707 me
2578 5652 2685 5725 fac,
2715 5651 2856 5717 Deus
2897 5668 2916 5708 :
2948 5653 3196 5726 quoniam
3235 5655 3556 5719 intraverunt
3595 5669 3741 5727 aqua

2149 5761 2316 5820 usque
2334 5745 2403 5802 ad
2426 5749 2658 5811 animata
2680 5761 2861 5807 etcum.
2888 5744 3111 5815 Salvam
3128 5760 3252 5807 eam
3273 5744 3518 5817 Patrem,
3545 5761 3742 5807 secun-

3983 478 4012 1147 ‘

3996 1834 4011 2025 l

4002 2046 4014 2229 l

3998 2396 4014 2901 ἓ
