4010 6324
213 241 366 305 1021

1180 243 1613 303 BREVIARJUM
1651 245 1717 303 IN
1755 247 2088 306 PSALMOS.
2130 248 2376 307 PSALM.
2421 250 2653 308 ωινιιι.

3393 253 3535 317 1092

212 354 361 412 dum
411 357 749 419 inﬁrmitatis
788 360 1159 421 conditionem
1212 362 1458 432 postulat
1503 380 1517 419 :
1565 364 1827 433 quoniam
1855 367 1911 428 Α
1932 366 2290 436 exprobrant,
2320 367 2449 440 quia
2474 368 2569 440 qui
2602 383 2710 425 non
2733 369 3153 437 ereditFilinm,
3182 383 3289 427 nec
3312 369 3529 429 Patrem

212 451 452 522 quidem
488 462 667 510 motus
698 456 879 527 populi
910 456 1190 513 saevientis
1210 456 1492 513 irruerunt
1517 457 1572 512 in
1604 472 1753 514 eum.

210 598 219 604 .
299 544 513 610 Inﬁxae
537 548 729 605 suntin
752 548 878 607 limo
898 549 1178 622 profundi.
1202 547 1260 604 In
1282 549 1568 606 veteribus
1591 551 1832 621 peccatis

1936 457 2120 514 habet.

2007 550 2204 624 θρανιιὶ
2253 554 2308 607 in
2330 554 2542 626 jejunio
2571 554 2806 610 animum
2841 572 3031 622 meant,
3058 564 3108 611 et
3150 555 3346 627 factum
3376 564 3453 613 est
3479 555 3534 615 in

207 639 390 710 hujus
422 642 629 711 populi.
658 640 728 701 Et
750 658 855 700 non
875 652 947 698 est
977 642 1293 698 substantia.
1315 642 1422 698 Per
1446 657 1611 714 quam
1634 643 1853 701 exinde
1933 645 2268 717 opprobrium
2291 645 2445 700 mihi.
2470 647 2837 719 Opprobrium
2869 649 3014 705 enim
3054 648 3105 705 ei
3133 648 3338 706 inferre
3367 663 3534 708 conas

212 733 454 788 evadam
482 749 500 789 :
529 734 641 790 nisi
673 744 725 790 tu
756 736 955 792 salvos.

308 822 439 880 Veni
481 826 537 881 in
581 826 912 887 altitudinem
953 830 1137 886 maris.
1166 829 1223 884 in
1279 830 1606 900 profundum
1642 831 1827 887 surculi

214 915 413 973 istius.
437 916 507 973 Et
528 929 803 990 tempestas
832 923 1073 981 demersit
1099 939 1211 980 me:
1227 925 1466 995 procella
1487 924 1824 982 Judteorum.

299 1011 560 1073 Laboran
588 1015 825 1073 clamans
856 1034 876 1074 :
907 1034 1083 1074 rauca:
1112 1019 1264 1089 facta:
1289 1029 1407 1074 sunt
1452 1024 1631 1091 fauces
1674 1036 1823 1076 mea.

211 1106 381 1167 Licet
407 1126 435 1164 a
471 1111 850 1180 peccatoribus
878 1122 1141 1185 urgeatur
1170 1133 1180 1166 :
1208 1115 1449 1169 clamare
1478 1104 1659 1170 tamen
1682 1114 1828 1170 salu-

214 1202 368 1257 taria
413 1214 675 1275 praecepta
727 1220 837 1263 non
889 1208 1113 1265 desinit.
1171 1207 1479 1280 Defecerunt
1521 1211 1660 1264 oculi
1701 1210 1819 1277 mei,

210 1297 351 1355 dum
378 1313 530 1370 spero
556 1302 609 1355 in
641 1300 811 1356 Deum
837 1318 1026 1357 meum.
1061 1302 1370 1359 Secundum
1396 1302 1823 1359 imbecillitatem

209 1392 439 1455 carnis.
481 1395 727 1463 speravit
753 1403 815 1449 ut
851 1395 921 1451 ab
949 1410 1017 1450 eo
1060 1395 1201 1451 calix
1240 1396 1344 1451 iste
1385 1396 1678 1463 transiret;
1725 1395 1823 1452 sed

208 1482 522 1543 secundum
566 1484 908 1542 divinitatem
957 1487 1212 1559 implevit
1243 1486 1578 1543 voluntatem
1619 1487 1820 1545 Patris.

199 1614 209 1625 .
292 1575 640 1646 Multiplicati
660 1589 780 1634 sunt
801 1596 959 1652 super
987 1580 1211 1652 capillos
1230 1581 1416 1650 capitis
1435 1581 1560 1649 mei,
1582 1581 1670 1649 qui
1699 1580 1824 1636 ode—

205 1677 349 1735 runt
372 1684 452 1725 me
470 1670 655 1740 gratis.
682 1667 978 1743 Confortati
1005 1683 1150 1741 sunt,
1180 1680 1288 1728 etc.
1313 1671 1440 1728 ldco
1461 1686 1626 1742 super
1651 1673 1820 1743 capil-

1932 736 2092 792 hatur
2122 753 2137 793 :
2164 751 2290 793 cum
2318 747 2538 795 tentans
2565 755 2690 795 eum
2714 741 2948 798 Satanas
2967 741 3044 805 ait
3069 757 3083 798 :
3113 740 3213 798 Dic
3240 752 3297 797 ut
3322 741 3536 813 lapides

1929 829 2021 886 isti
2077 846 2247 901 panes
2274 831 2409 888 ﬁant
2456 832 2676 905 (Matth.
2706 837 2805 906 tv).
2858 834 2956 891 Vel
3006 835 3225 908 quando
3277 836 3531 903 dixerunt

1930 920 2184 991 discipuli
2220 940 2236 981 :
2270 922 2469 990 Rabbi,
2516 925 2805 989 manduca.
2842 925 2941 982 Ille
2982 925 3120 982 dixit
3147 943 3166 985 :
3198 925 3313 999 Ego
3341 928 3526 985 cibum

1931 1014 2110 1071 habeo
2140 1016 2474 1074 manducare
2523 1034 2686 1089 quem
2714 1034 2813 1075 vos
2840 1020 3069 1077 nescitis
3098 1020 3280 1092 (Joan.
3332 1021 3431 1096 tv).
3469 1024 3535 1085 Et

1930 1109 1983 1163 in
2035 1109 2142 1164 alio
2189 1109 2308 1165 loco
2337 1125 2354 1164 :
2381 1108 2697 1180 Operamini
2746 1111 2930 1167 cibum
2962 1128 3071 1167 non
3101 1114 3194 1184 qui
3225 1114 3399 1184 perit,
3428 1113 3527 1175 sed

1927 1203 2019 1272 qui
2048 1213 2334 1271 permanet
2356 1203 2411 1258 in
2440 1203 2602 1258 vitam
2634 1214 2897 1263 mternam
2921 1203 3109 1273 (Joan.
3140 1205 3241 1277 vt).
3266 1206 3374 1263 Sed
3398 1220 3528 1266 esu-

1928 1296 2105 1352 riebat
2124 1294 2375 1352 Christus
2402 1297 2633 1353 salutem
2659 1296 2885 1353 humani
2910 1299 3150 1369 generis.
3199 1298 3293 1356 Vel
3315 1301 3526 1357 eaut-ie.

1928 1389 2206 1446 lmtlidem
2251 1389 2512 1446 Ecclesia:
2543 1407 2560 1445 :
2588 1391 2715 1460 quia
2775 1390 2982 1451 nullum
3036 1392 3216 1448 cibum
3248 1406 3278 1447 a
3327 1391 3527 1450 Iudaeis

1935 1483 2268 1543 inveniebat.

1998 1574 2165 1630 Posui
2178 1576 2531 1631 vestimentum
2552 1591 2718 1630 munt
2738 1573 2993 1643 cilicium,
3020 1584 3071 1632 et
3095 1576 3268 1645 factus
3283 1592 3397 1633 sum
3415 1576 3525 1633 illis

1925 1669 1977 1721 in
1994 1667 2316 1740 parabolam,
2333 1668 2389 1724 ltt
2404 1683 2566 1725 succo
2581 1670 2758 1725 luctus
2770 1668 3078 1725 ostenditur
3093 1670 3176 1725 vel
3193 1666 3351 1725 ﬁctus
3371 1684 3387 1726 :
3411 1684 3522 1741 quo

205 1760 305 1825 ius
330 1760 529 1832 capitis
553 1764 678 1827 mei,
716 1763 1148 1834 multiplicantur
1184 1774 1348 1836 atque
1395 1764 1772 1823 eettt‘ortantur
1806 1783 1818 1819 :
1857 1763 1899 1824 Β
1929 1760 1982 1815 ἰιι
2002 1771 2177 1817 morte
2194 1760 2557 1829 Lazariusus,
2578 1764 2632 1823 in
2655 1763 2968 1834 parabolam
2992 1762 3168 1819 lactus
3186 1762 3520 1831 estludreis,

204 1855 349 1925 .quia
398 1869 618 1927 semper
657 1857 835 1927 major
865 1866 952 1919 est
996 1860 1301 1930 iniquorum
1349 1875 1612 1917 numerus
1658 1875 1819 1931 quam

204 1946 510 2017 jnstorum.
539 1948 670 2017 Quw
689 1967 795 2009 non
815 1952 971 2022 rapui
995 1961 1135 2019 tunc,
1161 1954 1503 2013 exsolvebam.
1529 1953 1647 2011 Non
1672 1955 1820 2010 enim

206 2049 339 2099 erat
365 2040 586 2099 debitor
625 2045 819 2101 mortis
853 2052 1019 2116 atque
1063 2047 1300 2116 peccati,
1341 2046 1439 2102 sed
1477 2046 1529 2103 in
1566 2047 1819 2116 passione

208 2134 455 2194 hostiam
480 2145 771 2208 utramque
794 2139 1115 2207 complevit.

286 2225 454 2296 Deus,
486 2236 542 2284 tu
565 2230 666 2285 scis
692 2230 1051 2299 insipientiam
1094 2248 1291 2300 nteant,
1326 2242 1375 2287 et
1416 2230 1608 2288 delicta
1637 2248 1749 2288 mea
1786 2249 1820 2291 ο

213 2329 267 2375 te
297 2336 401 2375 non
430 2333 550 2375 sunt
578 2322 907 2387 abscondita,
935 2322 1054 2380 Scit
1076 2322 1261 2392 Pater,
1302 2324 1448 2395 quod
1481 2339 1589 2381 non
1637 2340 1701 2383 ea
1748 2324 1819 2386 de

138 2400 151 2411 χ
210 2412 373 2473 cretis
403 2413 606 2481 attulit,
638 2414 736 2477 sed
764 2415 928 2479 nobis
955 2417 1274 2487 assumpsit,
1309 2427 1368 2472 nt
1396 2418 1471 2473 ait
1499 2417 1764 2488 propheta
1801 2435 1813 2470 :

211 2507 334 2576 ipse
362 2504 678 2577 iniquitates
718 2516 934 2569 nostras
966 2510 1214 2580 accepit,
1258 2518 1315 2565 et
1339 2509 1688 2581 aegritudines
1720 2524 1817 2567 no-

212 2606 360 2657 atras
395 2600 631 2669 portavit
674 2598 859 2671 (Isai.
894 2598 1054 2672 Litt).
1102 2600 1171 2656 Et
1213 2600 1416 2656 Paulus
1467 2601 1645 2656 dicit:
1692 2600 1817 2672 quia

208 2691 360 2761 quod
390 2692 624 2751 stultum
655 2702 742 2749 est
765 2693 881 2762 Dei,
921 2694 1226 2764 sapientius
1264 2702 1349 2750 est
1377 2693 1687 2749 hominibus
1720 2710 1732 2746 :
1760 2704 1817 2753 et

211 2786 361 2854 quod
383 2786 662 2847 inlirntunt
685 2796 771 2844 est
785 2787 901 2855 Dei,
918 2787 1113 2851 fortius
1125 2797 1210 2843 est
1227 2787 1533 2845 hominibus
1553 2787 1595 2858 (l
1609 2785 1731 2842 Cor.
1748 2784 1813 2857 ι).

211 2875 430 2934 Delicta
456 2894 569 2941 mea
593 2896 625 2935 a
655 2886 705 2939 te
724 2895 826 2939 non
854 2889 976 2941 sunt
1003 2880 1333 2946 abscondita,
1374 2888 1431 2935 ut
1461 2878 1593 2936 illud
1624 2897 1635 2931 :
1670 2878 1814 2937 Deli,

209 2976 361 3029 ctum
392 2985 570 3029 meum
599 2971 877 3042 cognitum
904 2972 999 3027 tibi
1032 2969 1137 3037 ieci
1169 2972 1187 3043 (
1212 2968 1363 3026 Psal.
1399 2986 1531 3025 xut
1554 2968 1595 3043 ).

285 3062 409 3118 Non
437 3066 741 3123 erubescant
783 3066 837 3121 in
883 3082 963 3120 me
984 3066 1078 3138 qui
1120 3073 1419 3135 exspectant
1459 3075 1527 3132 te,
1563 3063 1809 3133 Domine,

1925 1870 2079 1919 cum,
2122 1871 2188 1911 eo
2238 1855 2435 1924 ﬂente,
2475 1856 2727 1913 dicerent
2755 1873 2771 1912 :
2802 1857 2944 1913 Ecce
2980 1859 3255 1928 quomodo
3299 1859 3519 1921 amabat

1924 1958 2048 2003 eum
2078 1947 2262 2020 (loan.
2297 1947 2398 2016 ιι).
2429 1950 2538 2009 Alii
2567 1964 2699 2007 vero
2730 1968 2743 2004 :
2773 1950 2888 2007 Non
2920 1959 3138 2022 poterat
3169 1951 3257 2015 hic
3280 1954 3375 2022 qui
3394 1969 3525 2024 ape-

1922 2042 2032 2098 ruit
2049 2042 2239 2098 oculos
2253 2044 2382 2099 casei
2400 2045 2534 2113 nati,
2555 2046 2755 2114 lacere,
2782 2055 2840 2101 ut
2865 2055 2921 2102 et
2939 2045 3028 2103 hic
3047 2061 3153 2102 non
3177 2048 3524 2105 moreretur?

1993 2135 2250 2189 Adversus
2277 2150 2360 2189 me
2379 2136 2745 2192 exercebantur
2769 2138 2861 2209 qui
2877 2139 3118 2193 sedebant
3147 2140 3201 2193 in
3225 2148 3398 2211 parta.
3434 2139 3520 2196 illi

1918 2226 2130 2284 scilicet
2156 2228 2248 2299 qui
2273 2229 2538 2289 habentes
2561 2231 2773 2289 clavem
2795 2230 3044 2289 scientiae
3074 2249 3090 2289 :
3124 2248 3302 2304 neque
3326 2233 3523 2291 introis-

1922 2321 2074 2387 bant,
2110 2336 2289 2393 neque
2331 2323 2471 2379 alios
2518 2324 2745 2381 introire
2777 2325 3171 2395 permittebant
3193 2342 3209 2381 :
3233 2326 3439 2383 Scribat
3467 2335 3524 2384 ct

1920 2411 2180 2471 Pharisaei
2207 2413 2301 2485 qui
2333 2414 2725 2472 discernebant
2747 2430 2965 2482 causas,
2998 2432 3126 2472 eum
3167 2416 3430 2473 sederent
3458 2415 3516 2473 in

1919 2504 2136 2574 publico
2175 2505 2402 2577 judicio.
2452 2505 2523 2565 Et
2569 2509 2623 2563 in
2674 2523 2754 2564 nu
2800 2506 3094 2579 psallebant
3130 2508 3221 2580 qui
3283 2507 3518 2564 bibebant

1918 2598 2116 2654 rinam.
2166 2598 2378 2669 Repleti
2423 2600 2574 2657 enim
2606 2601 2737 2657 vino
2767 2600 3099 2671 iniquitatis,
3130 2600 3368 2672 qualiter
3395 2615 3520 2661 eum

1918 2688 2315 2755 interﬁcerent,
2346 2690 2733 2751 concinebant.
2780 2691 2962 2752 Stulte
2988 2692 3134 2751 enim
3165 2691 3351 2763 psallit
3371 2735 3386 2757 ,
3427 2693 3521 2763 qui

1918 2782 1971 2837 in
2020 2783 2184 2841 Deum
2231 2783 2453 2849 molitur
2497 2785 2993 2845 insidias.’Seiens
3050 2784 3196 2849 enim
3253 2785 3515 2857 propheta

1917 2876 2139 2933 stultum
2184 2877 2238 2937 in
2294 2877 2574 2948 aliquibus
2623 2892 2748 2937 esse
2778 2879 3012 2948 psallere
3058 2878 3232 2936 :audi
3284 2880 3520 2950 qualiter

1915 2967 2110 3025 doceat
2154 2967 2458 3039 quosdam:
2489 2969 2731 3037 Psallite,
2784 2970 2960 3041 inquit
2990 3012 3005 3035 .
3053 2972 3348 3041 sapienter.
3401 2971 3500 3033 Vel

1915 3061 2050 3119 ebrii
2080 3072 2237 3127 erant
2269 3061 2339 3118 de
2368 3063 2519 3131 vino,
2566 3063 2785 3134 quando
2829 3063 3150 3134 aperiebant
3174 3073 3338 3134 caput
3369 3064 3512 3137 ejus,

208 3165 320 3211 etc.
371 3154 490 3212 Non
539 3166 833 3215 evacuatur
880 3170 1008 3227 Spes
1052 3156 1395 3219 credentium
1437 3156 1506 3215 de
1556 3157 1809 3227 passione
1835 3154 1879 3216 C
1914 3160 1971 3208 et
2001 3153 2262 3210 dicebant
2293 3170 2309 3209 :
2341 3154 2663 3226 Prophetiza
2686 3155 2868 3226 nobis,
2898 3155 3142 3222 Christe,
3167 3155 3293 3227 quis
3312 3165 3397 3219 est
3422 3157 3514 3228 qui

210 3260 331 3303 mea
367 3246 503 3305 :sed
531 3257 864 3318 cognoscant
889 3252 1015 3320 quia
1046 3250 1387 3309 voluntatem
1440 3258 1585 3309 tuam
1633 3247 1811 3315 lacere

211 3341 359 3405 veni,
385 3341 527 3397 sicut
554 3344 822 3413 sequitur.

285 3430 543 3499 Quoniam
581 3444 792 3507 prapter
829 3443 879 3489 te
908 3436 1133 3491 sustinui
1163 3436 1543 3509 opprobrium:
1576 3440 1807 3510 operuit,

210 3530 321 3579 etc.
350 3523 580 3595 Propter
601 3525 930 3587 voluntatem
953 3525 1152 3596 Patris,
1181 3530 1448 3591 malorum
1479 3530 1807 3601 impmperia

207 3617 576 3689 supportavit,
625 3628 677 3672 et
718 3617 1045 3675 verecundia
1092 3627 1265 3676 tectus
1306 3631 1426 3689 est,
1461 3637 1589 3677 cum
1622 3622 1675 3679 in
1716 3637 1807 3679 as-

206 3716 423 3777 sumpta
464 3722 631 3771 carne
676 3709 961 3769 colliditur
1003 3728 1017 3766 :
1067 3712 1194 3784 quia
1241 3728 1346 3768 una
1392 3714 1651 3772 voluntas
1706 3713 1809 3781 luit

208 3799 404 3868 Patris,
436 3814 490 3857 et
515 3801 641 3859 Filii
681 3802 824 3875 quod
868 3804 1133 3863 sustinuit
1161 3806 1494 3874 passionem.
1532 3806 1652 3878 Vel,
1680 3823 1807 3879 ope-

207 3892 311 3947 ruit
335 3894 573 3966 confusio
602 3909 619 3949 :
645 3896 862 3965 quando
891 3905 1233 3969 negaverunt
1257 3898 1517 3968 apostoli.

280 3982 574 4042 Extraneus
623 3987 790 4058 factus
829 4004 944 4043 sum
985 3989 1235 4058 fratribus
1276 3991 1437 4059 meis,
1479 4000 1586 4047 etc.
1636 3990 1806 4053 Filius

205 4077 350 4134 enim
379 4088 500 4133 erat
530 4079 829 4151 Synagogre
850 4080 994 4137 sicut
1020 4089 1077 4141 et
1100 4081 1202 4151 illi,
1224 4083 1526 4141 secundum
1549 4084 1802 4149 ordinem

204 4170 604 4242 corporationis
645 4179 896 4240 terrenae,
947 4190 978 4230 a
1024 4174 1222 4245 quibus
1270 4188 1462 4243 exter,
1515 4187 1570 4233 et
1600 4178 1802 4250 hospes

206 4263 431 4319 habitus
476 4263 753 4334 estzquia
784 4264 862 4320 illi
916 4264 1220 4323 sceleribus
1264 4279 1419 4324 erant
1475 4269 1620 4339 pleni
1663 4286 1678 4325 :
1714 4271 1803 4331 hic

204 4372 334 4412 vero
359 4370 554 4425 expers
597 4357 821 4425 peccati.
856 4355 1154 4415 Extraneus
1185 4362 1358 4429 factus
1402 4378 1514 4417 sum
1546 4363 1801 4433 fratribus

206 4450 353 4505 ineis.
405 4446 627 4507 Fratres
658 4448 893 4515 Domini,
928 4450 1180 4520 apostoli.
1230 4449 1387 4511 Unde
1431 4451 1569 4507 dixit
1603 4471 1614 4505 :
1649 4453 1798 4513 Nun—

1918 3256 1971 3302 te
2000 3247 2269 3318 percussit
2294 3246 2450 3320 (Luc.
2479 3250 2637 3321 ιλιι).

1989 3338 2101 3411 Ego
2120 3355 2237 3403 vero
2258 3341 2542 3397 orationem
2562 3356 2731 3403 meant
2754 3342 2823 3396 ad
2848 3351 2917 3409 te,
2947 3340 3193 3407 Domine,
3221 3341 3339 3401 Non
3366 3343 3512 3405 enim

1914 3433 2103 3490 vincor
2134 3434 2219 3491 his
2247 3435 2617 3505 passionibus,
2649 3436 2774 3507 quia
2800 3445 2975 3493 tecum
3000 3452 3119 3497 sum
3152 3436 3208 3495 in
3236 3436 3506 3497 oratione.

1914 3522 2030 3596 Ego
2056 3541 2176 3581 rero
2205 3527 2494 3587 orationem
2525 3542 2692 3583 meam
2715 3526 2783 3581 ad
2831 3536 2900 3595 te,
2932 3525 3093 3585 Deus.
3141 3527 3348 3593 ludatis
3376 3527 3512 3589 mihi

1912 3617 2361 3677 maledicentibus
2390 3630 2553 3691 atque
2582 3619 2891 3683 dicentibus
2923 3636 2937 3674 :
2986 3620 3285 3692 Cruciﬂge,
3338 3621 3517 3679 cruci—

1910 3708 2012 3781 ﬁge
2028 3725 2150 3765 eum
2181 3726 2193 3766 :
2217 3724 2317 3782 ego
2341 3725 2441 3781 pro
2465 3711 2542 3769 eis
2570 3726 2732 3769 orans
2752 3710 3017 3783 loquebar
3041 3731 3056 3769 :
3080 3711 3261 3780 Pater,
3291 3712 3513 3783 ignosco

1908 3800 1988 3856 eis
2017 3817 2032 3856 :
2061 3817 2168 3857 non
2199 3803 2343 3857 enim
2375 3804 2554 3859 sciunt
2578 3802 2706 3874 quid
2734 3803 2940 3860 faciunt
2961 3802 3119 3876 (Luc.
3144 3805 3325 3875 χχιιι).
3356 3804 3512 3869 Tem-

1908 3906 2004 3964 pus
2016 3893 2279 3967 placendi,
2302 3892 2466 3953 Deus.
2496 3897 2719 3969 Tempus
2743 3897 3002 3971 placendi,
3033 3908 3246 3970 tempus
3270 3906 3355 3961 est
3381 3913 3506 3968 pas-

1907 3985 2098 4052 sionis,
2145 3988 2197 4043 in
2233 4003 2344 4058 quo
2398 3987 2562 4049 Pater
2605 3989 2836 4047 aiebat:
2868 3989 2966 4046 llic
3005 3997 3089 4046 est
3129 3987 3298 4047 Filius
3356 4004 3513 4049 meus

1907 4078 2160 4147 dilectus,
2194 4081 2247 4136 in
2275 4096 2386 4153 quo
2411 4080 2543 4141 mihi
2568 4081 2873 4150 complacui
2903 4080 3122 4156 (Matth.
3148 4081 3252 4153 ιιι).
3278 4079 3504 4155 Tempus

1908 4172 2236 4247 beneplaciti,
2252 4173 2412 4251 Deus,
2435 4175 2489 4235 in
2509 4176 2843 4235 multitudine
2856 4175 3225 4233 misericordia:
3245 4190 3366 4232 tute.
3381 4176 3512 4235 Otus

1906 4264 1995 4320 nia
2023 4265 2170 4329 enim
2204 4274 2446 4340 tempora
2473 4277 2564 4327 tua
2587 4268 2933 4345 beneplacita
2964 4276 3115 4337 sunt,
3147 4268 3243 4329 sed
3276 4284 3511 4345 prteset'v

1906 4358 1999 4415 tim
2029 4356 2137 4415 boc
2170 4367 2384 4435 tempus
2408 4376 2517 4434 quo
2544 4377 2663 4423 mea
2696 4362 2954 4438 passione
2988 4376 3160 4433 genus
3202 4361 3504 4425 humanum

1904 4448 2168 4517 redimis,
2234 4453 2643 4521 quodammodo
2704 4456 2824 4525 plus
2884 4454 3287 4526 beneplacitum
3349 4453 3508 4513 lacis.

210 4539 353 4600 tiabo
385 4554 582 4599 nomen
614 4551 766 4601 tuum
796 4541 1056 4601 fratribus
1086 4540 1224 4597 meis
1255 4541 1430 4614 (Psal.
1464 4540 1602 4617 xxi).
1635 4543 1797 4599 Pere—
1822 4549 1877 4610 ι)
1901 4535 2114 4597 Exaudi
2155 4555 2267 4609 me,
2308 4538 2555 4611 Domine,
2586 4545 2637 4598 in
2661 4546 2876 4600 veritate
2910 4544 3099 4601 salutis
3126 4554 3254 4607 tute.
3291 4543 3360 4601 Ut
3387 4554 3513 4619 post

208 4634 388 4705 grinus
428 4634 554 4704 ﬁliis
586 4634 765 4689 matris
797 4650 943 4689 utere.
972 4632 1226 4690 Christus
1251 4635 1595 4705 peregrinus,
1634 4643 1695 4691 ut
1725 4636 1805 4701 ait,

206 4726 472 4799 Cleopltas
519 4742 535 4783 :
579 4726 659 4783 'l‘u
701 4726 854 4784 solus
907 4726 1232 4799 peregrinus
1284 4741 1344 4783 es
1392 4727 1447 4782 in
1494 4726 1796 4785 Jerusalem

207 4817 356 4890 (Luc.
399 4818 578 4892 xxiv).
625 4819 806 4890 Solus,
841 4821 966 4893 quia
997 4820 1150 4878 solus
1177 4830 1232 4878 et
1266 4821 1476 4892 primus
1497 4822 1802 4889 resurrexit

207 4913 549 4975 immortalis.
581 4913 652 4975 Et
674 4922 876 4985 mater,
907 4928 1203 4988 synagoga.

276 5005 538 5072 Quoniam
579 5006 722 5062 zelus
742 5008 925 5063 domus
963 5016 1068 5063 tute
1098 5007 1320 5063 comedit
1350 5023 1452 5065 me.
1492 5007 1627 5079 Quia
1655 5008 1801 5065 feces

207 5107 332 5153 runt
358 5110 479 5153 eam
506 5097 821 5168 speluncam
872 5098 1172 5169 latronum,
1200 5098 1267 5155 Et
1297 5099 1577 5173 opprobria
1607 5115 1799 5173 capro-

205 5187 464 5243 brantium
504 5188 598 5242 tibi
630 5189 926 5244 ceciderunt
959 5206 1119 5259 super
1148 5207 1250 5245 me.
1302 5190 1799 5261 Exprobrationum

206 5279 348 5337 enim
394 5279 637 5354 iurgium
686 5295 853 5354 super
878 5296 1004 5337 eum
1035 5281 1412 5354 proiecerunt,
1451 5298 1573 5341 eum
1602 5292 1806 5343 cumet

209 5375 647 5449 Samaritanum,
693 5385 751 5431 et
790 5375 1118 5435 daemonium
1176 5375 1471 5437 habentem
1519 5386 1802 5435 vocarent.

206 5467 357 5527 Unde
403 5466 578 5525 Judaei
623 5478 815 5525 contra
865 5467 1143 5526 Christum
1189 5468 1495 5529 dicebant:
1537 5468 1592 5527 Si
1632 5469 1800 5533 Filius

205 5562 298 5617 Dei
343 5576 425 5628 es,
459 5561 733 5618 descende
769 5561 839 5619 de
874 5576 1061 5632 cruce,
1102 5572 1159 5621 et
1188 5564 1465 5625 credimus
1498 5564 1615 5622 tibi.
1642 5563 1794 5627 Alios

207 5653 383 5711 salvos
436 5651 567 5723 fecit
618 5672 633 5712 :
687 5657 926 5730 seipsum
962 5672 1071 5715 non
1122 5666 1305 5731 potest
1353 5661 1568 5716 salvum
1615 5659 1796 5718 facere

207 5745 383 5827 (Matt.
429 5745 789 5826 XXVII)..Qui_
820 5748 1158 5822 exprobrant
1203 5749 1426 5823 Filium,
1478 5759 1534 5808 et
1575 5750 1797 5813 Patrem

1906 4645 2091 4691 veram
2144 4642 2399 4705 mortem,
2453 4636 2875 4697 resurrectionis
2902 4638 3103 4695 veritas
3147 4638 3507 4713 approbetur.

1976 4720 2139 4796 Eripe
2193 4740 2273 4781 me
2325 4724 2391 4781 de
2436 4724 2567 4796 luto,
2610 4738 2666 4787 ut
2709 4744 2812 4787 non
2857 4729 3072 4801 inﬁgar.
3121 4730 3318 4799 Quane
3353 4729 3510 4799 juxta

1905 4816 2170 4885 quosdam
2202 4832 2270 4875 ne
2310 4816 2542 4879 lorsitan
2577 4820 2773 4893 lutum,
2806 4820 2993 4877 carnis
3050 4838 3213 4894 quam
3263 4824 3511 4893 suscepit

1902 4912 2174 4984 signiticet
2202 4913 2490 4975 vilitatem.
2539 4915 2671 4971 Orat
2701 4923 2760 4973 ut
2785 4930 2891 4973 non
2923 4915 2978 4971 in
3008 4917 3125 4973 luto
3174 4925 3232 4973 et
3256 4917 3507 4992 pulvere,

1903 5005 2047 5070 sicut
2069 5022 2231 5067 omne
2274 5006 2572 5065 humanum
2601 5022 2773 5081 genus
2801 5007 3146 5077 dissolvitur,
3181 5023 3506 5082 corrumpa~

1905 5110 2012 5155 tur.
2040 5099 2229 5157 Libera
2279 5117 2358 5155 me
2386 5101 2551 5157 abhis
2573 5102 2661 5173 qui
2685 5101 2905 5157 oderunt
2929 5117 3028 5157 me.
3058 5102 3261 5175 Aperte
3292 5100 3408 5156 haec
3433 5100 3504 5161 de

1901 5193 2131 5265 ludatis,
2180 5195 2272 5269 qui
2301 5210 2428 5252 eum
2457 5211 2753 5269 numquam
2781 5194 3125 5265 dilexerunt,
3169 5193 3322 5253 dicit.
3348 5193 3418 5249 Et
3441 5195 3505 5252 de

1902 5286 2184 5361 profundis
2249 5302 2533 5360 aquarum.
2586 5285 2711 5344 Non
2767 5303 2848 5341 me
2902 5289 3165 5362 demerget
3233 5298 3512 5360 tempestas

1901 5395 2074 5451 aqua.
2108 5379 2234 5437 llzee
2263 5379 2536 5452 passionis
2569 5390 2870 5454 tempestas
2894 5396 3003 5441 nou
3027 5396 3153 5443 eum
3196 5382 3252 5439 in
3282 5380 3510 5453 profun-

1903 5470 2072 5527 ditate
2091 5456 2276 5544 abyssi
2305 5474 2543 5537 retineat
2573 5473 2874 5535 internalis.
2910 5472 3094 5547 Neque
3133 5473 3400 5531 absorbent
3430 5492 3510 5532 me

1905 5565 2242 5638 profondum.
2271 5566 2332 5627 1n
2362 5583 2472 5639 quo
2499 5566 2630 5624 dum
2652 5583 2752 5645 per
2783 5578 3019 5629 mortem
3060 5567 3370 5638 descendit,
3401 5585 3513 5631 non

1901 5658 2191 5719 devoretur
2229 5659 2297 5721 ab
2335 5675 2424 5723 eo.
2467 5660 2648 5737 Neque
2701 5671 2885 5737 urgeat
2914 5678 3072 5736 super
3100 5679 3181 5719 me
3223 5669 3415 5735 puteus
3452 5679 3514 5721 os

1901 5766 2072 5811 suum.
2102 5750 2293 5810 Aditus
2325 5751 2553 5825 inferni,
2584 5754 2706 5815 sive
2733 5752 3019 5817 diabolus.
3054 5771 3075 5829 4
