4016 6342
554 224 695 284 1025

1355 219 1699 281 APPENDIX
1738 219 1831 280 AD
1872 221 2117 280 TOMUM
2156 223 2510 284 SEPTIMUM
2547 229 2606 287 S.
2649 231 3054 297 IIIERONYMI.

3717 247 3743 301 1
3755 245 3874 304 024

627 338 843 396 Exaudi
873 356 974 406 me,
1016 337 1262 406 Domine,
1311 338 1559 408 quoniam
1598 335 1818 408 benigna
1843 345 1921 392 est
1949 337 2153 392 miseri-
2178 342 2231 403 Α
2256 343 2503 413 sanguis,
2536 357 2593 401 et
2640 360 2780 420 aqua
2806 365 2928 422 quae
2953 352 3022 409 de
3051 356 3280 415 vulnere
3308 359 3498 418 lateris
3544 362 3662 434 ejus
3700 363 3872 432 exiit,

556 433 741 488 cordia
789 443 878 487 tua
931 448 951 487 :
996 429 1281 485 secundum
1332 427 1720 483 multitudinem
1764 429 2158 485 miseratianum

559 534 772 580 tuarum
825 525 1022 598 respice
1071 540 1171 578 me.
1241 523 1374 579 llzec
1429 523 1731 579 secundum
1787 525 2157 582 inﬁrmitatem

561 617 858 674 humanam
894 615 1133 688 postulat
1178 614 1367 671 dicens
1397 615 1542 684 :Qui
1572 618 1710 672 alios
1753 632 1874 673 mea
1904 619 2160 690 passione

559 709 820 777 redimis,
872 723 993 776 me,
1040 715 1409 780 prmcurrente
1452 708 1828 766 misericordia
1855 750 1870 778 ,
1914 720 2160 768 contem-

562 801 736 873 plare.

636 893 759 950 Non
789 903 992 951 avertas
1014 895 1199 967 faciem
1228 904 1375 966 tuam
1402 912 1435 950 a
1466 913 1629 968 puero
1660 908 1769 953 tua.
1808 897 1929 954 Vox
1956 897 2160 956 Christi

561 986 630 1044 ad
681 987 922 1052 Patrem,
970 990 1062 1060 qui
1095 989 1328 1045 formam
1377 991 1520 1047 servi
1567 991 1799 1063 accepit,
1833 1001 1892 1048 ιιι
1923 995 2001 1049 ait
2032 1011 2159 1064 pro-

567 1079 735 1151 pheta
763 1081 1057 1153 :Magnum
1083 1091 1169 1137 est
1193 1081 1284 1137 tibi
1317 1084 1502 1139 vocari
1529 1098 1757 1154 puerum
1787 1099 1970 1140 meum
1999 1084 2159 1158 (Isai.

565 1173 736 1245 xux).
774 1173 1043 1242 Quoniam
1087 1173 1342 1244 tribulor,
1396 1174 1639 1231 velociter
1691 1177 1881 1232 exaudi
1932 1194 2034 1233 me.
2095 1179 2164 1236 Ut

568 1281 843 1323 resumam
864 1267 1119 1337 Spiritum
1139 1283 1328 1339 :quem
1353 1267 1460 1323 tuis
1483 1268 1736 1324 manibus
1764 1270 2160 1327 commendavi.

642 1359 864 1417 Intende
905 1363 1098 1416 animae
1135 1377 1284 1430 mete,
1316 1371 1364 1418 et
1412 1362 1574 1418 libera
1620 1378 1732 1418 eam
1765 1380 1784 1418 .'
1808 1374 2017 1435 prepter
2064 1366 2166 1420 ini-

571 1453 730 1507 micas
787 1468 926 1508 meos
955 1453 1095 1526 eripe
1142 1469 1241 1508 me.
1266 1453 1358 1523 Ut,
1384 1468 1472 1510 me
1497 1463 1821 1526 resurgeute
1849 1456 1918 1511 ab
1949 1455 2162 1525 inferis,

567 1542 977 1599 confundantur
1028 1561 1044 1598 :
1095 1543 1248 1601 Unde
1281 1544 1533 1602 Christus
1590 1548 1729 1602 dixit
1770 1567 1784 1604 :
1829 1548 2164 1607 Potestatem

573 1633 750 1691 habeo
777 1635 1018 1706 ponendi
1047 1637 1286 1692 animam
1308 1652 1485 1694 meam
1503 1637 1688 1709 (Joan.
1726 1639 1804 1712 x).

2259 435 2444 507 (Joan.
2503 439 2622 512 xix)
2667 445 2915 515 martyrii
2949 447 3315 521 baptismique
3372 455 3870 528 prmtulittypum,

2262 545 2358 600 per
2385 532 2534 602 quod
2564 533 2672 589 itur
2699 535 2765 590 ad
2789 537 3011 593 caelum.
3043 539 3112 594 Et
3141 559 3303 610 super
3326 546 3562 603 dolorem
3596 547 3872 604 vulnerum

2261 637 2494 679 meorum
2525 627 2865 685 addiderunt.
2907 632 3040 688 Cum
3089 634 3176 692 vel
3207 637 3549 711 Ecclesiam,
3602 641 3690 697 vel
3729 657 3872 713 apo—

2261 718 2438 776 stolos
2470 724 2741 792 persecuti
2770 736 2919 783 sunt.

2333 811 2554 885 Appone
2589 817 2909 887 iniquitatem
2939 838 3094 892 super
3122 825 3442 897 iniquitatem
3473 843 3676 884 eorum.
3708 829 3871 887 Sicut

2261 905 2407 962 enim
2433 909 2576 976 quod
2608 925 2695 967 me
2743 929 2850 970 non
2879 916 3262 989 crediderunt,
3295 921 3363 977 ad
3406 923 3760 996 iniquitatem
3794 927 3872 980 eis

2263 1010 2346 1054 est
2375 1012 2686 1072 reputatum
2715 1023 2728 1059 :
2764 1007 2839 1062 ita
2867 1010 3010 1081 quod
3053 1028 3140 1069 me
3163 1018 3440 1085 persecuti
3485 1027 3636 1084 sunt,
3671 1019 3873 1090 iniqui-

2266 1095 2361 1146 tati
2411 1093 2543 1150 huic
2584 1098 2901 1166 adjiciatur.
2935 1101 3006 1157 Et
3057 1121 3163 1160 non
3207 1107 3399 1163 intrent
3433 1111 3489 1163 in
3514 1112 3732 1183 justitia
3759 1122 3872 1167 tua.

2263 1181 2542 1244 leorum
2571 1204 2700 1246 cum
2727 1193 2890 1263 justis
2921 1211 3030 1252 non
3061 1201 3284 1270 capiant
3315 1217 3504 1273 regna.

2343 1279 2638 1338 Deleantur
2687 1289 2750 1340 de
2795 1287 2934 1342 libro
2963 1292 3267 1360 viventium,
3315 1305 3364 1350 et
3411 1313 3528 1350 cum
3559 1299 3725 1369 justis
3769 1317 3876 1354 non

2267 1375 2580 1432 scribantur.
2605 1380 2754 1435 Duos
2777 1381 2870 1437 hic
2896 1382 3068 1439 libros
3104 1386 3316 1443 iudicat
3363 1389 3602 1460 scriptos
3632 1408 3649 1446 :
3678 1393 3875 1448 viven-

2269 1465 2403 1522 tium
2428 1483 2489 1523 ac
2512 1469 2810 1540 iustorum.
2846 1474 3000 1530 Unde
3026 1475 3581 1537 animadvertendum
3613 1494 3700 1539 est
3724 1485 3874 1556 quod

2268 1557 2365 1616 ille
2417 1561 2490 1617 sit
2532 1564 2856 1634 viventium,
2888 1570 2940 1624 in
2965 1585 3074 1639 quo
3098 1581 3230 1628 ante
3265 1574 3560 1632 adventum
3603 1577 3703 1634 Dei
3747 1594 3874 1650 pro-

2271 1659 2450 1730 phetae
2494 1678 2558 1720 ac
2591 1667 2916 1735 patriarcha:
2961 1670 3148 1742 scripti
3179 1681 3327 1727 sunt.
3364 1672 3440 1727 De
3470 1685 3581 1742 quo
3626 1671 3870 1744 Moyses,

643 1727 726 1784 Tu
755 1731 856 1784 scis
899 1730 1272 1802 improperium
1311 1749 1504 1804 meum,
1527 1743 1575 1788 et
1591 1736 1944 1807 confusionem
1972 1755 2158 1807 meam,
2197 1731 2242 1793 Β
2272 1727 2530 1824 peccante
2574 1727 2799 1830 ῥορυιο,
2829 1764 2906 1817 πει
2937 1782 2949 1817 ε
2983 1764 3040 1820 Si
3075 1727 3183 1820 ξιοη
3229 1765 3460 1821 dammis
3490 1727 3584 1821 ἐἰς
3619 1727 3822 1821 ηοίςηη

572 1829 680 1877 etc.
713 1821 887 1890 Quam
913 1823 966 1878 in
993 1833 1275 1894 assumpta
1307 1825 1551 1882 sustineo
1579 1842 1768 1885 carne.

644 1913 712 1970 In
753 1926 1035 1984 conspectu
1073 1927 1159 1972 tuo
1200 1929 1321 1972 sunt
1351 1935 1522 1975 omnes
1549 1922 1637 1992 qui
1665 1922 1915 1980 tribulant
1949 1942 2048 1980 me.
2081 1927 2162 1982 Tu

569 2009 722 2066 vides
742 2011 936 2081 quales
957 2011 1086 2066 mihi
1111 2011 1492 2070 tribulationes
1515 2013 1773 2085 inleraut,
1798 2025 1853 2074 et
1872 2019 2165 2077 ostendant

566 2101 872 2158 illusiones.
922 2102 1308 2177 lmprOperium
1356 2107 1667 2178 exspectauit
1715 2124 1805 2163 eor
1850 2127 2020 2164 meum
2049 2153 2064 2176 ,
2115 2121 2164 2168 et

567 2197 851 2252 miseriam.
887 2195 1276 2271 Impmperium
1297 2244 1312 2270 ,
1348 2200 1638 2271 passionis,
1671 2213 1721 2259 et
1770 2206 2077 2261 miseriam:
2107 2207 2160 2264 id

563 2296 674 2357 est,
707 2291 1091 2347 contumeliam
1123 2293 1324 2349 crucis.

635 2384 880 2441 Sustinui
918 2386 1008 2458 qui
1037 2386 1195 2442 simul
1237 2388 1665 2459 contristaretur,
1708 2399 1816 2448 etc.
1868 2392 2064 2452 Nullus
2091 2395 2160 2454 de

569 2485 718 2532 tanta
768 2478 1118 2537 multitudine
1163 2481 1476 2552 iniquorum
1503 2529 1518 2556 ,
1567 2494 1662 2541 aut
1707 2501 2025 2560 compassus
2073 2504 2158 2551 est

565 2569 852 2629 doloribus
877 2575 1034 2642 meis,
1069 2585 1162 2631 aut
1183 2576 1396 2634 exstitit
1414 2579 1748 2637 consolator.

631 2665 897 2722 Dederunt
927 2669 980 2724 in
1007 2686 1173 2725 escam
1201 2687 1369 2728 meam
1396 2674 1467 2745 fel
1489 2691 1508 2729 :
1531 2684 1579 2730 et
1606 2677 1660 2731 in
1685 2677 1774 2732 siti
1805 2695 1919 2735 mea
1945 2689 2157 2752 potare-

553 2769 674 2814 runt
701 2778 781 2816 me
806 2772 973 2819 aceto.
1005 2765 1119 2824 Hoc
1148 2769 1260 2838 jam
1290 2765 1644 2844 'completum
1674 2788 1816 2842 esse,
1864 2779 1916 2832 in
1970 2777 2153 2832 Evan-

555 2856 714 2927 geliis
756 2857 985 2930 legimus
1028 2879 1042 2918 :
1085 2877 1247 2932 cum,
1311 2866 1529 2924 sitiente
1574 2869 1800 2925 Domino
1849 2870 1903 2926 in
1955 2885 2149 2940 cruce,

552 2959 767 3006 acetum
796 2965 918 3008 cum
941 2952 1070 3011 felle
1092 2956 1323 3013 mixtum
1347 2958 1537 3016 bibere
1567 2973 1929 3033 porrexerunt
1953 2965 2142 3037 (Joan.

553 3043 689 3112 xix).
725 3042 794 3099 Et
839 3060 904 3100 ex
937 3046 1062 3114 hoc,
1096 3058 1149 3105 et
1177 3064 1243 3106 ex
1289 3053 1400 3110 alio
1431 3054 1749 3112 testimonio
1777 3057 2097 3128 intelligitur
2131 3077 2146 3114 :

552 3135 700 3204 quod
729 3135 794 3191 ad
824 3137 1107 3196 Christum
1139 3143 1384 3214 psalmus
1413 3146 1606 3204 referri
1634 3149 1850 3206 debeat.

625 3227 749 3284 Fiat
769 3247 941 3287 mensa
965 3250 1143 3291 eorum
1171 3253 1345 3294 coruus
1371 3240 1520 3313 ipsis.
1557 3242 1711 3302 Dicta
1740 3245 1898 3315 Legis
1931 3256 1984 3301 et
2015 3262 2146 3319 pro-

553 3319 840 3391 phelarum
870 3342 886 3380 :
917 3325 986 3382 ad
1026 3345 1188 3399 quam
1221 3347 1369 3405 saepe
1393 3338 1786 3394 convenientes
1825 3339 2148 3398 reﬁcieban-

549 3422 656 3469 tur.
685 3413 752 3470 In
773 3416 1043 3490 laqueum,
1068 3431 1117 3477 et
1146 3423 1199 3477 in
1219 3426 1581 3482 retributiones
1602 3473 1617 3498 ,
1645 3439 1694 3484 et
1725 3431 1778 3486 in
1815 3432 2140 3489 scandalum.

554 3508 621 3566 Ut
654 3527 761 3568 non
793 3513 1102 3587 intelligant
1139 3519 1270 3577 inibi
1319 3521 1606 3582 Dominum
1654 3529 1981 3585 nuntiatum.
2009 3531 2142 3587 Nam

549 3611 608 3659 et
650 3605 915 3663 Dominus
959 3610 1011 3666 in
1045 3612 1357 3685 Evangeliis
1384 3617 1522 3674 dixit
1554 3637 1568 3677 :
1597 3619 1812 3695 Moyses
1856 3639 1954 3682 vos
1982 3641 2144 3682 accu-

549 3709 632 3753 sat
678 3700 731 3756 in
767 3716 928 3774 quem
980 3708 1218 3777 speratis
1257 3708 1440 3782 (Joan.
1491 3710 1568 3785 v).
1617 3715 1693 3771 Dc
1734 3731 1822 3773 me
1861 3718 2008 3776 enim
2049 3721 2144 3778 ille

546 3792 790 3864 scripsit.

620 3885 978 3943 Obscurentur
1015 3893 1155 3947 oeuli
1192 3909 1372 3950 eorum
1401 3915 1464 3954 ne
1507 3900 1736 3957 videant.
1788 3903 2138 3965 Diviuitatem

545 3977 649 4033 sub
678 3978 975 4052 fragilitate
1005 3983 1283 4043 latentem.
1316 3987 1389 4045 Ut
1415 4005 1521 4046 non
1572 3993 1813 4051 videant.
1865 3997 1981 4055 Hoc
2023 4009 2143 4056 erat

543 4068 692 4137 quod
726 4073 1069 4144 precabatur,
1104 4093 1350 4135 mensam
1385 4096 1574 4138 eorum
1609 4087 1726 4142 lieri
1762 4088 1814 4142 in
1842 4089 2096 4161 laqueum
2124 4111 2138 4148 :

543 4176 614 4220 ne
644 4163 777 4237 legis
806 4168 1016 4225 scilicet
1049 4184 1391 4232 sacramenta
1441 4191 1858 4250 cognoscerent.
1908 4183 1978 4238 Et
2018 4188 2142 4242 dor-

543 4271 658 4312 sum
706 4275 888 4315 eorum
937 4279 1140 4334 semper
1182 4267 1416 4323 incurva.
1475 4269 1546 4328 Ut
1591 4272 1855 4332 Romanis
1901 4281 2142 4337 serviant

542 4361 781 4422 semper.
831 4353 927 4410 Vel
970 4357 1075 4413 sub
1102 4373 1272 4416 onere
1304 4359 1441 4432 legis
1476 4380 1489 4417 :
1519 4364 1664 4435 quod
1694 4369 1999 4426 secundum
2050 4372 2140 4429 lit-

541 4449 717 4499 teram
750 4444 898 4503 ferre
928 4450 1106 4519 potuit
1133 4466 1316 4510 nemo.

612 4535 846 4604 E/I'unde
887 4557 1046 4613 super
1091 4561 1180 4600 eos
1208 4547 1343 4602 iram
1384 4558 1566 4618 tuam,
1618 4562 1667 4607 et
1699 4557 1848 4626 furor
1893 4558 1986 4612 ira:
2033 4567 2136 4614 tute

538 4632 942 4700 comprehendat
971 4651 1075 4692 eos.
1106 4635 1231 4693 Fiat
1275 4641 1525 4699 habitatio
1554 4659 1732 4699 eorum
1762 4646 1990 4718 deserta,
2020 4659 2127 4704 etc.

539 4719 668 4779 Hmc
717 4725 902 4783 omnia
946 4727 1000 4783 in
1045 4733 1339 4789 eversione
1377 4732 1737 4809 Jerosolymae
1781 4741 1884 4796 sub
1912 4741 2036 4798 Tito
2077 4754 2134 4800 et

540 4813 878 4886 Vespasiano
920 4823 1193 4893 completa
1243 4834 1390 4882 sunt.
1439 4826 1534 4883 Vel
1568 4828 1673 4884 hoc
1717 4839 1804 4885 est
1831 4833 1977 4901 quod
2005 4836 2129 4892 ait:

539 4907 851 4967 Dimittetnr
883 4913 1038 4969 vobis
1067 4914 1262 4972 domus
1291 4927 1469 4974 vestra
1510 4919 1727 4976 deserta
1771 4920 1988 4993 (Matth.
2021 4926 2125 5000 ιιι).

536 4998 852 5060 Recedcute
898 5005 966 5061 de
1015 5006 1203 5064 Judtea
1248 5007 1490 5080 Christo,
1534 5027 1727 5070 omnes
1757 5016 1963 5086 pariter
2004 4998 2127 5074 cum

534 5090 631 5148 illo
661 5106 1012 5154 recesserunt
1039 5099 1295 5156 virtutes.

607 5185 867 5252 Quoniam
905 5207 1054 5261 quem
1103 5202 1160 5248 tu
1206 5198 1510 5266 percussisti
1549 5199 1654 5269 ipsi
1689 5203 1945 5273 persecuti
1982 5212 2124 5258 sunt.

531 5275 608 5333 De
633 5293 694 5336 se
724 5279 843 5337 hrec
863 5280 1115 5339 Christus
1141 5285 1208 5341 ad
1232 5286 1446 5344 Patrem
1472 5289 1738 5363 loquitur,
1770 5292 1915 5349 sicut
1945 5295 1998 5350 in
2021 5296 2127 5352 alio

530 5370 799 5442 propheta
829 5389 899 5430 ex
927 5391 1162 5447 persona
1189 5378 1369 5436 Patris
1406 5379 1642 5453 legimus
1669 5385 1874 5443 dictum
1910 5406 1922 5439 :
1957 5387 2127 5456 Prop—

527 5471 613 5519 ter
664 5478 882 5536 peccata
925 5471 1112 5540 populi
1167 5477 1416 5545 percussi
1470 5493 1594 5534 eum
1641 5478 1788 5552 (Isa.
1853 5479 1999 5552 un).
2056 5481 2124 5536 Et

524 5555 726 5612 lterum
762 5578 774 5614 :
810 5561 1118 5621 Percutiam
1156 5579 1457 5639 pastorem,
1487 5582 1541 5628 et
1582 5572 1964 5646 disperguntur
1993 5591 2122 5631 oves

522 5650 701 5719 gregis
727 5651 914 5722 (Zach.
935 5657 1079 5726 xm).
1107 5659 1410 5721 Percussus
1432 5677 1516 5722 est
1541 5667 1690 5724 enim
1713 5658 1778 5724 ut
1802 5684 1902 5726 nos
1933 5685 2121 5726 resur-

523 5752 781 5808 gercmus
827 5763 838 5796 :
879 5745 1195 5807 vulneratus
1240 5766 1346 5823 εει,
1375 5766 1430 5811 ιιι
1463 5772 1562 5814 nos
1612 5770 1857 5817 sanaret.
1905 5760 2014 5819 Sed
2067 5773 2121 5820 et

2269 1847 2392 1904 dele
2437 1865 2524 1906 me
2572 1851 2642 1907 de
2695 1852 2844 1910 libro
2891 1871 3056 1926 quem
3090 1857 3363 1927 scripsisti
3419 1855 3621 1930 (Exod.
3671 1857 3869 1928 xxxu).

2267 1938 2546 1997 iustorum
2580 1958 2713 2000 vero
2742 1945 2874 2002 dicit
2903 1947 3054 2004 illum
3101 1949 3172 2006 de
3213 1963 3322 2021 quo
3351 1949 3616 2005 Dominus
3658 1951 3730 2005 ad
3778 1965 3870 2007 eos

2265 2031 2359 2103 qui
2385 2048 2481 2104 per
2509 2034 2668 2091 iidem
2689 2037 2860 2092 secuti
2882 2047 3030 2109 sunt,
3054 2041 3130 2095 ait
3155 2057 3168 2095 :
3197 2041 3442 2097 Gaudete
3467 2050 3522 2096 et
3541 2042 3824 2097 exsultate
3853 2057 3869 2098 :

2264 2128 2393 2199 quia
2443 2130 2662 2187 nomina
2697 2139 2885 2189 vestra
2918 2135 3122 2206 scripta
3153 2144 3282 2190 sunt
3328 2135 3383 2190 in
3416 2134 3559 2191 caelo
3587 2135 3747 2205 (Luc.
3789 2136 3864 2206 ιι).

2266 2219 2657 2279 Persecutores
2685 2239 2818 2297 ergo
2849 2227 2960 2297 isti,
2993 2237 3048 2284 et
3071 2243 3100 2282 a
3133 2230 3310 2300 primo
3352 2227 3494 2284 libro
3520 2226 3686 2284 deleti
3709 2238 3859 2298 sunt,

2263 2324 2318 2372 et
2347 2317 2399 2372 in
2431 2319 2678 2374 secundo
2704 2337 2810 2376 non
2837 2331 2966 2378 sunt
2992 2324 3206 2395 scripti.

2334 2409 2450 2483 Ego
2493 2429 2608 2466 sum
2639 2431 2838 2488 pauper
2889 2427 2940 2472 et
2976 2418 3178 2473 dolens.
3204 2415 3262 2473 In
3293 2417 3582 2474 Passione.
3620 2417 3690 2472 Et
3714 2418 3858 2473 salus

2260 2513 2385 2570 tua,
2433 2504 2610 2574 Deus,
2655 2510 2880 2580 suscepit
2925 2526 3030 2565 me.
3089 2509 3512 2582 Resurgentem.
3555 2510 3695 2566 Hinc
3743 2511 3853 2581 jam

2257 2595 2525 2666 propheta
2548 2598 2791 2670 loquitur
2823 2620 2838 2656 :
2872 2600 2985 2673 Ego
3011 2619 3127 2657 sum
3153 2619 3376 2675 pauper,
3398 2613 3446 2657 et
3470 2603 3653 2658 dolens
3680 2623 3692 2656 :
3720 2605 3851 2658 Cum

2256 2688 2402 2742 enim
2434 2699 2584 2745 esset
2626 2690 2802 2758 dives,
2836 2707 2936 2763 pro
2991 2695 3151 2750 nobis
3203 2710 3411 2766 pauper
3440 2695 3616 2751 lactus
3645 2704 3762 2763 est,
3799 2705 3852 2750 ct

2255 2781 2593 2852 compeditos
2632 2798 2762 2840 suos
2796 2801 2902 2841 non
2945 2786 3223 2858 despexit.
3261 2789 3563 2845 Possumus
3588 2789 3693 2844 hoc
3725 2805 3848 2847 ver—

2257 2873 2428 2930 siculo
2449 2876 2544 2942 uti,
2572 2875 2617 2932 si
2638 2879 2854 2948 quando
2877 2882 2927 2934 in
2957 2880 3146 2938 laudes
3167 2890 3474 2954 martyrum
3505 2897 3846 2953 peroremus.

2252 2967 2480 3036 Quidam
2512 2979 2568 3026 et
2609 2971 2678 3028 de
2704 2974 2990 3030 animabus
3022 2975 3126 3030 hoc
3178 2975 3408 3044 intelligi
3457 2984 3672 3046 putant,
3706 2977 3848 3047 quod

2253 3061 2455 3117 clausze
2479 3064 2807 3134 corporibus
2834 3081 2943 3121 non
2971 3065 3244 3137 despectse
3274 3067 3386 3122 sint
3407 3082 3437 3121 a
3466 3067 3605 3124 Deo.

2323 3156 2576 3213 Laudabo
2605 3176 2791 3215 nomen
2817 3158 2916 3215 Dei
2939 3163 3038 3216 mei
3069 3177 3188 3217 cum
3217 3164 3464 3217 cantico:
3495 3164 3846 3235 magni/icabo

2249 3265 2366 3303 eum
2413 3251 2464 3304 iu
2497 3251 2672 3307 laude.
2721 3253 2876 3323 Quod
2909 3254 2998 3312 vel
3027 3255 3096 3311 de
3127 3255 3346 3312 diabolo
3401 3255 3843 3328 triumphaverit,

2250 3341 2336 3396 vel
2363 3342 2554 3398 vicerit
2582 3344 2869 3401 mundum.

2321 3433 2556 3491 Placebit
2600 3435 2730 3493 Deo.
2761 3438 2819 3493 Id
2846 3446 2950 3505 est,
2981 3439 3152 3494 Patri.
3206 3439 3380 3513 Super
3422 3441 3638 3496 uitulum
3674 3441 3845 3496 nouel-

2249 3531 2376 3586 lum.
2403 3532 2506 3599 Qui
2529 3533 2769 3602 seipsum
2791 3533 2992 3590 obtulit
3017 3534 3287 3590 Genitori.
3318 3535 3533 3590 Cornua
3554 3539 3846 3610 producen—

2250 3631 2370 3677 tem.
2402 3622 2804 3681 Fortitudinem
2863 3626 3128 3683 Ecclesiae
3175 3629 3416 3684 dantem.
3480 3629 3548 3684 Et
3598 3630 3838 3701 ungulas.

2247 3714 2455 3783 Quibus
2486 3717 2777 3789 sacrilegia
2810 3720 3095 3776 conculcet
3126 3724 3371 3792 gentium
3400 3737 3467 3778 ac
3489 3721 3740 3778 divellat.

2325 3806 2551 3863 Videant
2605 3827 2856 3881 pauperes
2916 3822 2964 3865 et
3022 3811 3290 3868 (tutentur.
3336 3813 3492 3883 Quod
3561 3815 3840 3871 humiliata

2245 3903 2638 3972 superstitione
2681 3903 2990 3974 gentilium,
3019 3904 3283 3962 Ecclesia:
3315 3907 3533 3962 Domini
3565 3909 3842 3964 extollitur

2245 4008 2492 4064 regnum.
2551 3995 2778 4061 Quwrite
2819 3995 3123 4065 Dominum,
3171 4008 3218 4052 et
3270 4000 3399 4054 vivet
3445 4001 3621 4055 aninta
3651 4012 3835 4055 uestra.

2243 4085 2376 4155 Qua:
2407 4103 2551 4144 nunc
2581 4098 2792 4144 mortua
2825 4099 2912 4146 est
2939 4091 3203 4160 peccatis.

2320 4179 2580 4246 Quoniam
2623 4182 2889 4235 exaudivit
2932 4197 3187 4254 pauperes
3215 4181 3490 4239 Dominus.
3524 4184 3600 4242 Ut
3637 4200 3733 4242 eos
3763 4201 3839 4240 re-

2247 4272 2564 4329 suscitaret.
2621 4272 2690 4326 Et
2716 4275 2916 4329 vinctos
2946 4291 3069 4330 suos
3099 4291 3204 4331 non
3233 4275 3487 4347 despexit.
3537 4277 3699 4347 Quia,
3733 4279 3835 4333 dis-

2242 4367 2419 4438 ruptis
2447 4365 2651 4422 diaboli
2675 4367 2939 4434 nexibus,
2971 4382 3067 4424 eos
3091 4383 3260 4439 regno
3287 4383 3388 4424 suo
3419 4370 3644 4428 ascivit.

2315 4459 2556 4515 Laudent
2583 4458 2737 4516 illum
2759 4458 2872 4516 caeli
2898 4469 2943 4514 et
2974 4470 3108 4515 terra
3142 4476 3162 4516 :
3184 4477 3325 4516 mare
3357 4471 3406 4516 et
3431 4463 3607 4517 omnia
3636 4465 3838 4535 reptilia

2241 4554 2294 4609 in
2324 4553 2413 4608 eis.
2450 4551 2557 4623 Ipsi
2596 4552 2779 4608 omnia
2823 4567 2967 4622 genu
3015 4552 3241 4609 ﬂectant
3284 4553 3629 4624 ccelestium,
3674 4567 3837 4612 terre-

2241 4648 2455 4714 strium,
2481 4658 2534 4703 et
2567 4646 2931 4703 infernarum.

2316 4739 2577 4808 Quoniam
2603 4736 2742 4792 Deus
2770 4737 2968 4792 salvam
2996 4740 3155 4810 faciet
3179 4738 3330 4795 Sion.
3359 4739 3654 4798 C(elestem
3683 4740 3835 4799 Jeru-

2239 4833 2433 4898 salem,
2465 4834 2516 4886 in
2558 4846 2660 4902 qua
2691 4830 2898 4887 electos
2939 4847 3069 4888 suos
3101 4847 3199 4903 pro
3236 4834 3447 4889 meritis
3488 4835 3749 4891 adunabit
3786 4835 3832 4891 in

2239 4942 2348 4982 uno
2369 4939 2599 4996 corpore
2630 4925 2777 4980 illius
2809 4925 3003 4981 matris
3038 4927 3299 4983 caelestis.
3333 4925 3401 4981 Et
3441 4929 3832 4998 cediﬁcabuntur

2238 5020 2469 5075 civitates
2489 5015 2670 5072 Judte.
2701 5017 2912 5073 Animae
2953 5029 3291 5084 sanctorum,
3324 5034 3449 5090 qua:
3490 5037 3592 5090 per
3626 5020 3830 5076 confes-

2239 5113 2448 5169 sionem
2482 5112 2534 5167 in
2579 5110 2836 5181 templum
2883 5119 3135 5166 sanctum
3179 5120 3452 5182 tamquam
3488 5113 3596 5169 vivi
3628 5113 3828 5185 lapides

2237 5203 2580 5262 deferuntur.

2309 5298 2377 5353 Et
2406 5297 2766 5352 inhabitabant
2797 5297 2886 5362 ibi,
2918 5306 2967 5352 et
2991 5297 3294 5352 hwreditate
3323 5299 3593 5370 nequirent
3621 5318 3754 5366 eam,
3784 5309 3827 5357 et

2234 5408 2407 5446 semen
2427 5407 2690 5447 servorum
2709 5391 2820 5460 eius
2848 5391 3125 5460 possidebit
3142 5406 3278 5456 eam,
3303 5403 3407 5447 etc.
3433 5393 3623 5451 Sancti
3645 5395 3826 5466 utique

2232 5486 2322 5557 qui
2356 5485 2409 5542 in
2444 5500 2567 5541 eam
2601 5481 3015 5540 transferuntur.
3050 5483 3146 5540 Vel
3173 5499 3360 5540 semen
3390 5499 3612 5554 eorum,
3645 5487 3699 5542 id
3727 5496 3820 5553 est,

2230 5579 2324 5652 qui
2355 5594 2452 5651 per
2478 5592 2573 5635 eos
2599 5576 2852 5635 conversi
2882 5585 3030 5631 sunt.
3062 5575 3172 5633 Sed
3219 5578 3344 5647 quia
3388 5578 3585 5635 titulus
3642 5578 3822 5650 psalmi

2230 5687 2332 5744 pro
2375 5670 2458 5726 his
2509 5669 2600 5741 qui
2659 5668 3138 5726 commulabuntur
3193 5669 3558 5726 inscribitur:
3609 5685 3821 5730 oremus

2233 5765 2545 5836 Dominum,
2578 5772 2635 5821 ut
2664 5777 2762 5821 nos
2799 5778 2827 5819 a
2874 5761 3180 5835 gentilitate
3223 5777 3546 5835 conversos,
3581 5765 3636 5824 in
3681 5766 3824 5826 ludar
