4016 6384
200 398 349 465 1093

1138 391 1566 454 ΒΒΕνΙᾹΙὶΙΠΜ
1606 391 1671 451 IN
1709 389 2046 452 PSALth.
2087 388 2339 451 PSALM.
2380 386 2546 446 LXX.

3363 376 3504 438 I026

199 515 462 571 civitates
493 510 751 581 aediﬁcet,
784 520 839 568 et
864 526 897 567 a
918 509 1050 582 jugo
1077 509 1278 567 diaboli
1310 510 1615 576 absolutos,
1639 516 1698 563 ut
1726 522 1808 563 so-
1830 511 1881 571 Α
1911 508 2055 564 salua
2075 524 2175 563 me.
2208 507 2387 563 Aures
2417 500 2635 560 Domini
2670 498 2950 567 dicuntur,
2980 493 3204 568 quando
3238 492 3503 551 exaudire

198 608 360 663 boles
410 605 603 677 diligat
641 603 910 675 proprias.
948 602 1017 659 Ut
1055 606 1197 673 quos
1241 601 1476 658 redemit
1515 616 1613 673 per
1656 599 1807 656 fellis

198 697 649 766 amaritudinem,
696 712 791 767 per
852 695 997 753 aceti
1044 695 1428 767 asperitatem,
1481 710 1580 766 per
1626 693 1807 751 crucis

200 789 497 862 supplicia,
532 805 630 860 per
651 791 931 845 clavorum
968 788 1223 854 vulnera,
1253 803 1354 860 per
1380 788 1578 845 mortis
1606 797 1804 845 contu-

198 884 448 951 meliam,
485 898 583 955 per
626 882 862 954 gloriam
910 881 1365 951 resurrectionis,
1395 882 1478 939 sic
1524 881 1807 939 custodire

198 975 460 1048 dignetur
488 974 544 1030 in
566 974 795 1042 saculo,
829 981 895 1030 ut
920 973 1084 1030 faciat
1120 973 1417 1046 participes
1454 973 1659 1031 sanctis
1690 973 1807 1032 suis

200 1065 260 1124 in
291 1079 486 1139 regno.
509 1066 706 1122 Amen.

738 1156 1059 1216 PSALMUS
1096 1157 1283 1214 LXIX.

202 1248 276 1307 In
296 1250 477 1323 linem,
509 1247 757 1306 Psalmus
789 1249 958 1323 D_avid
985 1251 1042 1306 in
1090 1252 1543 1323 rememoratione,
1567 1267 1627 1308 eo
1664 1249 1804 1323 quod

278 1319 477 1395 salvum
508 1322 776 1395 fecitieum
812 1319 1092 1395 Dominus.
1129 1322 1235 1395 l‘ste
1282 1319 1533 1394 psalmus
1566 1338 1634 1379 ex
1677 1319 1809 1395 per-

276 1408 408 1448 sona
434 1394 655 1466 Domini
678 1394 1011 1465 incorporati
1037 1393 1651 1466 canitur,’deprecantis
1668 1393 1806 1465 pra:-

274 1466 480 1520 sidium
507 1464 705 1521 Patris.

275 1557 451 1627 Deus,
480 1559 535 1614 in
570 1558 895 1631 adjutorium
935 1574 1107 1614 meum
1134 1558 1343 1614 intende
1375 1574 1394 1617 :
1423 1557 1665 1627 Domine,
1695 1566 1804 1615 etc.

200 1653 466 1712 Nostrum
496 1652 831 1725 adjuturinm
856 1651 1107 1709 Christus
1148 1663 1255 1721 est,
1302 1654 1398 1726 qui
1440 1668 1587 1709 nunc
1630 1652 1808 1710 Patris

204 1747 471 1804 auxilium
501 1747 741 1819 postulat
769 1746 838 1803 ad
877 1746 1242 1805 confutandos
1282 1762 1401 1816 eos,
1431 1747 1523 1819 qui
1571 1746 1674 1803 sibi
1710 1746 1807 1803 ad-

203 1849 518 1899 versantur.

280 1955 690 2030 Confttndantur
738 1965 785 2011 et
815 1963 1150 2012 revereantur
1175 1955 1267 2028 qui
1308 1962 1549 2027 quaerunt
1578 1954 1808 2008 animam

206 2066 402 2121 meam,
434 2058 489 2105 ut
530 2051 777 2123 auferant
819 2066 953 2106 eam.
980 2048 1039 2104 In
1071 2048 1175 2106 hoc
1203 2048 1349 2105 enim
1377 2047 1807 2114 Conlunduutur,

207 2157 334 2200 cum
377 2156 503 2198 eum
556 2141 715 2213 cujus
761 2140 997 2197 animam
1032 2138 1249 2196 auferre
1289 2139 1604 2208 voluerunt,
1628 2151 1811 2194 resur-

208 2237 423 2296 rexisse
445 2244 805 2309 cognoscunt.

287 2331 601 2385 Avertantur
628 2338 936 2399 retrorsum,
965 2336 1014 2383 et
1045 2325 1343 2383 erubescant
1370 2323 1460 2396 qui
1487 2323 1662 2379 rolunt
1683 2318 1813 2376 mihi

214 2424 383 2481 mata.
426 2423 544 2479 Non
582 2424 937 2479 immutentur
981 2421 1036 2476 in
1074 2417 1481 2476 resurrectione
1523 2430 1646 2472 cum
1689 2429 1817 2470 sau-

222 2516 351 2587 ctis,
366 2515 461 2573 sed
492 2527 791 2573 retrorsum
815 2515 1063 2570 conversi
1080 2513 1493 2569 erubescentes:
1510 2508 1638 2581 quia
1655 2521 1815 2581 quem

219 2619 283 2667 ut
300 2609 578 2666 hominem
598 2608 1003 2680 judicaverunt,
1022 2605 1274 2678 judicare
1298 2613 1358 2660 ut
1378 2603 1549 2659 Deum
1564 2607 1815 2658 cernunt.

294 2704 604 2759 Avertantur
654 2702 831 2757 statim
871 2699 1219 2756 erubescentes
1261 2715 1280 2754 :
1315 2698 1406 2769 qui
1456 2696 1637 2751 dicunt
1692 2692 1822 2748 mihi

223 2810 372 2867 euge,
402 2811 548 2867 euge.
579 2793 927 2851 lrridentium
958 2794 1076 2849 haec
1105 2806 1209 2848 vox
1232 2800 1337 2857 est,
1364 2804 1487 2862 qua:
1507 2789 1574 2844 ad
1602 2802 1701 2845 eos
1732 2801 1821 2844 re-

223 2889 401 2947 fertur
431 2890 525 2961 qui
552 2888 812 2946 dicebant
845 2904 860 2943 :
891 2888 948 2945 Si
975 2886 1145 2943 Filius
1174 2885 1271 2941 Dei
1311 2900 1394 2953 es,
1442 2882 1711 2941 descende
1756 2881 1824 2939 de

224 2997 423 3048 cruce;
450 2991 505 3037 et
530 2979 1017 3038 iterum:Conlidit
1046 2979 1099 3035 in
1133 2979 1304 3035 Deum
1338 2994 1351 3031 :
1379 2977 1574 3034 liberet
1601 2990 1748 3043 eum,
1778 2975 1827 3031 si

226 3079 346 3137 vult
376 3074 597 3154 (Matth.
627 3077 828 3147 xxvn).
860 3075 991 3132 Post
1016 3073 1313 3145 impiorum
1333 3087 1464 3129 vero
1491 3085 1733 3143 poenam,
1758 3066 1827 3125 ad

230 3170 458 3245 gloriam
487 3168 823 3226 convertitur
851 3167 1164 3224 beatorum.

306 3260 585 3318 Exsulteut
607 3269 654 3316 et
695 3261 934 3316 la’tentur
962 3259 1017 3314 in
1047 3268 1095 3314 te
1139 3274 1315 3314 omnes
1352 3256 1442 3329 qui
1487 3261 1723 3329 quierunt
1760 3264 1827 3310 te.

234 3355 339 3426 Qui
373 3370 469 3426 per
499 3354 769 3429 lacrymas
797 3352 1134 3425 paenitentia:
1169 3360 1243 3420 te,
1270 3351 1363 3421 qui
1405 3349 1721 3406 misericors
1746 3361 1829 3414 es,

238 3449 551 3522 requirunt.
583 3448 649 3503 Et
688 3448 866 3503 dicant
887 3462 1088 3519 semper
1114 3462 1134 3501 :
1162 3444 1528 3517 magni/iretur
1554 3441 1832 3498 Dominus.

240 3543 487 3614 Accepta
513 3540 852 3612 indulgentia
898 3549 1272 3612 peccatorum.
1305 3536 1410 3604 Qui
1434 3535 1659 3609 diligunt
1692 3534 1838 3590 salu-

244 3648 357 3699 tare
378 3647 547 3693 tuum.
571 3636 875 3709 Diligenles
900 3644 991 3691 te:
1022 3650 1088 3692 eo
1111 3633 1256 3705 quod
1294 3633 1371 3690 sis
1421 3630 1663 3688 omnium
1705 3629 1835 3687 vita.

320 3731 437 3807 Ego
488 3747 605 3787 vero
652 3746 840 3803 egenus
889 3745 1005 3784 sum
1056 3737 1105 3783 ct
1146 3742 1387 3800 pauper:
1422 3724 1699 3790 Dominus,
1731 3733 1839 3781 etc.

246 3828 502 3887 Christus
535 3824 795 3880 Dominus
836 3837 895 3878 se
945 3821 1142 3878 crebro
1185 3834 1419 3892 egenum
1448 3828 1502 3875 et
1547 3831 1843 3890 pauperem

251 3933 441 3983 verat:
468 3920 622 3994 cujus
636 3934 763 3976 cura
782 3919 836 3974 in
857 3926 1098 3989 paternae
1118 3915 1340 3987 pietatis
1357 3928 1545 3970 amore
1572 3911 1845 3970 consistit.

326 4015 555 4087 Adjutor
583 4028 748 4081 meus,
774 4019 821 4065 et
856 4019 1117 4082 protector
1148 4023 1295 4063 meus
1329 4024 1384 4062 es
1406 4014 1487 4074 tu,
1516 4002 1657 4061 Deus
1681 4019 1847 4072 meus,

254 4126 323 4169 ne
348 4108 658 4163 tarduueris.
683 4105 819 4162 Hinc
842 4104 987 4160 enim
1019 4102 1291 4175 passionis
1313 4109 1558 4172 tempore
1586 4098 1852 4170 discipulo

259 4204 407 4262 dixit
440 4219 454 4256 :
488 4198 641 4270 Quod
669 4198 801 4255 lacis
839 4198 925 4254 iac
961 4195 1196 4253 celerius
1225 4193 1410 4267 (Joan.
1446 4192 1571 4267 xm)
1599 4209 1614 4260 ;
1645 4192 1857 4249 scilicet

261 4302 326 4352 ut
353 4293 665 4367 passionem
696 4290 945 4361 corporis
970 4288 1131 4345 velox
1180 4287 1599 4344 resurrectionis
1649 4285 1858 4357 adjutll-

264 4388 410 4446 rium
438 4385 787 4457 praeveniret.
819 4382 924 4451 Qui
951 4381 1274 4437 vulneratus
1297 4389 1381 4436 est
1411 4390 1633 4452 propter
1664 4393 1860 4450 pecca-

266 4488 321 4537 ta
352 4485 566 4544 nostra,
594 4484 650 4532 et
680 4475 986 4532 resurrexit
1011 4482 1238 4546 propter
1271 4472 1722 4544 justiﬁeatiouem
1765 4487 1866 4529 no-

269 4582 443 4632 stram
470 4591 482 4627 :
506 4571 624 4643 ipse
654 4568 815 4625 nobis
852 4583 999 4625 nunc
1027 4565 1288 4623 auxilium
1319 4569 1372 4623 in
1405 4575 1650 4640 tempore
1690 4568 1865 4624 tribu-

272 4665 502 4723 lationis
526 4662 877 4718 miseratione
907 4661 1068 4717 solita
1106 4658 1393 4732 largiatur,

277 4851 581 4911 valeamus.
614 4849 810 4906 Amen.

814 4919 1135 4980 PSALMUS
1173 4918 1338 4976 LXX.

283 5017 531 5076 Psalmus
566 5014 765 5083 David,
796 5015 1026 5087 filiorum
1072 5013 1344 5084 Ionadab,
1366 5023 1414 5070 et
1443 5014 1680 5088 priorum
1713 5015 1880 5088 capti-

1907 600 2207 673 dignatur:
2238 600 2368 672 quia
2410 597 2642 655 formam
2670 594 2818 651 servi
2862 590 3162 663 accipiens,
3197 587 3371 644 laetus
3414 593 3507 643 est

1906 694 2171 752 obediens
2211 693 2356 749 Patri
2408 704 2582 761 usque
2625 688 2695 744 ad
2736 694 2993 753 mortem,
3034 691 3266 740 mortem
3314 687 3501 737 autem

1906 789 2107 848 crucis.
2136 789 2368 861 Pr0pter
2394 785 2542 859 quod
2566 793 2622 844 et
2641 784 2786 842 Deus
2810 782 2966 839 illum
2996 779 3280 847 exultavit,
3310 785 3370 835 et
3406 776 3503 835 de-

1908 882 1990 939 dit
2013 882 2095 938 illi
2116 895 2315 938 nomen
2344 876 2491 951 quod
2517 884 2603 935 est
2632 890 2806 947 super
2833 889 2996 932 omne
3025 888 3248 930 nomen.
3331 928 3340 935 ,

1979 973 2110 1030 Esto
2131 973 2262 1028 mihi
2286 974 2339 1027 in
2381 970 2549 1027 Deum
2578 977 2943 1041 protectorem,
2974 976 3024 1024 et
3053 968 3111 1022 in
3135 965 3307 1022 locum
3333 962 3506 1020 muni-

1910 1078 2042 1135 tum,
2066 1074 2125 1120 ut
2145 1064 2348 1120 saluum
2370 1079 2451 1118 me
2471 1060 2661 1134 facias.
2684 1060 2820 1130 Quia
2836 1061 3047 1132 absque
3076 1067 3131 1116 te
3156 1072 3336 1131 neque
3356 1056 3507 1114 relu-

1906 1159 2058 1231 gium
2088 1170 2271 1228 neque
2310 1154 2541 1212 munitio
2576 1170 2591 1208 :
2622 1168 2804 1226 neque
2840 1152 3112 1224 proiectio
3146 1168 3177 1208 a
3225 1164 3506 1223 quoquam

1906 1249 2154 1322 praestari
2202 1255 2403 1319 potest.
2449 1245 2720 1317 Numquid
2768 1245 2921 1302 Deus
2967 1244 3162 1302 localis
3207 1242 3325 1302 est?
3352 1241 3509 1299 Licet

1908 1341 2097 1399 localis
2131 1342 2204 1398 sit
2230 1341 2302 1397 ad
2341 1355 2403 1398 se
2446 1337 2794 1398 venientibus
2828 1359 2844 1396 :
2875 1337 2973 1396 sed
3001 1353 3111 1395 non
3144 1347 3229 1395 est
3259 1335 3457 1395 localis
3484 1350 3504 1395 :

1909 1433 2037 1506 quia
2078 1433 2281 1506 ubique
2310 1442 2417 1490 est.

1987 1525 2129 1594 Quia
2153 1526 2537 1596 ﬁrmamentum
2563 1538 2758 1595 meum,
2782 1530 2830 1579 et
2858 1520 3123 1595 refugiunt
3156 1537 3329 1578 meum
3350 1536 3403 1578 es
3424 1529 3503 1577 tu.

1909 1616 2350 1686 Firmamentum,
2378 1631 2503 1674 cum
2532 1616 2760 1689 aequalis
2784 1615 2841 1671 in
2868 1629 2937 1672 eo
2965 1612 3220 1671 consistit
3256 1612 3510 1670 substan-

1910 1712 2004 1767 tia.
2037 1711 2340 1784 Refsgium,
2368 1710 2528 1782 juxta
2551 1708 2983 1767 imbecillitatem
3004 1720 3353 1778 corpoream.

1984 1802 2133 1859 Deus
2178 1818 2325 1857 meus
2371 1803 2515 1874 eripe
2564 1817 2646 1856 me
2695 1803 2760 1855 de
2800 1815 2964 1855 manu
3001 1798 3288 1871 peccatoris
3319 1814 3338 1851 :
3369 1795 3511 1853 etde

1834 1901 1883 1964 Β
1913 1912 2094 1967 manu,
2126 1905 2236 1953 etc.
2268 1894 2347 1951 De
2371 1901 2645 1965 potestate
2671 1892 2858 1965 populi
2882 1890 3118 1961 Judaici,
3152 1889 3245 1962 qui
3271 1904 3359 1947 me
3378 1903 3512 1947 ven-

1915 1998 2094 2047 turum
2148 1988 2205 2044 in
2249 1986 2394 2059 Lege
2440 2002 2548 2042 non
2597 1983 2887 2042 intellexit.
2918 1983 2989 2038 Et
3038 1982 3226 2055 iniqui.
3280 1982 3511 2052 Semper

1913 2078 2286 2153 malignantis.
2331 2078 2448 2135 Non
2495 2092 2687 2136 omnes
2741 2085 3062 2149 peccatores
3110 2074 3277 2132 etiam
3316 2073 3514 2146 iniqui.

1918 2173 2251 2231 Peccatorcs
2308 2179 2434 2228 sunt
2486 2179 2948 2243 transgressores,
2985 2167 3040 2225 id
3089 2175 3195 2236 est,
3236 2166 3431 2233 Judtri,
3458 2176 3518 2223 ct

1915 2266 2045 2326 mali
2070 2264 2370 2324 Christiani
2402 2283 2415 2321 :
2443 2266 2536 2336 qui
2572 2272 2752 2330 vetus,
2784 2273 2841 2321 et
2869 2278 3069 2319 novum
3098 2259 3512 2318 Testamentum

1919 2348 2407 2435 transgrediuntur.
2442 2357 2617 2429 Iniqui
2649 2357 2742 2429 qui
2787 2371 2898 2413 non
2929 2353 3179 2421 credunt,
3210 2363 3271 2410 ut
3311 2351 3517 2408 Paulus

1917 2458 2021 2513 ait:
2047 2455 2147 2525 Qui
2171 2454 2291 2512 sine
2312 2454 2433 2526 lege
2463 2459 2848 2525 peccaverunt,
2877 2449 2999 2507 sine
3017 2449 3137 2522 lege
3159 2455 3214 2505 et
3232 2446 3512 2521 peribunt.

1995 2549 2258 2619 Quoniam
2304 2556 2362 2603 tu
2408 2562 2463 2603 es
2509 2545 2765 2621 patientia
2810 2559 2945 2614 mea,
2976 2541 3220 2599 Domine.
3250 2540 3388 2610 Quia
3417 2553 3519 2612 pro

1924 2652 2013 2702 tua
2051 2644 2232 2717 patior
2257 2642 2559 2699 voluntate.
2590 2640 2726 2713 Spes
2756 2656 2872 2696 mea
2908 2655 2942 2694 a
2960 2640 3239 2713 juventute
3274 2653 3409 2692 mea.
3435 2635 3521 2692 Ab

1923 2738 2081 2795 initio
2107 2735 2284 2793 aetatis
2312 2749 2616 2809 corporeae.
2644 2731 2773 2791 Ideo
2801 2746 2933 2805 spes
2964 2745 3071 2789 non
3119 2729 3472 2788 confunditur
3503 2746 3519 2786 :

1924 2830 2051 2903 quia
2080 2828 2324 2885 charitas
2369 2827 2464 2884 Dei
2496 2825 2693 2884 diﬂ‘usa
2737 2834 2824 2883 est
2869 2824 2927 2881 in
2968 2823 3231 2882 cordibus
3276 2821 3521 2881 nostris:

1926 2937 2023 2995 per
2050 2919 2313 2993 Spiritum
2345 2929 2597 2976 sanctum
2622 2917 2716 2990 qui
2742 2916 2903 2974 datus
2924 2926 3010 2973 est
3036 2916 3195 2974 nobis
3228 2915 3406 2988 (Rom.
3434 2915 3523 2988 ιι).

2000 3015 2067 3072 In
2096 3024 2146 3072 te
2191 3014 2529 3085 conﬁrmatus
2565 3029 2681 3069 sum
2725 3028 2792 3068 ea:
2830 3019 3001 3067 utero.
3028 3008 3189 3084 Legis
3216 3010 3426 3083 utique,
3457 3024 3528 3067 ex

1929 3126 2042 3184 quo
2072 3108 2281 3167 initiavi
2301 3108 2551 3167 credere.
2586 3106 2662 3164 De
2687 3116 2865 3165 ventre
2892 3106 3077 3162 matris
3104 3121 3250 3161 mete.
3280 3104 3529 3178 Synago-

1930 3220 2014 3278 gze
2043 3203 2114 3260 de
2141 3218 2248 3276 qua
2279 3199 2546 3273 processi.
2573 3199 2653 3256 Tu
2681 3216 2735 3256 es
2782 3207 3045 3270 protector
3085 3213 3249 3266 meus,
3283 3193 3527 3253 Domine.

1858 3291 1905 3357 C
1937 3295 2006 3353 In
2034 3305 2081 3352 te
2105 3296 2337 3351 cantatio
2357 3310 2469 3350 mea
2494 3306 2712 3364 semper.
2736 3294 2777 3349 A
2810 3299 2866 3349 te
2890 3298 3150 3363 protegar
3169 3290 3227 3347 in
3253 3290 3527 3362 passione,

1936 3402 1993 3451 et
2020 3402 2174 3449 tuum
2206 3391 2260 3448 in
2286 3389 2538 3464 gentibus
2568 3403 2767 3446 nomen
2792 3386 3103 3445 concinam.

2013 3485 2300 3558 Tamquam
2331 3484 2627 3558 prodigium
2658 3482 2831 3555 factus
2868 3498 2985 3538 sum
3029 3481 3231 3537 multis.
3268 3480 3536 3539 Dicebant

1942 3581 2089 3640 enim
2116 3581 2197 3638 illi
2228 3599 2243 3638 :
2274 3580 2654 3637 Samaritanus
2681 3595 2742 3637 es
2780 3587 2858 3647 tu,
2891 3587 2947 3636 et
2988 3577 3319 3636 daemonium
3363 3577 3533 3636 babes

1949 3676 2135 3750 (Joau.
2165 3691 2294 3743 vm;
2322 3674 2481 3730 Matt.
2510 3672 2669 3747 xvtt).
2699 3672 2769 3728 Et
2799 3682 2874 3743 tu,
2900 3671 3151 3742 Domine,
3183 3670 3400 3746 adjutor
3423 3675 3535 3745 for-

1946 3770 2033 3825 tis.
2073 3767 2265 3826 Dixisti
2294 3767 2426 3824 mibi
2463 3784 2479 3824 :
2513 3766 2614 3823 ilic
2666 3774 2753 3823 est
2785 3764 2957 3823 Filius
3005 3778 3161 3822 meus
3195 3764 3452 3831 dilectus,
3475 3763 3535 3822 in

1948 3879 2056 3935 quo
2083 3862 2216 3919 mihi
2244 3863 2387 3921 bene
2429 3860 2775 3933 complacui:
2807 3860 2984 3931 ipsum
3011 3861 3215 3919 audite.

2021 3960 2307 4033 Repleatur
2352 3976 2409 4015 os
2454 3973 2623 4014 meum
2653 3956 2809 4014 laude
2846 3966 2959 4023 tua,
2995 3965 3053 4013 ut
3090 3964 3292 4012 cantem
3320 3954 3546 4029 gloriam

1954 4062 2122 4121 tuam,
2153 4062 2262 4108 tota
2315 4050 2403 4107 die
2445 4050 2857 4124 magnitudinem
2886 4057 3054 4105 tuam.
3085 4048 3240 4107 Unus
3291 4048 3411 4106 dies
3462 4055 3552 4105 est

1956 4146 2163 4205 sanctis
2192 4146 2296 4203 tuis
2348 4144 2405 4202 in
2457 4146 2562 4202 hoc
2610 4142 2837 4212 mundo,
2869 4158 3032 4217 quem
3080 4142 3232 4199 nulla
3286 4142 3555 4200 obscurat

1958 4258 2068 4300 nox
2100 4260 2113 4298 :
2142 4240 2197 4298 in
2239 4256 2350 4314 quo
2383 4250 2437 4297 et
2468 4255 2594 4298 cum
2625 4239 2847 4312 quibus,
2880 4237 3122 4306 laudem,
3153 4237 3405 4310 gloriam,
3437 4251 3555 4293 ma-

1962 4333 2453 4408 gniﬁcentiamque
2479 4332 2713 4391 concino
2740 4341 2888 4389 tuam
2916 4350 2931 4388 :
2955 4331 3079 4404 quia
3103 4346 3204 4404 ego
3223 4331 3278 4388 in
3302 4330 3390 4387 bis
3410 4345 3552 4386 sum.

1965 4428 2080 4501 Ego
2109 4439 2248 4483 cano
2276 4424 2397 4482 tibi.
2431 4423 2539 4483 Sed
2574 4433 2631 4482 et
2672 4439 2820 4481 nunc
2847 4424 2966 4496 ipse
2990 4423 3258 4482 Dominus
3286 4422 3463 4497 aperit
3493 4436 3560 4480 os

1967 4529 2239 4588 nostrum,
2266 4526 2325 4574 ut
2370 4516 2644 4589 possimus
2671 4517 2794 4588 ejus
2827 4515 3059 4589 gloriam
3089 4517 3362 4587 nuntiare,
3395 4523 3564 4589 atque

1970 4612 2187 4669 laudem
2216 4610 2339 4682 ejus
2359 4609 2658 4666 disserere.

313 4671 502 4721 ttionis
526 4671 877 4718 miseratione
907 4671 1068 4717 solita
1107 4671 1393 4732 largiatur,
1424 4671 1486 4716 ut
1511 4675 1634 4716 cum
1664 4671 1869 4718 sanctis
1895 4685 1951 4749 ι)
2050 4704 2133 4760 Ne
2332 4702 2345 4715 .
2537 4701 2549 4713 .
3096 4702 3109 4717 .
3480 4704 3493 4717 .

434 4755 767 4777 unum,“
834 4769 951 4777 ΑΜ,
997 4753 1350 4777 ,μηωηῃ
1397 4762 1558 4777 “mm
1610 4753 1871 4777 num“
2158 4718 2587 4777 projictasmem
2610 4709 2838 4774 tempore
2859 4712 3154 4770 senectutis,
3189 4718 3309 4758 cum
3337 4703 3563 4773 deﬁeret,

276 4760 398 4829 ejus
427 4755 790 4823 exsultantes,
829 4769 953 4811 eum
997 4753 1351 4826 magniﬁcare
1396 4762 1560 4825 atque
1606 4753 1875 4813 extollere

1975 4806 2083 4855 etc.
2116 4796 2176 4854 ln
2206 4794 2678 4854 consummatione
2706 4792 2895 4865 utique
2923 4793 3103 4850 artatis
3133 4794 3311 4851 istius.

2057 4889 2196 4958 Quia
2225 4889 2472 4945 dixerunt
2497 4887 2698 4943 inimici
2723 4886 2824 4942 mei
2859 4885 3011 4942 mihi.
3035 4886 3315 4955 Dicentes,
3345 4887 3436 4948 hic
3463 4903 3571 4945 non

1982 4992 2072 5043 est
2098 4984 2170 5042 de
2202 4985 2335 5053 Deo,
2358 4984 2451 5058 qui
2498 4982 2787 5042 sabbatum
2828 4996 2935 5038 non
2987 4980 3228 5039 custodit
3252 4978 3437 5053 (Joan.
3470 4982 3579 5055 ιι).

343 5074 550 5145 parum.
577 5088 686 5146 Iste
706 5074 953 5160 psalmus
978 5100 1171 5144 vocem
1192 5074 1410 5144 contine
1419 5074 1455 5143 ι’
1468 5088 1747 5157 ρῐοριιειω
1773 5074 1790 5144 ξ
1808 5087 1880 5144 de
1984 5077 2054 5134 Et
2075 5077 2167 5148 qui
2195 5077 2557 5133 custodiebant
2575 5076 2808 5132 animam
2829 5092 3013 5143 meam,
3043 5074 3325 5131 consilium
3345 5079 3583 5148 fecerunt

362 5161 458 5241 illa
484 5158 873 5241 Redemptoris
912 5158 1217 5241 humilitate
1245 5173 1510 5241 corporea
1544 5173 1885 5241 conqu'eren-
1988 5170 2041 5224 in
2090 5186 2255 5224 unum
2303 5169 2579 5226 dicentes:
2610 5167 2755 5226 Deus
2811 5167 3090 5241 dereliquit
3130 5184 3271 5237 eum,
3305 5176 3411 5226 etc.
3455 5169 3584 5228 llaec

362 5233 459 5301 tis,
486 5245 551 5288 ac
579 5230 650 5289 de
675 5228 798 5304 ejus
826 5230 1230 5287 resurrectione
1250 5228 1487 5303 gloriosa
1514 5228 1787 5287 canentis.

367 5346 434 5403 In
465 5356 538 5419 te,
562 5344 815 5415 Domine,
836 5347 1065 5419 sperari,
1092 5363 1195 5404 non
1216 5348 1513 5416 confundor
1537 5348 1592 5405 in
1614 5357 1884 5406 internum.

1989 5261 2249 5319 dixerunt
2276 5260 2456 5333 impii,
2484 5268 2542 5318 et
2569 5268 2897 5318 erraverunt
2927 5277 2940 5314 :
2974 5260 3311 5317 obcaecatum
3333 5260 3480 5318 enim
3502 5269 3589 5319 est

1992 5353 2204 5411 malitia
2234 5367 2332 5411 cor
2369 5368 2585 5411 eorum.
2612 5352 2723 5411 Sed
2769 5360 2825 5408 et
2869 5353 2926 5409 in
2968 5352 3085 5423 ipsa
3136 5351 3396 5422 passione
3433 5352 3591 5424 quasi

293 5442 428 5498 om
451 5455 584 5514 81⁸80
619 5439 887 5499 Mediam?
916 5448 1122 5509 “0518f.
1155 5448 1216 5497 υι
1257 5439 1376 5498 ιιωο
1402 5440 1656 5498 confusio
1697 5439 1889 5497 mortis
1994 5445 2259 5505 derelicto
2287 5446 2403 5504 Deo
2424 5444 2724 5503 dicebant:
2758 5443 2890 5502 Sine
2909 5444 3093 5502 veniat
3116 5443 3290 5512 Elias,
3316 5453 3373 5502 et
3396 5444 3593 5504 liberet

297 5548 409 5592 non
437 5534 531 5603 sit,
559 5541 619 5590 ut
639 5541 967 5591 cteterorum
996 5532 1265 5604 omnium,
1295 5532 1579 5589 diuturna.
1611 5532 1681 5588 Et
1723 5533 1778 5588 in
1802 5543 1892 5588 tua
1997 5554 2123 5596 eum
2149 5537 2331 5611 (Matt.
2362 5536 2561 5610 xxvn).

292 5626 508 5702 justitia
545 5625 709 5682 libera
740 5643 843 5696 me,
870 5634 918 5682 et
959 5626 1099 5698 eripe
1130 5641 1233 5680 me.
1273 5623 1504 5692 lnclina,
1530 5633 1637 5681 etc.
1670 5624 1896 5681 Iustitia

2071 5630 2238 5700 Deus,
2268 5646 2334 5687 ne
2380 5628 2709 5703 etongaveris
2755 5644 2789 5684 a
2824 5643 2908 5685 me
2937 5642 2958 5684 :
2994 5626 3138 5685 Deus
3180 5645 3351 5700 meus,
3380 5639 3487 5687 etc.
3520 5627 3594 5688 Ut

303 5718 453 5775 enim
485 5728 574 5774 tua
620 5727 707 5775 est
732 5728 790 5775 ut
812 5718 912 5791 qui
940 5719 1131 5777 fecerit
1157 5716 1492 5774 voluntatem
1522 5727 1695 5785 tuam,
1723 5725 1901 5774 trans-
2001 5723 2225 5797 alligato
2254 5721 2419 5789 forte,
2449 5720 2624 5778 victor
2652 5720 2880 5777 redeam
2909 5735 2977 5778 ex
2999 5720 3233 5779 inferno.

308 5823 402 5872 eat
425 5828 456 5867 a
482 5821 662 5869 morte
696 5813 752 5869 in
794 5814 964 5870 vitam
997 5833 1010 5867 :
1044 5827 1143 5885 per
1165 5825 1325 5885 quam
1357 5819 1417 5869 et
1442 5825 1544 5884 ego
1581 5826 1728 5869 nunc
1760 5810 1899 5884 eripi

2074 5813 2485 5887 Coufundautur
2508 5823 2558 5870 et
2599 5813 2844 5889 deﬁciant
2872 5814 3202 5872 detrahentes
3229 5815 3422 5875 animm
3448 5832 3595 5888 meat,

307 5908 593 5985 deprecor.
629 5907 728 5967 Vel
757 5907 949 5967 aliter:
980 5905 1195 5965 Inclina
1227 5904 1296 5962 ad
1320 5922 1405 5963 me
1444 5922 1625 5966 aurem
1663 5914 1829 5973 tuam.
1852 5914 1900 5963 et
2006 5909 2331 5983 aperiantur,
2355 5916 2463 5968 etc.
2485 5905 2621 5966 (lum
2663 5921 2769 5982 ego
2795 5906 3155 5968 resuscitatus
3177 5908 3355 5970 luero.
