4010 6318
548 310 686 385 1021

625 440 736 511 Ego
767 444 937 493 autem
986 442 1186 505 serbprr
1214 431 1434 504 sperabo
1464 432 1519 485 in
1551 439 1622 498 te,
1650 429 1895 493 Domine,
1935 436 2043 482 etc.
2079 426 2147 483 Ut
2175 422 2219 485 Α

454 563 462 570 ο
551 547 673 605 quae
704 531 796 587 tibi
824 530 911 586 lex
940 527 1138 583 oll’erre
1171 524 1430 594 praecepit
1471 523 1527 578 In
1556 520 1838 577 sacriﬁciis
1878 519 1990 575 suis
2020 519 2149 574 visi-

552 624 773 691 bililms,
807 620 1124 688 redemptus
1153 617 1389 688 populus
1413 615 1667 686 deportet
1687 614 1742 669 in
1774 611 2038 668 moribus.

626 719 698 773 οδ
727 724 899 772 meum
921 708 1250 769 annuntiabit
1274 707 1538 780 justitiam
1568 717 1729 774 tuam,
1755 714 1865 762 tota
1890 704 1976 759 die
2000 701 2148 759 salua

550 825 660 868 tare
701 821 869 865 tuum.
895 807 1213 877 Resurgens
1242 805 1388 861 enim
1428 802 1771 874 congregatio
1815 796 2142 863 Ecclesium,

552 906 730 975 inqua
758 910 880 959 Inus
908 900 1201 957 concinam
1245 896 1455 951 laudes.

621 995 763 1063 Quia
782 1004 886 1050 non
911 990 1131 1064 cognovi
1155 990 1523 1054 litteraturam,
1557 984 1782 1040 introibo
1809 983 1864 1038 ttt
1886 981 2146 1053 potentias

549 1086 782 1143 Domini.
805 1085 1073 1158 Cognovit
1104 1082 1200 1139 ille
1224 1078 1671 1151 negotiationem,
1700 1077 1795 1149 qui
1821 1077 2142 1147 magistrum

545 1176 814 1234 vendidit.
854 1176 992 1232 Nam
1015 1184 1117 1245 ego
1147 1182 1201 1227 te
1230 1168 1528 1226 clariﬁcavi
1552 1180 1723 1237 super
1753 1176 1979 1229 terram,
2005 1178 2144 1234 opus

548 1268 920 1328 consummavi
968 1261 1116 1337 quod
1151 1261 1354 1319 dedisti
1393 1259 1522 1315 mihi
1571 1268 1631 1314 ut
1665 1257 1905 1313 facerem
1956 1252 2139 1328 (Joan.

546 1360 705 1433 xvn).
724 1360 959 1423 Domine,
978 1353 1303 1412 memorabor
1316 1352 1539 1425 justitiae
1565 1359 1667 1405 tua:
1686 1349 1874 1404 solius.
1894 1347 2141 1403 Paterna:

546 1470 672 1515 eum
698 1454 924 1526 iustitiae
950 1460 1255 1508 memorem
1285 1446 1551 1519 propheta
1583 1442 1731 1508 dicit,
1762 1441 1906 1498 sicut
1930 1446 1988 1497 et
2026 1440 2143 1509 ipse

545 1549 602 1606 in
631 1544 930 1618 Evangelia
954 1543 1033 1599 ait
1058 1561 1071 1596 ε
1100 1542 1213 1614 Ego
1233 1554 1353 1613 qum
1385 1536 1573 1595 audivi
1600 1552 1631 1591 a
1663 1535 1827 1591 Patre
1859 1531 2143 1601 meminere

542 1640 743 1712 loquor
768 1637 952 1711 (Joan.
979 1635 1123 1707 vni).

620 1733 795 1798 Deus,
825 1729 1050 1784 docuisti
1078 1741 1160 1782 me
1188 1742 1218 1780 η
1239 1727 1517 1796 [arentum
1558 1735 1692 1789 mea,
1718 1729 1766 1775 et
1796 1732 1959 1790 Isque
1997 1732 2142 1771 nunc

542 1824 894 1899 pronuntiabo
939 1815 1204 1877 mirabilia
1243 1829 1334 1875 tua
1357 1854 1372 1885 ς
1412 1827 1462 1873 et
1505 1828 1666 1887 itaque
1703 1816 1759 1869 in
1797 1820 2058 1867 senectam
2092 1818 2141 1865 et
2171 1810 2215 1870 il

537 1921 781 1976 senium:
817 1917 978 1985 Dens,
1004 1933 1068 1971 ne
1095 1913 1433 1983 derelinquas
1453 1927 1552 1967 me.
1576 1902 1856 1980 Numquid
1888 1906 2034 1964 enim
2053 1913 2141 1961 est

540 2011 839 2068 derelictus
867 2024 897 2065 a
925 2008 1127 2065 Patre?
1146 2006 1244 2064 sed
1289 2016 1507 2077 semper
1534 2001 1912 2061 testimonium
1955 1999 2140 2070 perhi-

541 2104 682 2173 buit,
704 2104 832 2175 quia
863 2117 1029 2159 verax
1059 2109 1167 2157 est.

613 2197 790 2251 Donec
813 2194 1122 2250 annuntietn
1151 2191 1421 2247 brachium
1449 2200 1596 2245 tuum
1619 2186 1942 2261 generatiarti
1976 2187 2136 2253 omni,

539 2299 647 2348 etc.
669 2290 799 2344 llaec
829 2288 1011 2343 omnia
1033 2286 1366 2342 Christianas
1395 2283 1737 2357 generationi
1761 2279 2137 2337 annuntiavit:

538 2392 702 2453 quam
742 2394 844 2437 suo
886 2380 1149 2450 sanguine
1181 2378 1467 2447 acquisivit
1505 2385 1562 2431 et
1587 2388 1686 2446 pro
1712 2388 1813 2443 qua
1847 2384 2039 2443 passus
2056 2381 2142 2428 est

537 2488 659 2548 qum
671 2481 990 2545 sequuntur.
1008 2471 1135 2538 ante
1148 2470 1317 2542 fecisti
1328 2468 1616 2539 magnalia,
1635 2468 1773 2523 Deus
1791 2468 1810 2522 ,θ
1825 2466 1941 2539 quis
1954 2466 2141 2522 similis

540 2566 668 2624 tibi?
696 2567 801 2635 Qui
843 2579 930 2620 me
968 2562 1310 2619 misericordi
1351 2560 1581 2618 oonsilio
1608 2559 1676 2617 ad
1710 2559 2139 2630 redemptionem

535 2659 829 2716 humanam
858 2656 1074 2711 misisti.

613 2750 850 2820 Quantas
891 2748 1166 2803 ostendisti
1213 2747 1342 2801 mihi
1385 2743 1745 2801 tribulationes
1799 2745 1996 2800 multas
2020 2785 2035 2810 ,
2091 2753 2141 2800 et

539 2844 714 2899 mulas
737 2842 758 2895 1
780 2848 831 2897 et
877 2854 1156 2896 conversus
1195 2839 1466 2909 risi/icasti
1492 2852 1593 2895 nte.
1629 2837 1811 2895 Multae
1841 2838 2062 2909 quidem
2089 2838 2138 2891 ei

540 2936 924 2993 tribulatioues
955 2937 1010 2990 in
1049 2934 1234 2991 cannis
1283 2935 1602 2990 inﬁrmitate
1648 2942 1887 2990 ostensa:
1916 2941 2045 2988 sunt
2069 2932 2140 2987 ob

536 3028 768 3086 salutem
800 3026 1023 3083 humani
1052 3026 1295 3099 generis,
1341 3025 1442 3082 sed
1473 3026 1662 3081 oinuia
1700 3025 1966 3081 vivaciter
1992 3024 2136 3079 tole-

537 3121 699 3178 ravit.
732 3119 800 3178 Et
829 3122 894 3177 de
921 3120 1122 3192 abyssis
1152 3129 1303 3175 terra!
1341 3120 1529 3174 iterant
1577 3118 1834 3173 reduxisti
1876 3133 1974 3172 me.
2020 3115 2134 3171 Hoc

1350 308 1695 374 APPENDIX
1732 304 1827 370 AD
1863 304 2110 369 'lOMUM
2148 300 2503 370 SEPTIMUM
2540 300 2600 364 S.
2642 294 3046 363 HIERONYMI.

3716 287 3870 356 [028

2322 424 2530 494 primus
2563 423 2804 487 psalmus
2853 432 3014 486 quem
3058 410 3595 494 propheta__cecinit,
3648 409 3859 466 Filium

2327 486 2421 551 Dei
2454 496 2505 550 in
2543 486 2806 549 mundum
2840 486 3128 546 venturum
3158 486 3433 553 ostendit;
3466 496 3710 553 cumque
3738 496 3861 554 pOst

2322 572 2614 633 assumpta:
2681 564 2863 620 carnis
2930 560 3172 633 injurias
3214 559 3595 633 liberatusque
3651 570 3859 633 paupe-

2322 648 2410 692 res
2434 625 2702 691 de'manu
2737 625 3009 705 potentis;
3051 625 3556 705 (mlieredditum.
3606 642 3637 705 a_
3691 625 3857 681 Patre

2321 722 2484 763 omne
2505 699 2805 777 sumpsisse
2830 704 3117 776 judicium.
3144 701 3275 758 Tale
3306 701 3469 772 igitur
3491 699 3663 755 sumit
3693 710 3859 753 exor-

2321 779 2472 835 dium
2507 797 2520 834 :

2296 890 2485 963 ,Deus,
2526 891 2789 962 judicium
2833 898 2980 943 tuum
3027 880 3138 960 regi
3176 885 3261 942 da.
3299 884 3567 955 Loquitur
3595 895 3768 954 ergo,
3803 890 3859 936 ut

2246 983 2517 1050 diximus,
2566 984 2827 1055 prepheta
2877 982 2944 1037 ad
2995 981 3245 1043 Patrem,
3296 989 3353 1034 ut
3394 976 3665 1049 judicium
3714 973 3859 1031 Filio

2245 1078 2405 1133 donet
2432 1123 2445 1146 ,
2482 1094 2588 1132 non
2621 1076 2764 1145 quod
2804 1088 2930 1131 eum
2967 1076 3019 1129 in
3054 1088 3162 1128 una
3204 1072 3419 1128 Deitate
3449 1071 3854 1126 subsistentem

2246 1184 2353 1227 non
2380 1169 2583 1225 habeat
2603 1215 2617 1239 ,
2647 1169 2742 1223 sed
2778 1176 2837 1224 ut
2882 1168 2935 1222 in
2961 1176 3199 1236 corpore
3242 1172 3535 1220 venturum
3566 1158 3852 1218 ostendat.

2245 1259 2313 1321 Et
2334 1266 2603 1339 justitiam
2636 1273 2776 1320 tuam
2819 1256 2932 1333 [ilio
2963 1260 3121 1334 regis.
3147 1253 3353 1331 Populo
3376 1260 3468 1332 qui
3502 1257 3557 1314 iu
3591 1254 3853 1327 adoptio—

2246 1375 2368 1415 nem
2401 1358 2499 1414 ﬁlii
2534 1366 2881 1428 assumptus,
2918 1372 3012 1426 per
3057 1356 3387 1425 baptismum
3437 1354 3496 1409 in
3524 1362 3596 1409 eo
3623 1362 3855 1408 renatus

2244 1461 2346 1509 est.
2392 1452 2529 1508 Nam
2555 1465 2796 1523 congrue
2830 1449 3117 1515 convenit,
3152 1458 3210 1504 ut
3242 1446 3474 1519 populus
3502 1443 3727 1516 justitis
3776 1446 3854 1498 vi—

2247 1553 2375 1602 vat:
2418 1558 2512 1603 rex
2543 1555 2725 1600 autem
2763 1544 3031 1615 judicium
3055 1580 3069 1604 .
3116 1542 3260 1611 quod
3291 1556 3323 1596 a
3352 1541 3521 1597 Patre
3563 1539 3849 1612 suscepit,

2243 1649 2530 1707 exerceat,
2556 1638 2704 1709 quod
2727 1646 2964 1709 sequens
2992 1635 3282 1692 conﬁrmat
3304 1634 3639 1692 versiculus.

2316 1731 2570 1788 Judicare
2590 1732 2841 1804 populum
2871 1740 3015 1785 tuum
3045 1730 3097 1784 in
3121 1729 3353 1803 justitia.
3386 1728 3561 1796 Quem
3596 1741 3696 1798 per
3729 1740 3851 1798 pas-

2245 1827 2453 1881 sionem
2484 1840 2548 1882 ac
2577 1824 3038 1880 resurrectionem
3072 1822 3220 1877 illius
3264 1820 3570 1892 acquisisti.
3605 1819 3676 1876 Et
3714 1835 3848 1890 past-

2243 1936 2391 1991 peres
2423 1929 2537 1973 tuos
2580 1919 2633 1972 in
2651 1914 2877 1990 judicio.
2918 1916 3008 1982 Ut,
3059 1927 3177 1986 post
3206 1922 3510 1985 prmeentes
3549 1928 3850 1978 :erumnas,
3954 1955 3966 1966 .

2243 2011 2674 2069 consolationem
2701 2011 2920 2080 capiant
2937 2007 3354 2078 sempiternam.

2316 2104 2619 2178 Suscipiunt
2641 2113 2838 2158 montes
2859 2118 3041 2174 pacem
3065 2101 3258 2175 papula
3278 2144 3292 2169 ,
3324 2111 3373 2156 et
3402 2099 3563 2156 colles
3578 2101 3851 2172 justitiam

2244 2208 2407 2253 tuam.
2444 2197 2657 2254 Montes
2696 2197 2975 2266 collesque
3016 2195 3234 2264 duplam
3289 2194 3493 2251 habere
3536 2194 3849 2265 intelligen—

2248 2290 2409 2357 tiam,
2441 2305 2589 2360 satpe
2635 2290 2984 2357 monuimus,
3034 2287 3087 2343 id
3121 2296 3244 2355 est,
3289 2287 3458 2357 partis
3503 2288 3751 2353 deiﬁem,
3792 2295 3851 2342 et

2244 2382 2514 2438 adversm.
2552 2382 2693 2453 Ergo
2722 2382 2775 2437 bi
2803 2383 2928 2452 qui,
2961 2380 3259 2437 seducente
3288 2380 3633 2446 adversario,
3663 2381 3848 2436 laven-

2246 2477 2393 2533 tibus
2424 2476 2630 2531 divitiis
2652 2518 2667 2541 ,
2711 2476 2765 2531 in
2799 2475 3020 2531 modum
3068 2474 3289 2531 collium
3322 2474 3707 2545 montiumque
3736 2472 3845 2530 ele—

2246 2571 2354 2624 vati
2385 2580 2511 2624 sunt
2542 2584 2558 2628 :
2586 2569 2788 2625 subditi
2819 2582 2964 2623 nunc
2994 2566 3133 2633 Deo,
3160 2567 3305 2623 illam
3341 2582 3533 2636 pacem
3556 2566 3844 2637 justitiam-

2243 2680 2351 2737 quc
2410 2663 2762 2734 suscipiant,
2826 2677 2986 2734 quam
3060 2661 3293 2732 populus
3357 2675 3522 2731 quem
3588 2657 3844 2729 superius

2244 2759 2558 2831 adoplivum
2587 2758 2866 2824 diximus,
2913 2766 3100 2826 tenet,
3149 2757 3200 2813 id
3227 2767 3348 2825 est,
3397 2755 3709 2819 Christum,
3755 2752 3843 2825 qui

2244 2864 2330 2909 est
2358 2869 2462 2923 pax
2494 2862 2683 2910 nostra
2704 2893 2720 2920 ,
2744 2861 2801 2908 et
2824 2851 3055 2921 justitia.

2313 2946 2582 3001 iudicabit
2610 2959 2865 3017 pauperes
2897 2942 3099 3015 populi.
3140 2941 3214 2997 Ut
3237 2957 3337 3012 pro
3366 2956 3435 2997 eo
3482 2955 3756 3012 pauperes
3776 2939 3842 2993 ia-

2242 3039 2337 3104 cti,
2371 3035 2693 3093 cmlestibus
2714 3037 2903 3107 regnis
2941 3034 3363 3105 locupletentur.
3395 3031 3465 3086 Et
3491 3034 3665 3087 salvos
3693 3032 3840 3101 faciet

2242 3130 2381 3200 ﬁlios
2409 3146 2718 3203 pauperum.
2741 3129 2842 3196 Qui
2870 3143 2966 3199 per
2992 3142 3088 3183 eos
3110 3127 3368 3184 conversi
3399 3135 3546 3181 sunt.
3578 3124 3641 3179 Et
3669 3124 3836 3179 burni-

536 3223 643 3287 est,
680 3215 753 3272 de
810 3214 1183 3285 protunditate
1230 3212 1451 3271 inferni.
1500 3213 1695 3269 Dicant
1738 3222 1885 3268 nunc
1933 3210 2132 3277 Judazi,

2255 3222 2388 3277 liabit
2418 3202 2845 3277 calumniatorem
2874 3236 2890 3274 :
2921 3218 3142 3289 Largito
3168 3219 3334 3285 justis
3365 3219 3619 3288 prasmio,
3663 3217 3833 3272 humi-

536 3310 626 3381 qui
651 3310 795 3366 hunc
827 3309 1098 3381 psalmum
1141 3309 1195 3363 in
1237 3309 1419 3364 solum
1457 3306 1630 3363 David
1661 3320 1863 3364 carvere
1898 3305 2131 3361 volunt:

535 3404 757 3477 quando
782 3402 853 3460 de
875 3402 1146 3474 profundo
1168 3400 1358 3474 abyssi
1382 3410 1465 3456 est
1493 3400 1741 3457 eductus.

605 3496 1439 3571 Illuttiplieastirnagniﬁcentiam
1465 3504 1634 3563 tuam,
1668 3492 1831 3560 Deus,
1856 3501 1962 3550 ctc.
1995 3494 2131 3550 Cum

535 3592 593 3649 hi
619 3592 712 3663 qui
738 3593 793 3647 in
810 3591 1031 3647 interno
1058 3589 1406 3658 tenebantur,
1430 3601 1646 3643 mecum
1682 3589 1987 3643 redierunt.

607 3682 750 3737 Nam
777 3691 827 3736 et
863 3697 959 3756 ego
993 3679 1284 3751 conﬁtebor
1309 3679 1404 3733 tibi
1436 3680 1491 3733 in
1534 3678 1665 3733 rasis
1697 3681 1906 3748 psalmi.
1935 3677 2040 3748 Qui
2065 3679 2134 3737 de

534 3777 631 3833 illo
656 3778 784 3833 vino
815 3790 957 3832 novo
983 3775 1315 3847 evangelicae
1346 3781 1404 3830 et
1428 3773 1753 3843 apostolicae
1782 3774 2128 3844 praedicatio-

530 3868 617 3926 nis
648 3867 869 3938 repleti,
901 3868 956 3923 in
982 3866 1215 3938 psalmis
1248 3880 1336 3922 me
1366 3865 1684 3937 intelligunt
1713 3874 2085 3936 praecurratum
2113 3885 2127 3920 :

543 3958 829 4015 Veritatem
860 3969 1025 4028 tuam,
1045 3958 1212 4025 Deus,
1240 3958 1466 4030 psallam
1510 3960 1603 4014 tibi
1631 3962 1687 4014 in
1731 3958 1956 4028 cithara,
1989 3958 2134 4016 Deus

530 4060 746 4109 satiatus
777 4050 968 4108 Israel.
989 4052 1046 4108 In
1087 4053 1173 4109 bis
1201 4052 1295 4124 qui
1325 4061 1379 4110 to
1408 4062 1591 4110 mente
1618 4054 1879 4110 retinent.

606 4145 964 4202 Exsultabunt
1004 4145 1146 4202 labia
1179 4160 1316 4213 mea,
1367 4154 1475 4202 etc.
1539 4146 1663 4201 time
1712 4146 1781 4201 ad
1828 4146 2130 4202 clausulam

534 4238 734 4309 psalmi
766 4239 1031 4309 propheta
1053 4237 1208 4292 dicit.
1241 4236 1305 4291 Et
1327 4238 1507 4291 anima
1529 4254 1641 4293 mea
1661 4254 1817 4307 quam
1841 4237 2127 4295 redemisti.

532 4331 614 4389 Ne
638 4334 691 4388 ei
723 4345 873 4387 mors
901 4329 1139 4386 secunda
1167 4329 1564 4386 dominaretur.

607 4424 717 4482 Sed
771 4433 819 4479 et
867 4421 1053 4497 lingua
1089 4438 1202 4479 mea
1240 4423 1574 4479 meditabitur
1614 4424 1883 4497 justitiam
1935 4434 2079 4479 tatam
2107 4441 2128 4479 .'

530 4536 645 4576 cum
676 4517 903 4590 confusi,
918 4525 967 4573 et
987 4518 1195 4573 reveriti
1223 4518 1418 4587 fuerint
1440 4517 1530 4588 qui
1549 4526 1787 4589 quierunt
1816 4516 1958 4573 mala
1974 4516 2124 4573 mihi.

2239 3315 2336 3371 liat
2360 3315 2642 3371 diabolum
2667 3356 2682 3379 ,
2707 3316 2798 3383 qui
2834 3327 2977 3368 nunc
3008 3312 3090 3368 eis
3110 3312 3478 3367 calumniator
3506 3310 3742 3366 exsistit.

2311 3407 2377 3462 Et
2413 3407 2731 3481 permanebit
2762 3423 2880 3461 cum
2924 3407 3052 3462 sole.
3092 3402 3229 3461 Cum
3283 3405 3537 3462 claritate
3588 3415 3831 3475 paterna.

2234 3500 2371 3558 Nam
2406 3501 2536 3558 huic
2564 3503 2665 3558 soli
2706 3502 2881 3572 aptari
2920 3502 3020 3556 ista
3065 3515 3173 3555 non
3223 3509 3453 3569 possunt
3484 3517 3499 3558 κ
3532 3500 3665 3572 quia
3709 3513 3831 3555 cum

2236 3595 2341 3650 hoc
2378 3595 2580 3650 mundo
2606 3595 2957 3651 dissolvetur.
2987 3591 3056 3647 Et
3098 3602 3217 3648 ante
3262 3593 3441 3648 lunam
3489 3592 3834 3665 generationis

2234 3688 2647 3758 generationum.
2676 3686 2834 3743 Prior
2882 3685 3027 3741 enim
3073 3685 3237 3741 stabit
3278 3693 3408 3741 ante
3441 3699 3663 3741 omnem
3708 3698 3844 3754 con:

2233 3781 2611 3850 gregationem
2636 3779 2919 3847 Ecclesim,
2950 3778 3300 3850 manebitqne
3328 3779 3377 3832 iu
3404 3779 3826 3850 sempiternum.

2309 3868 2378 3924 Et
2401 3869 2675 3926 descendet
2703 3870 2833 3924 sicut
2872 3869 3049 3943 pluvia
3088 3871 3143 3925 in
3189 3870 3375 3926 vellus.
3410 3870 3568 3926 Sicut
3594 3871 3743 3925 enim
3778 3869 3826 3923 in

2233 3962 2408 4018 vellus
2436 3962 2715 4018 Gedeonis
2747 3961 2926 4033 pluvia
2962 3961 3306 4018 descendens
3335 3959 3541 4027 (ludia.
3568 3960 3648 4033 vi)
3668 4006 3681 4030 ,
3706 3975 3824 4017 cum

2236 4062 2383 4110 terra
2413 4052 2564 4109 arida
2595 4053 2830 4123 defecit,
2861 4053 2932 4108 ita
2964 4063 3020 4108 et
3048 4055 3136 4109 hic
3166 4055 3391 4124 illapsus
3419 4063 3500 4107 est
3543 4054 3596 4107 in
3625 4065 3832 4108 uterum

2231 4149 2553 4220 virginalem
2596 4164 2693 4219 per
2735 4146 3063 4204 inlusionem
3098 4146 3340 4216 Spiritus
3371 4147 3572 4202 sancti.
3603 4145 3667 4199 Et
3704 4148 3833 4199 sicut

2231 4239 2505 4297 stillicidia
2546 4240 2806 4295 stillantia
2854 4256 3012 4311 super
3060 4249 3270 4295 terram.
3312 4237 3480 4295 Arida
3533 4239 3682 4293 enim
3720 4246 3828 4291 erat

2233 4344 2380 4390 terra
2439 4334 2659 4389 humani
2706 4335 2956 4404 corporis
3004 4347 3128 4388 cum
3191 4328 3445 4397 advenit,
3513 4345 3617 4385 nec
3668 4328 3827 4383 ullum

2232 4427 2467 4483 fructum
2492 4426 2754 4482 exhibere
2782 4432 3001 4498 poterat
3036 4424 3345 4482 sanctitatis
3371 4440 3388 4481 :
3421 4423 3519 4480 sed
3559 4421 3685 4493 ipse
3713 4438 3826 4477 eam

2235 4518 2638 4589 praedicationis
2677 4534 2792 4575 sua:
2837 4512 3135 4574 stillicidiis
3177 4506 3525 4574 fecundae-tm
3564 4514 3826 4571 fructibus

526 4615 655 4671 Sive
696 4589 849 4681 vitia.
873 4615 991 4672 sive
1026 4622 1331 4685 potestates
1353 4626 1552 4680 aerem,
1579 4626 1705 4682 que
1730 4612 1863 4669 mihi
1907 4611 2123 4682 iniquas
2150 4589 2207 4651 Β
2230 4614 2463 4685 replevit
2493 4613 2737 4669 a-ternis.

525 4708 766 4765 inierunt
793 4706 1191 4764 immissionea.
1222 4704 1331 4761 Nos
1361 4718 1496 4760 vero
1535 4703 1894 4775 deprecemur
1934 4703 2124 4760 Domi-

526 4817 683 4869 num,
708 4810 769 4858 ut
791 4799 1000 4872 repleto
1028 4797 1284 4855 laudibus
1304 4797 1424 4868 ejus
1455 4808 1552 4853 ore
1582 4795 1844 4864 bumaste,
1889 4811 1952 4853 ea
1976 4811 2122 4853 sem-

524 4909 625 4966 per
654 4894 985 4952 meditemur
1017 4892 1071 4948 in
1091 4889 1371 4956 cordibus,
1402 4904 1528 4961 qua
1559 4890 1610 4946 ei
1642 4888 1857 4960 placitis
1895 4890 2123 4946 vocibus

527 4987 893 5062 proferamus.

1025 5076 1374 5143 ιΡὸΑιιΜυδ
1410 5075 1597 5132 LXXI.

522 5178 592 5236 in
619 5180 977 5237 Salmoneus.
1014 5176 1080 5231 Et
1107 5174 1195 5230 hic
1226 5174 1464 5244 psalmus
1486 5173 1711 5244 proprie
1736 5171 1804 5228 ad
1831 5171 2113 5230 Christum

593 5251 854 5309 refertur.
869 5250 1122 5307 Salomon
1140 5247 1340 5318 quippe
1369 5246 1721 5318 paciﬁcus,ct
1749 5246 2010 5318 paciﬁcus
2027 5257 2113 5301 cst

592 5324 842 5379 Christus
866 5341 878 5376 :
899 5329 954 5377 et
977 5312 1259 5391 permanet
1275 5312 1402 5391 eum
1419 5312 1556 5385 sole,
1575 5325 1630 5372 et
1659 5312 1785 5391 ante
1814 5315 2110 5391 Iunonige-

592 5394 896 5451 neratiOnls
917 5386 1355 5463 generationem.
1379 5388 1435 5445 Si
1469 5396 1635 5459 super
1663 5386 1960 5444 Salomone
2002 5386 2106 5445 iste

629 5467 835 5522 salmus
859 5460 1201 5533 intelligitur,
1234 5460 1337 5515 hoc
1362 5463 1580 5532 penitus
1596 5469 1742 5517 stare
1764 5470 1872 5533 non
1905 5469 2107 5528 potest.

636 5531 1097 5620 alomonhqnippe,
1122 5548 1225 5620 ne?
1249 5531 1373 5588 cum
1402 5535 1665 5620 antemnae
1691 5547 1814 5620 cuin
1838 5531 2109 5620 lgpaper-

589 5592 909 5667 ntiarisit.SSi
947 5592 1095 5662 v'e'ro
1133 5603 1380 5676 volumus
1415 5592 1719 5676 intelligere
1749 5603 1818 5676 de
1855 5592 2104 5676 Christo,

588 5681 941 5749 quaerendum
963 5675 1236 5748 quomodo
1261 5672 1513 5733 Christus
1543 5670 1650 5731 non
1674 5670 1873 5749 habeat
1898 5670 2061 5727 ﬁnem
2089 5670 2099 5727 ἑ

587 5747 717 5805 eam
752 5752 865 5818 est,
895 5758 951 5806 et
978 5747 1125 5812 luas,
1155 5754 1212 5801 et
1237 5748 1463 5817 ctutum,
1495 5757 1555 5803 et
1580 5747 1763 5803 omnia
1794 5748 2095 5818 veterasce-

594 5833 675 5885 re,
705 5829 763 5872 et
796 5813 1031 5875 transire
1065 5819 1341 5874 dicantur.
1372 5813 1484 5875 Sed
1522 5820 1630 5874 iste
1665 5813 2098 5886 saptusgasimus

2305 4706 2511 4763 Orietur
2542 4710 2594 4763 in
2624 4706 2804 4763 diebus
2832 4711 2945 4780 ejus
2964 4707 3199 4780 justitia,
3233 4714 3281 4760 et
3307 4700 3639 4759 abundantia
3671 4703 3820 4772 paris.

2230 4801 2386 4869 Quod
2424 4802 2477 4855 in
2509 4800 2702 4857 diebus
2725 4800 2953 4872 Augusti
2981 4798 3216 4855 Cmaaris
3242 4806 3327 4854 est
3356 4792 3642 4868 impletum
3663 4836 3679 4859 ,
3708 4809 3819 4849 cum

2233 4895 2494 4952 Dominus
2519 4894 2589 4951 de
2612 4894 2851 4949 thalamo
2872 4893 3126 4965 virginali
3154 4892 3447 4965 processit.
3480 4890 3622 4946 Nam
3646 4892 3716 4947 ita
3745 4889 3818 4944 bis

2229 4987 2425 5044 diebus
2450 4986 2637 5042 omnia
2673 4987 2818 5043 bella
2858 4987 3222 5058 quieverunt,
3259 4993 3322 5040 ut
3358 4983 3530 5040 etiam
3562 4983 3699 5039 illud
3729 4983 3816 5037 itn-

2229 5080 2505 5154 pieretur,
2559 5079 2705 5152 quod
2750 5080 2889 5135 alius
2945 5077 3215 5150 propheta
3278 5072 3519 5145 cecidit,
3568 5066 3758 5131 dicens
3800 5090 3814 5127 :

2228 5173 2637 5231 Converterunt
2673 5172 2883 5244 gladios
2923 5187 3053 5228 suos
3088 5171 3145 5228 in
3171 5174 3465 5237 vomeres,
3508 5179 3568 5225 et
3610 5162 3815 5224 lanceas

2227 5278 2357 5322 suas
2387 5265 2441 5320 in
2465 5264 2638 5321 falces
2669 5263 2826 5335 (lsai.
2854 5262 2938 5336 ιι).
2970 5263 3101 5320 Dies
3132 5268 3317 5317 autem
3351 5260 3475 5333 ejus
3501 5266 3676 5326 sunt,
3701 5270 3812 5314 cum

2225 5361 2555 5430 concipitur,
2588 5368 2710 5414 eum
2751 5358 3016 5423 nascitur,
3059 5371 3183 5411 cum
3218 5354 3481 5410 nutritur.
3517 5351 3647 5409 Dies
3668 5350 3810 5423 eius.

2225 5462 2385 5517 sunt,
2418 5466 2543 5506 cum
2569 5462 2734 5520 opera
2766 5448 2945 5505 Patris
2973 5453 3257 5520 operatur,
3281 5456 3407 5504 cum
3428 5444 3660 5517 patitur,
3700 5452 3809 5499 cum

2223 5544 2292 5600 ad
2322 5543 2533 5601 interna
2574 5542 2893 5612 descendit,
2938 5554 3063 5598 eum
3088 5540 3360 5612 resurgit,
3401 5542 3531 5596 cum
3568 5553 3630 5595 se
3658 5534 3811 5595 disci.

2219 5638 2363 5708 palis
2386 5638 2620 5708 praebet,
2654 5648 2787 5693 eum
2813 5635 2987 5692 Caelus
3014 5633 3286 5691 ascendit.
3326 5628 3507 5687 Donec
3546 5632 3811 5702 auferam

2221 5729 2368 5787 luna.
2400 5729 2665 5787 Elevetur
2693 5728 2956 5786 Ecclesia.

2285 5818 2350 5875 Et
2366 5819 2723 5877 detineantur
2749 5836 2783 5876 a
2811 5821 2949 5877 mari
2974 5829 3132 5891 usque
3163 5817 3232 5873 ad
3255 5828 3436 5889 mare,
3470 5828 3583 5877 etc.
3619 5818 3801 5876 Totam
