4010 6408
157 430 305 499 1029

1104 428 1535 494 BREVIAMUM
1577 430 1641 490 ια
1684 426 2015 489 PSALMOS.
2059 419 2300 491 ΡεΑιΜ.
2345 427 2558 492 Lxxn.

3324 430 3466 492 1030

157 561 311 613 hunc
349 554 615 612 mundum
654 564 753 609 sua
789 548 1045 624 passione
1073 553 1401 623 acquisitum
1434 556 1597 622 atque
1637 551 1760 607 sub-
1793 546 1840 612 A
1869 542 1923 604 lu
1962 563 2135 617 novo,
2177 562 2300 606 cum
2356 548 2645 623 dignanter
2684 558 2840 608 vocat
2873 567 2935 607 ea
2985 562 3102 622 quae
3149 566 3256 606 non
3298 562 3459 617 sunt,

152 650 367 720 jectum
390 647 605 704 Christo
637 647 867 702 Domino
900 647 1167 716 propheta
1191 652 1446 700 testatur.

231 735 424 796 Coram
446 739 539 795 illo
556 732 1145 809 procidant/Ethiopes.
1176 732 1423 793 Peccatis
1454 733 1755 791 tenebrosi.

161 832 233 889 Et
255 834 453 889 inimici
475 837 587 907 ejus
610 842 799 887 terram
825 830 1044 903 litigent.
1070 824 1231 885 Juxta
1259 824 1392 884 illud
1420 846 1434 882 :
1458 824 1536 885 Te
1561 826 1760 883 adura-

161 925 323 996 bunt,
347 933 404 981 et
419 928 698 998 pulverem
716 923 914 995 pedum
933 930 1153 979 tuorum
1178 923 1385 994 lingent
1412 917 1565 993 (Isai.
1583 918 1733 993 χιιι)
1747 960 1760 974 .

238 1021 406 1093 Reges
443 1012 486 1074 Τ
487 1016 691 1085 harsis,
740 1026 791 1073 et
836 1016 1027 1072 insula!
1075 1028 1290 1071 munera
1316 1008 1579 1084 offerent:
1618 1024 1764 1087 reges

160 1115 429 1179 Arabum,
465 1122 512 1171 et
562 1115 705 1173 Saba
749 1112 888 1170 dona
943 1112 1240 1179 adducent,
1291 1123 1398 1167 etc.
1452 1109 1629 1167 Omne
1677 1107 1765 1165 hic

164 1206 447 1265 mundiale
481 1206 771 1279 imperium
795 1250 811 1276 ,
846 1207 1117 1272 honores,
1150 1215 1207 1261 et
1250 1205 1475 1261 ordines
1507 1201 1574 1258 ad
1606 1192 1766 1258 Cirris

164 1312 312 1360 stum
347 1302 634 1359 Dominum
674 1294 967 1367 accedere,
1017 1298 1177 1371 eique
1203 1297 1343 1354 colla
1395 1290 1723 1352 Stlbll‘llilei‘e
1746 1337 1761 1361 ,

163 1401 545 1471 bonorumque
576 1410 790 1455 morum
845 1396 986 1454 dona
1035 1398 1252 1453 deferre
1279 1438 1293 1463 ,
1336 1392 1598 1468 prephela
1645 1402 1768 1464 pro-

166 1498 424 1554 nuntiat:
459 1494 606 1567 quod
634 1508 703 1552 ex
734 1502 1017 1565 magorum
1060 1488 1383 1548 muneribus
1412 1482 1766 1561 intelligimus

165 1592 506 1649 inchoatum.
534 1590 640 1661 ipsi
674 1590 818 1645 enim
856 1587 1102 1660 gentium
1138 1594 1435 1660 regumque
1466 1593 1656 1657 typum
1683 1584 1767 1637 te-

167 1687 360 1744 nuisse
389 1692 786 1741 monstrantur.

247 1778 387 1847 Quia
406 1774 643 1832 liberauit
673 1789 953 1851 pauperem
982 1791 1012 1828 a
1046 1780 1277 1845 potente.
1321 1766 1589 1841 Populum
1635 1762 1769 1825 lide-

171 1871 283 1928 letu
311 1886 340 1926 a
373 1879 649 1943 potestate
683 1862 912 1923 diaboli.
950 1864 1018 1921 Et
1047 1874 1328 1939 pauperem
1376 1862 1461 1918 cui
1508 1873 1612 1919 non
1658 1864 1772 1917 erat

1864 651 2135 715 tamquam
2176 660 2240 700 ea
2278 661 2403 716 qua:
2429 654 2578 702 sunt.

1935 734 2004 793 Et
2032 732 2353 794 benedictum
2387 752 2572 796 nomen
2601 740 2884 815 majestatis
2934 744 3044 813 ejus
3090 741 3145 796 in
3186 750 3462 797 wlernum.

1862 826 2033 890 Juxta
2060 828 2190 890 illud
2222 852 2235 890 :
2280 834 2347 890 Et
2385 834 2490 892 erit
2518 830 2867 892 credentibus
2902 830 2956 890 iu
2990 848 3076 891 me
3109 846 3309 891 numen
3358 848 3458 891 no-

1862 938 2017 994 vum,
2043 922 2184 999 quod
2232 922 2583 984 benedicetur
2624 927 2681 983 in
2712 928 2894 995 terris,
2937 924 2989 982 id
3034 939 3150 996 est,
3193 922 3459 983 Christia-

1866 1036 2017 1076 num.
2054 1019 2123 1073 Et
2150 1019 2425 1091 replebitur
2456 1021 2727 1091 majestate
2766 1016 2878 1092 ejus
2925 1022 3089 1075 omnis
3124 1029 3261 1075 terra
3288 1063 3301 1087 ,
3346 1021 3464 1091 ﬁat,

1866 1113 1980 1183 ﬁat.
2024 1106 2158 1168 Cum
2206 1110 2456 1168 eli'uderit
2498 1111 2760 1182 Spiritum
2806 1124 2960 1168 suum
3009 1120 3255 1168 sanctum
3301 1124 3466 1183 super

1867 1218 2083 1264 omnem
2121 1218 2388 1263 carnem:
2432 1205 2576 1277 Quod
2609 1207 2719 1277 jam
2770 1202 2821 1262 in
2878 1206 3103 1263 Aetibus
3141 1207 3469 1280 Apostolicis

1869 1297 2099 1370 legimus
2146 1297 2316 1353 fuisse
2354 1300 2683 1368 completum
2732 1299 2872 1371 (Act.
2904 1296 2985 1370 tt).
3021 1294 3125 1368 Qui
3156 1308 3211 1355 et
3241 1312 3381 1354 nunc
3411 1303 3463 1355 in

1871 1391 2025 1447 nobis
2064 1384 2430 1459 Paraelelum,
2466 1386 2519 1445 id
2552 1401 2663 1458 est,
2697 1384 3085 1448 Consolatbrem
3107 1391 3357 1463 dignetur
3387 1393 3465 1447 itt-

1871 1480 2125 1550 lundcre,
2156 1484 2540 1555 utlntelligere
2569 1485 2839 1556 possimus
2869 1498 2989 1540 eum
3017 1494 3113 1556 pro
3139 1484 3466 1554 redemptio-

1873 1590 1940 1635 ne
1971 1584 2157 1634 nostra
2186 1586 2383 1648 eoi-pus
2422 1576 2783 1650 assumpsisse
2823 1586 3096 1635 terrenum
3119 1622 3133 1645 ,
3164 1582 3469 1650 suscepisse

1874 1680 2141 1743 mortem,
2185 1674 2502 1744 penetrasse
2555 1672 2791 1738 inferos,
2852 1664 3057 1728 redisse
3092 1671 3351 1728 victorem
3403 1668 3469 1727 ad

1871 1766 2063 1823 oculos.

2382 1826 2697 1894 PBALilUS
2736 1835 2952 1894 LXXII.

171 1922 879 2035 adjutoivi’varcet—puuperi
900 2002 915 2027 ,
948 1968 997 2015 et
1028 1922 1204 2030 inopi,
1246 1966 1353 2013 etc.
1386 1949 1519 2025 Qui,
1546 1946 1776 2025 abiectis
1808 1936 1854 2003 Β
1883 1922 3467 2035 υθέςῇξίᾝθ⁴⁸ῃέιξξ¹ξίξς

168 2055 365 2115 mundi
392 2050 633 2121 divitiis,
666 2048 1055 2126 paenitentiam
1086 2056 1357 2122 egerunt:
1395 2048 1637 2119 parcitur
1665 2042 1774 2115 his,

173 2163 230 2209 et
264 2149 646 2207 salvabuntur.

255 2246 338 2302 Ea:
366 2245 540 2301 usuris
573 2255 621 2300 et
660 2242 1025 2316 iniquitatibus
1066 2241 1280 2297 redimet
1325 2240 1529 2294 animus
1575 2252 1773 2293 eorum.

172 2343 257 2400 Ne
282 2342 351 2399 de
389 2337 746 2412 pereuntibtts
792 2337 973 2393 usuris
1006 2336 1059 2392 itt
1091 2347 1238 2393 terra
1279 2335 1618 2391 conStituattt
1657 2334 1777 2389 the-

176 2452 408 2503 saurus,
438 2432 535 2491 sed
568 2430 619 2489 itt
653 2432 795 2490 caelo
820 2430 1093 2488 collucent
1136 2429 1389 2485 sacculos
1414 2422 1503 2500 qu’i
1547 2444 1656 2483 non
1689 2434 1780 2483 ve-

177 2533 481 2586 tcrascant.
501 2526 611 2584 Sed
637 2534 694 2582 et
716 2536 897 2580 usura:
928 2535 1150 2595 peccata
1179 2533 1329 2591 sunt,
1356 2532 1477 2579 eum
1510 2518 1715 2578 malitia
1748 2536 1779 2575 a

182 2620 388 2679 Satana
431 2628 651 2688 accepta
697 2614 1114 2689 multiplicatur.
1151 2615 1219 2671 Et
1254 2612 1555 2671 lionorabile
1595 2624 1782 2669 nomen

179 2732 363 2771 eorum
385 2729 561 2769 coram
590 2710 705 2766 illo.
739 2710 938 2767 Coram
973 2711 1091 2766 Deo
1116 2711 1296 2765 Patre.

258 2804 325 2860 Et
356 2806 508 2860 vivet.
543 2798 600 2859 In
633 2806 839 2860 sanetis
872 2800 1017 2872 suis,
1042 2798 1185 2858 sicut
1206 2807 1262 2855 et
1288 2799 1493 2856 Paulus
1523 2796 1780 2856 dicebat:

178 2898 307 2958 lam
351 2912 458 2955 non
507 2898 632 2953 vivo
680 2908 835 2968 ego:
890 2891 1022 2951 vivit
1071 2904 1256 2950 autem
1300 2892 1354 2948 in
1403 2904 1489 2948 me
1532 2883 1785 2947 Christus

181 2985 389 3063 (Galat.
425 2989 508 3062 ιι).
536 2986 606 3043 Et
638 2982 848 3044 dabitur
884 2986 932 3042 ei
963 2987 1028 3043 de
1050 3002 1180 3041 auro
1211 2985 1439 3041 Arabian
1462 2982 1707 3041 Oli'erent
1735 2976 1785 3041 ei

181 3084 389 3142 mentis
442 3082 773 3153 puritatem,
834 3086 1112 3151 tamquam
1191 3092 1387 3135 aurum
1457 3073 1784 3147 Arabicum,

183 3175 483 3249 splendore
524 3170 897 3245 pulcherrimo
949 3168 1202 3228 rntilans.
1270 3169 1332 3225 Et
1377 3169 1672 3226 adorabunt
1725 3171 1788 3225 de

185 3271 307 3342 ipso
338 3282 555 3337 semper.
589 3265 668 3322 Eo
708 3265 855 3336 quod
883 3265 953 3320 ab
979 3260 1367 3336 iniquitatibus
1396 3256 1608 3318 liberati
1636 3270 1786 3317 ‘suttt.

186 3355 333 3419 Tota
360 3361 443 3416 die
464 3360 767 3417 benedicent
798 3358 868 3415 ei.
893 3359 950 3416 lu
979 3370 1088 3415 uno
1114 3350 1373 3414 Eettlesiw
1396 3366 1631 3428 corpore
1660 3370 1791 3412 cou-

187 3454 420 3530 gregati.
974 3504 975 3507 η

272 3547 339 3602 Et
364 3548 463 3603 erit
492 3548 880 3618 ﬁrmamentum
911 3542 966 3600 in
989 3554 1153 3600 terra.
1181 3544 1431 3615 Magnum
1455 3543 1600 3599 enim
1632 3552 1793 3597 terra!

191 3642 405 3701 labenti
438 3642 624 3697 attulit
661 3641 780 3711 ejus
825 3634 1094 3697 adventus
1130 3638 1314 3711 passio
1355 3650 1420 3695 ac
1465 3638 1796 3695 resurrectio

193 3734 629 3791 ﬁrmamentum.
667 3730 742 3788 -ln
789 3734 1003 3789 summis
1058 3734 1312 3787 montium
1360 3726 1797 3804 superextolletur

194 3843 357 3896 super
377 3824 641 3881 Libanum
671 3824 869 3898 fructus
899 3827 1038 3901 ejus.
1064 3822 1242 3897 Smper
1273 3838 1465 3880 omnes
1502 3820 1648 3879 enim
1674 3814 1799 3878 alti—

197 3920 419 3978 tudines
441 3914 627 3977 saeculi
652 3919 870 3975 elevata
896 3931 981 3976 est
1012 3918 1185 3991 gratia
1213 3915 1494 3990 baptismi;
1520 3930 1615 3988 per
1637 3928 1799 3988 quam

198 4022 431 4087 peceata
463 4012 750 4068 tolluntur.
787 4004 853 4066 Et
875 4006 1133 4083 ﬂorebunt
1160 4010 1224 4066 de
1245 4012 1467 4065 civitate.
1496 3999 1553 4065 id
1584 4016 1701 4077 est,
1733 4008 1803 4064 de

198 4104 419 4164 cmlesti
464 4102 789 4160 Jerusalem.
835 4101 984 4159 Sicut
1014 4105 1190 4174 fenum
1232 4110 1404 4158 terraz.
1439 4092 1647 4157 Ferrum
1703 4098 1799 4156 du~

202 4200 356 4273 piam
389 4195 556 4252 habet
588 4195 878 4250 rationem.
914 4190 1011 4249 Est
1036 4193 1221 4249 fenum
1253 4192 1397 4265 quod
1422 4204 1675 4251 arescens
1712 4193 1807 4249 de-

202 4295 381 4358 cidit,
410 4300 466 4348 et
486 4302 573 4346 est
602 4289 788 4345 fenum
821 4286 1070 4345 ﬂoridum
1094 4332 1108 4356 ,
1138 4298 1194 4346 et
1224 4291 1379 4347 viridi
1412 4300 1568 4347 coma
1607 4288 1807 4361 perdu-

199 4401 342 4444 rans
368 4428 382 4453 ,
428 4382 498 4439 de
539 4394 647 4453 quo
689 4392 956 4437 ornantur
1001 4394 1218 4439 coronae
1259 4392 1594 4439 sanctorum.
1620 4381 1807 4439 Sancti

202 4493 344 4551 ergo
375 4490 470 4548 per
519 4474 853 4547 baptismum
895 4470 1107 4543 renati,
1161 4475 1435 4531 ﬂorebunt
1490 4472 1559 4533 de
1594 4472 1809 4534 caelesti

203 4572 514 4633 Jerusalem
541 4570 810 4626 bonorum
857 4584 1086 4639 operum
1136 4574 1466 4625 ornamento
1513 4564 1809 4640 splendidi.

212 4667 365 4723 Sicut
402 4668 578 4736 fenum
629 4672 801 4718 terrm.
843 4654 963 4719 Non
1021 4658 1170 4718 illius
1224 4668 1385 4718 terra:
1438 4660 1810 4717 maledictioni

209 4757 471 4825 subditas,
504 4757 599 4813 sed
631 4757 784 4812 illius
812 4756 975 4813 melle
1005 4770 1069 4813 ac
1098 4756 1239 4812 iacto
1266 4755 1563 4811 mantis.

289 4848 359 4905 Et
393 4851 490 4904 erit
526 4864 712 4904 nomen
760 4852 874 4923 ejus
921 4844 1242 4904 benedictum
1270 4848 1323 4903 in
1367 4847 1584 4904 secuta.
1616 4844 1701 4902 Ah
1728 4842 1817 4904 bis

216 4958 355 5016 quos
418 4942 547 4999 inibi
609 4944 922 5012 transtulit,
998 4938 1393 5013 perpetualiter
1436 4938 1814 4999 benedicatur.

215 5036 352 5091 Ante
366 5033 532 5089 solent
554 5042 819 5104 permanet
840 5048 1027 5090 nomen
1052 5036 1190 5108 ejus.
1212 5034 1471 5092 Potestas
1496 5032 1706 5092 scilicet
1726 5046 1821 5094 tto-

219 5126 393 5184 minis
433 5126 552 5196 ejus
603 5144 617 5181 :
663 5129 819 5198 juxta
852 5125 985 5183 illud
1018 5145 1031 5182 :
1077 5130 1219 5184 Ante
1243 5125 1534 5184 luciferum
1568 5129 1730 5200 genui
1764 5136 1819 5186 te

221 5217 403 5293 (Ρωι.
433 5217 576 5291 αι).

299 5311 365 5366 Et
392 5311 757 5367 benedicentur
786 5313 841 5367 in
870 5313 987 5384 ipso
1016 5330 1191 5369 omnes
1222 5313 1387 5369 tribus
1416 5323 1606 5370 teme:
1639 5326 1819 5372 omnes

223 5414 400 5477 gentes
461 5404 870 5477 magni/icabunt
932 5423 1071 5460 eum.
1123 5407 1238 5463 Hoc
1290 5407 1441 5464 enirn
1482 5406 1817 5479 evangelista

223 5505 651 5565 commemorat,
700 5498 933 5554 Domino
972 5500 1054 5555 sic
1097 5500 1318 5557 dicente
1359 5518 1372 5556 :
1424 5495 1823 5559 Praediealiitur

227 5591 333 5654 hoc
383 5590 734 5661 Evangeliutn
788 5593 842 5648 in
886 5592 1147 5650 universo
1184 5593 1390 5651 mundo
1418 5594 1599 5668 (Matt.
1639 5597 1818 5670 xxiv).

225 5683 333 5742 Sed
374 5692 432 5737 et
466 5697 658 5738 omnes
684 5696 880 5755 gentes
923 5687 1140 5743 venient
1169 5728 1184 5756 ,
1215 5700 1269 5743 et
1308 5686 1613 5747 adimunt
1637 5706 1820 5748 curam

232 5788 316 5845 te,
351 5774 600 5830 Domine.

304 5866 618 5923 Benedictus
645 5866 908 5927 Donu'mts
931 5871 1077 5929 Deus
1096 5874 1266 5931 Israel
1284 5916 1303 5945 ,
1327 5879 1417 5951 qui
1449 5882 1579 5951 facit
1613 5880 1826 5937 mirabi-

1816 3341 1864 3397 Ε

1949 2002 2244 2073 Sciendum
2296 2002 2443 2073 quod
2489 2004 2918 2070 septuagesimus
2967 2007 3171 2070 primus
3231 2003 3474 2071 psalmus

1951 2072 2175 2129 secundi
2206 2072 2329 2128 libri
2364 2073 2487 2130 ﬁnis
2517 2073 2581 2128 sit
2616 2090 2630 2130 :
2665 2074 2805 2129 unde
2834 2084 2890 2130 et
2915 2076 2966 2129 in
2991 2085 3239 2128 extremo
3279 2074 3435 2127 habet
3458 2116 3471 2138 ,

1953 2145 2066 2214 ﬁat,
2091 2140 2224 2215 ﬁat:
2260 2153 2358 2213 pro
2385 2162 2491 2214 quo
2528 2162 2627 2200 nos
2656 2147 2707 2216 in
2742 2142 3112 2216 superioribus
3133 2145 3474 2201 demonstra—

1953 2214 2149 2281 vimus,
2195 2228 2365 2283 amen,
2399 2230 2546 2270 auten
2584 2218 2635 2270 in
2692 2214 2923 2272 ilebra-o
2970 2217 3099 2273 dici.
3150 2215 3321 2271 Etiam
3375 2217 3476 2269 hoc

1952 2287 2264 2359 diligentius
2294 2288 2725 2359 observandum,
2769 2288 2913 2359 quod
2953 2288 3252 2357 defeetrunt
3295 2288 3476 2358 hymni

1955 2357 2157 2442 Dar‘id,
2205 2356 2618 2442 ﬁlii.lesse,‘ad
2672 2356 2830 2413 linem
2878 2359 3278 2442 septuagesimi
3317 2356 3474 2442 primi

1913 2496 1917 2501 θ
1954 2420 2154 2500 psalmi
2179 2420 2453 2501 pertineat
2478 2420 2499 2484 τ’
2525 2426 2575 2484 id
2610 2445 2742 2485 vero
2771 2424 2914 2499 quod
2938 2420 3205 2501 sequitur,
3232 2420 3478 2484 Psitlmus

1954 2501 2162 2572 Amph,
2186 2500 2410 2567 initium
2442 2501 2511 2556 sit
2542 2504 2843 2571 sequentis.

1961 2614 2134 2683 Quam
2164 2612 2336 2670 bonus
2364 2606 2537 2671 Israel
2565 2608 2708 2671 Deut
2729 2661 2742 2685 ,
2777 2608 2857 2669 Itis
2883 2615 2971 2686 qui
3002 2622 3137 2670 recto
3164 2623 3281 2669 sunt
3306 2615 3479 2669 corde.

1886 2700 2069 2765 Bonus
2098 2709 2245 2765 enim
2273 2715 2358 2763 est
2390 2707 2476 2764 his
2503 2700 2595 2780 qui
2624 2715 2748 2764 eum
2796 2702 2961 2763 visuri
2994 2712 3118 2763 sntit
3161 2726 3173 2762 :
3214 2708 3355 2764 sicut
3386 2707 3487 2762 Du-

1887 2801 2067 2858 minus
2120 2792 2337 2871 inquit:
2389 2800 2538 2856 Beati
2573 2798 2778 2856 mundo
2825 2794 3028 2866 cerde,
3076 2801 3332 2871 quoniam
3382 2794 3483 2871 ipsi

1889 2889 2058 2953 Deum
2082 2888 2342 2950 videbunt
2374 2888 2554 2965 (Matt.
2588 2896 2667 2962 ν).

1961 2986 2068 3043 Mei
2088 2990 2262 3043 aulem
2296 3003 2427 3059 pene
2460 2982 2587 3041 moli
2627 2998 2747 3040 sunt
2789 2985 2976 3054 pedes,
3020 3001 3148 3057 pene
3176 2980 3333 3053 effusi
3368 2990 3486 3039 sunt

1891 3094 2095 3154 gressus
2143 3076 2269 3138 mei.
2319 3078 2489 3147 Quia,
2533 3091 2643 3136 etc.
2700 3078 2978 3137 Stabilitas
3023 3076 3328 3134 sanctitatis
3370 3079 3489 3148 ejus

1892 3182 2056 3248 atque
2079 3171 2319 3231 incessio
2345 3172 2413 3229 ad
2447 3166 2614 3229 Deum
2655 3172 2959 3238 labebatur,
2991 3179 3059 3227 eo
3088 3169 3233 3243 quod
3260 3171 3489 3227 tumulus

1895 3259 2186 3337 impiarum
2222 3262 2369 3336 pacis
2410 3262 2795 3334 felicitatisque
2829 3263 3045 3319 luisset.

1970 3360 2112 3428 Quia
2137 3375 2239 3413 non
2281 3366 2355 3414 est
2382 3367 2648 3429 respectus
2678 3357 2835 3411 morti
2862 3373 3041 3411 eorum
3067 3362 3087 3410 .‘
3117 3364 3163 3411 et
3188 3356 3492 3426 ﬁrmamen.

1896 3454 2003 3506 tum
2032 3452 2086 3506 in
2114 3451 2273 3522 plaga
2295 3460 2491 3506 eorum.
2529 3446 2597 3504 Et
2626 3446 2681 3504 in
2709 3442 2885 3504 labore
2911 3446 3176 3504 hominum
3203 3490 3217 3513 ,
3260 3448 3367 3504 etc.
3409 3448 3494 3504 Ab

1897 3540 2247 3611 inﬁrmitate,
2293 3548 2350 3600 et
2390 3540 2564 3615 plagis
2603 3541 2873 3600 velociter
2911 3534 3339 3605 convalescunt,
3392 3553 3494 3596 nec

1897 3640 2039 3695 sicut
2084 3632 2335 3696 Itemiues
2371 3634 2541 3709 justi,
2587 3634 2998 3693 tribulationum
3028 3635 3350 3707 quatiuntur
3402 3632 3499 3691 l'la-

1898 3728 2077 3805 gellis.

1972 3823 2103 3880 Ideo
2126 3827 2296 3881 tenuit
2333 3842 2419 3881 eos
2458 3822 2720 3898 superbia,
2755 3825 2922 3897 Operti
2952 3835 3070 3880 sunt
3109 3824 3403 3896 iniquitate,
3452 3834 3498 3879 et

1901 3918 2168 3991 impietate
2191 3930 2307 3973 sua.
2339 3910 2444 3974 Per
2472 3916 2839 3988 arrOgantiatu
2873 3910 3023 3973 enim
3062 3910 3338 3973 felicitatis
3364 3917 3503 3972 mul-

1908 4015 2150 4087 tiplicata
2185 4008 2469 4086 iniquitate
2501 4021 2847 4085 premuntur.

1979 4107 2189 4165 Prodiit
2213 4109 2364 4182 quasi
2395 4124 2459 4165 ea:
2489 4104 2645 4182 adipe
2672 4104 2920 4178 iniquitas
2950 4115 3151 4162 earum.
3185 4095 3244 4160 in
3279 4098 3504 4177 pingue?

1907 4202 2036 4259 dine
2060 4217 2274 4275 quoque
2301 4196 2619 4258 divitiarum
2647 4243 2662 4268 ,
2705 4194 2875 4257 oblita
2926 4196 3182 4271 iniquitas
3229 4198 3497 4270 processit

1909 4297 1979 4352 ab
2005 4297 2106 4353 eis.
2136 4292 2216 4352 De
2239 4294 2345 4351 hac
2372 4290 2516 4352 enim
2547 4292 2907 4367 pinguedine,
2931 4301 2986 4350 et
3012 4290 3227 4365 Moyses
3257 4292 3331 4348 ait
3356 4306 3369 4347 :
3403 4288 3508 4348 lm-

1912 4389 2205 4461 pinguatus
2243 4398 2329 4446 est
2356 4390 2634 4455 Jacob,et
2676 4384 3051 4445 recalcitravit
3086 4384 3265 4459 (Bent.
3302 4385 3507 4456 xxxii):

1986 4477 2331 4536 Transierunt
2358 4478 2415 4535 in
2458 4473 2705 4549 a/fectum
2735 4481 2932 4537 cordis.
2969 4478 3044 4538 Ut
3075 4488 3230 4536 suam
3252 4523 3267 4546 ,
3315 4484 3373 4537 et
3402 4488 3511 4536 non

1914 4567 2011 4629 Del
2046 4572 2291 4628 tacerent
2316 4570 2679 4628 voluntatem.

1989 4660 2389 4736 Cogitaverunt,
2431 4671 2485 4717 et
2529 4660 2688 4717 locuti
2721 4674 2842 4720 sunt
2884 4666 3204 4736 nequitiam,
3234 4674 3341 4721 etc.
3384 4660 3514 4722 Sive

1838 4729 1894 4792 Β
1916 4729 2125 4824 Judaei,
2153 4756 2245 4827 qul
2280 4752 2453 4811 Deum
2486 4754 2539 4809 in
2565 4766 2734 4810 carne
2768 4729 3008 4825 pestium
3041 4752 3511 4826 blasphemantes,

1919 4842 2173 4920 nequitia:
2211 4848 2436 4919 laqueos
2480 4842 2780 4903 tendebant
2816 4850 2870 4903 in
2919 4842 3341 4919 cogitationibus
3386 4846 3512 4919 peri

1918 4940 2128 5001 versis:
2160 4944 2279 5000 sive
2318 4938 2598 5009 heretici,
2632 4936 2724 5014 qui
2773 4952 2867 5012 per
2897 4938 3381 5011 interpretatimtes
3409 4937 3513 4997 inid

1921 5046 2059 5113 quas
2088 5038 2199 5097 Deo
2226 5036 2543 5096 detrahunt.

1992 5132 2293 5190 Potuerunt
2336 5134 2394 5188 in
2445 5131 2712 5188 emtumos
2765 5140 2948 5201 suum,
2998 5136 3048 5185 et
3100 5130 3282 5202 lingua
3331 5136 3518 5186 eorum

1924 5229 2158 5285 transivit
2180 5229 2235 5284 in
2257 5237 2420 5283 terra.
2454 5222 2558 5282 Per
2582 5222 2895 5296 superbiam
2927 5221 3175 5282 scientias
3200 5223 3366 5280 locuti
3388 5233 3518 5279 sunt

1925 5330 2121 5379 contra
2150 5321 2517 5377 habitatorem
2539 5318 2662 5376 cmli
2685 5358 2700 5385 ,
2732 5318 2828 5375 sed
2862 5317 3207 5374 humiliatum
3234 5327 3319 5373 est
3346 5328 3517 5387 usque

1928 5418 1983 5472 in
2014 5424 2219 5472 terram
2246 5414 2491 5486 iniquum
2517 5414 2797 5485 eloquium
2823 5428 3047 5478 eorum,
3078 5421 3133 5468 et
3159 5413 3473 5483 pertransiit
3500 5426 3519 5469 ι

1928 5507 2055 5579 quia
2084 5507 2298 5564 ﬁrmam
2340 5522 2447 5563 non
2477 5506 2667 5562 habuit
2690 5508 3002 5564 stationem.
3039 5505 3247 5562 Idcirco
3278 5505 3363 5563 his
3395 5521 3520 5578 pro-

1932 5600 2132 5672 phetiis
2166 5600 2426 5657 Dominus
2451 5601 2522 5658 de
2549 5602 2662 5657 suis
2686 5601 2945 5674 loquitur,
2975 5601 3165 5657 dicens
3195 5622 3208 5656 :

2000 5694 2129 5751 Ideo
2175 5703 2501 5749 conrertetur
2539 5696 2764 5769 papnlns
2802 5711 2943 5749 meus
2986 5695 3105 5759 hic,
3130 5695 3331 5751 etttlies
3381 5695 3527 5769 pleni

1929 5788 2251 5861 invenientur
2290 5785 2347 5842 in
2390 5787 2483 5841 eis.
2523 5780 2782 5844 Videnlcs
2810 5786 2925 5842 hmo
2969 5786 3100 5858 justi
3157 5780 3247 5859 qui
3280 5788 3426 5859 prius
3471 5789 3523 5846 in

1934 5872 2311 5952 peccatoribus
2338 5872 2497 5936 zelati
2517 5876 2752 5947 fuerant,
2781 5880 3070 5937 cernentes
3097 5896 3282 5951 pacem
3308 5898 3521 5951 eorum,

232 5963 309 6020 lia
339 5956 502 6017 soluo.
538 5955 691 6017 Fecit
730 5963 877 6019 enim
906 5963 963 6020 in
988 5966 1160 6023 veteri
1190 5966 1551 6029 Testamento
1580 5984 1595 6029 :
1625 5971 1754 6031 facit
1772 5980 1831 6032 et
1936 5974 2292 6029 revertuntur
2319 5966 2387 6028 ad
2415 5967 2588 6028 Deam
2623 5987 2638 6027 :
2671 5976 2733 6029 ut
2768 5968 3168 6045 plenitudinem
3197 5970 3411 6031 dierum
3437 5987 3533 6031 cas
