  <div class='ocr_page' id='page_1' title='image "/cluster/home/n/w/nwhite01/storage/ocr_20150623/26/uva.x000826568/523.png"; bbox 0 0 4016 6342; ppageno 0'>
   <div class='ocr_carea' id='block_1_1' title="bbox 601 294 738 354">
    <p class='ocr_par' dir='ltr' id='par_1_1' title="bbox 601 294 738 354">
     <span class='ocr_line' id='line_1_1' title="bbox 601 294 738 354; baseline -0.022 0"><span class='ocrx_word' id='word_1_1' title='bbox 601 294 738 354; x_wconf 67' lang='grc'><strong>1051</strong></span> 
     </span>
    </p>
   </div>
   <div class='ocr_carea' id='block_1_2' title="bbox 603 502 1212 559">
    <p class='ocr_par' dir='ltr' id='par_1_2' title="bbox 603 502 1212 559">
     <span class='ocr_line' id='line_1_2' title="bbox 603 502 1212 559; baseline -0.007 0"><span class='ocrx_word' id='word_1_2' title='bbox 603 503 885 559; x_wconf 88' lang='lat' dir='ltr'><strong>ditnidium</strong></span> <span class='ocrx_word' id='word_1_3' title='bbox 928 502 1212 558; x_wconf 90' lang='lat' dir='ltr'><strong>accedunt.</strong></span> 
     </span>
    </p>
   </div>
   <div class='ocr_carea' id='block_1_3' title="bbox 676 594 2190 665">
    <p class='ocr_par' dir='ltr' id='par_1_3' title="bbox 676 594 2190 665">
     <span class='ocr_line' id='line_1_3' title="bbox 676 594 2190 665; baseline -0.002 -14"><span class='ocrx_word' id='word_1_4' title='bbox 676 595 742 651; x_wconf 84' lang='lat' dir='ltr'><strong>Et</strong></span> <span class='ocrx_word' id='word_1_5' title='bbox 772 597 1014 651; x_wconf 69' lang='lat' dir='ltr'><strong>dixerunt</strong></span> <span class='ocrx_word' id='word_1_6' title='bbox 1045 611 1064 649; x_wconf 91' lang='lat'><em>:</em></span> <span class='ocrx_word' id='word_1_7' title='bbox 1099 595 1369 662; x_wconf 86' lang='lat' dir='ltr'><strong>Quomodo</strong></span> <span class='ocrx_word' id='word_1_8' title='bbox 1397 595 1492 650; x_wconf 89' lang='lat' dir='ltr'><strong>scit</strong></span> <span class='ocrx_word' id='word_1_9' title='bbox 1523 594 1668 650; x_wconf 84' lang='lat' dir='ltr'><strong>Deus</strong></span> <span class='ocrx_word' id='word_1_10' title='bbox 1689 638 1705 665; x_wconf 96' lang='lat'><strong>,</strong></span> <span class='ocrx_word' id='word_1_11' title='bbox 1729 605 1777 650; x_wconf 81' lang='lat' dir='ltr'><strong>et</strong></span> <span class='ocrx_word' id='word_1_12' title='bbox 1810 597 1854 652; x_wconf 90' lang='lat' dir='ltr'><strong>si</strong></span> <span class='ocrx_word' id='word_1_13' title='bbox 1879 605 1953 652; x_wconf 87' lang='lat' dir='ltr'><strong>est</strong></span> <span class='ocrx_word' id='word_1_14' title='bbox 1974 596 2190 652; x_wconf 86' lang='lat' dir='ltr'><strong>scientia</strong></span> 
     </span>
    </p>
   </div>
   <div class='ocr_carea' id='block_1_4' title="bbox 599 687 2191 760">
    <p class='ocr_par' dir='ltr' id='par_1_4' title="bbox 599 687 2191 760">
     <span class='ocr_line' id='line_1_4' title="bbox 599 687 2191 760; baseline 0 -15"><span class='ocrx_word' id='word_1_15' title='bbox 599 691 653 745; x_wconf 89' lang='lat' dir='ltr'><strong>in</strong></span> <span class='ocrx_word' id='word_1_16' title='bbox 695 689 916 744; x_wconf 69' lang='lat' dir='ltr'><strong>excelso.</strong></span> <span class='ocrx_word' id='word_1_17' title='bbox 942 687 1200 758; x_wconf 86' lang='lat' dir='ltr'><strong>Ignorant</strong></span> <span class='ocrx_word' id='word_1_18' title='bbox 1229 689 1377 744; x_wconf 92' lang='lat' dir='ltr'><strong>enim</strong></span> <span class='ocrx_word' id='word_1_19' title='bbox 1422 701 1744 760; x_wconf 88' lang='lat' dir='ltr'><strong>peccatores</strong></span> <span class='ocrx_word' id='word_1_20' title='bbox 1788 691 1958 746; x_wconf 88' lang='lat' dir='ltr'><strong>Deum</strong></span> <span class='ocrx_word' id='word_1_21' title='bbox 2004 691 2191 745; x_wconf 85' lang='lat' dir='ltr'><strong>omnia</strong></span> 
     </span>
    </p>
   </div>
   <div class='ocr_carea' id='block_1_5' title="bbox 599 780 2193 854">
    <p class='ocr_par' dir='ltr' id='par_1_5' title="bbox 599 780 2193 854">
     <span class='ocr_line' id='line_1_5' title="bbox 599 780 2193 854; baseline -0.001 -16"><span class='ocrx_word' id='word_1_22' title='bbox 599 795 757 852; x_wconf 83' lang='lat' dir='ltr'><strong>posse</strong></span> <span class='ocrx_word' id='word_1_23' title='bbox 777 795 1150 852; x_wconf 80' lang='lat' dir='ltr'><strong>cognoscere:</strong></span> <span class='ocrx_word' id='word_1_24' title='bbox 1186 781 1492 838; x_wconf 73' lang='lat' dir='ltr'><strong>nescientes</strong></span> <span class='ocrx_word' id='word_1_25' title='bbox 1531 783 1751 851; x_wconf 85' lang='lat' dir='ltr'><strong>miseri,</strong></span> <span class='ocrx_word' id='word_1_26' title='bbox 1783 782 1909 854; x_wconf 92' lang='lat' dir='ltr'><strong>quia</strong></span> <span class='ocrx_word' id='word_1_27' title='bbox 1942 782 2080 838; x_wconf 87' lang='lat' dir='ltr'><strong>nihil</strong></span> <span class='ocrx_word' id='word_1_28' title='bbox 2121 780 2193 837; x_wconf 91' lang='lat' dir='ltr'><strong>ab</strong></span> 
     </span>
    </p>
   </div>
   <div class='ocr_carea' id='block_1_6' title="bbox 599 873 1330 942">
    <p class='ocr_par' dir='ltr' id='par_1_6' title="bbox 599 873 1330 942">
     <span class='ocr_line' id='line_1_6' title="bbox 599 873 1330 942; baseline -0.003 -12"><span class='ocrx_word' id='word_1_29' title='bbox 599 873 772 930; x_wconf 89' lang='lat' dir='ltr'><strong>oculis</strong></span> <span class='ocrx_word' id='word_1_30' title='bbox 801 875 924 942; x_wconf 87' lang='lat' dir='ltr'><strong>ejus</strong></span> <span class='ocrx_word' id='word_1_31' title='bbox 952 873 1330 931; x_wconf 74' lang='lat' dir='ltr'><strong>absconditur.</strong></span> 
     </span>
    </p>
   </div>
   <div class='ocr_carea' id='block_1_7' title="bbox 670 965 2191 1036">
    <p class='ocr_par' dir='ltr' id='par_1_7' title="bbox 670 965 2191 1036">
     <span class='ocr_line' id='line_1_7' title="bbox 670 965 2191 1036; baseline 0 -16"><span class='ocrx_word' id='word_1_32' title='bbox 670 965 804 1021; x_wconf 85' lang='lat' dir='ltr'><strong>Ecce</strong></span> <span class='ocrx_word' id='word_1_33' title='bbox 832 966 931 1036; x_wconf 85' lang='lat' dir='ltr'><strong>ipsi</strong></span> <span class='ocrx_word' id='word_1_34' title='bbox 955 976 1281 1036; x_wconf 85' lang='lat' dir='ltr'><strong>peccatores,</strong></span> <span class='ocrx_word' id='word_1_35' title='bbox 1323 975 1370 1023; x_wconf 85' lang='lat' dir='ltr'><strong>et</strong></span> <span class='ocrx_word' id='word_1_36' title='bbox 1397 966 1720 1021; x_wconf 75' lang='lat' dir='ltr'><strong>abundantes</strong></span> <span class='ocrx_word' id='word_1_37' title='bbox 1749 967 1804 1020; x_wconf 91' lang='lat' dir='ltr'><strong>in</strong></span> <span class='ocrx_word' id='word_1_38' title='bbox 1834 966 2026 1022; x_wconf 67' lang='lat' dir='ltr'><strong>saeculo</strong></span> <span class='ocrx_word' id='word_1_39' title='bbox 2060 966 2191 1020; x_wconf 86' lang='lat' dir='ltr'><strong>obti-</strong></span> 
     </span>
    </p>
   </div>
   <div class='ocr_carea' id='block_1_8' title="bbox 596 1057 2190 1129">
    <p class='ocr_par' dir='ltr' id='par_1_8' title="bbox 596 1057 2190 1129">
     <span class='ocr_line' id='line_1_8' title="bbox 596 1057 2190 1129; baseline 0 -17"><span class='ocrx_word' id='word_1_40' title='bbox 596 1067 818 1112; x_wconf 88' lang='lat' dir='ltr'><strong>nuerunt</strong></span> <span class='ocrx_word' id='word_1_41' title='bbox 860 1057 1088 1113; x_wconf 84' lang='lat' dir='ltr'><strong>divitias.</strong></span> <span class='ocrx_word' id='word_1_42' title='bbox 1120 1057 1477 1114; x_wconf 85' lang='lat' dir='ltr'><strong>Abundautes</strong></span> <span class='ocrx_word' id='word_1_43' title='bbox 1506 1057 1715 1114; x_wconf 81' lang='lat' dir='ltr'><strong>divitiis</strong></span> <span class='ocrx_word' id='word_1_44' title='bbox 1745 1059 1963 1127; x_wconf 71' lang='lat' dir='ltr'><strong>Sacculi,</strong></span> <span class='ocrx_word' id='word_1_45' title='bbox 2011 1057 2190 1129; x_wconf 89' lang='lat' dir='ltr'><strong>perdi-</strong></span> 
     </span>
    </p>
   </div>
   <div class='ocr_carea' id='block_1_9' title="bbox 594 1151 1256 1224">
    <p class='ocr_par' dir='ltr' id='par_1_9' title="bbox 594 1151 1256 1224">
     <span class='ocr_line' id='line_1_9' title="bbox 594 1151 1256 1224; baseline -0.006 -14"><span class='ocrx_word' id='word_1_46' title='bbox 594 1152 792 1210; x_wconf 90' lang='lat' dir='ltr'><strong>derunt</strong></span> <span class='ocrx_word' id='word_1_47' title='bbox 823 1152 967 1210; x_wconf 90' lang='lat' dir='ltr'><strong>dona</strong></span> <span class='ocrx_word' id='word_1_48' title='bbox 994 1151 1256 1224; x_wconf 78' lang='lat' dir='ltr'><strong>paradisi.</strong></span> 
     </span>
    </p>
   </div>
   <div class='ocr_carea' id='block_1_10' title="bbox 665 1244 2186 1319">
    <p class='ocr_par' dir='ltr' id='par_1_10' title="bbox 665 1244 2186 1319">
     <span class='ocr_line' id='line_1_10' title="bbox 665 1244 2186 1319; baseline -0.005 -18"><span class='ocrx_word' id='word_1_49' title='bbox 665 1246 733 1302; x_wconf 85' lang='lat' dir='ltr'><strong>Et</strong></span> <span class='ocrx_word' id='word_1_50' title='bbox 756 1247 868 1301; x_wconf 80' lang='lat' dir='ltr'><strong>dixi</strong></span> <span class='ocrx_word' id='word_1_51' title='bbox 895 1262 913 1300; x_wconf 91' lang='lat'><strong><em>:</em></strong></span> <span class='ocrx_word' id='word_1_52' title='bbox 943 1262 1069 1319; x_wconf 90' lang='lat' dir='ltr'><strong>ergo</strong></span> <span class='ocrx_word' id='word_1_53' title='bbox 1099 1245 1210 1300; x_wconf 90' lang='lat' dir='ltr'><strong>sine</strong></span> <span class='ocrx_word' id='word_1_54' title='bbox 1240 1261 1398 1300; x_wconf 86' lang='lat' dir='ltr'><strong>causa</strong></span> <span class='ocrx_word' id='word_1_55' title='bbox 1429 1244 1721 1319; x_wconf 80' lang='lat' dir='ltr'><strong>justi/icari</strong></span> <span class='ocrx_word' id='word_1_56' title='bbox 1763 1260 1852 1298; x_wconf 90' lang='lat' dir='ltr'><strong>cor</strong></span> <span class='ocrx_word' id='word_1_57' title='bbox 1900 1259 2066 1299; x_wconf 88' lang='lat' dir='ltr'><strong>meum</strong></span> <span class='ocrx_word' id='word_1_58' title='bbox 2091 1283 2106 1309; x_wconf 98' lang='lat'><strong>,</strong></span> <span class='ocrx_word' id='word_1_59' title='bbox 2139 1251 2186 1297; x_wconf 82' lang='lat' dir='ltr'><strong>et</strong></span> 
     </span>
    </p>
   </div>
   <div class='ocr_carea' id='block_1_11' title="bbox 591 1335 2189 1409">
    <p class='ocr_par' dir='ltr' id='par_1_11' title="bbox 591 1335 2189 1409">
     <span class='ocr_line' id='line_1_11' title="bbox 591 1335 2189 1409; baseline -0.004 -13"><span class='ocrx_word' id='word_1_60' title='bbox 591 1339 696 1396; x_wconf 81' lang='lat' dir='ltr'><strong>lavi</strong></span> <span class='ocrx_word' id='word_1_61' title='bbox 722 1341 856 1396; x_wconf 87' lang='lat' dir='ltr'><strong>inter</strong></span> <span class='ocrx_word' id='word_1_62' title='bbox 880 1340 1175 1394; x_wconf 71' lang='lat' dir='ltr'><strong>innocentes</strong></span> <span class='ocrx_word' id='word_1_63' title='bbox 1203 1355 1386 1392; x_wconf 90' lang='lat' dir='ltr'><strong>manus</strong></span> <span class='ocrx_word' id='word_1_64' title='bbox 1413 1355 1552 1392; x_wconf 84' lang='lat' dir='ltr'><strong>meas</strong></span> <span class='ocrx_word' id='word_1_65' title='bbox 1571 1340 1596 1392; x_wconf 87' lang='lat'><strong><em>?</em></strong></span> <span class='ocrx_word' id='word_1_66' title='bbox 1622 1336 1896 1409; x_wconf 77' lang='lat' dir='ltr'><strong>Numquid</strong></span> <span class='ocrx_word' id='word_1_67' title='bbox 1949 1337 2066 1393; x_wconf 64' lang='lat' dir='ltr'><strong>haec</strong></span> <span class='ocrx_word' id='word_1_68' title='bbox 2107 1335 2189 1390; x_wconf 88' lang='lat' dir='ltr'><strong>vi-</strong></span> 
     </span>
    </p>
   </div>
   <div class='ocr_carea' id='block_1_12' title="bbox 589 1429 2188 1506">
    <p class='ocr_par' dir='ltr' id='par_1_12' title="bbox 589 1429 2188 1506">
     <span class='ocr_line' id='line_1_12' title="bbox 589 1429 2188 1506; baseline -0.005 -14"><span class='ocrx_word' id='word_1_69' title='bbox 589 1435 725 1493; x_wconf 92' lang='lat' dir='ltr'><strong>dens</strong></span> <span class='ocrx_word' id='word_1_70' title='bbox 748 1435 929 1506; x_wconf 90' lang='lat' dir='ltr'><strong>justus</strong></span> <span class='ocrx_word' id='word_1_71' title='bbox 966 1435 1165 1489; x_wconf 89' lang='lat' dir='ltr'><strong>frustra</strong></span> <span class='ocrx_word' id='word_1_72' title='bbox 1196 1448 1256 1488; x_wconf 90' lang='lat' dir='ltr'><strong>se</strong></span> <span class='ocrx_word' id='word_1_73' title='bbox 1280 1431 1634 1503; x_wconf 83' lang='lat' dir='ltr'><strong>justifieavit,</strong></span> <span class='ocrx_word' id='word_1_74' title='bbox 1678 1440 1772 1487; x_wconf 90' lang='lat' dir='ltr'><strong>aut</strong></span> <span class='ocrx_word' id='word_1_75' title='bbox 1811 1431 1862 1486; x_wconf 91' lang='lat' dir='ltr'><strong>in</strong></span> <span class='ocrx_word' id='word_1_76' title='bbox 1909 1429 2188 1486; x_wconf 90' lang='lat' dir='ltr'><strong>contrario</strong></span> 
     </span>
    </p>
   </div>
   <div class='ocr_carea' id='block_1_13' title="bbox 590 1523 2188 1597">
    <p class='ocr_par' dir='ltr' id='par_1_13' title="bbox 590 1523 2188 1597">
     <span class='ocr_line' id='line_1_13' title="bbox 590 1523 2188 1597; baseline -0.004 -14"><span class='ocrx_word' id='word_1_77' title='bbox 590 1529 860 1584; x_wconf 90' lang='lat' dir='ltr'><strong>innocens</strong></span> <span class='ocrx_word' id='word_1_78' title='bbox 893 1540 1031 1597; x_wconf 90' lang='lat' dir='ltr'><strong>opus</strong></span> <span class='ocrx_word' id='word_1_79' title='bbox 1067 1524 1229 1582; x_wconf 87' lang='lat' dir='ltr'><strong>fecit?</strong></span> <span class='ocrx_word' id='word_1_80' title='bbox 1259 1525 1366 1581; x_wconf 91' lang='lat' dir='ltr'><strong>Sed</strong></span> <span class='ocrx_word' id='word_1_81' title='bbox 1399 1525 1519 1580; x_wconf 60' lang='lat' dir='ltr'><strong>haec</strong></span> <span class='ocrx_word' id='word_1_82' title='bbox 1552 1539 1617 1581; x_wconf 92' lang='lat' dir='ltr'><strong>ex</strong></span> <span class='ocrx_word' id='word_1_83' title='bbox 1651 1538 1884 1596; x_wconf 85' lang='lat' dir='ltr'><strong>persona</strong></span> <span class='ocrx_word' id='word_1_84' title='bbox 1909 1523 2041 1594; x_wconf 91' lang='lat' dir='ltr'><strong>justi</strong></span> <span class='ocrx_word' id='word_1_85' title='bbox 2083 1523 2188 1578; x_wconf 90' lang='lat' dir='ltr'><strong>Do-</strong></span> 
     </span>
    </p>
   </div>
   <div class='ocr_carea' id='block_1_14' title="bbox 590 1617 1861 1691">
    <p class='ocr_par' dir='ltr' id='par_1_14' title="bbox 590 1617 1861 1691">
     <span class='ocr_line' id='line_1_14' title="bbox 590 1617 1861 1691; baseline -0.004 -14"><span class='ocrx_word' id='word_1_86' title='bbox 590 1621 770 1678; x_wconf 90' lang='lat' dir='ltr'><strong>minus</strong></span> <span class='ocrx_word' id='word_1_87' title='bbox 801 1621 921 1691; x_wconf 83' lang='lat' dir='ltr'><strong>ipsc</strong></span> <span class='ocrx_word' id='word_1_88' title='bbox 947 1619 1081 1675; x_wconf 91' lang='lat' dir='ltr'><strong>dicit</strong></span> <span class='ocrx_word' id='word_1_89' title='bbox 1107 1661 1122 1681; x_wconf 84' lang='lat'><strong>.</strong></span> <span class='ocrx_word' id='word_1_90' title='bbox 1156 1618 1300 1675; x_wconf 77' lang='lat' dir='ltr'><strong>sicut</strong></span> <span class='ocrx_word' id='word_1_91' title='bbox 1329 1617 1614 1689; x_wconf 84' lang='lat' dir='ltr'><strong>sequentia</strong></span> <span class='ocrx_word' id='word_1_92' title='bbox 1639 1617 1861 1672; x_wconf 87' lang='lat' dir='ltr'><strong>docent.</strong></span> 
     </span>
    </p>
   </div>
   <div class='ocr_carea' id='block_1_15' title="bbox 660 1707 2181 1783">
    <p class='ocr_par' dir='ltr' id='par_1_15' title="bbox 660 1707 2181 1783">
     <span class='ocr_line' id='line_1_15' title="bbox 660 1707 2181 1783; baseline -0.001 -17"><span class='ocrx_word' id='word_1_93' title='bbox 660 1709 731 1767; x_wconf 88' lang='lat' dir='ltr'><strong>Et</strong></span> <span class='ocrx_word' id='word_1_94' title='bbox 756 1711 834 1782; x_wconf 77' lang='lat' dir='ltr'><strong>fui</strong></span> <span class='ocrx_word' id='word_1_95' title='bbox 854 1710 1150 1783; x_wconf 82' lang='lat' dir='ltr'><strong>ﬂagellatus</strong></span> <span class='ocrx_word' id='word_1_96' title='bbox 1182 1719 1290 1764; x_wconf 93' lang='lat' dir='ltr'><strong>tota</strong></span> <span class='ocrx_word' id='word_1_97' title='bbox 1311 1709 1416 1765; x_wconf 88' lang='lat' dir='ltr'><strong>die.</strong></span> <span class='ocrx_word' id='word_1_98' title='bbox 1458 1709 1870 1782; x_wconf 84' lang='lat' dir='ltr'><strong>Flagellabatur</strong></span> <span class='ocrx_word' id='word_1_99' title='bbox 1893 1709 2041 1765; x_wconf 90' lang='lat' dir='ltr'><strong>enim</strong></span> <span class='ocrx_word' id='word_1_100' title='bbox 2073 1707 2181 1765; x_wconf 86' lang='lat' dir='ltr'><strong>Do-</strong></span> 
     </span>
    </p>
   </div>
   <div class='ocr_carea' id='block_1_16' title="bbox 1390 287 3097 353">
    <p class='ocr_par' dir='ltr' id='par_1_16' title="bbox 1390 287 3097 353">
     <span class='ocr_line' id='line_1_16' title="bbox 1390 287 3097 353; baseline -0.004 0"><span class='ocrx_word' id='word_1_101' title='bbox 1390 292 1736 353; x_wconf 78' lang='lat' dir='ltr'><strong>APPENDIX</strong></span> <span class='ocrx_word' id='word_1_102' title='bbox 1779 293 1870 350; x_wconf 79' lang='lat' dir='ltr'><strong>AD</strong></span> <span class='ocrx_word' id='word_1_103' title='bbox 1909 292 2157 350; x_wconf 77' lang='lat' dir='ltr'><strong>TOMUM</strong></span> <span class='ocrx_word' id='word_1_104' title='bbox 2199 287 2548 350; x_wconf 71' lang='lat' dir='ltr'><strong>SEPTIMUM</strong></span> <span class='ocrx_word' id='word_1_105' title='bbox 2589 291 2649 348; x_wconf 88' lang='lat' dir='ltr'><strong>S.</strong></span> <span class='ocrx_word' id='word_1_106' title='bbox 2693 289 3097 349; x_wconf 72' lang='lat' dir='ltr'><strong>IllERUNYIII.</strong></span> 
     </span>
    </p>
   </div>
   <div class='ocr_carea' id='block_1_17' title="bbox 599 406 3224 482">
    <p class='ocr_par' dir='ltr' id='par_1_17' title="bbox 599 406 3224 482">
     <span class='ocr_line' id='line_1_17' title="bbox 599 406 3224 482; baseline -0.003 -15"><span class='ocrx_word' id='word_1_107' title='bbox 599 412 752 482; x_wconf 84' lang='lat' dir='ltr'><strong>piant</strong></span> <span class='ocrx_word' id='word_1_108' title='bbox 794 418 1161 478; x_wconf 72' lang='lat' dir='ltr'><strong>teter-norum,</strong></span> <span class='ocrx_word' id='word_1_109' title='bbox 1213 408 1485 481; x_wconf 89' lang='lat' dir='ltr'><strong>scientes,</strong></span> <span class='ocrx_word' id='word_1_110' title='bbox 1542 409 1665 482; x_wconf 88' lang='lat' dir='ltr'><strong>quia</strong></span> <span class='ocrx_word' id='word_1_111' title='bbox 1719 409 1918 482; x_wconf 85' lang='lat' dir='ltr'><strong>iniqui,</strong></span> <span class='ocrx_word' id='word_1_112' title='bbox 1976 425 2077 465; x_wconf 85' lang='lat' dir='ltr'><strong>nec</strong></span> <span class='ocrx_word' id='word_1_113' title='bbox 2121 406 2188 464; x_wconf 91' lang='lat' dir='ltr'><strong>ad</strong></span> <span class='ocrx_word' id='word_1_114' title='bbox 2217 411 2262 469; x_wconf 83' lang='lat' dir='ltr'><strong>A</strong></span> <span class='ocrx_word' id='word_1_115' title='bbox 2294 424 2323 463; x_wconf 91' lang='lat' dir='ltr'><strong>a</strong></span> <span class='ocrx_word' id='word_1_116' title='bbox 2364 424 2451 465; x_wconf 91' lang='lat' dir='ltr'><strong>me</strong></span> <span class='ocrx_word' id='word_1_117' title='bbox 2479 451 2493 475; x_wconf 92' lang='lat'><strong>,</strong></span> <span class='ocrx_word' id='word_1_118' title='bbox 2548 410 2788 479; x_wconf 85' lang='lat' dir='ltr'><strong>Operarii</strong></span> <span class='ocrx_word' id='word_1_119' title='bbox 2859 407 3163 480; x_wconf 85' lang='lat' dir='ltr'><strong>iniquitatis</strong></span> <span class='ocrx_word' id='word_1_120' title='bbox 3211 423 3224 461; x_wconf 92' lang='lat'><strong>:</strong></span> 
     </span>
    </p>
   </div>
   <div class='ocr_carea' id='block_1_18' title="bbox 3787 292 3924 350">
    <p class='ocr_par' dir='ltr' id='par_1_18' title="bbox 3787 292 3924 350">
     <span class='ocr_line' id='line_1_18' title="bbox 3787 292 3924 350; baseline 0.007 -1"><span class='ocrx_word' id='word_1_121' title='bbox 3787 292 3924 350; x_wconf 64' lang='lat'><strong>103!</strong></span> 
     </span>
    </p>
   </div>
   <div class='ocr_carea' id='block_1_19' title="bbox 3284 408 3918 480">
    <p class='ocr_par' dir='ltr' id='par_1_19' title="bbox 3284 408 3918 480">
     <span class='ocr_line' id='line_1_19' title="bbox 3284 408 3918 480; baseline 0.005 -18"><span class='ocrx_word' id='word_1_122' title='bbox 3284 408 3410 480; x_wconf 83' lang='lat' dir='ltr'><strong>quia</strong></span> <span class='ocrx_word' id='word_1_123' title='bbox 3462 421 3579 464; x_wconf 91' lang='lat' dir='ltr'><strong>non</strong></span> <span class='ocrx_word' id='word_1_124' title='bbox 3623 408 3774 464; x_wconf 82' lang='lat' dir='ltr'><strong>novi</strong></span> <span class='ocrx_word' id='word_1_125' title='bbox 3831 425 3918 466; x_wconf 90' lang='lat' dir='ltr'><strong>vos</strong></span> 
     </span>
    </p>
   </div>
   <div class='ocr_carea' id='block_1_20' title="bbox 2299 499 2627 573">
    <p class='ocr_par' dir='ltr' id='par_1_20' title="bbox 2299 499 2627 573">
     <span class='ocr_line' id='line_1_20' title="bbox 2299 499 2627 573; baseline 0 -18"><span class='ocrx_word' id='word_1_126' title='bbox 2299 499 2456 572; x_wconf 86' lang='lat' dir='ltr'><strong>(Luc.</strong></span> <span class='ocrx_word' id='word_1_127' title='bbox 2488 501 2627 573; x_wconf 75' lang='lat' dir='ltr'><strong>XIII).</strong></span> 
     </span>
    </p>
   </div>
   <div class='ocr_carea' id='block_1_21' title="bbox 2371 593 3912 666">
    <p class='ocr_par' dir='ltr' id='par_1_21' title="bbox 2371 593 3912 666">
     <span class='ocr_line' id='line_1_21' title="bbox 2371 593 3912 666; baseline 0.002 -18"><span class='ocrx_word' id='word_1_128' title='bbox 2371 594 2508 660; x_wconf 84' lang='lat' dir='ltr'><strong>Quia</strong></span> <span class='ocrx_word' id='word_1_129' title='bbox 2540 595 2923 666; x_wconf 79' lang='lat' dir='ltr'><strong>inﬂammatum</strong></span> <span class='ocrx_word' id='word_1_130' title='bbox 2943 604 3018 649; x_wconf 86' lang='lat' dir='ltr'><strong>est</strong></span> <span class='ocrx_word' id='word_1_131' title='bbox 3048 610 3136 649; x_wconf 81' lang='lat' dir='ltr'><strong>cor</strong></span> <span class='ocrx_word' id='word_1_132' title='bbox 3165 610 3353 649; x_wconf 88' lang='lat' dir='ltr'><strong>meum.</strong></span> <span class='ocrx_word' id='word_1_133' title='bbox 3381 593 3451 652; x_wconf 89' lang='lat' dir='ltr'><strong>Ut</strong></span> <span class='ocrx_word' id='word_1_134' title='bbox 3501 594 3690 651; x_wconf 81' lang='lat' dir='ltr'><strong>Patris</strong></span> <span class='ocrx_word' id='word_1_135' title='bbox 3720 594 3912 651; x_wconf 83' lang='lat' dir='ltr'><strong>faciam</strong></span> 
     </span>
    </p>
   </div>
   <div class='ocr_carea' id='block_1_22' title="bbox 2295 685 3915 759">
    <p class='ocr_par' dir='ltr' id='par_1_22' title="bbox 2295 685 3915 759">
     <span class='ocr_line' id='line_1_22' title="bbox 2295 685 3915 759; baseline 0.003 -21"><span class='ocrx_word' id='word_1_136' title='bbox 2295 685 2649 742; x_wconf 88' lang='lat' dir='ltr'><strong>voluntatem.</strong></span> <span class='ocrx_word' id='word_1_137' title='bbox 2684 685 2935 742; x_wconf 84' lang='lat' dir='ltr'><strong>Christus</strong></span> <span class='ocrx_word' id='word_1_138' title='bbox 2962 686 3228 742; x_wconf 89' lang='lat' dir='ltr'><strong>Dominus</strong></span> <span class='ocrx_word' id='word_1_139' title='bbox 3254 687 3373 744; x_wconf 56' lang='lat' dir='ltr'><strong>haec</strong></span> <span class='ocrx_word' id='word_1_140' title='bbox 3403 688 3677 759; x_wconf 88' lang='lat' dir='ltr'><strong>loquitur.</strong></span> <span class='ocrx_word' id='word_1_141' title='bbox 3742 688 3816 743; x_wconf 85' lang='lat' dir='ltr'><strong>Et</strong></span> <span class='ocrx_word' id='word_1_142' title='bbox 3844 706 3915 743; x_wconf 83' lang='lat' dir='ltr'><strong>re-</strong></span> 
     </span>
    </p>
   </div>
   <div class='ocr_carea' id='block_1_23' title="bbox 2295 781 3910 853">
    <p class='ocr_par' dir='ltr' id='par_1_23' title="bbox 2295 781 3910 853">
     <span class='ocr_line' id='line_1_23' title="bbox 2295 781 3910 853; baseline 0.003 -18"><span class='ocrx_word' id='word_1_143' title='bbox 2295 795 2386 835; x_wconf 89' lang='lat' dir='ltr'><strong>nes</strong></span> <span class='ocrx_word' id='word_1_144' title='bbox 2411 781 2508 835; x_wconf 89' lang='lat' dir='ltr'><strong>mei</strong></span> <span class='ocrx_word' id='word_1_145' title='bbox 2529 783 2831 836; x_wconf 82' lang='lat' dir='ltr'><strong>commutati</strong></span> <span class='ocrx_word' id='word_1_146' title='bbox 2857 792 3001 836; x_wconf 87' lang='lat' dir='ltr'><strong>sunt.</strong></span> <span class='ocrx_word' id='word_1_147' title='bbox 3045 781 3122 838; x_wconf 85' lang='lat' dir='ltr'><strong>Ne</strong></span> <span class='ocrx_word' id='word_1_148' title='bbox 3151 783 3289 838; x_wconf 88' lang='lat' dir='ltr'><strong>mihi</strong></span> <span class='ocrx_word' id='word_1_149' title='bbox 3315 785 3643 853; x_wconf 68' lang='lat' dir='ltr'><strong>prmvaleret</strong></span> <span class='ocrx_word' id='word_1_150' title='bbox 3700 787 3910 840; x_wconf 76' lang='lat' dir='ltr'><strong>luxuria</strong></span> 
     </span>
    </p>
   </div>
   <div class='ocr_carea' id='block_1_24' title="bbox 2294 872 3912 947">
    <p class='ocr_par' dir='ltr' id='par_1_24' title="bbox 2294 872 3912 947">
     <span class='ocr_line' id='line_1_24' title="bbox 2294 872 3912 947; baseline 0.004 -21"><span class='ocrx_word' id='word_1_151' title='bbox 2294 872 2637 943; x_wconf 74' lang='lat' dir='ltr'><strong>cogitationis</strong></span> <span class='ocrx_word' id='word_1_152' title='bbox 2666 873 2942 929; x_wconf 66' lang='lat' dir='ltr'><strong>humanae.</strong></span> <span class='ocrx_word' id='word_1_153' title='bbox 3002 872 3070 927; x_wconf 87' lang='lat' dir='ltr'><strong>Et</strong></span> <span class='ocrx_word' id='word_1_154' title='bbox 3121 892 3212 947; x_wconf 84' lang='lat' dir='ltr'><strong>ego</strong></span> <span class='ocrx_word' id='word_1_155' title='bbox 3267 876 3338 929; x_wconf 84' lang='lat' dir='ltr'><strong>ad</strong></span> <span class='ocrx_word' id='word_1_156' title='bbox 3385 876 3608 933; x_wconf 81' lang='lat' dir='ltr'><strong>nihilum</strong></span> <span class='ocrx_word' id='word_1_157' title='bbox 3670 880 3912 934; x_wconf 79' lang='lat' dir='ltr'><strong>redactus</strong></span> 
     </span>
    </p>
   </div>
   <div class='ocr_carea' id='block_1_25' title="bbox 2293 966 3911 1039">
    <p class='ocr_par' dir='ltr' id='par_1_25' title="bbox 2293 966 3911 1039">
     <span class='ocr_line' id='line_1_25' title="bbox 2293 966 3911 1039; baseline 0.004 -19"><span class='ocrx_word' id='word_1_158' title='bbox 2293 982 2428 1032; x_wconf 87' lang='lat' dir='ltr'><strong>sum,</strong></span> <span class='ocrx_word' id='word_1_159' title='bbox 2461 974 2508 1019; x_wconf 91' lang='lat' dir='ltr'><strong>et</strong></span> <span class='ocrx_word' id='word_1_160' title='bbox 2531 966 2738 1021; x_wconf 82' lang='lat' dir='ltr'><strong>nescivi.</strong></span> <span class='ocrx_word' id='word_1_161' title='bbox 2776 967 2840 1022; x_wconf 82' lang='lat' dir='ltr'><strong>Et</strong></span> <span class='ocrx_word' id='word_1_162' title='bbox 2871 967 3239 1037; x_wconf 87' lang='lat' dir='ltr'><strong>hutniliatnm,</strong></span> <span class='ocrx_word' id='word_1_163' title='bbox 3263 977 3318 1024; x_wconf 92' lang='lat' dir='ltr'><strong>et</strong></span> <span class='ocrx_word' id='word_1_164' title='bbox 3354 971 3716 1039; x_wconf 79' lang='lat' dir='ltr'><strong>ignorantem</strong></span> <span class='ocrx_word' id='word_1_165' title='bbox 3746 986 3810 1028; x_wconf 90' lang='lat' dir='ltr'><strong>se</strong></span> <span class='ocrx_word' id='word_1_166' title='bbox 3831 971 3911 1026; x_wconf 91' lang='lat' dir='ltr'><strong>di-</strong></span> 
     </span>
    </p>
   </div>
   <div class='ocr_carea' id='block_1_26' title="bbox 2293 1058 3911 1125">
    <p class='ocr_par' dir='ltr' id='par_1_26' title="bbox 2293 1058 3911 1125">
     <span class='ocr_line' id='line_1_26' title="bbox 2293 1058 3911 1125; baseline 0.005 -14"><span class='ocrx_word' id='word_1_167' title='bbox 2293 1060 2388 1125; x_wconf 86' lang='lat' dir='ltr'><strong>cit,</strong></span> <span class='ocrx_word' id='word_1_168' title='bbox 2420 1067 2479 1113; x_wconf 92' lang='lat' dir='ltr'><strong>ut</strong></span> <span class='ocrx_word' id='word_1_169' title='bbox 2504 1074 2693 1114; x_wconf 91' lang='lat' dir='ltr'><strong>verum</strong></span> <span class='ocrx_word' id='word_1_170' title='bbox 2722 1058 2999 1115; x_wconf 85' lang='lat' dir='ltr'><strong>hominem</strong></span> <span class='ocrx_word' id='word_1_171' title='bbox 3028 1069 3320 1116; x_wconf 90' lang='lat' dir='ltr'><strong>monstret.</strong></span> <span class='ocrx_word' id='word_1_172' title='bbox 3359 1060 3518 1116; x_wconf 79' lang='lat' dir='ltr'><strong>Nulla</strong></span> <span class='ocrx_word' id='word_1_173' title='bbox 3562 1063 3726 1118; x_wconf 85' lang='lat' dir='ltr'><strong>enim</strong></span> <span class='ocrx_word' id='word_1_174' title='bbox 3779 1064 3911 1119; x_wconf 88' lang='lat' dir='ltr'><strong>Deus</strong></span> 
     </span>
    </p>
   </div>
   <div class='ocr_carea' id='block_1_27' title="bbox 2292 1149 3877 1224">
    <p class='ocr_par' dir='ltr' id='par_1_27' title="bbox 2292 1149 3877 1224">
     <span class='ocr_line' id='line_1_27' title="bbox 2292 1149 3877 1224; baseline 0.004 -20"><span class='ocrx_word' id='word_1_175' title='bbox 2292 1149 2638 1221; x_wconf 87' lang='lat' dir='ltr'><strong>ignoratione</strong></span> <span class='ocrx_word' id='word_1_176' title='bbox 2671 1150 2894 1219; x_wconf 86' lang='lat' dir='ltr'><strong>fallitur,</strong></span> <span class='ocrx_word' id='word_1_177' title='bbox 2925 1151 3021 1208; x_wconf 89' lang='lat' dir='ltr'><strong>sed</strong></span> <span class='ocrx_word' id='word_1_178' title='bbox 3068 1163 3274 1208; x_wconf 88' lang='lat' dir='ltr'><strong>tantum</strong></span> <span class='ocrx_word' id='word_1_179' title='bbox 3303 1163 3634 1224; x_wconf 89' lang='lat' dir='ltr'><strong>peccatores</strong></span> <span class='ocrx_word' id='word_1_180' title='bbox 3669 1157 3877 1212; x_wconf 58' lang='lat' dir='ltr'><strong>nescit.</strong></span> 
     </span>
    </p>
   </div>
   <div class='ocr_carea' id='block_1_28' title="bbox 2367 1243 3908 1319">
    <p class='ocr_par' dir='ltr' id='par_1_28' title="bbox 2367 1243 3908 1319">
     <span class='ocr_line' id='line_1_28' title="bbox 2367 1243 3908 1319; baseline 0.005 -21"><span class='ocrx_word' id='word_1_181' title='bbox 2367 1243 2748 1315; x_wconf 84' lang='lat' dir='ltr'><strong>Utjumentum</strong></span> <span class='ocrx_word' id='word_1_182' title='bbox 2766 1246 2936 1316; x_wconf 77' lang='lat' dir='ltr'><strong>factus</strong></span> <span class='ocrx_word' id='word_1_183' title='bbox 2961 1263 3076 1300; x_wconf 87' lang='lat' dir='ltr'><strong>sum</strong></span> <span class='ocrx_word' id='word_1_184' title='bbox 3096 1249 3240 1319; x_wconf 82' lang='lat' dir='ltr'><strong>apud</strong></span> <span class='ocrx_word' id='word_1_185' title='bbox 3267 1257 3335 1302; x_wconf 87' lang='lat' dir='ltr'><strong>te.</strong></span> <span class='ocrx_word' id='word_1_186' title='bbox 3366 1247 3603 1304; x_wconf 84' lang='lat' dir='ltr'><strong>Portans</strong></span> <span class='ocrx_word' id='word_1_187' title='bbox 3649 1250 3710 1305; x_wconf 84' lang='lat' dir='ltr'><strong>in</strong></span> <span class='ocrx_word' id='word_1_188' title='bbox 3744 1266 3908 1306; x_wconf 86' lang='lat' dir='ltr'><strong>carne</strong></span> 
     </span>
    </p>
   </div>
   <div class='ocr_carea' id='block_1_29' title="bbox 2291 1339 3904 1416">
    <p class='ocr_par' dir='ltr' id='par_1_29' title="bbox 2291 1339 3904 1416">
     <span class='ocr_line' id='line_1_29' title="bbox 2291 1339 3904 1416; baseline 0.004 -22"><span class='ocrx_word' id='word_1_189' title='bbox 2291 1347 2512 1410; x_wconf 87' lang='lat' dir='ltr'><strong>peccata</strong></span> <span class='ocrx_word' id='word_1_190' title='bbox 2547 1340 2732 1411; x_wconf 86' lang='lat' dir='ltr'><strong>populi</strong></span> <span class='ocrx_word' id='word_1_191' title='bbox 2761 1340 2857 1396; x_wconf 91' lang='lat' dir='ltr'><strong>tui.</strong></span> <span class='ocrx_word' id='word_1_192' title='bbox 2892 1339 2957 1394; x_wconf 83' lang='lat' dir='ltr'><strong>Et</strong></span> <span class='ocrx_word' id='word_1_193' title='bbox 2979 1357 3071 1413; x_wconf 88' lang='lat' dir='ltr'><strong>ego</strong></span> <span class='ocrx_word' id='word_1_194' title='bbox 3102 1358 3305 1413; x_wconf 84' lang='lat' dir='ltr'><strong>semper</strong></span> <span class='ocrx_word' id='word_1_195' title='bbox 3336 1353 3525 1398; x_wconf 82' lang='lat' dir='ltr'><strong>terum.</strong></span> <span class='ocrx_word' id='word_1_196' title='bbox 3570 1343 3696 1416; x_wconf 81' lang='lat' dir='ltr'><strong>Ego</strong></span> <span class='ocrx_word' id='word_1_197' title='bbox 3726 1343 3783 1400; x_wconf 91' lang='lat' dir='ltr'><strong>in</strong></span> <span class='ocrx_word' id='word_1_198' title='bbox 3840 1354 3904 1411; x_wconf 87' lang='lat' dir='ltr'><strong>te,</strong></span> 
     </span>
    </p>
   </div>
   <div class='ocr_carea' id='block_1_30' title="bbox 2291 1433 2646 1490">
    <p class='ocr_par' dir='ltr' id='par_1_30' title="bbox 2291 1433 2646 1490">
     <span class='ocr_line' id='line_1_30' title="bbox 2291 1433 2646 1490; baseline 0.008 -3"><span class='ocrx_word' id='word_1_199' title='bbox 2291 1443 2346 1488; x_wconf 89' lang='lat' dir='ltr'><strong>et</strong></span> <span class='ocrx_word' id='word_1_200' title='bbox 2368 1442 2422 1488; x_wconf 91' lang='lat' dir='ltr'><strong>tu</strong></span> <span class='ocrx_word' id='word_1_201' title='bbox 2452 1433 2505 1489; x_wconf 93' lang='lat' dir='ltr'><strong>in</strong></span> <span class='ocrx_word' id='word_1_202' title='bbox 2537 1449 2646 1490; x_wconf 92' lang='lat' dir='ltr'><strong>me.</strong></span> 
     </span>
    </p>
   </div>
   <div class='ocr_carea' id='block_1_31' title="bbox 2360 1522 3904 1588">
    <p class='ocr_par' dir='ltr' id='par_1_31' title="bbox 2360 1522 3904 1588">
     <span class='ocr_line' id='line_1_31' title="bbox 2360 1522 3904 1588; baseline 0.007 -11"><span class='ocrx_word' id='word_1_203' title='bbox 2360 1522 2594 1579; x_wconf 85' lang='lat' dir='ltr'><strong>Tenuisti</strong></span> <span class='ocrx_word' id='word_1_204' title='bbox 2619 1541 2832 1579; x_wconf 89' lang='lat' dir='ltr'><strong>manum</strong></span> <span class='ocrx_word' id='word_1_205' title='bbox 2864 1525 3131 1581; x_wconf 74' lang='lat' dir='ltr'><strong>dexteram</strong></span> <span class='ocrx_word' id='word_1_206' title='bbox 3167 1544 3355 1584; x_wconf 89' lang='lat' dir='ltr'><strong>meam.</strong></span> <span class='ocrx_word' id='word_1_207' title='bbox 3388 1528 3793 1588; x_wconf 82' lang='lat' dir='ltr'><strong>Descendente</strong></span> <span class='ocrx_word' id='word_1_208' title='bbox 3826 1547 3904 1588; x_wconf 86' lang='lat' dir='ltr'><strong>me</strong></span> 
     </span>
    </p>
   </div>
   <div class='ocr_carea' id='block_1_32' title="bbox 2290 1615 3898 1690">
    <p class='ocr_par' dir='ltr' id='par_1_32' title="bbox 2290 1615 3898 1690">
     <span class='ocr_line' id='line_1_32' title="bbox 2290 1615 3898 1690; baseline 0.007 -19"><span class='ocrx_word' id='word_1_209' title='bbox 2290 1615 2343 1672; x_wconf 89' lang='lat' dir='ltr'><strong>in</strong></span> <span class='ocrx_word' id='word_1_210' title='bbox 2374 1617 2671 1683; x_wconf 85' lang='lat' dir='ltr'><strong>infernum,</strong></span> <span class='ocrx_word' id='word_1_211' title='bbox 2695 1620 2820 1690; x_wconf 87' lang='lat' dir='ltr'><strong>quia</strong></span> <span class='ocrx_word' id='word_1_212' title='bbox 2848 1621 3071 1676; x_wconf 89' lang='lat' dir='ltr'><strong>sinistra</strong></span> <span class='ocrx_word' id='word_1_213' title='bbox 3097 1622 3298 1678; x_wconf 90' lang='lat' dir='ltr'><strong>diaboli</strong></span> <span class='ocrx_word' id='word_1_214' title='bbox 3321 1624 3733 1683; x_wconf 77' lang='lat' dir='ltr'><strong>adversabatur</strong></span> <span class='ocrx_word' id='word_1_215' title='bbox 3750 1628 3898 1683; x_wconf 89' lang='lat' dir='ltr'><strong>mihi.</strong></span> 
     </span>
    </p>
   </div>
   <div class='ocr_carea' id='block_1_33' title="bbox 2290 1711 3899 1789">
    <p class='ocr_par' dir='ltr' id='par_1_33' title="bbox 2290 1711 3899 1789">
     <span class='ocr_line' id='line_1_33' title="bbox 2290 1711 3899 1789; baseline 0.005 -23"><span class='ocrx_word' id='word_1_216' title='bbox 2290 1711 2357 1766; x_wconf 83' lang='lat' dir='ltr'><strong>Et</strong></span> <span class='ocrx_word' id='word_1_217' title='bbox 2384 1713 2436 1766; x_wconf 90' lang='lat' dir='ltr'><strong>in</strong></span> <span class='ocrx_word' id='word_1_218' title='bbox 2461 1711 2726 1768; x_wconf 73' lang='lat' dir='ltr'><strong>voluntate</strong></span> <span class='ocrx_word' id='word_1_219' title='bbox 2759 1724 2850 1768; x_wconf 85' lang='lat' dir='ltr'><strong>tua</strong></span> <span class='ocrx_word' id='word_1_220' title='bbox 2895 1715 3158 1770; x_wconf 72' lang='lat' dir='ltr'><strong>deduxisti</strong></span> <span class='ocrx_word' id='word_1_221' title='bbox 3199 1734 3295 1772; x_wconf 88' lang='lat' dir='ltr'><strong>me.</strong></span> <span class='ocrx_word' id='word_1_222' title='bbox 3349 1718 3784 1789; x_wconf 81' lang='lat' dir='ltr'><strong>Resurgcntem.</strong></span> <span class='ocrx_word' id='word_1_223' title='bbox 3837 1719 3899 1774; x_wconf 80' lang='lat' dir='ltr'><strong>Et</strong></span> 
     </span>
    </p>
   </div>
   <div class='ocr_carea' id='block_1_34' title="bbox 590 1803 3575 1879">
    <p class='ocr_par' dir='ltr' id='par_1_34' title="bbox 590 1803 3575 1879">
     <span class='ocr_line' id='line_1_34' title="bbox 590 1803 3575 1879; baseline 0 -15"><span class='ocrx_word' id='word_1_224' title='bbox 590 1808 770 1865; x_wconf 91' lang='lat' dir='ltr'><strong>minus</strong></span> <span class='ocrx_word' id='word_1_225' title='bbox 803 1821 952 1879; x_wconf 69' lang='lat' dir='ltr'><strong>smpe</strong></span> <span class='ocrx_word' id='word_1_226' title='bbox 968 1806 1108 1863; x_wconf 91' lang='lat' dir='ltr'><strong>dolis</strong></span> <span class='ocrx_word' id='word_1_227' title='bbox 1135 1822 1326 1863; x_wconf 90' lang='lat' dir='ltr'><strong>eorum</strong></span> <span class='ocrx_word' id='word_1_228' title='bbox 1355 1824 1369 1860; x_wconf 88' lang='lat'>:</span> <span class='ocrx_word' id='word_1_229' title='bbox 1399 1805 1497 1862; x_wconf 89' lang='lat' dir='ltr'><strong>sed</strong></span> <span class='ocrx_word' id='word_1_230' title='bbox 1523 1805 1576 1861; x_wconf 92' lang='lat' dir='ltr'><strong>in</strong></span> <span class='ocrx_word' id='word_1_231' title='bbox 1603 1805 1692 1862; x_wconf 92' lang='lat' dir='ltr'><strong>die</strong></span> <span class='ocrx_word' id='word_1_232' title='bbox 1722 1804 1991 1877; x_wconf 86' lang='lat' dir='ltr'><strong>passionis</strong></span> <span class='ocrx_word' id='word_1_233' title='bbox 2016 1803 2182 1860; x_wconf 81' lang='lat' dir='ltr'><strong>certis</strong></span> <span class='ocrx_word' id='word_1_234' title='bbox 2214 1806 2260 1867; x_wconf 87' lang='lat' dir='ltr'><strong>B</strong></span> <span class='ocrx_word' id='word_1_235' title='bbox 2286 1821 2401 1858; x_wconf 87' lang='lat' dir='ltr'><strong>cum</strong></span> <span class='ocrx_word' id='word_1_236' title='bbox 2423 1805 2591 1877; x_wconf 83' lang='lat' dir='ltr'><strong>gloria</strong></span> <span class='ocrx_word' id='word_1_237' title='bbox 2617 1807 2887 1878; x_wconf 87' lang='lat' dir='ltr'><strong>suscepisti</strong></span> <span class='ocrx_word' id='word_1_238' title='bbox 2910 1824 3007 1862; x_wconf 89' lang='lat' dir='ltr'><strong>me.</strong></span> <span class='ocrx_word' id='word_1_239' title='bbox 3039 1807 3209 1865; x_wconf 75' lang='lat' dir='ltr'><strong>Ctelis</strong></span> <span class='ocrx_word' id='word_1_240' title='bbox 3233 1809 3575 1868; x_wconf 83' lang='lat' dir='ltr'><strong>redeuntem.</strong></span> 
     </span>
    </p>
   </div>
   <div class='ocr_carea' id='block_1_35' title="bbox 587 1895 2185 1970">
    <p class='ocr_par' dir='ltr' id='par_1_35' title="bbox 587 1895 2185 1970">
     <span class='ocr_line' id='line_1_35' title="bbox 587 1895 2185 1970; baseline -0.006 -10"><span class='ocrx_word' id='word_1_241' title='bbox 587 1901 968 1970; x_wconf 89' lang='lat' dir='ltr'><strong>contumeliis,</strong></span> <span class='ocrx_word' id='word_1_242' title='bbox 1017 1911 1072 1958; x_wconf 91' lang='lat' dir='ltr'><strong>et</strong></span> <span class='ocrx_word' id='word_1_243' title='bbox 1115 1901 1262 1957; x_wconf 88' lang='lat' dir='ltr'><strong>veris</strong></span> <span class='ocrx_word' id='word_1_244' title='bbox 1314 1900 1515 1956; x_wconf 88' lang='lat' dir='ltr'><strong>ictibus</strong></span> <span class='ocrx_word' id='word_1_245' title='bbox 1568 1899 1890 1956; x_wconf 89' lang='lat' dir='ltr'><strong>verberatus</strong></span> <span class='ocrx_word' id='word_1_246' title='bbox 1955 1906 2060 1954; x_wconf 92' lang='lat' dir='ltr'><strong>est.</strong></span> <span class='ocrx_word' id='word_1_247' title='bbox 2116 1895 2185 1951; x_wconf 84' lang='lat' dir='ltr'><strong>Et</strong></span> 
     </span>
    </p>
   </div>
   <div class='ocr_carea' id='block_1_36' title="bbox 583 1991 2184 2070">
    <p class='ocr_par' dir='ltr' id='par_1_36' title="bbox 583 1991 2184 2070">
     <span class='ocr_line' id='line_1_36' title="bbox 583 1991 2184 2070; baseline -0.003 -18"><span class='ocrx_word' id='word_1_248' title='bbox 583 1998 860 2070; x_wconf 79' lang='lat' dir='ltr'><strong>castigatio</strong></span> <span class='ocrx_word' id='word_1_249' title='bbox 884 2011 995 2051; x_wconf 89' lang='lat' dir='ltr'><strong>mea</strong></span> <span class='ocrx_word' id='word_1_250' title='bbox 1024 1996 1077 2050; x_wconf 91' lang='lat' dir='ltr'><strong>in</strong></span> <span class='ocrx_word' id='word_1_251' title='bbox 1109 1995 1383 2050; x_wconf 89' lang='lat' dir='ltr'><strong>matutino.</strong></span> <span class='ocrx_word' id='word_1_252' title='bbox 1417 1996 1442 2051; x_wconf 82' lang='lat' dir='ltr'><strong>.I</strong></span> <span class='ocrx_word' id='word_1_253' title='bbox 1454 1993 1585 2050; x_wconf 88' lang='lat' dir='ltr'><strong>udas</strong></span> <span class='ocrx_word' id='word_1_254' title='bbox 1612 1994 1800 2065; x_wconf 86' lang='lat' dir='ltr'><strong>utique</strong></span> <span class='ocrx_word' id='word_1_255' title='bbox 1830 1991 1966 2048; x_wconf 81' lang='lat' dir='ltr'><strong>dixit</strong></span> <span class='ocrx_word' id='word_1_256' title='bbox 1991 2009 2004 2045; x_wconf 92' lang='lat'><strong>:</strong></span> <span class='ocrx_word' id='word_1_257' title='bbox 2045 1991 2184 2060; x_wconf 83' lang='lat' dir='ltr'><strong>Quid</strong></span> 
     </span>
    </p>
   </div>
   <div class='ocr_carea' id='block_1_37' title="bbox 583 2085 2185 2159">
    <p class='ocr_par' dir='ltr' id='par_1_37' title="bbox 583 2085 2185 2159">
     <span class='ocr_line' id='line_1_37' title="bbox 583 2085 2185 2159; baseline -0.003 -13"><span class='ocrx_word' id='word_1_258' title='bbox 583 2090 752 2146; x_wconf 80' lang='lat' dir='ltr'><strong>vultis</strong></span> <span class='ocrx_word' id='word_1_259' title='bbox 800 2088 936 2146; x_wconf 87' lang='lat' dir='ltr'><strong>mihi</strong></span> <span class='ocrx_word' id='word_1_260' title='bbox 991 2088 1146 2159; x_wconf 89' lang='lat' dir='ltr'><strong>dare,</strong></span> <span class='ocrx_word' id='word_1_261' title='bbox 1205 2097 1263 2145; x_wconf 91' lang='lat' dir='ltr'><strong>et</strong></span> <span class='ocrx_word' id='word_1_262' title='bbox 1311 2102 1412 2158; x_wconf 95' lang='lat' dir='ltr'><strong>ego</strong></span> <span class='ocrx_word' id='word_1_263' title='bbox 1458 2085 1714 2144; x_wconf 90' lang='lat' dir='ltr'><strong>indicabo</strong></span> <span class='ocrx_word' id='word_1_264' title='bbox 1742 2103 1866 2142; x_wconf 89' lang='lat' dir='ltr'><strong>eum</strong></span> <span class='ocrx_word' id='word_1_265' title='bbox 1897 2087 2080 2154; x_wconf 81' lang='lat' dir='ltr'><strong>vobis,</strong></span> <span class='ocrx_word' id='word_1_266' title='bbox 2126 2094 2185 2141; x_wconf 91' lang='lat' dir='ltr'><strong>nt</strong></span> 
     </span>
    </p>
   </div>
   <div class='ocr_carea' id='block_1_38' title="bbox 585 2181 2182 2256">
    <p class='ocr_par' dir='ltr' id='par_1_38' title="bbox 585 2181 2182 2256">
     <span class='ocr_line' id='line_1_38' title="bbox 585 2181 2182 2256; baseline -0.003 -15"><span class='ocrx_word' id='word_1_267' title='bbox 585 2183 1032 2256; x_wconf 89' lang='lat' dir='ltr'><strong>apprehendatur</strong></span> <span class='ocrx_word' id='word_1_268' title='bbox 1088 2182 1268 2255; x_wconf 80' lang='lat' dir='ltr'><strong>(Matt.</strong></span> <span class='ocrx_word' id='word_1_269' title='bbox 1310 2182 1510 2254; x_wconf 79' lang='lat' dir='ltr'><strong>xxvr)?</strong></span> <span class='ocrx_word' id='word_1_270' title='bbox 1550 2182 1670 2254; x_wconf 89' lang='lat' dir='ltr'><strong>Ipse</strong></span> <span class='ocrx_word' id='word_1_271' title='bbox 1701 2190 1882 2238; x_wconf 91' lang='lat' dir='ltr'><strong>autem</strong></span> <span class='ocrx_word' id='word_1_272' title='bbox 1916 2181 1970 2236; x_wconf 91' lang='lat' dir='ltr'><strong>in</strong></span> <span class='ocrx_word' id='word_1_273' title='bbox 2000 2192 2182 2237; x_wconf 89' lang='lat' dir='ltr'><strong>matu-</strong></span> 
     </span>
    </p>
   </div>
   <div class='ocr_carea' id='block_1_39' title="bbox 586 2272 2182 2348">
    <p class='ocr_par' dir='ltr' id='par_1_39' title="bbox 586 2272 2182 2348">
     <span class='ocr_line' id='line_1_39' title="bbox 586 2272 2182 2348; baseline -0.003 -13"><span class='ocrx_word' id='word_1_274' title='bbox 586 2279 702 2335; x_wconf 91' lang='lat' dir='ltr'><strong>tino</strong></span> <span class='ocrx_word' id='word_1_275' title='bbox 734 2277 836 2334; x_wconf 92' lang='lat' dir='ltr'><strong>fuit</strong></span> <span class='ocrx_word' id='word_1_276' title='bbox 863 2276 1167 2348; x_wconf 89' lang='lat' dir='ltr'><strong>flagellatus</strong></span> <span class='ocrx_word' id='word_1_277' title='bbox 1193 2293 1207 2330; x_wconf 92' lang='lat'><strong>:</strong></span> <span class='ocrx_word' id='word_1_278' title='bbox 1239 2291 1360 2330; x_wconf 91' lang='lat' dir='ltr'><strong>cum</strong></span> <span class='ocrx_word' id='word_1_279' title='bbox 1394 2276 1642 2346; x_wconf 89' lang='lat' dir='ltr'><strong>sequenti</strong></span> <span class='ocrx_word' id='word_1_280' title='bbox 1675 2273 1762 2330; x_wconf 89' lang='lat' dir='ltr'><strong>die</strong></span> <span class='ocrx_word' id='word_1_281' title='bbox 1794 2273 1864 2330; x_wconf 91' lang='lat' dir='ltr'><strong>de</strong></span> <span class='ocrx_word' id='word_1_282' title='bbox 1891 2272 2182 2330; x_wconf 87' lang='lat' dir='ltr'><strong>traditione</strong></span> 
     </span>
    </p>
   </div>
   <div class='ocr_carea' id='block_1_40' title="bbox 584 2369 1769 2442">
    <p class='ocr_par' dir='ltr' id='par_1_40' title="bbox 584 2369 1769 2442">
     <span class='ocr_line' id='line_1_40' title="bbox 584 2369 1769 2442; baseline -0.007 -12"><span class='ocrx_word' id='word_1_283' title='bbox 584 2371 868 2430; x_wconf 90' lang='lat' dir='ltr'><strong>Dominica</strong></span> <span class='ocrx_word' id='word_1_284' title='bbox 887 2372 1044 2439; x_wconf 90' lang='lat' dir='ltr'><strong>abiit,</strong></span> <span class='ocrx_word' id='word_1_285' title='bbox 1073 2380 1129 2427; x_wconf 93' lang='lat' dir='ltr'><strong>et</strong></span> <span class='ocrx_word' id='word_1_286' title='bbox 1157 2371 1353 2442; x_wconf 92' lang='lat' dir='ltr'><strong>laqueo</strong></span> <span class='ocrx_word' id='word_1_287' title='bbox 1383 2386 1443 2427; x_wconf 91' lang='lat' dir='ltr'><strong>se</strong></span> <span class='ocrx_word' id='word_1_288' title='bbox 1467 2369 1769 2442; x_wconf 73' lang='lat' dir='ltr'><strong>suspendit.</strong></span> 
     </span>
    </p>
   </div>
   <div class='ocr_carea' id='block_1_41' title="bbox 658 2459 2179 2535">
    <p class='ocr_par' dir='ltr' id='par_1_41' title="bbox 658 2459 2179 2535">
     <span class='ocr_line' id='line_1_41' title="bbox 658 2459 2179 2535; baseline -0.003 -14"><span class='ocrx_word' id='word_1_289' title='bbox 658 2463 996 2522; x_wconf 85' lang='lat' dir='ltr'><strong>Sidicebam:</strong></span> <span class='ocrx_word' id='word_1_290' title='bbox 1013 2461 1255 2518; x_wconf 81' lang='lat' dir='ltr'><strong>Narrabo</strong></span> <span class='ocrx_word' id='word_1_291' title='bbox 1278 2463 1376 2530; x_wconf 88' lang='lat' dir='ltr'><strong>sic,</strong></span> <span class='ocrx_word' id='word_1_292' title='bbox 1399 2478 1514 2518; x_wconf 88' lang='lat' dir='ltr'><strong>ecce</strong></span> <span class='ocrx_word' id='word_1_293' title='bbox 1539 2461 1926 2535; x_wconf 87' lang='lat' dir='ltr'><strong>generationem</strong></span> <span class='ocrx_word' id='word_1_294' title='bbox 1945 2459 2179 2530; x_wconf 80' lang='lat' dir='ltr'><strong>ﬁliorum</strong></span> 
     </span>
    </p>
   </div>
   <div class='ocr_carea' id='block_1_42' title="bbox 581 2554 2178 2629">
    <p class='ocr_par' dir='ltr' id='par_1_42' title="bbox 581 2554 2178 2629">
     <span class='ocr_line' id='line_1_42' title="bbox 581 2554 2178 2629; baseline -0.003 -13"><span class='ocrx_word' id='word_1_295' title='bbox 581 2571 788 2616; x_wconf 87' lang='lat' dir='ltr'><strong>tuorum</strong></span> <span class='ocrx_word' id='word_1_296' title='bbox 817 2557 1189 2629; x_wconf 64' lang='lat' dir='ltr'><strong>praevaricatus</strong></span> <span class='ocrx_word' id='word_1_297' title='bbox 1231 2573 1366 2612; x_wconf 87' lang='lat' dir='ltr'><strong>sunt.</strong></span> <span class='ocrx_word' id='word_1_298' title='bbox 1396 2554 1544 2613; x_wconf 89' lang='lat' dir='ltr'><strong>Ordo</strong></span> <span class='ocrx_word' id='word_1_299' title='bbox 1582 2555 1858 2623; x_wconf 88' lang='lat' dir='ltr'><strong>lectionis,</strong></span> <span class='ocrx_word' id='word_1_300' title='bbox 1901 2566 1956 2611; x_wconf 93' lang='lat' dir='ltr'><strong>et</strong></span> <span class='ocrx_word' id='word_1_301' title='bbox 1984 2569 2178 2612; x_wconf 87' lang='lat' dir='ltr'><strong>sensus</strong></span> 
     </span>
    </p>
   </div>
   <div class='ocr_carea' id='block_1_43' title="bbox 582 2651 2178 2725">
    <p class='ocr_par' dir='ltr' id='par_1_43' title="bbox 582 2651 2178 2725">
     <span class='ocr_line' id='line_1_43' title="bbox 582 2651 2178 2725; baseline -0.004 -13"><span class='ocrx_word' id='word_1_302' title='bbox 582 2657 690 2712; x_wconf 92' lang='lat' dir='ltr'><strong>iste</strong></span> <span class='ocrx_word' id='word_1_303' title='bbox 716 2664 800 2712; x_wconf 91' lang='lat' dir='ltr'><strong>est</strong></span> <span class='ocrx_word' id='word_1_304' title='bbox 827 2672 841 2710; x_wconf 77' lang='grc' dir='ltr'>ε</span> <span class='ocrx_word' id='word_1_305' title='bbox 874 2654 1012 2710; x_wconf 89' lang='lat' dir='ltr'><strong>Dum</strong></span> <span class='ocrx_word' id='word_1_306' title='bbox 1045 2652 1161 2725; x_wconf 89' lang='lat' dir='ltr'><strong>ipse</strong></span> <span class='ocrx_word' id='word_1_307' title='bbox 1189 2668 1277 2709; x_wconf 91' lang='lat' dir='ltr'><strong>me</strong></span> <span class='ocrx_word' id='word_1_308' title='bbox 1299 2667 1504 2709; x_wconf 88' lang='lat' dir='ltr'><strong>accuso</strong></span> <span class='ocrx_word' id='word_1_309' title='bbox 1535 2652 1588 2707; x_wconf 93' lang='lat' dir='ltr'><strong>in</strong></span> <span class='ocrx_word' id='word_1_310' title='bbox 1617 2651 1959 2707; x_wconf 88' lang='lat' dir='ltr'><strong>orationibus</strong></span> <span class='ocrx_word' id='word_1_311' title='bbox 1999 2662 2178 2707; x_wconf 83' lang='lat' dir='ltr'><strong>matu-</strong></span> 
     </span>
    </p>
   </div>
   <div class='ocr_carea' id='block_1_44' title="bbox 580 2744 2178 2818">
    <p class='ocr_par' dir='ltr' id='par_1_44' title="bbox 580 2744 2178 2818">
     <span class='ocr_line' id='line_1_44' title="bbox 580 2744 2178 2818; baseline -0.003 -14"><span class='ocrx_word' id='word_1_312' title='bbox 580 2747 728 2816; x_wconf 88' lang='lat' dir='ltr'><strong>tinis,</strong></span> <span class='ocrx_word' id='word_1_313' title='bbox 764 2748 870 2804; x_wconf 89' lang='lat' dir='ltr'><strong>hoc</strong></span> <span class='ocrx_word' id='word_1_314' title='bbox 898 2747 1083 2818; x_wconf 87' lang='lat' dir='ltr'><strong>reperi</strong></span> <span class='ocrx_word' id='word_1_315' title='bbox 1115 2755 1175 2802; x_wconf 91' lang='lat' dir='ltr'><strong>ut</strong></span> <span class='ocrx_word' id='word_1_316' title='bbox 1200 2745 1438 2803; x_wconf 87' lang='lat' dir='ltr'><strong>dicerem</strong></span> <span class='ocrx_word' id='word_1_317' title='bbox 1465 2763 1479 2800; x_wconf 90' lang='lat'><strong>:</strong></span> <span class='ocrx_word' id='word_1_318' title='bbox 1512 2746 1622 2817; x_wconf 88' lang='lat' dir='ltr'><strong>Ego</strong></span> <span class='ocrx_word' id='word_1_319' title='bbox 1656 2747 1705 2800; x_wconf 90' lang='lat' dir='ltr'><strong>si</strong></span> <span class='ocrx_word' id='word_1_320' title='bbox 1727 2744 1806 2800; x_wconf 93' lang='lat' dir='ltr'><strong>sic</strong></span> <span class='ocrx_word' id='word_1_321' title='bbox 1836 2745 1988 2802; x_wconf 89' lang='lat' dir='ltr'><strong>fuero</strong></span> <span class='ocrx_word' id='word_1_322' title='bbox 2028 2745 2178 2801; x_wconf 90' lang='lat' dir='ltr'><strong>locu-</strong></span> 
     </span>
    </p>
   </div>
   <div class='ocr_carea' id='block_1_45' title="bbox 581 2837 2178 2912">
    <p class='ocr_par' dir='ltr' id='par_1_45' title="bbox 581 2837 2178 2912">
     <span class='ocr_line' id='line_1_45' title="bbox 581 2837 2178 2912; baseline -0.002 -17"><span class='ocrx_word' id='word_1_323' title='bbox 581 2849 668 2896; x_wconf 93' lang='lat' dir='ltr'><strong>tus</strong></span> <span class='ocrx_word' id='word_1_324' title='bbox 694 2855 710 2896; x_wconf 87' lang='lat'><strong>:</strong></span> <span class='ocrx_word' id='word_1_325' title='bbox 738 2854 841 2912; x_wconf 77' lang='lat' dir='ltr'><strong>ego</strong></span> <span class='ocrx_word' id='word_1_326' title='bbox 870 2839 917 2895; x_wconf 92' lang='lat' dir='ltr'><strong>si</strong></span> <span class='ocrx_word' id='word_1_327' title='bbox 943 2837 1172 2894; x_wconf 85' lang='lat' dir='ltr'><strong>voluero</strong></span> <span class='ocrx_word' id='word_1_328' title='bbox 1196 2837 1292 2894; x_wconf 90' lang='lat' dir='ltr'><strong>Dei</strong></span> <span class='ocrx_word' id='word_1_329' title='bbox 1337 2837 1550 2894; x_wconf 89' lang='lat' dir='ltr'><strong>occulta</strong></span> <span class='ocrx_word' id='word_1_330' title='bbox 1578 2837 1791 2906; x_wconf 90' lang='lat' dir='ltr'><strong>rimari,</strong></span> <span class='ocrx_word' id='word_1_331' title='bbox 1823 2837 2022 2908; x_wconf 88' lang='lat' dir='ltr'><strong>incipio</strong></span> <span class='ocrx_word' id='word_1_332' title='bbox 2054 2853 2084 2893; x_wconf 92' lang='lat' dir='ltr'><strong>a</strong></span> <span class='ocrx_word' id='word_1_333' title='bbox 2116 2837 2178 2892; x_wconf 88' lang='lat' dir='ltr'><strong>fl-</strong></span> 
     </span>
    </p>
   </div>
   <div class='ocr_carea' id='block_1_46' title="bbox 578 2929 2176 3002">
    <p class='ocr_par' dir='ltr' id='par_1_46' title="bbox 578 2929 2176 3002">
     <span class='ocr_line' id='line_1_46' title="bbox 578 2929 2176 3002; baseline -0.002 -13"><span class='ocrx_word' id='word_1_334' title='bbox 578 2931 668 2989; x_wconf 76' lang='lat' dir='ltr'><strong>liis</strong></span> <span class='ocrx_word' id='word_1_335' title='bbox 689 2931 796 2989; x_wconf 90' lang='lat' dir='ltr'><strong>tuis</strong></span> <span class='ocrx_word' id='word_1_336' title='bbox 822 2931 1036 2988; x_wconf 91' lang='lat' dir='ltr'><strong>alienus</strong></span> <span class='ocrx_word' id='word_1_337' title='bbox 1065 2929 1217 2987; x_wconf 87' lang='lat' dir='ltr'><strong>fieri:</strong></span> <span class='ocrx_word' id='word_1_338' title='bbox 1252 2930 1400 2987; x_wconf 87' lang='lat' dir='ltr'><strong>velut</strong></span> <span class='ocrx_word' id='word_1_339' title='bbox 1421 2945 1530 2988; x_wconf 94' lang='lat' dir='ltr'><strong>non</strong></span> <span class='ocrx_word' id='word_1_340' title='bbox 1551 2929 1884 3001; x_wconf 77' lang='lat' dir='ltr'><strong>iustificetur</strong></span> <span class='ocrx_word' id='word_1_341' title='bbox 1904 2931 2047 3002; x_wconf 90' lang='lat' dir='ltr'><strong>quis,</strong></span> <span class='ocrx_word' id='word_1_342' title='bbox 2079 2945 2176 2986; x_wconf 92' lang='lat' dir='ltr'><strong>ne-</strong></span> 
     </span>
    </p>
   </div>
   <div class='ocr_carea' id='block_1_47' title="bbox 575 3023 2174 3099">
    <p class='ocr_par' dir='ltr' id='par_1_47' title="bbox 575 3023 2174 3099">
     <span class='ocr_line' id='line_1_47' title="bbox 575 3023 2174 3099; baseline -0.002 -16"><span class='ocrx_word' id='word_1_343' title='bbox 575 3043 682 3099; x_wconf 92' lang='lat' dir='ltr'><strong>que</strong></span> <span class='ocrx_word' id='word_1_344' title='bbox 705 3027 911 3099; x_wconf 90' lang='lat' dir='ltr'><strong>justum</strong></span> <span class='ocrx_word' id='word_1_345' title='bbox 934 3025 1103 3082; x_wconf 83' lang='lat' dir='ltr'><strong>faciat</strong></span> <span class='ocrx_word' id='word_1_346' title='bbox 1129 3039 1289 3098; x_wconf 92' lang='lat' dir='ltr'><strong>opus.</strong></span> <span class='ocrx_word' id='word_1_347' title='bbox 1322 3023 1387 3080; x_wconf 85' lang='lat' dir='ltr'><strong>Hi</strong></span> <span class='ocrx_word' id='word_1_348' title='bbox 1418 3023 1510 3096; x_wconf 91' lang='lat' dir='ltr'><strong>qui</strong></span> <span class='ocrx_word' id='word_1_349' title='bbox 1539 3039 1628 3081; x_wconf 90' lang='lat' dir='ltr'><strong>me</strong></span> <span class='ocrx_word' id='word_1_350' title='bbox 1649 3024 1970 3096; x_wconf 67' lang='lat' dir='ltr'><strong>praedicant,</strong></span> <span class='ocrx_word' id='word_1_351' title='bbox 1994 3033 2048 3080; x_wconf 91' lang='lat' dir='ltr'><strong>et</strong></span> <span class='ocrx_word' id='word_1_352' title='bbox 2075 3039 2174 3096; x_wconf 90' lang='lat' dir='ltr'><strong>per</strong></span> 
     </span>
    </p>
   </div>
   <div class='ocr_carea' id='block_1_48' title="bbox 574 3117 2174 3191">
    <p class='ocr_par' dir='ltr' id='par_1_48' title="bbox 574 3117 2174 3191">
     <span class='ocr_line' id='line_1_48' title="bbox 574 3117 2174 3191; baseline -0.002 -13"><span class='ocrx_word' id='word_1_353' title='bbox 574 3135 664 3178; x_wconf 85' lang='lat' dir='ltr'><strong>tne</strong></span> <span class='ocrx_word' id='word_1_354' title='bbox 694 3121 768 3177; x_wconf 90' lang='lat' dir='ltr'><strong>tui</strong></span> <span class='ocrx_word' id='word_1_355' title='bbox 794 3119 981 3178; x_wconf 78' lang='lat' dir='ltr'><strong>effecti</strong></span> <span class='ocrx_word' id='word_1_356' title='bbox 1012 3127 1141 3176; x_wconf 90' lang='lat' dir='ltr'><strong>sunt</strong></span> <span class='ocrx_word' id='word_1_357' title='bbox 1171 3117 1287 3188; x_wconf 91' lang='lat' dir='ltr'><strong>filii,</strong></span> <span class='ocrx_word' id='word_1_358' title='bbox 1322 3119 1376 3176; x_wconf 91' lang='lat' dir='ltr'><strong>in</strong></span> <span class='ocrx_word' id='word_1_359' title='bbox 1401 3134 1487 3176; x_wconf 90' lang='lat' dir='ltr'><strong>me</strong></span> <span class='ocrx_word' id='word_1_360' title='bbox 1501 3128 1860 3191; x_wconf 88' lang='lat' dir='ltr'><strong>consurgunt.</strong></span> <span class='ocrx_word' id='word_1_361' title='bbox 1885 3117 2026 3174; x_wconf 88' lang='lat' dir='ltr'><strong>Iline</strong></span> <span class='ocrx_word' id='word_1_362' title='bbox 2048 3134 2174 3189; x_wconf 82' lang='lat' dir='ltr'><strong>pro-</strong></span> 
     </span>
    </p>
   </div>
   <div class='ocr_carea' id='block_1_49' title="bbox 573 3215 1021 3290">
    <p class='ocr_par' dir='ltr' id='par_1_49' title="bbox 573 3215 1021 3290">
     <span class='ocr_line' id='line_1_49' title="bbox 573 3215 1021 3290; baseline 0.002 -20"><span class='ocrx_word' id='word_1_363' title='bbox 573 3215 736 3290; x_wconf 89' lang='lat' dir='ltr'><strong>pheta</strong></span> <span class='ocrx_word' id='word_1_364' title='bbox 765 3216 1021 3288; x_wconf 83' lang='lat' dir='ltr'><strong>loquitur.</strong></span> 
     </span>
    </p>
   </div>
   <div class='ocr_carea' id='block_1_50' title="bbox 644 3307 2173 3382">
    <p class='ocr_par' dir='ltr' id='par_1_50' title="bbox 644 3307 2173 3382">
     <span class='ocr_line' id='line_1_50' title="bbox 644 3307 2173 3382; baseline 0 -18"><span class='ocrx_word' id='word_1_365' title='bbox 644 3309 1024 3366; x_wconf 71' lang='lat' dir='ltr'><strong>Existimabam</strong></span> <span class='ocrx_word' id='word_1_366' title='bbox 1067 3317 1122 3364; x_wconf 90' lang='lat' dir='ltr'><strong>ut</strong></span> <span class='ocrx_word' id='word_1_367' title='bbox 1167 3325 1550 3382; x_wconf 82' lang='lat' dir='ltr'><strong>cognoscerem,</strong></span> <span class='ocrx_word' id='word_1_368' title='bbox 1605 3312 1702 3364; x_wconf 86' lang='lat' dir='ltr'><strong>hoc</strong></span> <span class='ocrx_word' id='word_1_369' title='bbox 1748 3307 1898 3364; x_wconf 85' lang='lat' dir='ltr'><strong>labor</strong></span> <span class='ocrx_word' id='word_1_370' title='bbox 1925 3318 2002 3365; x_wconf 88' lang='lat' dir='ltr'><strong>est</strong></span> <span class='ocrx_word' id='word_1_371' title='bbox 2052 3317 2173 3364; x_wconf 88' lang='lat' dir='ltr'><strong>ante</strong></span> 
     </span>
    </p>
   </div>
   <div class='ocr_carea' id='block_1_51' title="bbox 573 3400 2173 3472">
    <p class='ocr_par' dir='ltr' id='par_1_51' title="bbox 573 3400 2173 3472">
     <span class='ocr_line' id='line_1_51' title="bbox 573 3400 2173 3472; baseline -0.002 -12"><span class='ocrx_word' id='word_1_372' title='bbox 573 3421 672 3460; x_wconf 87' lang='lat' dir='ltr'><strong>me.</strong></span> <span class='ocrx_word' id='word_1_373' title='bbox 709 3403 1088 3461; x_wconf 86' lang='lat' dir='ltr'><strong>Perscrutatus</strong></span> <span class='ocrx_word' id='word_1_374' title='bbox 1109 3417 1231 3459; x_wconf 88' lang='lat' dir='ltr'><strong>sum</strong></span> <span class='ocrx_word' id='word_1_375' title='bbox 1254 3411 1470 3472; x_wconf 90' lang='lat' dir='ltr'><strong>cuncta,</strong></span> <span class='ocrx_word' id='word_1_376' title='bbox 1497 3411 1553 3458; x_wconf 93' lang='lat' dir='ltr'><strong>et</strong></span> <span class='ocrx_word' id='word_1_377' title='bbox 1582 3402 1626 3458; x_wconf 91' lang='lat' dir='ltr'><strong>si</strong></span> <span class='ocrx_word' id='word_1_378' title='bbox 1648 3400 1954 3458; x_wconf 85' lang='lat' dir='ltr'><strong>laboriose:</strong></span> <span class='ocrx_word' id='word_1_379' title='bbox 1983 3402 2173 3458; x_wconf 85' lang='lat' dir='ltr'><strong>existi-</strong></span> 
     </span>
    </p>
   </div>
   <div class='ocr_carea' id='block_1_52' title="bbox 571 3495 2170 3568">
    <p class='ocr_par' dir='ltr' id='par_1_52' title="bbox 571 3495 2170 3568">
     <span class='ocr_line' id='line_1_52' title="bbox 571 3495 2170 3568; baseline -0.004 -12"><span class='ocrx_word' id='word_1_380' title='bbox 571 3499 714 3556; x_wconf 88' lang='lat' dir='ltr'><strong>mavi</strong></span> <span class='ocrx_word' id='word_1_381' title='bbox 745 3508 929 3555; x_wconf 91' lang='lat' dir='ltr'><strong>tamen</strong></span> <span class='ocrx_word' id='word_1_382' title='bbox 961 3512 1085 3552; x_wconf 91' lang='lat' dir='ltr'><strong>cum</strong></span> <span class='ocrx_word' id='word_1_383' title='bbox 1111 3495 1397 3568; x_wconf 86' lang='lat' dir='ltr'><strong>Apostolo.</strong></span> <span class='ocrx_word' id='word_1_384' title='bbox 1432 3497 1557 3567; x_wconf 90' lang='lat' dir='ltr'><strong>quia</strong></span> <span class='ocrx_word' id='word_1_385' title='bbox 1589 3512 1697 3551; x_wconf 85' lang='lat' dir='ltr'><strong>non</strong></span> <span class='ocrx_word' id='word_1_386' title='bbox 1729 3505 1855 3551; x_wconf 90' lang='lat' dir='ltr'><strong>sunt</strong></span> <span class='ocrx_word' id='word_1_387' title='bbox 1883 3496 2170 3566; x_wconf 75' lang='lat' dir='ltr'><strong>condigna:</strong></span> 
     </span>
    </p>
   </div>
   <div class='ocr_carea' id='block_1_53' title="bbox 573 3587 2169 3663">
    <p class='ocr_par' dir='ltr' id='par_1_53' title="bbox 573 3587 2169 3663">
     <span class='ocr_line' id='line_1_53' title="bbox 573 3587 2169 3663; baseline -0.002 -18"><span class='ocrx_word' id='word_1_388' title='bbox 573 3593 855 3663; x_wconf 85' lang='lat' dir='ltr'><strong>passiones</strong></span> <span class='ocrx_word' id='word_1_389' title='bbox 884 3590 1048 3661; x_wconf 85' lang='lat' dir='ltr'><strong>hujus</strong></span> <span class='ocrx_word' id='word_1_390' title='bbox 1096 3588 1364 3660; x_wconf 89' lang='lat' dir='ltr'><strong>temporis</strong></span> <span class='ocrx_word' id='word_1_391' title='bbox 1394 3588 1461 3644; x_wconf 90' lang='lat' dir='ltr'><strong>ad</strong></span> <span class='ocrx_word' id='word_1_392' title='bbox 1504 3589 1742 3644; x_wconf 89' lang='lat' dir='ltr'><strong>futuram</strong></span> <span class='ocrx_word' id='word_1_393' title='bbox 1784 3587 2015 3658; x_wconf 81' lang='lat' dir='ltr'><strong>gloriam</strong></span> <span class='ocrx_word' id='word_1_394' title='bbox 2046 3602 2169 3659; x_wconf 78' lang='lat' dir='ltr'><strong>qua:</strong></span> 
     </span>
    </p>
   </div>
   <div class='ocr_carea' id='block_1_54' title="bbox 571 3678 1610 3754">
    <p class='ocr_par' dir='ltr' id='par_1_54' title="bbox 571 3678 1610 3754">
     <span class='ocr_line' id='line_1_54' title="bbox 571 3678 1610 3754; baseline -0.007 -12"><span class='ocrx_word' id='word_1_395' title='bbox 571 3684 903 3742; x_wconf 87' lang='lat' dir='ltr'><strong>revelabitur</strong></span> <span class='ocrx_word' id='word_1_396' title='bbox 933 3683 986 3739; x_wconf 92' lang='lat' dir='ltr'><strong>in</strong></span> <span class='ocrx_word' id='word_1_397' title='bbox 1017 3680 1226 3738; x_wconf 91' lang='lat' dir='ltr'><strong>sanctis</strong></span> <span class='ocrx_word' id='word_1_398' title='bbox 1255 3679 1437 3754; x_wconf 84' lang='lat' dir='ltr'><strong>(Rom.</strong></span> <span class='ocrx_word' id='word_1_399' title='bbox 1469 3678 1610 3752; x_wconf 80' lang='lat' dir='ltr'><strong>vni).</strong></span> 
     </span>
    </p>
   </div>
   <div class='ocr_carea' id='block_1_55' title="bbox 641 3771 2166 3846">
    <p class='ocr_par' dir='ltr' id='par_1_55' title="bbox 641 3771 2166 3846">
     <span class='ocr_line' id='line_1_55' title="bbox 641 3771 2166 3846; baseline -0.003 -14"><span class='ocrx_word' id='word_1_400' title='bbox 641 3776 823 3834; x_wconf 88' lang='lat' dir='ltr'><strong>Donec</strong></span> <span class='ocrx_word' id='word_1_401' title='bbox 846 3777 1033 3832; x_wconf 84' lang='lat' dir='ltr'><strong>intrent</strong></span> <span class='ocrx_word' id='word_1_402' title='bbox 1058 3775 1114 3830; x_wconf 90' lang='lat' dir='ltr'><strong>in</strong></span> <span class='ocrx_word' id='word_1_403' title='bbox 1139 3774 1503 3831; x_wconf 87' lang='lat' dir='ltr'><strong>sanctuarium</strong></span> <span class='ocrx_word' id='word_1_404' title='bbox 1551 3771 1669 3840; x_wconf 89' lang='lat' dir='ltr'><strong>Dei,</strong></span> <span class='ocrx_word' id='word_1_405' title='bbox 1709 3782 1759 3829; x_wconf 91' lang='lat' dir='ltr'><strong>et</strong></span> <span class='ocrx_word' id='word_1_406' title='bbox 1796 3773 2081 3846; x_wconf 84' lang='lat' dir='ltr'><strong>intelligant</strong></span> <span class='ocrx_word' id='word_1_407' title='bbox 2111 3775 2166 3828; x_wconf 90' lang='lat' dir='ltr'><strong>in</strong></span> 
     </span>
    </p>
   </div>
   <div class='ocr_carea' id='block_1_56' title="bbox 570 3867 2164 3928">
    <p class='ocr_par' dir='ltr' id='par_1_56' title="bbox 570 3867 2164 3928">
     <span class='ocr_line' id='line_1_56' title="bbox 570 3867 2164 3928; baseline -0.003 -2"><span class='ocrx_word' id='word_1_408' title='bbox 570 3873 864 3928; x_wconf 79' lang='lat' dir='ltr'><strong>novissimis</strong></span> <span class='ocrx_word' id='word_1_409' title='bbox 883 3887 1080 3927; x_wconf 87' lang='lat' dir='ltr'><strong>eorum.</strong></span> <span class='ocrx_word' id='word_1_410' title='bbox 1119 3867 1372 3926; x_wconf 90' lang='lat' dir='ltr'><strong>Intellexi</strong></span> <span class='ocrx_word' id='word_1_411' title='bbox 1398 3867 1562 3923; x_wconf 86' lang='lat' dir='ltr'><strong>etiam</strong></span> <span class='ocrx_word' id='word_1_412' title='bbox 1593 3867 1663 3924; x_wconf 91' lang='lat' dir='ltr'><strong>de</strong></span> <span class='ocrx_word' id='word_1_413' title='bbox 1701 3867 1786 3924; x_wconf 91' lang='lat' dir='ltr'><strong>his</strong></span> <span class='ocrx_word' id='word_1_414' title='bbox 1823 3867 2028 3924; x_wconf 90' lang='lat' dir='ltr'><strong>sanctis</strong></span> <span class='ocrx_word' id='word_1_415' title='bbox 2084 3867 2164 3921; x_wconf 93' lang='lat' dir='ltr'><strong>in-</strong></span> 
     </span>
    </p>
   </div>
   <div class='ocr_carea' id='block_1_57' title="bbox 567 3963 2160 4037">
    <p class='ocr_par' dir='ltr' id='par_1_57' title="bbox 567 3963 2160 4037">
     <span class='ocr_line' id='line_1_57' title="bbox 567 3963 2160 4037; baseline -0.004 -15"><span class='ocrx_word' id='word_1_416' title='bbox 567 3965 826 4037; x_wconf 86' lang='lat' dir='ltr'><strong>grediens</strong></span> <span class='ocrx_word' id='word_1_417' title='bbox 846 3975 1030 4022; x_wconf 91' lang='lat' dir='ltr'><strong>mente</strong></span> <span class='ocrx_word' id='word_1_418' title='bbox 1047 3965 1102 4021; x_wconf 92' lang='lat' dir='ltr'><strong>in</strong></span> <span class='ocrx_word' id='word_1_419' title='bbox 1125 3979 1316 4021; x_wconf 90' lang='lat' dir='ltr'><strong>eorum</strong></span> <span class='ocrx_word' id='word_1_420' title='bbox 1339 3973 1538 4021; x_wconf 72' lang='lat' dir='ltr'><strong>coetum</strong></span> <span class='ocrx_word' id='word_1_421' title='bbox 1567 3982 1578 4018; x_wconf 93' lang='lat'>:</span> <span class='ocrx_word' id='word_1_422' title='bbox 1604 3964 1729 4035; x_wconf 90' lang='lat' dir='ltr'><strong>quia</strong></span> <span class='ocrx_word' id='word_1_423' title='bbox 1756 3973 1811 4020; x_wconf 92' lang='lat' dir='ltr'><strong>et</strong></span> <span class='ocrx_word' id='word_1_424' title='bbox 1840 3963 1886 4019; x_wconf 90' lang='lat' dir='ltr'><strong>si</strong></span> <span class='ocrx_word' id='word_1_425' title='bbox 1909 3963 1962 4020; x_wconf 92' lang='lat' dir='ltr'><strong>in</strong></span> <span class='ocrx_word' id='word_1_426' title='bbox 1991 3964 2160 4032; x_wconf 87' lang='lat' dir='ltr'><strong>prima</strong></span> 
     </span>
    </p>
   </div>
   <div class='ocr_carea' id='block_1_58' title="bbox 568 4058 2162 4132">
    <p class='ocr_par' dir='ltr' id='par_1_58' title="bbox 568 4058 2162 4132">
     <span class='ocr_line' id='line_1_58' title="bbox 568 4058 2162 4132; baseline -0.003 -17"><span class='ocrx_word' id='word_1_427' title='bbox 568 4062 674 4116; x_wconf 85' lang='lat' dir='ltr'><strong>vita</strong></span> <span class='ocrx_word' id='word_1_428' title='bbox 695 4061 748 4116; x_wconf 92' lang='lat' dir='ltr'><strong>in</strong></span> <span class='ocrx_word' id='word_1_429' title='bbox 781 4060 967 4132; x_wconf 88' lang='lat' dir='ltr'><strong>paucis</strong></span> <span class='ocrx_word' id='word_1_430' title='bbox 989 4062 1190 4126; x_wconf 80' lang='lat' dir='ltr'><strong>vexati,</strong></span> <span class='ocrx_word' id='word_1_431' title='bbox 1221 4059 1279 4115; x_wconf 90' lang='lat' dir='ltr'><strong>in</strong></span> <span class='ocrx_word' id='word_1_432' title='bbox 1292 4059 1590 4116; x_wconf 86' lang='lat' dir='ltr'><strong>novissima</strong></span> <span class='ocrx_word' id='word_1_433' title='bbox 1615 4067 1794 4116; x_wconf 90' lang='lat' dir='ltr'><strong>tamen</strong></span> <span class='ocrx_word' id='word_1_434' title='bbox 1821 4060 1958 4115; x_wconf 89' lang='lat' dir='ltr'><strong>bene</strong></span> <span class='ocrx_word' id='word_1_435' title='bbox 1980 4058 2162 4128; x_wconf 84' lang='lat' dir='ltr'><strong>dispu-</strong></span> 
     </span>
    </p>
   </div>
   <div class='ocr_carea' id='block_1_59' title="bbox 565 4151 2159 4224">
    <p class='ocr_par' dir='ltr' id='par_1_59' title="bbox 565 4151 2159 4224">
     <span class='ocr_line' id='line_1_59' title="bbox 565 4151 2159 4224; baseline -0.003 -11"><span class='ocrx_word' id='word_1_436' title='bbox 565 4165 762 4213; x_wconf 90' lang='lat' dir='ltr'><strong>nentur</strong></span> <span class='ocrx_word' id='word_1_437' title='bbox 788 4154 841 4210; x_wconf 90' lang='lat' dir='ltr'><strong>in</strong></span> <span class='ocrx_word' id='word_1_438' title='bbox 873 4154 1077 4210; x_wconf 90' lang='lat' dir='ltr'><strong>multis.</strong></span> <span class='ocrx_word' id='word_1_439' title='bbox 1098 4153 1236 4210; x_wconf 83' lang='lat' dir='ltr'><strong>Hinc</strong></span> <span class='ocrx_word' id='word_1_440' title='bbox 1259 4153 1328 4209; x_wconf 89' lang='lat' dir='ltr'><strong>ad</strong></span> <span class='ocrx_word' id='word_1_441' title='bbox 1356 4153 1480 4210; x_wconf 90' lang='lat' dir='ltr'><strong>illos</strong></span> <span class='ocrx_word' id='word_1_442' title='bbox 1496 4154 1586 4224; x_wconf 91' lang='lat' dir='ltr'><strong>qui</strong></span> <span class='ocrx_word' id='word_1_443' title='bbox 1609 4153 1663 4209; x_wconf 93' lang='lat' dir='ltr'><strong>in</strong></span> <span class='ocrx_word' id='word_1_444' title='bbox 1690 4152 2003 4210; x_wconf 89' lang='lat' dir='ltr'><strong>divitiarum</strong></span> <span class='ocrx_word' id='word_1_445' title='bbox 2031 4151 2159 4208; x_wconf 91' lang='lat' dir='ltr'><strong>dolo</strong></span> 
     </span>
    </p>
   </div>
   <div class='ocr_carea' id='block_1_60' title="bbox 561 4249 1475 4318">
    <p class='ocr_par' dir='ltr' id='par_1_60' title="bbox 561 4249 1475 4318">
     <span class='ocr_line' id='line_1_60' title="bbox 561 4249 1475 4318; baseline -0.007 -8"><span class='ocrx_word' id='word_1_446' title='bbox 561 4249 934 4318; x_wconf 87' lang='lat' dir='ltr'><strong>c0nfldebant,</strong></span> <span class='ocrx_word' id='word_1_447' title='bbox 967 4249 1132 4306; x_wconf 85' lang='lat' dir='ltr'><strong>verba</strong></span> <span class='ocrx_word' id='word_1_448' title='bbox 1163 4257 1475 4305; x_wconf 91' lang='lat' dir='ltr'><strong>vertuntur.</strong></span> 
     </span>
    </p>
   </div>
   <div class='ocr_carea' id='block_1_61' title="bbox 642 4340 2156 4415">
    <p class='ocr_par' dir='ltr' id='par_1_61' title="bbox 642 4340 2156 4415">
     <span class='ocr_line' id='line_1_61' title="bbox 642 4340 2156 4415; baseline 0.001 -19"><span class='ocrx_word' id='word_1_449' title='bbox 642 4342 1007 4399; x_wconf 81' lang='lat' dir='ltr'><strong>Verumtamen</strong></span> <span class='ocrx_word' id='word_1_450' title='bbox 1025 4350 1234 4415; x_wconf 85' lang='lat' dir='ltr'><strong>propter</strong></span> <span class='ocrx_word' id='word_1_451' title='bbox 1263 4341 1410 4396; x_wconf 88' lang='lat' dir='ltr'><strong>dolos</strong></span> <span class='ocrx_word' id='word_1_452' title='bbox 1439 4341 1658 4413; x_wconf 84' lang='lat' dir='ltr'><strong>posuisti</strong></span> <span class='ocrx_word' id='word_1_453' title='bbox 1688 4358 1793 4398; x_wconf 89' lang='lat' dir='ltr'><strong>eos.</strong></span> <span class='ocrx_word' id='word_1_454' title='bbox 1819 4340 1956 4410; x_wconf 86' lang='lat' dir='ltr'><strong>Quia</strong></span> <span class='ocrx_word' id='word_1_455' title='bbox 1986 4340 2156 4397; x_wconf 86' lang='lat' dir='ltr'><strong>tribu-</strong></span> 
     </span>
    </p>
   </div>
   <div class='ocr_carea' id='block_1_62' title="bbox 562 4433 2154 4510">
    <p class='ocr_par' dir='ltr' id='par_1_62' title="bbox 562 4433 2154 4510">
     <span class='ocr_line' id='line_1_62' title="bbox 562 4433 2154 4510; baseline -0.003 -16"><span class='ocrx_word' id='word_1_456' title='bbox 562 4437 813 4494; x_wconf 88' lang='lat' dir='ltr'><strong>laverunt</strong></span> <span class='ocrx_word' id='word_1_457' title='bbox 843 4435 1042 4506; x_wconf 90' lang='lat' dir='ltr'><strong>iniquis</strong></span> <span class='ocrx_word' id='word_1_458' title='bbox 1069 4433 1349 4491; x_wconf 89' lang='lat' dir='ltr'><strong>fraudibus</strong></span> <span class='ocrx_word' id='word_1_459' title='bbox 1372 4435 1580 4507; x_wconf 90' lang='lat' dir='ltr'><strong>justos.</strong></span> <span class='ocrx_word' id='word_1_460' title='bbox 1615 4433 1868 4510; x_wconf 86' lang='lat' dir='ltr'><strong>Dejecisti</strong></span> <span class='ocrx_word' id='word_1_461' title='bbox 1910 4452 1994 4492; x_wconf 89' lang='lat' dir='ltr'><strong>eos</strong></span> <span class='ocrx_word' id='word_1_462' title='bbox 2029 4435 2154 4490; x_wconf 89' lang='lat' dir='ltr'><strong>dum</strong></span> 
     </span>
    </p>
   </div>
   <div class='ocr_carea' id='block_1_63' title="bbox 556 4528 2079 4602">
    <p class='ocr_par' dir='ltr' id='par_1_63' title="bbox 556 4528 2079 4602">
     <span class='ocr_line' id='line_1_63' title="bbox 556 4528 2079 4602; baseline -0.003 -14"><span class='ocrx_word' id='word_1_463' title='bbox 556 4531 944 4588; x_wconf 79' lang='lat' dir='ltr'><strong>nlleuiaverunt.</strong></span> <span class='ocrx_word' id='word_1_464' title='bbox 976 4530 1033 4586; x_wconf 90' lang='lat' dir='ltr'><strong>In</strong></span> <span class='ocrx_word' id='word_1_465' title='bbox 1065 4528 1269 4586; x_wconf 84' lang='lat' dir='ltr'><strong>divitiis</strong></span> <span class='ocrx_word' id='word_1_466' title='bbox 1291 4528 1533 4586; x_wconf 89' lang='lat' dir='ltr'><strong>alleviati</strong></span> <span class='ocrx_word' id='word_1_467' title='bbox 1562 4544 1593 4584; x_wconf 92' lang='lat' dir='ltr'><strong>a</strong></span> <span class='ocrx_word' id='word_1_468' title='bbox 1627 4536 1681 4585; x_wconf 86' lang='lat' dir='ltr'><strong>te</strong></span> <span class='ocrx_word' id='word_1_469' title='bbox 1705 4537 1835 4586; x_wconf 92' lang='lat' dir='ltr'><strong>sunt</strong></span> <span class='ocrx_word' id='word_1_470' title='bbox 1857 4528 2079 4602; x_wconf 89' lang='lat' dir='ltr'><strong>dejecti.</strong></span> 
     </span>
    </p>
   </div>
   <div class='ocr_carea' id='block_1_64' title="bbox 2365 1897 3897 1980">
    <p class='ocr_par' dir='ltr' id='par_1_64' title="bbox 2365 1897 3897 1980">
     <span class='ocr_line' id='line_1_64' title="bbox 2365 1897 3897 1980; baseline 0.006 -30"><span class='ocrx_word' id='word_1_471' title='bbox 2365 1897 2508 1965; x_wconf 86' lang='lat' dir='ltr'><strong>Quid</strong></span> <span class='ocrx_word' id='word_1_472' title='bbox 2535 1900 2669 1953; x_wconf 87' lang='lat' dir='ltr'><strong>enim</strong></span> <span class='ocrx_word' id='word_1_473' title='bbox 2698 1898 2826 1954; x_wconf 88' lang='lat' dir='ltr'><strong>mihi</strong></span> <span class='ocrx_word' id='word_1_474' title='bbox 2844 1910 2920 1956; x_wconf 86' lang='lat' dir='ltr'><strong>est</strong></span> <span class='ocrx_word' id='word_1_475' title='bbox 2947 1902 3000 1955; x_wconf 90' lang='lat' dir='ltr'><strong>in</strong></span> <span class='ocrx_word' id='word_1_476' title='bbox 3023 1901 3172 1967; x_wconf 72' lang='lat' dir='ltr'><strong>cmlo,</strong></span> <span class='ocrx_word' id='word_1_477' title='bbox 3199 1912 3246 1957; x_wconf 89' lang='lat' dir='ltr'><strong>et</strong></span> <span class='ocrx_word' id='word_1_478' title='bbox 3277 1914 3378 1958; x_wconf 92' lang='lat' dir='ltr'><strong>ate</strong></span> <span class='ocrx_word' id='word_1_479' title='bbox 3399 1905 3528 1976; x_wconf 85' lang='lat' dir='ltr'><strong>quid</strong></span> <span class='ocrx_word' id='word_1_480' title='bbox 3553 1907 3713 1962; x_wconf 82' lang='lat' dir='ltr'><strong>volui</strong></span> <span class='ocrx_word' id='word_1_481' title='bbox 3749 1924 3897 1980; x_wconf 80' lang='lat' dir='ltr'><strong>super</strong></span> 
     </span>
    </p>
   </div>
   <div class='ocr_carea' id='block_1_65' title="bbox 2287 1992 3893 2072">
    <p class='ocr_par' dir='ltr' id='par_1_65' title="bbox 2287 1992 3893 2072">
     <span class='ocr_line' id='line_1_65' title="bbox 2287 1992 3893 2072; baseline 0.007 -26"><span class='ocrx_word' id='word_1_482' title='bbox 2287 1994 2516 2049; x_wconf 81' lang='lat' dir='ltr'><strong>terram?</strong></span> <span class='ocrx_word' id='word_1_483' title='bbox 2543 1992 2678 2050; x_wconf 88' lang='lat' dir='ltr'><strong>Cum</strong></span> <span class='ocrx_word' id='word_1_484' title='bbox 2709 1995 2956 2065; x_wconf 88' lang='lat' dir='ltr'><strong>emphasi</strong></span> <span class='ocrx_word' id='word_1_485' title='bbox 2982 1998 3296 2068; x_wconf 85' lang='lat' dir='ltr'><strong>legendum,</strong></span> <span class='ocrx_word' id='word_1_486' title='bbox 3337 2009 3446 2054; x_wconf 88' lang='lat' dir='ltr'><strong>tam</strong></span> <span class='ocrx_word' id='word_1_487' title='bbox 3476 2003 3716 2072; x_wconf 86' lang='lat' dir='ltr'><strong>grandia</strong></span> <span class='ocrx_word' id='word_1_488' title='bbox 3772 2004 3893 2058; x_wconf 88' lang='lat' dir='ltr'><strong>mihi</strong></span> 
     </span>
    </p>
   </div>
   <div class='ocr_carea' id='block_1_66' title="bbox 2287 2087 3892 2170">
    <p class='ocr_par' dir='ltr' id='par_1_66' title="bbox 2287 2087 3892 2170">
     <span class='ocr_line' id='line_1_66' title="bbox 2287 2087 3892 2170; baseline 0.008 -28"><span class='ocrx_word' id='word_1_489' title='bbox 2287 2087 2340 2143; x_wconf 93' lang='lat' dir='ltr'><strong>in</strong></span> <span class='ocrx_word' id='word_1_490' title='bbox 2369 2089 2526 2144; x_wconf 73' lang='lat' dir='ltr'><strong>caelis</strong></span> <span class='ocrx_word' id='word_1_491' title='bbox 2550 2092 2890 2160; x_wconf 73' lang='lat' dir='ltr'><strong>praeparasu,</strong></span> <span class='ocrx_word' id='word_1_492' title='bbox 2919 2102 2976 2147; x_wconf 91' lang='lat' dir='ltr'><strong>et</strong></span> <span class='ocrx_word' id='word_1_493' title='bbox 2997 2108 3098 2164; x_wconf 84' lang='lat' dir='ltr'><strong>ego</strong></span> <span class='ocrx_word' id='word_1_494' title='bbox 3122 2093 3311 2149; x_wconf 90' lang='lat' dir='ltr'><strong>infelix</strong></span> <span class='ocrx_word' id='word_1_495' title='bbox 3336 2095 3388 2150; x_wconf 95' lang='lat' dir='ltr'><strong>in</strong></span> <span class='ocrx_word' id='word_1_496' title='bbox 3409 2098 3575 2153; x_wconf 91' lang='lat' dir='ltr'><strong>terris</strong></span> <span class='ocrx_word' id='word_1_497' title='bbox 3594 2113 3626 2152; x_wconf 91' lang='lat' dir='ltr'><strong>a</strong></span> <span class='ocrx_word' id='word_1_498' title='bbox 3662 2109 3718 2156; x_wconf 88' lang='lat' dir='ltr'><strong>te</strong></span> <span class='ocrx_word' id='word_1_499' title='bbox 3739 2115 3892 2170; x_wconf 80' lang='lat' dir='ltr'><strong>parva</strong></span> 
     </span>
    </p>
   </div>
   <div class='ocr_carea' id='block_1_67' title="bbox 2284 2181 3890 2260">
    <p class='ocr_par' dir='ltr' id='par_1_67' title="bbox 2284 2181 3890 2260">
     <span class='ocr_line' id='line_1_67' title="bbox 2284 2181 3890 2260; baseline 0.006 -24"><span class='ocrx_word' id='word_1_500' title='bbox 2284 2181 2637 2251; x_wconf 84' lang='lat' dir='ltr'><strong>quaerebam?</strong></span> <span class='ocrx_word' id='word_1_501' title='bbox 2666 2183 2845 2239; x_wconf 84' lang='lat' dir='ltr'><strong>Aliter</strong></span> <span class='ocrx_word' id='word_1_502' title='bbox 2877 2203 2888 2237; x_wconf 92' lang='lat'>:</span> <span class='ocrx_word' id='word_1_503' title='bbox 2923 2183 3113 2255; x_wconf 88' lang='lat' dir='ltr'><strong>Neque</strong></span> <span class='ocrx_word' id='word_1_504' title='bbox 3143 2185 3195 2242; x_wconf 92' lang='lat' dir='ltr'><strong>in</strong></span> <span class='ocrx_word' id='word_1_505' title='bbox 3217 2187 3380 2254; x_wconf 65' lang='lat' dir='ltr'><strong>cosio,</strong></span> <span class='ocrx_word' id='word_1_506' title='bbox 3414 2205 3590 2260; x_wconf 90' lang='lat' dir='ltr'><strong>neque</strong></span> <span class='ocrx_word' id='word_1_507' title='bbox 3643 2192 3702 2247; x_wconf 88' lang='lat' dir='ltr'><strong>in</strong></span> <span class='ocrx_word' id='word_1_508' title='bbox 3755 2203 3890 2249; x_wconf 83' lang='lat' dir='ltr'><strong>terra</strong></span> 
     </span>
    </p>
   </div>
   <div class='ocr_carea' id='block_1_68' title="bbox 2283 2275 3892 2356">
    <p class='ocr_par' dir='ltr' id='par_1_68' title="bbox 2283 2275 3892 2356">
     <span class='ocr_line' id='line_1_68' title="bbox 2283 2275 3892 2356; baseline 0.008 -26"><span class='ocrx_word' id='word_1_509' title='bbox 2283 2275 2448 2330; x_wconf 91' lang='lat' dir='ltr'><strong>alium</strong></span> <span class='ocrx_word' id='word_1_510' title='bbox 2483 2287 2685 2347; x_wconf 59' lang='lat' dir='ltr'><strong>praeter</strong></span> <span class='ocrx_word' id='word_1_511' title='bbox 2715 2287 2766 2334; x_wconf 90' lang='lat' dir='ltr'><strong>te</strong></span> <span class='ocrx_word' id='word_1_512' title='bbox 2788 2279 3037 2350; x_wconf 48' lang='lat' dir='ltr'><strong>quarsivi.</strong></span> <span class='ocrx_word' id='word_1_513' title='bbox 3061 2281 3108 2336; x_wconf 83' lang='lat' dir='ltr'><strong>A</strong></span> <span class='ocrx_word' id='word_1_514' title='bbox 3140 2291 3191 2338; x_wconf 92' lang='lat' dir='ltr'><strong>te</strong></span> <span class='ocrx_word' id='word_1_515' title='bbox 3214 2281 3357 2338; x_wconf 92' lang='lat' dir='ltr'><strong>enim</strong></span> <span class='ocrx_word' id='word_1_516' title='bbox 3385 2283 3607 2356; x_wconf 88' lang='lat' dir='ltr'><strong>impleta</strong></span> <span class='ocrx_word' id='word_1_517' title='bbox 3657 2297 3749 2343; x_wconf 89' lang='lat' dir='ltr'><strong>est</strong></span> <span class='ocrx_word' id='word_1_518' title='bbox 3805 2304 3892 2343; x_wconf 82' lang='lat' dir='ltr'><strong>vo-</strong></span> 
     </span>
    </p>
   </div>
   <div class='ocr_carea' id='block_1_69' title="bbox 2284 2370 3886 2448">
    <p class='ocr_par' dir='ltr' id='par_1_69' title="bbox 2284 2370 3886 2448">
     <span class='ocr_line' id='line_1_69' title="bbox 2284 2370 3886 2448; baseline 0.006 -23"><span class='ocrx_word' id='word_1_519' title='bbox 2284 2371 2465 2426; x_wconf 87' lang='lat' dir='ltr'><strong>luntas</strong></span> <span class='ocrx_word' id='word_1_520' title='bbox 2486 2387 2626 2439; x_wconf 88' lang='lat' dir='ltr'><strong>mea,</strong></span> <span class='ocrx_word' id='word_1_521' title='bbox 2659 2381 2716 2428; x_wconf 93' lang='lat' dir='ltr'><strong>ut</strong></span> <span class='ocrx_word' id='word_1_522' title='bbox 2739 2370 2868 2426; x_wconf 91' lang='lat' dir='ltr'><strong>mihi</strong></span> <span class='ocrx_word' id='word_1_523' title='bbox 2901 2372 3150 2430; x_wconf 84' lang='lat' dir='ltr'><strong>flectatur</strong></span> <span class='ocrx_word' id='word_1_524' title='bbox 3167 2390 3332 2432; x_wconf 91' lang='lat' dir='ltr'><strong>omne</strong></span> <span class='ocrx_word' id='word_1_525' title='bbox 3357 2391 3519 2448; x_wconf 86' lang='lat' dir='ltr'><strong>genu,</strong></span> <span class='ocrx_word' id='word_1_526' title='bbox 3555 2381 3886 2447; x_wconf 62' lang='lat' dir='ltr'><strong>caelestium,</strong></span> 
     </span>
    </p>
   </div>
   <div class='ocr_carea' id='block_1_70' title="bbox 2285 2465 3888 2536">
    <p class='ocr_par' dir='ltr' id='par_1_70' title="bbox 2285 2465 3888 2536">
     <span class='ocr_line' id='line_1_70' title="bbox 2285 2465 3888 2536; baseline 0.007 -16"><span class='ocrx_word' id='word_1_527' title='bbox 2285 2465 2651 2536; x_wconf 91' lang='lat' dir='ltr'><strong>terrestrium,</strong></span> <span class='ocrx_word' id='word_1_528' title='bbox 2694 2476 2749 2524; x_wconf 92' lang='lat' dir='ltr'><strong>et</strong></span> <span class='ocrx_word' id='word_1_529' title='bbox 2796 2467 3160 2526; x_wconf 89' lang='lat' dir='ltr'><strong>infernorum.</strong></span> <span class='ocrx_word' id='word_1_530' title='bbox 3203 2469 3320 2526; x_wconf 77' lang='lat' dir='ltr'><strong>Vox</strong></span> <span class='ocrx_word' id='word_1_531' title='bbox 3351 2471 3596 2529; x_wconf 88' lang='lat' dir='ltr'><strong>succedit</strong></span> <span class='ocrx_word' id='word_1_532' title='bbox 3628 2473 3888 2531; x_wconf 71' lang='lat' dir='ltr'><strong>Ecclesia:</strong></span> 
     </span>
    </p>
   </div>
   <div class='ocr_carea' id='block_1_71' title="bbox 2281 2560 2558 2618">
    <p class='ocr_par' dir='ltr' id='par_1_71' title="bbox 2281 2560 2558 2618">
     <span class='ocr_line' id='line_1_71' title="bbox 2281 2560 2558 2618; baseline -0.004 -2"><span class='ocrx_word' id='word_1_533' title='bbox 2281 2560 2518 2618; x_wconf 88' lang='lat' dir='ltr'><strong>dicentis</strong></span> <span class='ocrx_word' id='word_1_534' title='bbox 2542 2578 2558 2615; x_wconf 89' lang='lat'><strong>:</strong></span> 
     </span>
    </p>
   </div>
   <div class='ocr_carea' id='block_1_72' title="bbox 2352 2651 3882 2730">
    <p class='ocr_par' dir='ltr' id='par_1_72' title="bbox 2352 2651 3882 2730">
     <span class='ocr_line' id='line_1_72' title="bbox 2352 2651 3882 2730; baseline 0.007 -25"><span class='ocrx_word' id='word_1_535' title='bbox 2352 2651 2553 2726; x_wconf 80' lang='lat' dir='ltr'><strong>Defeci!</strong></span> <span class='ocrx_word' id='word_1_536' title='bbox 2575 2671 2664 2710; x_wconf 89' lang='lat' dir='ltr'><strong>cor</strong></span> <span class='ocrx_word' id='word_1_537' title='bbox 2687 2671 2876 2723; x_wconf 88' lang='lat' dir='ltr'><strong>meum,</strong></span> <span class='ocrx_word' id='word_1_538' title='bbox 2907 2665 2957 2712; x_wconf 89' lang='lat' dir='ltr'><strong>et</strong></span> <span class='ocrx_word' id='word_1_539' title='bbox 2976 2673 3098 2713; x_wconf 90' lang='lat' dir='ltr'><strong>caro</strong></span> <span class='ocrx_word' id='word_1_540' title='bbox 3121 2674 3268 2712; x_wconf 90' lang='lat' dir='ltr'><strong>mea:</strong></span> <span class='ocrx_word' id='word_1_541' title='bbox 3293 2657 3434 2715; x_wconf 87' lang='lat' dir='ltr'><strong>Deus</strong></span> <span class='ocrx_word' id='word_1_542' title='bbox 3456 2661 3634 2718; x_wconf 83' lang='lat' dir='ltr'><strong>cordis</strong></span> <span class='ocrx_word' id='word_1_543' title='bbox 3669 2663 3792 2730; x_wconf 82' lang='lat' dir='ltr'><strong>mei,</strong></span> <span class='ocrx_word' id='word_1_544' title='bbox 3840 2673 3882 2716; x_wconf 84' lang='lat' dir='ltr'><strong>rt</strong></span> 
     </span>
    </p>
   </div>
   <div class='ocr_carea' id='block_1_73' title="bbox 2279 2745 3879 2824">
    <p class='ocr_par' dir='ltr' id='par_1_73' title="bbox 2279 2745 3879 2824">
     <span class='ocr_line' id='line_1_73' title="bbox 2279 2745 3879 2824; baseline 0.009 -25"><span class='ocrx_word' id='word_1_545' title='bbox 2279 2762 2402 2818; x_wconf 85' lang='lat' dir='ltr'><strong>pars</strong></span> <span class='ocrx_word' id='word_1_546' title='bbox 2426 2764 2539 2802; x_wconf 88' lang='lat' dir='ltr'><strong>mea</strong></span> <span class='ocrx_word' id='word_1_547' title='bbox 2569 2745 2710 2804; x_wconf 88' lang='lat' dir='ltr'><strong>Deus</strong></span> <span class='ocrx_word' id='word_1_548' title='bbox 2742 2749 2795 2802; x_wconf 90' lang='lat' dir='ltr'><strong>in</strong></span> <span class='ocrx_word' id='word_1_549' title='bbox 2825 2760 3097 2806; x_wconf 79' lang='lat' dir='ltr'><strong>wtemum.</strong></span> <span class='ocrx_word' id='word_1_550' title='bbox 3128 2750 3259 2808; x_wconf 86' lang='lat' dir='ltr'><strong>Post</strong></span> <span class='ocrx_word' id='word_1_551' title='bbox 3287 2753 3460 2810; x_wconf 87' lang='lat' dir='ltr'><strong>Deum</strong></span> <span class='ocrx_word' id='word_1_552' title='bbox 3484 2755 3677 2812; x_wconf 88' lang='lat' dir='ltr'><strong>cordis</strong></span> <span class='ocrx_word' id='word_1_553' title='bbox 3699 2757 3809 2824; x_wconf 87' lang='lat' dir='ltr'><strong>sui,</strong></span> <span class='ocrx_word' id='word_1_554' title='bbox 3831 2757 3879 2813; x_wconf 88' lang='lat' dir='ltr'><strong>id</strong></span> 
     </span>
    </p>
   </div>
   <div class='ocr_carea' id='block_1_74' title="bbox 2278 2838 3880 2915">
    <p class='ocr_par' dir='ltr' id='par_1_74' title="bbox 2278 2838 3880 2915">
     <span class='ocr_line' id='line_1_74' title="bbox 2278 2838 3880 2915; baseline 0.006 -21"><span class='ocrx_word' id='word_1_555' title='bbox 2278 2848 2380 2905; x_wconf 89' lang='lat' dir='ltr'><strong>est,</strong></span> <span class='ocrx_word' id='word_1_556' title='bbox 2411 2838 2692 2895; x_wconf 90' lang='lat' dir='ltr'><strong>Christum</strong></span> <span class='ocrx_word' id='word_1_557' title='bbox 2745 2840 3035 2897; x_wconf 90' lang='lat' dir='ltr'><strong>Dominum</strong></span> <span class='ocrx_word' id='word_1_558' title='bbox 3086 2843 3244 2914; x_wconf 90' lang='lat' dir='ltr'><strong>cujus</strong></span> <span class='ocrx_word' id='word_1_559' title='bbox 3271 2859 3400 2915; x_wconf 90' lang='lat' dir='ltr'><strong>pars</strong></span> <span class='ocrx_word' id='word_1_560' title='bbox 3429 2843 3571 2901; x_wconf 88' lang='lat' dir='ltr'><strong>facta</strong></span> <span class='ocrx_word' id='word_1_561' title='bbox 3621 2856 3735 2913; x_wconf 87' lang='lat' dir='ltr'><strong>est,</strong></span> <span class='ocrx_word' id='word_1_562' title='bbox 3779 2854 3880 2903; x_wconf 76' lang='lat' dir='ltr'><strong>tam</strong></span> 
     </span>
    </p>
   </div>
   <div class='ocr_carea' id='block_1_75' title="bbox 2277 2931 3880 3005">
    <p class='ocr_par' dir='ltr' id='par_1_75' title="bbox 2277 2931 3880 3005">
     <span class='ocr_line' id='line_1_75' title="bbox 2277 2931 3880 3005; baseline 0.005 -17"><span class='ocrx_word' id='word_1_563' title='bbox 2277 2931 2447 2989; x_wconf 88' lang='lat' dir='ltr'><strong>corde</strong></span> <span class='ocrx_word' id='word_1_564' title='bbox 2476 2949 2640 3004; x_wconf 86' lang='lat' dir='ltr'><strong>quam</strong></span> <span class='ocrx_word' id='word_1_565' title='bbox 2686 2948 2918 3005; x_wconf 91' lang='lat' dir='ltr'><strong>corpore</strong></span> <span class='ocrx_word' id='word_1_566' title='bbox 2962 2942 3078 2992; x_wconf 91' lang='lat' dir='ltr'><strong>toto</strong></span> <span class='ocrx_word' id='word_1_567' title='bbox 3119 2934 3415 2992; x_wconf 90' lang='lat' dir='ltr'><strong>desiderat.</strong></span> <span class='ocrx_word' id='word_1_568' title='bbox 3471 2937 3606 2994; x_wconf 81' lang='lat' dir='ltr'><strong>Nam</strong></span> <span class='ocrx_word' id='word_1_569' title='bbox 3652 2940 3880 2998; x_wconf 78' lang='lat' dir='ltr'><strong>defectio</strong></span> 
     </span>
    </p>
   </div>
   <div class='ocr_carea' id='block_1_76' title="bbox 2274 3025 3878 3106">
    <p class='ocr_par' dir='ltr' id='par_1_76' title="bbox 2274 3025 3878 3106">
     <span class='ocr_line' id='line_1_76' title="bbox 2274 3025 3878 3106; baseline 0.007 -28"><span class='ocrx_word' id='word_1_570' title='bbox 2274 3039 2437 3096; x_wconf 90' lang='lat' dir='ltr'><strong>qnam</strong></span> <span class='ocrx_word' id='word_1_571' title='bbox 2460 3040 2520 3081; x_wconf 89' lang='lat' dir='ltr'><strong>se</strong></span> <span class='ocrx_word' id='word_1_572' title='bbox 2548 3025 2678 3082; x_wconf 83' lang='lat' dir='ltr'><strong>dicit</strong></span> <span class='ocrx_word' id='word_1_573' title='bbox 2705 3025 2934 3098; x_wconf 90' lang='lat' dir='ltr'><strong>habere,</strong></span> <span class='ocrx_word' id='word_1_574' title='bbox 2968 3043 3082 3085; x_wconf 93' lang='lat' dir='ltr'><strong>non</strong></span> <span class='ocrx_word' id='word_1_575' title='bbox 3112 3044 3210 3101; x_wconf 92' lang='lat' dir='ltr'><strong>pro</strong></span> <span class='ocrx_word' id='word_1_576' title='bbox 3245 3029 3636 3101; x_wconf 84' lang='lat' dir='ltr'><strong>diminutione,</strong></span> <span class='ocrx_word' id='word_1_577' title='bbox 3662 3034 3760 3091; x_wconf 88' lang='lat' dir='ltr'><strong>sed</strong></span> <span class='ocrx_word' id='word_1_578' title='bbox 3792 3049 3878 3106; x_wconf 79' lang='lat' dir='ltr'><strong>pro</strong></span> 
     </span>
    </p>
   </div>
   <div class='ocr_carea' id='block_1_77' title="bbox 2275 3119 3027 3190">
    <p class='ocr_par' dir='ltr' id='par_1_77' title="bbox 2275 3119 3027 3190">
     <span class='ocr_line' id='line_1_77' title="bbox 2275 3119 3027 3190; baseline 0.003 -15"><span class='ocrx_word' id='word_1_579' title='bbox 2275 3119 2555 3175; x_wconf 89' lang='lat' dir='ltr'><strong>desiderio</strong></span> <span class='ocrx_word' id='word_1_580' title='bbox 2577 3120 2892 3190; x_wconf 87' lang='lat' dir='ltr'><strong>accipienda</strong></span> <span class='ocrx_word' id='word_1_581' title='bbox 2923 3131 3027 3177; x_wconf 92' lang='lat' dir='ltr'><strong>est.</strong></span> 
     </span>
    </p>
   </div>
   <div class='ocr_carea' id='block_1_78' title="bbox 2199 3205 3874 3291">
    <p class='ocr_par' dir='ltr' id='par_1_78' title="bbox 2199 3205 3874 3291">
     <span class='ocr_line' id='line_1_78' title="bbox 2199 3205 3874 3291; baseline 0.004 -24"><span class='ocrx_word' id='word_1_582' title='bbox 2199 3205 2246 3268; x_wconf 90' lang='lat' dir='ltr'><strong>C</strong></span> <span class='ocrx_word' id='word_1_583' title='bbox 2353 3212 2490 3281; x_wconf 87' lang='lat' dir='ltr'><strong>Quia</strong></span> <span class='ocrx_word' id='word_1_584' title='bbox 2513 3230 2630 3268; x_wconf 87' lang='lat' dir='ltr'><strong>ecce</strong></span> <span class='ocrx_word' id='word_1_585' title='bbox 2653 3214 2742 3284; x_wconf 86' lang='lat' dir='ltr'><strong>qui</strong></span> <span class='ocrx_word' id='word_1_586' title='bbox 2771 3215 3016 3288; x_wconf 86' lang='lat' dir='ltr'><strong>clongant</strong></span> <span class='ocrx_word' id='word_1_587' title='bbox 3036 3231 3091 3271; x_wconf 86' lang='lat' dir='ltr'><strong>se</strong></span> <span class='ocrx_word' id='word_1_588' title='bbox 3119 3231 3150 3268; x_wconf 91' lang='lat' dir='ltr'><strong>a</strong></span> <span class='ocrx_word' id='word_1_589' title='bbox 3179 3225 3248 3284; x_wconf 88' lang='lat' dir='ltr'><strong>te,</strong></span> <span class='ocrx_word' id='word_1_590' title='bbox 3285 3218 3527 3286; x_wconf 88' lang='lat' dir='ltr'><strong>peribunt</strong></span> <span class='ocrx_word' id='word_1_591' title='bbox 3557 3235 3577 3274; x_wconf 88' lang='lat'><strong><em>:</em></strong></span> <span class='ocrx_word' id='word_1_592' title='bbox 3605 3221 3874 3291; x_wconf 85' lang='lat' dir='ltr'><strong>perdidisti</strong></span> 
     </span>
    </p>
   </div>
   <div class='ocr_carea' id='block_1_79' title="bbox 2278 3307 3867 3383">
    <p class='ocr_par' dir='ltr' id='par_1_79' title="bbox 2278 3307 3867 3383">
     <span class='ocr_line' id='line_1_79' title="bbox 2278 3307 3867 3383; baseline 0.008 -26"><span class='ocrx_word' id='word_1_593' title='bbox 2278 3321 2454 3360; x_wconf 89' lang='lat' dir='ltr'><strong>onmes</strong></span> <span class='ocrx_word' id='word_1_594' title='bbox 2484 3307 2574 3376; x_wconf 86' lang='lat' dir='ltr'><strong>qui</strong></span> <span class='ocrx_word' id='word_1_595' title='bbox 2601 3307 2926 3378; x_wconf 77' lang='lat' dir='ltr'><strong>fornicamur</strong></span> <span class='ocrx_word' id='word_1_596' title='bbox 2954 3307 3044 3363; x_wconf 85' lang='lat' dir='ltr'><strong>abs</strong></span> <span class='ocrx_word' id='word_1_597' title='bbox 3071 3316 3139 3364; x_wconf 90' lang='lat' dir='ltr'><strong>te.</strong></span> <span class='ocrx_word' id='word_1_598' title='bbox 3158 3310 3360 3366; x_wconf 85' lang='lat' dir='ltr'><strong>Omnes</strong></span> <span class='ocrx_word' id='word_1_599' title='bbox 3385 3313 3476 3383; x_wconf 89' lang='lat' dir='ltr'><strong>qui</strong></span> <span class='ocrx_word' id='word_1_600' title='bbox 3513 3313 3867 3382; x_wconf 82' lang='lat' dir='ltr'><strong>fornicamur,</strong></span> 
     </span>
    </p>
   </div>
   <div class='ocr_carea' id='block_1_80' title="bbox 2275 3398 3865 3482">
    <p class='ocr_par' dir='ltr' id='par_1_80' title="bbox 2275 3398 3865 3482">
     <span class='ocr_line' id='line_1_80' title="bbox 2275 3398 3865 3482; baseline 0.006 -27"><span class='ocrx_word' id='word_1_601' title='bbox 2275 3398 2394 3456; x_wconf 91' lang='lat' dir='ltr'><strong>sine</strong></span> <span class='ocrx_word' id='word_1_602' title='bbox 2446 3399 2557 3456; x_wconf 92' lang='lat' dir='ltr'><strong>Deo</strong></span> <span class='ocrx_word' id='word_1_603' title='bbox 2605 3410 2852 3470; x_wconf 84' lang='lat' dir='ltr'><strong>peccant.</strong></span> <span class='ocrx_word' id='word_1_604' title='bbox 2901 3401 3006 3470; x_wconf 89' lang='lat' dir='ltr'><strong>Qui</strong></span> <span class='ocrx_word' id='word_1_605' title='bbox 3062 3411 3243 3458; x_wconf 89' lang='lat' dir='ltr'><strong>autem</strong></span> <span class='ocrx_word' id='word_1_606' title='bbox 3301 3415 3509 3475; x_wconf 89' lang='lat' dir='ltr'><strong>peccat,</strong></span> <span class='ocrx_word' id='word_1_607' title='bbox 3545 3407 3865 3482; x_wconf 87' lang='lat' dir='ltr'><strong>longeesta</strong></span> 
     </span>
    </p>
   </div>
   <div class='ocr_carea' id='block_1_81' title="bbox 2275 3490 3460 3566">
    <p class='ocr_par' dir='ltr' id='par_1_81' title="bbox 2275 3490 3460 3566">
     <span class='ocr_line' id='line_1_81' title="bbox 2275 3490 3460 3566; baseline 0.006 -20"><span class='ocrx_word' id='word_1_608' title='bbox 2275 3490 2387 3548; x_wconf 91' lang='lat' dir='ltr'><strong>Deo</strong></span> <span class='ocrx_word' id='word_1_609' title='bbox 2419 3509 2432 3546; x_wconf 91' lang='lat'><strong>:</strong></span> <span class='ocrx_word' id='word_1_610' title='bbox 2469 3491 2701 3563; x_wconf 89' lang='lat' dir='ltr'><strong>ideoque</strong></span> <span class='ocrx_word' id='word_1_611' title='bbox 2723 3493 3018 3562; x_wconf 89' lang='lat' dir='ltr'><strong>perditioni</strong></span> <span class='ocrx_word' id='word_1_612' title='bbox 3041 3503 3123 3550; x_wconf 90' lang='lat' dir='ltr'><strong>est</strong></span> <span class='ocrx_word' id='word_1_613' title='bbox 3155 3497 3460 3566; x_wconf 90' lang='lat' dir='ltr'><strong>proximus.</strong></span> 
     </span>
    </p>
   </div>
   <div class='ocr_carea' id='block_1_82' title="bbox 2344 3584 3863 3665">
    <p class='ocr_par' dir='ltr' id='par_1_82' title="bbox 2344 3584 3863 3665">
     <span class='ocr_line' id='line_1_82' title="bbox 2344 3584 3863 3665; baseline 0.007 -25"><span class='ocrx_word' id='word_1_614' title='bbox 2344 3584 2482 3640; x_wconf 82' lang='lat' dir='ltr'><strong>Mihi</strong></span> <span class='ocrx_word' id='word_1_615' title='bbox 2498 3597 2669 3641; x_wconf 88' lang='lat' dir='ltr'><strong>autem</strong></span> <span class='ocrx_word' id='word_1_616' title='bbox 2691 3586 2955 3642; x_wconf 80' lang='lat' dir='ltr'><strong>adhwrere</strong></span> <span class='ocrx_word' id='word_1_617' title='bbox 2975 3585 3088 3643; x_wconf 88' lang='lat' dir='ltr'><strong>Deo</strong></span> <span class='ocrx_word' id='word_1_618' title='bbox 3105 3588 3294 3644; x_wconf 87' lang='lat' dir='ltr'><strong>bonum</strong></span> <span class='ocrx_word' id='word_1_619' title='bbox 3315 3599 3410 3645; x_wconf 87' lang='lat' dir='ltr'><strong>est.</strong></span> <span class='ocrx_word' id='word_1_620' title='bbox 3427 3589 3596 3662; x_wconf 87' lang='lat' dir='ltr'><strong>Cujus</strong></span> <span class='ocrx_word' id='word_1_621' title='bbox 3607 3595 3863 3665; x_wconf 82' lang='lat' dir='ltr'><strong>sanguine</strong></span> 
     </span>
    </p>
   </div>
   <div class='ocr_carea' id='block_1_83' title="bbox 2269 3677 3859 3758">
    <p class='ocr_par' dir='ltr' id='par_1_83' title="bbox 2269 3677 3859 3758">
     <span class='ocr_line' id='line_1_83' title="bbox 2269 3677 3859 3758; baseline 0.007 -25"><span class='ocrx_word' id='word_1_622' title='bbox 2269 3693 2389 3734; x_wconf 89' lang='lat' dir='ltr'><strong>sum</strong></span> <span class='ocrx_word' id='word_1_623' title='bbox 2420 3677 2759 3750; x_wconf 88' lang='lat' dir='ltr'><strong>redemptus.</strong></span> <span class='ocrx_word' id='word_1_624' title='bbox 2794 3678 3001 3737; x_wconf 84' lang='lat' dir='ltr'><strong>Ponere</strong></span> <span class='ocrx_word' id='word_1_625' title='bbox 3028 3682 3082 3736; x_wconf 90' lang='lat' dir='ltr'><strong>in</strong></span> <span class='ocrx_word' id='word_1_626' title='bbox 3105 3681 3332 3739; x_wconf 90' lang='lat' dir='ltr'><strong>Domino</strong></span> <span class='ocrx_word' id='word_1_627' title='bbox 3358 3682 3471 3740; x_wconf 89' lang='lat' dir='ltr'><strong>Deo</strong></span> <span class='ocrx_word' id='word_1_628' title='bbox 3491 3703 3638 3758; x_wconf 87' lang='lat' dir='ltr'><strong>spem</strong></span> <span class='ocrx_word' id='word_1_629' title='bbox 3687 3706 3859 3744; x_wconf 80' lang='lat' dir='ltr'><strong>meant.</strong></span> 
     </span>
    </p>
   </div>
   <div class='ocr_carea' id='block_1_84' title="bbox 2269 3771 3547 3842">
    <p class='ocr_par' dir='ltr' id='par_1_84' title="bbox 2269 3771 3547 3842">
     <span class='ocr_line' id='line_1_84' title="bbox 2269 3771 3547 3842; baseline 0.007 -16"><span class='ocrx_word' id='word_1_630' title='bbox 2269 3771 2402 3842; x_wconf 86' lang='lat' dir='ltr'><strong>Quia</strong></span> <span class='ocrx_word' id='word_1_631' title='bbox 2429 3787 2631 3829; x_wconf 86' lang='lat' dir='ltr'><strong>vanum</strong></span> <span class='ocrx_word' id='word_1_632' title='bbox 2653 3783 2735 3830; x_wconf 91' lang='lat' dir='ltr'><strong>est</strong></span> <span class='ocrx_word' id='word_1_633' title='bbox 2757 3773 2810 3829; x_wconf 95' lang='lat' dir='ltr'><strong>in</strong></span> <span class='ocrx_word' id='word_1_634' title='bbox 2832 3775 3015 3830; x_wconf 65' lang='lat' dir='ltr'><strong>saeculi</strong></span> <span class='ocrx_word' id='word_1_635' title='bbox 3045 3776 3330 3834; x_wconf 84' lang='lat' dir='ltr'><strong>confidere</strong></span> <span class='ocrx_word' id='word_1_636' title='bbox 3361 3777 3547 3836; x_wconf 92' lang='lat' dir='ltr'><strong>bonis.</strong></span> 
     </span>
    </p>
   </div>
   <div class='ocr_carea' id='block_1_85' title="bbox 2343 3864 3854 3947">
    <p class='ocr_par' dir='ltr' id='par_1_85' title="bbox 2343 3864 3854 3947">
     <span class='ocr_line' id='line_1_85' title="bbox 2343 3864 3854 3947; baseline 0.003 -25"><span class='ocrx_word' id='word_1_637' title='bbox 2343 3864 2410 3922; x_wconf 88' lang='lat' dir='ltr'><strong>Ut</strong></span> <span class='ocrx_word' id='word_1_638' title='bbox 2440 3867 2745 3920; x_wconf 86' lang='lat' dir='ltr'><strong>annuntiem</strong></span> <span class='ocrx_word' id='word_1_639' title='bbox 2799 3875 2974 3923; x_wconf 86' lang='lat' dir='ltr'><strong>omnes</strong></span> <span class='ocrx_word' id='word_1_640' title='bbox 3015 3868 3413 3940; x_wconf 71' lang='lat' dir='ltr'><strong>pricdicationes</strong></span> <span class='ocrx_word' id='word_1_641' title='bbox 3459 3880 3578 3928; x_wconf 85' lang='lat' dir='ltr'><strong>tuas</strong></span> <span class='ocrx_word' id='word_1_642' title='bbox 3623 3874 3679 3928; x_wconf 88' lang='lat' dir='ltr'><strong>in</strong></span> <span class='ocrx_word' id='word_1_643' title='bbox 3709 3872 3854 3947; x_wconf 79' lang='lat' dir='ltr'><strong>portis</strong></span> 
     </span>
    </p>
   </div>
   <div class='ocr_carea' id='block_1_86' title="bbox 2265 3959 3849 4042">
    <p class='ocr_par' dir='ltr' id='par_1_86' title="bbox 2265 3959 3849 4042">
     <span class='ocr_line' id='line_1_86' title="bbox 2265 3959 3849 4042; baseline 0.008 -31"><span class='ocrx_word' id='word_1_644' title='bbox 2265 3959 2392 4029; x_wconf 67' lang='lat' dir='ltr'><strong>filiae</strong></span> <span class='ocrx_word' id='word_1_645' title='bbox 2413 3960 2562 4016; x_wconf 87' lang='lat' dir='ltr'><strong>Sion.</strong></span> <span class='ocrx_word' id='word_1_646' title='bbox 2590 3961 2694 4018; x_wconf 86' lang='lat' dir='ltr'><strong>Per</strong></span> <span class='ocrx_word' id='word_1_647' title='bbox 2719 3962 3243 4034; x_wconf 89' lang='lat' dir='ltr'><strong>contemplationem</strong></span> <span class='ocrx_word' id='word_1_648' title='bbox 3276 3967 3427 4022; x_wconf 91' lang='lat' dir='ltr'><strong>enim</strong></span> <span class='ocrx_word' id='word_1_649' title='bbox 3456 3969 3576 4039; x_wconf 89' lang='lat' dir='ltr'><strong>spei</strong></span> <span class='ocrx_word' id='word_1_650' title='bbox 3604 3987 3763 4042; x_wconf 88' lang='lat' dir='ltr'><strong>qnam</strong></span> <span class='ocrx_word' id='word_1_651' title='bbox 3804 3971 3849 4024; x_wconf 92' lang='lat' dir='ltr'><strong>in</strong></span> 
     </span>
    </p>
   </div>
   <div class='ocr_carea' id='block_1_87' title="bbox 2265 4049 3844 4125">
    <p class='ocr_par' dir='ltr' id='par_1_87' title="bbox 2265 4049 3844 4125">
     <span class='ocr_line' id='line_1_87' title="bbox 2265 4049 3844 4125; baseline 0.008 -20"><span class='ocrx_word' id='word_1_652' title='bbox 2265 4049 2434 4106; x_wconf 92' lang='lat' dir='ltr'><strong>Deum</strong></span> <span class='ocrx_word' id='word_1_653' title='bbox 2459 4051 2640 4122; x_wconf 86' lang='lat' dir='ltr'><strong>habet,</strong></span> <span class='ocrx_word' id='word_1_654' title='bbox 2671 4063 2861 4125; x_wconf 87' lang='lat' dir='ltr'><strong>sperat</strong></span> <span class='ocrx_word' id='word_1_655' title='bbox 2883 4069 2942 4111; x_wconf 91' lang='lat' dir='ltr'><strong>se</strong></span> <span class='ocrx_word' id='word_1_656' title='bbox 2971 4055 3156 4112; x_wconf 91' lang='lat' dir='ltr'><strong>induci</strong></span> <span class='ocrx_word' id='word_1_657' title='bbox 3184 4057 3238 4112; x_wconf 91' lang='lat' dir='ltr'><strong>in</strong></span> <span class='ocrx_word' id='word_1_658' title='bbox 3269 4058 3516 4116; x_wconf 76' lang='lat' dir='ltr'><strong>caelestis</strong></span> <span class='ocrx_word' id='word_1_659' title='bbox 3546 4061 3844 4120; x_wconf 80' lang='lat' dir='ltr'><strong>Jerusalem</strong></span> 
     </span>
    </p>
   </div>
   <div class='ocr_carea' id='block_1_88' title="bbox 2264 4146 3842 4218">
    <p class='ocr_par' dir='ltr' id='par_1_88' title="bbox 2264 4146 3842 4218">
     <span class='ocr_line' id='line_1_88' title="bbox 2264 4146 3842 4218; baseline 0.007 -18"><span class='ocrx_word' id='word_1_660' title='bbox 2264 4146 2467 4216; x_wconf 90' lang='lat' dir='ltr'><strong>portis:</strong></span> <span class='ocrx_word' id='word_1_661' title='bbox 2497 4147 2562 4202; x_wconf 90' lang='lat' dir='ltr'><strong>ad</strong></span> <span class='ocrx_word' id='word_1_662' title='bbox 2591 4148 2990 4218; x_wconf 89' lang='lat' dir='ltr'><strong>capesceudam</strong></span> <span class='ocrx_word' id='word_1_663' title='bbox 3039 4149 3273 4207; x_wconf 91' lang='lat' dir='ltr'><strong>futuram</strong></span> <span class='ocrx_word' id='word_1_664' title='bbox 3302 4153 3705 4214; x_wconf 90' lang='lat' dir='ltr'><strong>beatitudinem</strong></span> <span class='ocrx_word' id='word_1_665' title='bbox 3735 4174 3842 4214; x_wconf 90' lang='lat' dir='ltr'><strong>cum</strong></span> 
     </span>
    </p>
   </div>
   <div class='ocr_carea' id='block_1_89' title="bbox 2261 4239 3842 4313">
    <p class='ocr_par' dir='ltr' id='par_1_89' title="bbox 2261 4239 3842 4313">
     <span class='ocr_line' id='line_1_89' title="bbox 2261 4239 3842 4313; baseline 0.007 -18"><span class='ocrx_word' id='word_1_666' title='bbox 2261 4239 2452 4296; x_wconf 88' lang='lat' dir='ltr'><strong>electis</strong></span> <span class='ocrx_word' id='word_1_667' title='bbox 2474 4240 2615 4313; x_wconf 86' lang='lat' dir='ltr'><strong>ejus.</strong></span> <span class='ocrx_word' id='word_1_668' title='bbox 2649 4240 2705 4296; x_wconf 92' lang='lat' dir='ltr'><strong>In</strong></span> <span class='ocrx_word' id='word_1_669' title='bbox 2736 4257 2971 4313; x_wconf 87' lang='lat' dir='ltr'><strong>quorum</strong></span> <span class='ocrx_word' id='word_1_670' title='bbox 3005 4259 3108 4301; x_wconf 92' lang='lat' dir='ltr'><strong>nos</strong></span> <span class='ocrx_word' id='word_1_671' title='bbox 3130 4247 3469 4302; x_wconf 91' lang='lat' dir='ltr'><strong>consortium</strong></span> <span class='ocrx_word' id='word_1_672' title='bbox 3497 4265 3606 4306; x_wconf 89' lang='lat' dir='ltr'><strong>non</strong></span> <span class='ocrx_word' id='word_1_673' title='bbox 3634 4251 3842 4307; x_wconf 84' lang='lat' dir='ltr'><strong>merito-</strong></span> 
     </span>
    </p>
   </div>
   <div class='ocr_carea' id='block_1_90' title="bbox 2259 4333 3842 4411">
    <p class='ocr_par' dir='ltr' id='par_1_90' title="bbox 2259 4333 3842 4411">
     <span class='ocr_line' id='line_1_90' title="bbox 2259 4333 3842 4411; baseline 0.01 -27"><span class='ocrx_word' id='word_1_674' title='bbox 2259 4347 2379 4386; x_wconf 91' lang='lat' dir='ltr'><strong>rnm</strong></span> <span class='ocrx_word' id='word_1_675' title='bbox 2404 4333 2699 4404; x_wconf 91' lang='lat' dir='ltr'><strong>inspector,</strong></span> <span class='ocrx_word' id='word_1_676' title='bbox 2731 4335 2826 4392; x_wconf 90' lang='lat' dir='ltr'><strong>sed</strong></span> <span class='ocrx_word' id='word_1_677' title='bbox 2858 4338 3033 4394; x_wconf 81' lang='lat' dir='ltr'><strong>venia:</strong></span> <span class='ocrx_word' id='word_1_678' title='bbox 3057 4339 3286 4411; x_wconf 88' lang='lat' dir='ltr'><strong>largitor</strong></span> <span class='ocrx_word' id='word_1_679' title='bbox 3308 4341 3562 4400; x_wconf 86' lang='lat' dir='ltr'><strong>admittat</strong></span> <span class='ocrx_word' id='word_1_680' title='bbox 3611 4346 3842 4404; x_wconf 86' lang='lat' dir='ltr'><strong>Christus</strong></span> 
     </span>
    </p>
   </div>
   <div class='ocr_carea' id='block_1_91' title="bbox 2259 4425 2766 4486">
    <p class='ocr_par' dir='ltr' id='par_1_91' title="bbox 2259 4425 2766 4486">
     <span class='ocr_line' id='line_1_91' title="bbox 2259 4425 2766 4486; baseline 0.012 -6"><span class='ocrx_word' id='word_1_681' title='bbox 2259 4425 2540 4484; x_wconf 91' lang='lat' dir='ltr'><strong>Dominus.</strong></span> <span class='ocrx_word' id='word_1_682' title='bbox 2569 4428 2766 4486; x_wconf 86' lang='lat' dir='ltr'><strong>Amen.</strong></span> 
     </span>
    </p>
   </div>
   <div class='ocr_carea' id='block_1_92' title="bbox 2737 4523 3352 4585">
    <p class='ocr_par' dir='ltr' id='par_1_92' title="bbox 2737 4523 3352 4585">
     <span class='ocr_line' id='line_1_92' title="bbox 2737 4523 3352 4585; baseline 0.005 -5"><span class='ocrx_word' id='word_1_683' title='bbox 2737 4523 2863 4582; x_wconf 83' lang='lat' dir='ltr'><strong>PSA</strong></span> <span class='ocrx_word' id='word_1_684' title='bbox 2873 4524 3058 4584; x_wconf 77' lang='lat' dir='ltr'><strong>LMUS</strong></span> <span class='ocrx_word' id='word_1_685' title='bbox 3116 4526 3352 4585; x_wconf 79' lang='lat' dir='ltr'><strong>LXXIII.</strong></span> 
     </span>
    </p>
   </div>
   <div class='ocr_carea' id='block_1_93' title="bbox 630 4623 3833 4721">
    <p class='ocr_par' dir='ltr' id='par_1_93' title="bbox 630 4623 3833 4721">
     <span class='ocr_line' id='line_1_93' title="bbox 630 4623 3833 4721; baseline 0.007 -40"><span class='ocrx_word' id='word_1_686' title='bbox 630 4626 902 4721; x_wconf 87' lang='lat' dir='ltr'><strong>Quomodo</strong></span> <span class='ocrx_word' id='word_1_687' title='bbox 941 4625 1068 4721; x_wconf 59' lang='lat' dir='ltr'><strong>{acti</strong></span> <span class='ocrx_word' id='word_1_688' title='bbox 1087 4633 1209 4680; x_wconf 87' lang='lat' dir='ltr'><strong>sunt</strong></span> <span class='ocrx_word' id='word_1_689' title='bbox 1239 4624 1294 4680; x_wconf 89' lang='lat' dir='ltr'><strong>in</strong></span> <span class='ocrx_word' id='word_1_690' title='bbox 1318 4623 1730 4721; x_wconf 74' lang='lat' dir='ltr'><strong>desolationem?</strong></span> <span class='ocrx_word' id='word_1_691' title='bbox 1755 4623 2150 4721; x_wconf 72' lang='lat' dir='ltr'><strong>Interrogantis</strong></span> <span class='ocrx_word' id='word_1_692' title='bbox 2175 4638 2229 4698; x_wconf 76' lang='grc' dir='ltr'><strong>ι)</strong></span> <span class='ocrx_word' id='word_1_693' title='bbox 2262 4633 2563 4721; x_wconf 66' lang='lat' dir='ltr'><strong>Intellectus</strong></span> <span class='ocrx_word' id='word_1_694' title='bbox 2587 4637 2789 4721; x_wconf 65' lang='lat' dir='ltr'><strong>Asaplr.</strong></span> <span class='ocrx_word' id='word_1_695' title='bbox 2822 4637 2948 4721; x_wconf 78' lang='lat' dir='ltr'><strong>Ideo</strong></span> <span class='ocrx_word' id='word_1_696' title='bbox 2989 4642 3304 4721; x_wconf 74' lang='lat' dir='ltr'><strong>intellectus,</strong></span> <span class='ocrx_word' id='word_1_697' title='bbox 3343 4644 3397 4700; x_wconf 92' lang='lat' dir='ltr'><strong>in</strong></span> <span class='ocrx_word' id='word_1_698' title='bbox 3439 4645 3603 4721; x_wconf 85' lang='lat' dir='ltr'><strong>titulo</strong></span> <span class='ocrx_word' id='word_1_699' title='bbox 3642 4663 3833 4721; x_wconf 72' lang='lat' dir='ltr'><strong>prteno-</strong></span> 
     </span>
    </p>
   </div>
   <div class='ocr_carea' id='block_1_94' title="bbox 549 4715 2149 4790">
    <p class='ocr_par' dir='ltr' id='par_1_94' title="bbox 549 4715 2149 4790">
     <span class='ocr_line' id='line_1_94' title="bbox 549 4715 2149 4790; baseline -0.004 -12"><span class='ocrx_word' id='word_1_700' title='bbox 549 4720 704 4778; x_wconf 84' lang='lat' dir='ltr'><strong>vocis</strong></span> <span class='ocrx_word' id='word_1_701' title='bbox 733 4720 820 4776; x_wconf 88' lang='lat' dir='ltr'><strong>hic</strong></span> <span class='ocrx_word' id='word_1_702' title='bbox 843 4719 1039 4776; x_wconf 89' lang='lat' dir='ltr'><strong>modus</strong></span> <span class='ocrx_word' id='word_1_703' title='bbox 1066 4725 1173 4788; x_wconf 89' lang='lat' dir='ltr'><strong>est,</strong></span> <span class='ocrx_word' id='word_1_704' title='bbox 1226 4725 1282 4774; x_wconf 91' lang='lat' dir='ltr'><strong>et</strong></span> <span class='ocrx_word' id='word_1_705' title='bbox 1319 4717 1564 4790; x_wconf 89' lang='lat' dir='ltr'><strong>sequitur</strong></span> <span class='ocrx_word' id='word_1_706' title='bbox 1601 4715 2009 4788; x_wconf 89' lang='lat' dir='ltr'><strong>respondentis.</strong></span> <span class='ocrx_word' id='word_1_707' title='bbox 2043 4718 2149 4773; x_wconf 86' lang='lat' dir='ltr'><strong>Su-</strong></span> 
     </span>
    </p>
   </div>
   <div class='ocr_carea' id='block_1_95' title="bbox 555 4810 2135 4886">
    <p class='ocr_par' dir='ltr' id='par_1_95' title="bbox 555 4810 2135 4886">
     <span class='ocr_line' id='line_1_95' title="bbox 555 4810 2135 4886; baseline -0.003 -15"><span class='ocrx_word' id='word_1_708' title='bbox 555 4815 659 4871; x_wconf 83' lang='lat' dir='ltr'><strong>bito</strong></span> <span class='ocrx_word' id='word_1_709' title='bbox 689 4815 1016 4885; x_wconf 75' lang='lat' dir='ltr'><strong>defecerunt,</strong></span> <span class='ocrx_word' id='word_1_710' title='bbox 1046 4811 1314 4886; x_wconf 86' lang='lat' dir='ltr'><strong>perierunt</strong></span> <span class='ocrx_word' id='word_1_711' title='bbox 1341 4820 1552 4882; x_wconf 87' lang='lat' dir='ltr'><strong>prapter</strong></span> <span class='ocrx_word' id='word_1_712' title='bbox 1592 4810 1918 4882; x_wconf 86' lang='lat' dir='ltr'><strong>iniquitatem</strong></span> <span class='ocrx_word' id='word_1_713' title='bbox 1969 4827 2135 4866; x_wconf 87' lang='lat' dir='ltr'><strong>suam.</strong></span> 
     </span>
    </p>
   </div>
   <div class='ocr_carea' id='block_1_96' title="bbox 547 4910 2144 4990">
    <p class='ocr_par' dir='ltr' id='par_1_96' title="bbox 547 4910 2144 4990">
     <span class='ocr_line' id='line_1_96' title="bbox 547 4910 2144 4990; baseline -0.004 -16"><span class='ocrx_word' id='word_1_714' title='bbox 547 4916 815 4990; x_wconf 86' lang='lat' dir='ltr'><strong>Exposuit</strong></span> <span class='ocrx_word' id='word_1_715' title='bbox 841 4915 988 4973; x_wconf 90' lang='lat' dir='ltr'><strong>enim</strong></span> <span class='ocrx_word' id='word_1_716' title='bbox 1012 4913 1258 4971; x_wconf 86' lang='lat' dir='ltr'><strong>ordinem</strong></span> <span class='ocrx_word' id='word_1_717' title='bbox 1276 4911 1378 4978; x_wconf 90' lang='lat' dir='ltr'><strong>rei,</strong></span> <span class='ocrx_word' id='word_1_718' title='bbox 1399 4911 1555 4982; x_wconf 85' lang='lat' dir='ltr'><strong>juxta</strong></span> <span class='ocrx_word' id='word_1_719' title='bbox 1578 4910 1713 4967; x_wconf 91' lang='lat' dir='ltr'><strong>illud</strong></span> <span class='ocrx_word' id='word_1_720' title='bbox 1742 4911 1887 4984; x_wconf 90' lang='lat' dir='ltr'><strong>quod</strong></span> <span class='ocrx_word' id='word_1_721' title='bbox 1911 4913 2144 4984; x_wconf 82' lang='lat' dir='ltr'><strong>Aposto-</strong></span> 
     </span>
    </p>
   </div>
   <div class='ocr_carea' id='block_1_97' title="bbox 545 5013 2138 5086">
    <p class='ocr_par' dir='ltr' id='par_1_97' title="bbox 545 5013 2138 5086">
     <span class='ocr_line' id='line_1_97' title="bbox 545 5013 2138 5086; baseline -0.004 -10"><span class='ocrx_word' id='word_1_722' title='bbox 545 5018 634 5076; x_wconf 89' lang='lat' dir='ltr'><strong>lus</strong></span> <span class='ocrx_word' id='word_1_723' title='bbox 662 5019 740 5076; x_wconf 92' lang='lat' dir='ltr'><strong>ait</strong></span> <span class='ocrx_word' id='word_1_724' title='bbox 773 5036 788 5075; x_wconf 89' lang='lat'><strong>:</strong></span> <span class='ocrx_word' id='word_1_725' title='bbox 816 5032 940 5075; x_wconf 91' lang='lat' dir='ltr'><strong>cum</strong></span> <span class='ocrx_word' id='word_1_726' title='bbox 967 5014 1218 5073; x_wconf 91' lang='lat' dir='ltr'><strong>dixerint</strong></span> <span class='ocrx_word' id='word_1_727' title='bbox 1243 5029 1347 5085; x_wconf 87' lang='lat' dir='ltr'><strong>pax</strong></span> <span class='ocrx_word' id='word_1_728' title='bbox 1373 5021 1430 5070; x_wconf 87' lang='lat' dir='ltr'><strong>et</strong></span> <span class='ocrx_word' id='word_1_729' title='bbox 1457 5013 1757 5070; x_wconf 89' lang='lat' dir='ltr'><strong>securitas:</strong></span> <span class='ocrx_word' id='word_1_730' title='bbox 1787 5021 1915 5070; x_wconf 92' lang='lat' dir='ltr'><strong>tunc</strong></span> <span class='ocrx_word' id='word_1_731' title='bbox 1942 5029 2138 5086; x_wconf 85' lang='lat' dir='ltr'><strong>repen-</strong></span> 
     </span>
    </p>
   </div>
   <div class='ocr_carea' id='block_1_98' title="bbox 546 5112 1800 5191">
    <p class='ocr_par' dir='ltr' id='par_1_98' title="bbox 546 5112 1800 5191">
     <span class='ocr_line' id='line_1_98' title="bbox 546 5112 1800 5191; baseline -0.006 -14"><span class='ocrx_word' id='word_1_732' title='bbox 546 5121 692 5177; x_wconf 88' lang='lat' dir='ltr'><strong>tinus</strong></span> <span class='ocrx_word' id='word_1_733' title='bbox 718 5118 830 5176; x_wconf 90' lang='lat' dir='ltr'><strong>illis</strong></span> <span class='ocrx_word' id='word_1_734' title='bbox 857 5117 1144 5191; x_wconf 89' lang='lat' dir='ltr'><strong>apparebit</strong></span> <span class='ocrx_word' id='word_1_735' title='bbox 1174 5113 1425 5172; x_wconf 89' lang='lat' dir='ltr'><strong>interitus</strong></span> <span class='ocrx_word' id='word_1_736' title='bbox 1453 5114 1498 5186; x_wconf 93' lang='lat' dir='ltr'><strong>(l</strong></span> <span class='ocrx_word' id='word_1_737' title='bbox 1529 5112 1684 5170; x_wconf 88' lang='lat' dir='ltr'><strong>Thes.</strong></span> <span class='ocrx_word' id='word_1_738' title='bbox 1715 5114 1800 5187; x_wconf 78' lang='grc' dir='ltr'><strong>ν).</strong></span> 
     </span>
    </p>
   </div>
   <div class='ocr_carea' id='block_1_99' title="bbox 624 5214 2138 5291">
    <p class='ocr_par' dir='ltr' id='par_1_99' title="bbox 624 5214 2138 5291">
     <span class='ocr_line' id='line_1_99' title="bbox 624 5214 2138 5291; baseline -0.001 -15"><span class='ocrx_word' id='word_1_739' title='bbox 624 5221 780 5277; x_wconf 82' lang='lat' dir='ltr'><strong>Velut</strong></span> <span class='ocrx_word' id='word_1_740' title='bbox 799 5219 1059 5276; x_wconf 89' lang='lat' dir='ltr'><strong>somnium</strong></span> <span class='ocrx_word' id='word_1_741' title='bbox 1087 5216 1501 5291; x_wconf 71' lang='lat' dir='ltr'><strong>exsurgendum.</strong></span> <span class='ocrx_word' id='word_1_742' title='bbox 1533 5214 1686 5272; x_wconf 86' lang='lat' dir='ltr'><strong>Sicut</strong></span> <span class='ocrx_word' id='word_1_743' title='bbox 1710 5217 1832 5288; x_wconf 90' lang='lat' dir='ltr'><strong>quis</strong></span> <span class='ocrx_word' id='word_1_744' title='bbox 1861 5217 2138 5275; x_wconf 91' lang='lat' dir='ltr'><strong>dormiens</strong></span> 
     </span>
    </p>
   </div>
   <div class='ocr_carea' id='block_1_100' title="bbox 541 5321 2138 5395">
    <p class='ocr_par' dir='ltr' id='par_1_100' title="bbox 541 5321 2138 5395">
     <span class='ocr_line' id='line_1_100' title="bbox 541 5321 2138 5395; baseline -0.003 -11"><span class='ocrx_word' id='word_1_745' title='bbox 541 5327 698 5386; x_wconf 89' lang='lat' dir='ltr'><strong>videt</strong></span> <span class='ocrx_word' id='word_1_746' title='bbox 718 5329 774 5383; x_wconf 93' lang='lat' dir='ltr'><strong>in</strong></span> <span class='ocrx_word' id='word_1_747' title='bbox 805 5326 922 5381; x_wconf 90' lang='lat' dir='ltr'><strong>visu</strong></span> <span class='ocrx_word' id='word_1_748' title='bbox 953 5323 1244 5380; x_wconf 84' lang='lat' dir='ltr'><strong>thesauros</strong></span> <span class='ocrx_word' id='word_1_749' title='bbox 1269 5335 1494 5394; x_wconf 89' lang='lat' dir='ltr'><strong>magnos</strong></span> <span class='ocrx_word' id='word_1_750' title='bbox 1519 5321 1639 5377; x_wconf 90' lang='lat' dir='ltr'><strong>auri</strong></span> <span class='ocrx_word' id='word_1_751' title='bbox 1687 5323 2028 5395; x_wconf 85' lang='lat' dir='ltr'><strong>argentique,</strong></span> <span class='ocrx_word' id='word_1_752' title='bbox 2082 5332 2138 5381; x_wconf 90' lang='lat' dir='ltr'><strong>et</strong></span> 
     </span>
    </p>
   </div>
   <div class='ocr_carea' id='block_1_101' title="bbox 541 5421 2135 5503">
    <p class='ocr_par' dir='ltr' id='par_1_101' title="bbox 541 5421 2135 5503">
     <span class='ocr_line' id='line_1_101' title="bbox 541 5421 2135 5503; baseline -0.004 -15"><span class='ocrx_word' id='word_1_753' title='bbox 541 5441 774 5503; x_wconf 85' lang='lat' dir='ltr'><strong>surgens</strong></span> <span class='ocrx_word' id='word_1_754' title='bbox 795 5425 980 5482; x_wconf 88' lang='lat' dir='ltr'><strong>omnia</strong></span> <span class='ocrx_word' id='word_1_755' title='bbox 1011 5423 1232 5497; x_wconf 88' lang='lat' dir='ltr'><strong>perdit:</strong></span> <span class='ocrx_word' id='word_1_756' title='bbox 1266 5422 1336 5479; x_wconf 87' lang='lat' dir='ltr'><strong>ita</strong></span> <span class='ocrx_word' id='word_1_757' title='bbox 1367 5430 1423 5480; x_wconf 92' lang='lat' dir='ltr'><strong>et</strong></span> <span class='ocrx_word' id='word_1_758' title='bbox 1477 5422 1534 5478; x_wconf 90' lang='lat' dir='ltr'><strong>hi</strong></span> <span class='ocrx_word' id='word_1_759' title='bbox 1578 5421 1800 5479; x_wconf 84' lang='lat' dir='ltr'><strong>divitias</strong></span> <span class='ocrx_word' id='word_1_760' title='bbox 1845 5439 1972 5481; x_wconf 73' lang='lat' dir='ltr'><strong>suas</strong></span> <span class='ocrx_word' id='word_1_761' title='bbox 2012 5433 2135 5496; x_wconf 90' lang='lat' dir='ltr'><strong>post</strong></span> 
     </span>
    </p>
   </div>
   <div class='ocr_carea' id='block_1_102' title="bbox 539 5527 2132 5605">
    <p class='ocr_par' dir='ltr' id='par_1_102' title="bbox 539 5527 2132 5605">
     <span class='ocr_line' id='line_1_102' title="bbox 539 5527 2132 5605; baseline -0.003 -14"><span class='ocrx_word' id='word_1_762' title='bbox 539 5532 704 5605; x_wconf 83' lang='lat' dir='ltr'><strong>hujus</strong></span> <span class='ocrx_word' id='word_1_763' title='bbox 729 5529 915 5587; x_wconf 68' lang='lat' dir='ltr'><strong>saeculi</strong></span> <span class='ocrx_word' id='word_1_764' title='bbox 956 5530 1124 5585; x_wconf 85' lang='lat' dir='ltr'><strong>vitam</strong></span> <span class='ocrx_word' id='word_1_765' title='bbox 1173 5527 1228 5584; x_wconf 92' lang='lat' dir='ltr'><strong>in</strong></span> <span class='ocrx_word' id='word_1_766' title='bbox 1268 5543 1376 5600; x_wconf 82' lang='lat' dir='ltr'><strong>qua</strong></span> <span class='ocrx_word' id='word_1_767' title='bbox 1423 5527 1573 5585; x_wconf 88' lang='lat' dir='ltr'><strong>velut</strong></span> <span class='ocrx_word' id='word_1_768' title='bbox 1610 5527 1662 5584; x_wconf 95' lang='lat' dir='ltr'><strong>in</strong></span> <span class='ocrx_word' id='word_1_769' title='bbox 1713 5542 1906 5586; x_wconf 87' lang='lat' dir='ltr'><strong>somno</strong></span> <span class='ocrx_word' id='word_1_770' title='bbox 1931 5530 2132 5587; x_wconf 87' lang='lat' dir='ltr'><strong>versati</strong></span> 
     </span>
    </p>
   </div>
   <div class='ocr_carea' id='block_1_103' title="bbox 536 5627 2135 5702">
    <p class='ocr_par' dir='ltr' id='par_1_103' title="bbox 536 5627 2135 5702">
     <span class='ocr_line' id='line_1_103' title="bbox 536 5627 2135 5702; baseline -0.006 -7"><span class='ocrx_word' id='word_1_771' title='bbox 536 5643 687 5695; x_wconf 85' lang='lat' dir='ltr'><strong>sunt.</strong></span> <span class='ocrx_word' id='word_1_772' title='bbox 723 5630 964 5700; x_wconf 85' lang='lat' dir='ltr'><strong>Domine,</strong></span> <span class='ocrx_word' id='word_1_773' title='bbox 991 5629 1046 5685; x_wconf 89' lang='lat' dir='ltr'><strong>in</strong></span> <span class='ocrx_word' id='word_1_774' title='bbox 1077 5629 1304 5685; x_wconf 81' lang='lat' dir='ltr'><strong>civitate.</strong></span> <span class='ocrx_word' id='word_1_775' title='bbox 1336 5627 1395 5686; x_wconf 93' lang='lat' dir='ltr'><strong>In</strong></span> <span class='ocrx_word' id='word_1_776' title='bbox 1419 5629 1629 5686; x_wconf 63' lang='lat' dir='ltr'><strong>caelesti</strong></span> <span class='ocrx_word' id='word_1_777' title='bbox 1682 5630 1868 5702; x_wconf 90' lang='lat' dir='ltr'><strong>utique</strong></span> <span class='ocrx_word' id='word_1_778' title='bbox 1915 5631 2135 5687; x_wconf 89' lang='lat' dir='ltr'><strong>Jerusa-</strong></span> 
     </span>
    </p>
   </div>
   <div class='ocr_carea' id='block_1_104' title="bbox 531 5730 2130 5808">
    <p class='ocr_par' dir='ltr' id='par_1_104' title="bbox 531 5730 2130 5808">
     <span class='ocr_line' id='line_1_104' title="bbox 531 5730 2130 5808; baseline -0.003 -14"><span class='ocrx_word' id='word_1_779' title='bbox 531 5740 662 5794; x_wconf 89' lang='lat' dir='ltr'><strong>lem.</strong></span> <span class='ocrx_word' id='word_1_780' title='bbox 697 5733 990 5805; x_wconf 85' lang='lat' dir='ltr'><strong>lmaginem</strong></span> <span class='ocrx_word' id='word_1_781' title='bbox 1038 5732 1272 5802; x_wconf 85' lang='lat' dir='ltr'><strong>ipsorum</strong></span> <span class='ocrx_word' id='word_1_782' title='bbox 1317 5731 1390 5786; x_wconf 87' lang='lat' dir='ltr'><strong>ad</strong></span> <span class='ocrx_word' id='word_1_783' title='bbox 1433 5731 1660 5787; x_wconf 80' lang='lat' dir='ltr'><strong>nihilum</strong></span> <span class='ocrx_word' id='word_1_784' title='bbox 1707 5733 1938 5808; x_wconf 87' lang='lat' dir='ltr'><strong>rediges.</strong></span> <span class='ocrx_word' id='word_1_785' title='bbox 1996 5730 2130 5790; x_wconf 88' lang='lat' dir='ltr'><strong>Cum</strong></span> 
     </span>
    </p>
   </div>
   <div class='ocr_carea' id='block_1_105' title="bbox 534 5831 2127 5908">
    <p class='ocr_par' dir='ltr' id='par_1_105' title="bbox 534 5831 2127 5908">
     <span class='ocr_line' id='line_1_105' title="bbox 534 5831 2127 5908; baseline 0.003 -16"><span class='ocrx_word' id='word_1_786' title='bbox 534 5834 880 5908; x_wconf 81' lang='lat' dir='ltr'><strong>pulsantibus</strong></span> <span class='ocrx_word' id='word_1_787' title='bbox 902 5833 986 5889; x_wconf 85' lang='lat' dir='ltr'><strong>his</strong></span> <span class='ocrx_word' id='word_1_788' title='bbox 1015 5831 1292 5890; x_wconf 69' lang='lat' dir='ltr'><strong>ewlestem</strong></span> <span class='ocrx_word' id='word_1_789' title='bbox 1345 5834 1574 5906; x_wconf 87' lang='lat' dir='ltr'><strong>regiam,</strong></span> <span class='ocrx_word' id='word_1_790' title='bbox 1625 5836 1783 5894; x_wconf 89' lang='lat' dir='ltr'><strong>dices</strong></span> <span class='ocrx_word' id='word_1_791' title='bbox 1810 5855 1822 5893; x_wconf 87' lang='lat'>:</span> <span class='ocrx_word' id='word_1_792' title='bbox 1854 5837 2127 5897; x_wconf 88' lang='lat' dir='ltr'><strong>Discedite</strong></span> 
     </span>
    </p>
   </div>
   <div class='ocr_carea' id='block_1_106' title="bbox 2329 4709 3834 4789">
    <p class='ocr_par' dir='ltr' id='par_1_106' title="bbox 2329 4709 3834 4789">
     <span class='ocr_line' id='line_1_106' title="bbox 2329 4709 3834 4789; baseline 0.007 -26"><span class='ocrx_word' id='word_1_793' title='bbox 2329 4717 2488 4789; x_wconf 40' lang='lat' dir='ltr'><strong>tatur.</strong></span> <span class='ocrx_word' id='word_1_794' title='bbox 2518 4725 2530 4762; x_wconf 92' lang='lat'><strong>:</strong></span> <span class='ocrx_word' id='word_1_795' title='bbox 2583 4709 2710 4780; x_wconf 83' lang='lat' dir='ltr'><strong>quia</strong></span> <span class='ocrx_word' id='word_1_796' title='bbox 2735 4709 3255 4789; x_wconf 76' lang='lat' dir='ltr'><strong>duplex_captivilas</strong></span> <span class='ocrx_word' id='word_1_797' title='bbox 3291 4709 3578 4789; x_wconf 71' lang='lat' dir='ltr'><strong>Sequitur;</strong></span> <span class='ocrx_word' id='word_1_798' title='bbox 3615 4709 3834 4777; x_wconf 65' lang='lat' dir='ltr'><strong>c&#39;arnalis</strong></span> 
     </span>
    </p>
   </div>
   <div class='ocr_carea' id='block_1_107' title="bbox 2329 4778 3032 4854">
    <p class='ocr_par' dir='ltr' id='par_1_107' title="bbox 2329 4778 3032 4854">
     <span class='ocr_line' id='line_1_107' title="bbox 2329 4778 3032 4854; baseline 0.007 -21"><span class='ocrx_word' id='word_1_799' title='bbox 2329 4778 2684 4846; x_wconf 46' lang='lat' dir='ltr'><strong>videlicet,‘et</strong></span> <span class='ocrx_word' id='word_1_800' title='bbox 2713 4781 3032 4854; x_wconf 89' lang='lat' dir='ltr'><strong>spiritualis.</strong></span> 
     </span>
    </p>
   </div>
   <div class='ocr_carea' id='block_1_108' title="bbox 2327 4915 3831 4999">
    <p class='ocr_par' dir='ltr' id='par_1_108' title="bbox 2327 4915 3831 4999">
     <span class='ocr_line' id='line_1_108' title="bbox 2327 4915 3831 4999; baseline 0.006 -27"><span class='ocrx_word' id='word_1_801' title='bbox 2327 4915 2546 4988; x_wconf 87' lang='lat' dir='ltr'><strong>thuid,</strong></span> <span class='ocrx_word' id='word_1_802' title='bbox 2582 4916 2747 4986; x_wconf 89' lang='lat' dir='ltr'><strong>Deus,</strong></span> <span class='ocrx_word' id='word_1_803' title='bbox 2781 4920 3023 4992; x_wconf 84' lang='lat' dir='ltr'><strong>repuliin</strong></span> <span class='ocrx_word' id='word_1_804' title='bbox 3065 4921 3119 4977; x_wconf 90' lang='lat' dir='ltr'><strong>in</strong></span> <span class='ocrx_word' id='word_1_805' title='bbox 3147 4922 3342 4993; x_wconf 75' lang='lat' dir='ltr'><strong>ﬁnem:</strong></span> <span class='ocrx_word' id='word_1_806' title='bbox 3383 4925 3551 4982; x_wconf 85' lang='lat' dir='ltr'><strong>iratus</strong></span> <span class='ocrx_word' id='word_1_807' title='bbox 3596 4937 3674 4984; x_wconf 85' lang='lat' dir='ltr'><strong>est</strong></span> <span class='ocrx_word' id='word_1_808' title='bbox 3701 4933 3831 4999; x_wconf 70' lang='lat' dir='ltr'><strong>furor</strong></span> 
     </span>
    </p>
   </div>
   <div class='ocr_carea' id='block_1_109' title="bbox 2249 5017 3828 5085">
    <p class='ocr_par' dir='ltr' id='par_1_109' title="bbox 2249 5017 3828 5085">
     <span class='ocr_line' id='line_1_109' title="bbox 2249 5017 3828 5085; baseline 0.006 -20"><span class='ocrx_word' id='word_1_809' title='bbox 2249 5019 2369 5066; x_wconf 85' lang='lat' dir='ltr'><strong>tuus</strong></span> <span class='ocrx_word' id='word_1_810' title='bbox 2401 5028 2557 5083; x_wconf 89' lang='lat' dir='ltr'><strong>super</strong></span> <span class='ocrx_word' id='word_1_811' title='bbox 2592 5028 2708 5069; x_wconf 84' lang='lat' dir='ltr'><strong>oves</strong></span> <span class='ocrx_word' id='word_1_812' title='bbox 2760 5030 2967 5085; x_wconf 78' lang='lat' dir='ltr'><strong>pascua:</strong></span> <span class='ocrx_word' id='word_1_813' title='bbox 2996 5025 3123 5072; x_wconf 76' lang='lat' dir='ltr'><strong>tute.</strong></span> <span class='ocrx_word' id='word_1_814' title='bbox 3174 5017 3506 5076; x_wconf 88' lang='lat' dir='ltr'><strong>Immensum</strong></span> <span class='ocrx_word' id='word_1_815' title='bbox 3549 5021 3828 5078; x_wconf 70' lang='lat' dir='ltr'><strong>Dominicz</strong></span> 
     </span>
    </p>
   </div>
   <div class='ocr_carea' id='block_1_110' title="bbox 2249 5104 3823 5182">
    <p class='ocr_par' dir='ltr' id='par_1_110' title="bbox 2249 5104 3823 5182">
     <span class='ocr_line' id='line_1_110' title="bbox 2249 5104 3823 5182; baseline 0.003 -23"><span class='ocrx_word' id='word_1_816' title='bbox 2249 5105 2466 5175; x_wconf 86' lang='lat' dir='ltr'><strong>pictatis</strong></span> <span class='ocrx_word' id='word_1_817' title='bbox 2493 5104 2696 5162; x_wconf 89' lang='lat' dir='ltr'><strong>donum</strong></span> <span class='ocrx_word' id='word_1_818' title='bbox 2735 5115 2840 5177; x_wconf 91' lang='lat' dir='ltr'><strong>est,</strong></span> <span class='ocrx_word' id='word_1_819' title='bbox 2890 5108 2982 5180; x_wconf 89' lang='lat' dir='ltr'><strong>qui</strong></span> <span class='ocrx_word' id='word_1_820' title='bbox 3026 5108 3106 5165; x_wconf 88' lang='lat' dir='ltr'><strong>sic</strong></span> <span class='ocrx_word' id='word_1_821' title='bbox 3151 5110 3389 5182; x_wconf 92' lang='lat' dir='ltr'><strong>repellit,</strong></span> <span class='ocrx_word' id='word_1_822' title='bbox 3453 5120 3515 5168; x_wconf 91' lang='lat' dir='ltr'><strong>ut</strong></span> <span class='ocrx_word' id='word_1_823' title='bbox 3569 5121 3823 5171; x_wconf 83' lang='lat' dir='ltr'><strong>revocet:</strong></span> 
     </span>
    </p>
   </div>
   <div class='ocr_carea' id='block_1_111' title="bbox 2244 5197 2905 5268">
    <p class='ocr_par' dir='ltr' id='par_1_111' title="bbox 2244 5197 2905 5268">
     <span class='ocr_line' id='line_1_111' title="bbox 2244 5197 2905 5268; baseline 0.002 -15"><span class='ocrx_word' id='word_1_824' title='bbox 2244 5197 2519 5268; x_wconf 90' lang='lat' dir='ltr'><strong>irascitur,</strong></span> <span class='ocrx_word' id='word_1_825' title='bbox 2545 5209 2603 5254; x_wconf 92' lang='lat' dir='ltr'><strong>nt</strong></span> <span class='ocrx_word' id='word_1_826' title='bbox 2625 5200 2905 5257; x_wconf 89' lang='lat' dir='ltr'><strong>emendet.</strong></span> 
     </span>
    </p>
   </div>
   <div class='ocr_carea' id='block_1_112' title="bbox 2315 5293 3821 5373">
    <p class='ocr_par' dir='ltr' id='par_1_112' title="bbox 2315 5293 3821 5373">
     <span class='ocr_line' id='line_1_112' title="bbox 2315 5293 3821 5373; baseline 0.003 -25"><span class='ocrx_word' id='word_1_827' title='bbox 2315 5293 2518 5350; x_wconf 81' lang='lat' dir='ltr'><strong>Memor</strong></span> <span class='ocrx_word' id='word_1_828' title='bbox 2543 5304 2650 5351; x_wconf 89' lang='lat' dir='ltr'><strong>esto</strong></span> <span class='ocrx_word' id='word_1_829' title='bbox 2669 5298 3094 5369; x_wconf 86' lang='lat' dir='ltr'><strong>congregationis</strong></span> <span class='ocrx_word' id='word_1_830' title='bbox 3120 5311 3225 5354; x_wconf 73' lang='lat' dir='ltr'><strong>tua!</strong></span> <span class='ocrx_word' id='word_1_831' title='bbox 3263 5315 3420 5371; x_wconf 86' lang='lat' dir='ltr'><strong>quam</strong></span> <span class='ocrx_word' id='word_1_832' title='bbox 3461 5301 3732 5373; x_wconf 78' lang='lat' dir='ltr'><strong>possedisti</strong></span> <span class='ocrx_word' id='word_1_833' title='bbox 3767 5296 3821 5353; x_wconf 73' lang='lat' dir='ltr'><strong>al!</strong></span> 
     </span>
    </p>
   </div>
   <div class='ocr_carea' id='block_1_113' title="bbox 2239 5385 3818 5465">
    <p class='ocr_par' dir='ltr' id='par_1_113' title="bbox 2239 5385 3818 5465">
     <span class='ocr_line' id='line_1_113' title="bbox 2239 5385 3818 5465; baseline 0.006 -25"><span class='ocrx_word' id='word_1_834' title='bbox 2239 5385 2410 5441; x_wconf 89' lang='lat' dir='ltr'><strong>initio.</strong></span> <span class='ocrx_word' id='word_1_835' title='bbox 2437 5386 2837 5445; x_wconf 74' lang='lat' dir='ltr'><strong>Ecclesiastica:</strong></span> <span class='ocrx_word' id='word_1_836' title='bbox 2858 5389 3049 5462; x_wconf 92' lang='lat' dir='ltr'><strong>utique</strong></span> <span class='ocrx_word' id='word_1_837' title='bbox 3073 5392 3524 5464; x_wconf 88' lang='lat' dir='ltr'><strong>congregationis</strong></span> <span class='ocrx_word' id='word_1_838' title='bbox 3564 5408 3720 5465; x_wconf 87' lang='lat' dir='ltr'><strong>quam</strong></span> <span class='ocrx_word' id='word_1_839' title='bbox 3741 5405 3818 5462; x_wconf 78' lang='lat' dir='ltr'><strong>pa-</strong></span> 
     </span>
    </p>
   </div>
   <div class='ocr_carea' id='block_1_114' title="bbox 2243 5479 3814 5556">
    <p class='ocr_par' dir='ltr' id='par_1_114' title="bbox 2243 5479 3814 5556">
     <span class='ocr_line' id='line_1_114' title="bbox 2243 5479 3814 5556; baseline 0.007 -20"><span class='ocrx_word' id='word_1_840' title='bbox 2243 5479 2630 5550; x_wconf 89' lang='lat' dir='ltr'><strong>triarcharum,</strong></span> <span class='ocrx_word' id='word_1_841' title='bbox 2683 5481 2800 5540; x_wconf 85' lang='lat' dir='ltr'><strong>sive</strong></span> <span class='ocrx_word' id='word_1_842' title='bbox 2841 5484 3256 5556; x_wconf 85' lang='lat' dir='ltr'><strong>prophetarum,</strong></span> <span class='ocrx_word' id='word_1_843' title='bbox 3305 5485 3394 5542; x_wconf 90' lang='lat' dir='ltr'><strong>vel</strong></span> <span class='ocrx_word' id='word_1_844' title='bbox 3437 5484 3814 5547; x_wconf 68' lang='lat' dir='ltr'><strong>vocationibns,</strong></span> 
     </span>
    </p>
   </div>
   <div class='ocr_carea' id='block_1_115' title="bbox 2242 5573 2950 5648">
    <p class='ocr_par' dir='ltr' id='par_1_115' title="bbox 2242 5573 2950 5648">
     <span class='ocr_line' id='line_1_115' title="bbox 2242 5573 2950 5648; baseline 0.007 -21"><span class='ocrx_word' id='word_1_845' title='bbox 2242 5573 2328 5630; x_wconf 92' lang='lat' dir='ltr'><strong>vel</strong></span> <span class='ocrx_word' id='word_1_846' title='bbox 2360 5573 2650 5632; x_wconf 84' lang='lat' dir='ltr'><strong>sacrificiis</strong></span> <span class='ocrx_word' id='word_1_847' title='bbox 2688 5573 2950 5648; x_wconf 83' lang='lat' dir='ltr'><strong>ﬁgurasti.</strong></span> 
     </span>
    </p>
   </div>
   <div class='ocr_carea' id='block_1_116' title="bbox 2311 5667 3812 5744">
    <p class='ocr_par' dir='ltr' id='par_1_116' title="bbox 2311 5667 3812 5744">
     <span class='ocr_line' id='line_1_116' title="bbox 2311 5667 3812 5744; baseline -0.001 -21"><span class='ocrx_word' id='word_1_848' title='bbox 2311 5667 2594 5725; x_wconf 85' lang='lat' dir='ltr'><strong>Redemisti</strong></span> <span class='ocrx_word' id='word_1_849' title='bbox 2613 5669 2816 5744; x_wconf 80' lang='lat' dir='ltr'><strong>virgam</strong></span> <span class='ocrx_word' id='word_1_850' title='bbox 2833 5670 3153 5728; x_wconf 78' lang='lat' dir='ltr'><strong>hcereditatis</strong></span> <span class='ocrx_word' id='word_1_851' title='bbox 3177 5681 3296 5728; x_wconf 75' lang='lat' dir='ltr'><strong>tute.</strong></span> <span class='ocrx_word' id='word_1_852' title='bbox 3320 5670 3481 5743; x_wconf 81' lang='lat' dir='ltr'><strong>Virga</strong></span> <span class='ocrx_word' id='word_1_853' title='bbox 3503 5667 3812 5730; x_wconf 68' lang='lat' dir='ltr'><strong>haereditatis</strong></span> 
     </span>
    </p>
   </div>
   <div class='ocr_carea' id='block_1_117' title="bbox 2240 5756 3807 5835">
    <p class='ocr_par' dir='ltr' id='par_1_117' title="bbox 2240 5756 3807 5835">
     <span class='ocr_line' id='line_1_117' title="bbox 2240 5756 3807 5835; baseline 0.003 -22"><span class='ocrx_word' id='word_1_854' title='bbox 2240 5756 2358 5827; x_wconf 89' lang='lat' dir='ltr'><strong>Dei,</strong></span> <span class='ocrx_word' id='word_1_855' title='bbox 2393 5759 2644 5816; x_wconf 86' lang='lat' dir='ltr'><strong>Christus</strong></span> <span class='ocrx_word' id='word_1_856' title='bbox 2667 5771 2776 5828; x_wconf 87' lang='lat' dir='ltr'><strong>est,</strong></span> <span class='ocrx_word' id='word_1_857' title='bbox 2804 5761 2949 5818; x_wconf 89' lang='lat' dir='ltr'><strong>sicut</strong></span> <span class='ocrx_word' id='word_1_858' title='bbox 2975 5761 3223 5820; x_wconf 67' lang='lat' dir='ltr'><strong>Jeremia:</strong></span> <span class='ocrx_word' id='word_1_859' title='bbox 3267 5763 3473 5820; x_wconf 87' lang='lat' dir='ltr'><strong>videnti</strong></span> <span class='ocrx_word' id='word_1_860' title='bbox 3515 5764 3807 5835; x_wconf 85' lang='lat' dir='ltr'><strong>vigilantem</strong></span> 
     </span>
    </p>
   </div>
   <div class='ocr_carea' id='block_1_118' title="bbox 2235 5852 3809 5931">
    <p class='ocr_par' dir='ltr' id='par_1_118' title="bbox 2235 5852 3809 5931">
     <span class='ocr_line' id='line_1_118' title="bbox 2235 5852 3809 5931; baseline 0.003 -23"><span class='ocrx_word' id='word_1_861' title='bbox 2235 5852 2447 5925; x_wconf 89' lang='lat' dir='ltr'><strong>virgam</strong></span> <span class='ocrx_word' id='word_1_862' title='bbox 2475 5852 2675 5912; x_wconf 86' lang='lat' dir='ltr'><strong>dicitur</strong></span> <span class='ocrx_word' id='word_1_863' title='bbox 2705 5872 2718 5909; x_wconf 90' lang='lat'>:</span> <span class='ocrx_word' id='word_1_864' title='bbox 2755 5854 2903 5913; x_wconf 88' lang='lat' dir='ltr'><strong>Bene</strong></span> <span class='ocrx_word' id='word_1_865' title='bbox 2932 5855 3107 5928; x_wconf 89' lang='lat' dir='ltr'><strong>vides,</strong></span> <span class='ocrx_word' id='word_1_866' title='bbox 3156 5856 3282 5930; x_wconf 91' lang='lat' dir='ltr'><strong>quia</strong></span> <span class='ocrx_word' id='word_1_867' title='bbox 3315 5856 3484 5931; x_wconf 88' lang='lat' dir='ltr'><strong>vigilo</strong></span> <span class='ocrx_word' id='word_1_868' title='bbox 3513 5871 3617 5931; x_wconf 87' lang='lat' dir='ltr'><strong>ego</strong></span> <span class='ocrx_word' id='word_1_869' title='bbox 3664 5869 3809 5929; x_wconf 84' lang='lat' dir='ltr'><strong>super</strong></span> 
     </span>
    </p>
   </div>
  </div>
