4016 6362
210 294 372 352 ξοδδ

1132 296 1565 359 BREVIARIUM
1604 297 1669 357 IN
1710 296 2046 360 PSALMOS.
2088 299 2337 361 PSALM.
2381 300 2617 363 LXXtV.

3384 285 3521 368 lost

214 408 488 480 populum
510 421 690 464 meum
721 406 939 481 (Jerem.
970 411 1050 480 t);
1102 422 1158 469 et
1205 414 1403 471 iterum
1432 433 1447 471 :
1474 415 1821 487 |Egredietur
1847 416 1899 477 A
1926 430 2023 487 per
2050 416 2262 490 signum
2292 420 2496 486 crucis,
2541 434 2679 491 quos
2713 418 2865 491 prius
2909 417 3267 477 devoraverat
3317 421 3370 477 in
3400 437 3527 494 per-

213 502 378 572 virga
401 500 472 557 de
507 499 689 557 radice
706 499 888 572 Jesse,
909 511 964 559 et
977 503 1077 560 llos
1094 507 1163 562 de
1182 508 1371 565 radice
1391 509 1514 578 ejus
1538 509 1817 578 ascendet,

213 603 277 651 et
304 594 482 665 ipsum
511 603 705 667 gentes
733 595 1186 668 deprecabuntur
1223 601 1361 676 (Isa.
1394 601 1496 676 xi).
1530 603 1668 660 'llzec
1690 619 1823 674 ergo

214 689 373 762 virga
411 689 647 745 liberata
686 700 769 747 est
810 706 838 745 a
871 696 1631 768 persequentibusjiuimicis.
1666 696 1822 752 Mons

218 782 360 839 Sion
407 785 461 839 in
514 801 619 856 quo
663 784 919 842 ltubitasti
940 788 998 843 in
1024 804 1105 845 eo.
1135 789 1269 847 Sive
1290 791 1343 846 in
1376 803 1662 863 assumpto
1693 806 1820 848 cor-

215 893 384 948 pore,
414 878 532 935 sive
553 878 607 935 in
636 879 910 938 Ecclesia.
934 882 1240 956 Utrumque
1266 885 1412 942 enim
1459 886 1529 943 ad
1578 896 1820 944 montem

212 971 461 1045 pertinet
486 980 761 1029 sanctum.

291 1066 434 1122 Leva
456 1083 644 1123 manus
664 1076 782 1123 tuas
803 1068 858 1125 in
899 1070 1167 1143 superbias
1213 1088 1394 1127 eorum
1416 1074 1472 1128 in
1506 1075 1683 1144 finem.
1716 1073 1822 1142 Qui

216 1163 525 1223 Ecclesium
580 1175 731 1222 tuam
771 1167 1095 1238 impugnare
1138 1168 1660 1237 conantur.Quanta
1708 1185 1824 1223 ma-

219 1260 451 1331 lignatus
481 1270 552 1315 est
576 1260 816 1315 inimicus
837 1261 891 1315 in
914 1260 1134 1321 sancto!
1157 1261 1227 1319 Ut
1255 1261 1356 1318 ltos
1382 1262 1542 1317 malis
1564 1261 1821 1319 consiliis

216 1350 473 1407 homines
504 1363 890 1424 persecutores
917 1369 1108 1409 eorum
1131 1353 1401 1410 efﬁceret.

294 1442 365 1496 Et
392 1442 603 1514 gloriati
626 1452 746 1499 sunt
775 1445 866 1512 qui
905 1444 1122 1498 oderunt
1149 1454 1220 1513 te,
1250 1444 1642 1501 elc.lustiuctu
1669 1444 1820 1501 enim

215 1535 430 1593 diaboli
456 1536 766 1607 gloriantur
798 1553 812 1591 :
839 1551 961 1593 cum
986 1537 1040 1593 in
1066 1537 1249 1593 odium
1271 1536 1391 1604 Dei,
1421 1544 1646 1593 sanctos
1676 1552 1821 1592 mar-

217 1635 376 1699 tyres
407 1627 588 1699 poenis
618 1626 888 1700 afﬂigunt.

292 1720 643 1779 Incenderunt
668 1723 780 1795 igni
804 1724 1165 1777 sanctuarium
1191 1731 1338 1777 tuum
1374 1724 1429 1779 in
1474 1734 1610 1778 terra
1643 1738 1663 1777 :
1706 1722 1821 1793 pol—

1925 513 2269 569 suasionibus
2297 514 2470 571 vanis.

1999 604 2076 659 Tu
2104 606 2352 679 dirupisti
2372 610 2562 680 fontes,
2611 616 2721 665 etc.
2773 607 3089 682 Apostolos,
3146 610 3234 666 vel
3285 610 3522 683 reliquos

1926 696 2338 765 praedicatores.

1996 788 2137 845 Tuus
2184 800 2258 846 est
2285 791 2416 860 dies,
2458 802 2509 846 et
2552 802 2644 847 tua
2664 802 2740 848 est
2789 810 2915 849 nox.
2952 792 3184 851 Claritas
3220 795 3523 868 Evangelii,

1924 878 2010 933 vel
2038 879 2347 936 obscuritas
2369 881 2531 952 Legis
2560 901 2574 937 :
2608 884 2734 953 quia
2777 892 2829 941 te
2855 895 3089 957 utraqtte
3135 889 3515 958 pronuntiant.

1925 969 2005 1024 Ta
2032 970 2203 1041 fecisti
2228 973 2409 1028 solem.
2434 973 2719 1031 Hominem
2759 975 2911 1032 illum
2938 992 3037 1048 per
3057 994 3223 1049 quem
3269 980 3525 1037 sedentes

1923 1061 1978 1116 in
2004 1062 2246 1120 tenebris
2276 1064 2447 1119 lucem
2478 1065 2736 1122 viderunt
2766 1082 3040 1140 magnam.
3072 1069 3142 1124 Et
3163 1072 3363 1127 lunam.
3413 1072 3524 1129 Ec.

1923 1154 2167 1223 clesiam,
2187 1171 2311 1228 quae
2337 1158 2390 1213 in
2421 1158 2842 1216 obscuritatibus
2863 1163 3049 1219 saeculi
3081 1164 3246 1220 lucet.

1999 1245 2077 1301 Tu
2119 1249 2290 1319 fecisti
2336 1266 2511 1305 omnes
2540 1251 2785 1308 terminos
2836 1263 3007 1309 terrm.
3058 1255 3219 1312 lussu
3250 1258 3393 1313 enim
3428 1266 3524 1314 tuo

1923 1347 2118 1395 cuncta
2148 1347 2330 1396 creata
2362 1350 2508 1396 sunt.
2541 1340 2829 1409 distamus,
2863 1355 2912 1399 et
2932 1361 3019 1400 ver
3046 1357 3101 1401 tu
3123 1348 3392 1418 plasmasti
3436 1366 3520 1406 ea.

1923 1433 2264 1505 Quamquam
2305 1444 2363 1490 et
2408 1444 2654 1506 tempora
2704 1435 2855 1501 anni,
2913 1445 2970 1492 et
3020 1439 3204 1493 omnia
3255 1441 3525 1497 elementa

1924 1524 2111 1581 mundi
2162 1527 2302 1582 Deus
2339 1525 2554 1596 fecerit,
2605 1536 2783 1584 tamen
2830 1529 3132 1585 secundum
3179 1530 3520 1603 allegoriam,

1922 1633 2020 1674 ver
2038 1617 2294 1687 dicimus,
2318 1634 2441 1674 cum
2458 1618 2592 1690 justi
2628 1620 2683 1675 in
2712 1619 2816 1675 hoc
2841 1622 3044 1677 saeculo
3075 1622 3236 1677 bonis
3261 1624 3524 1694 operibus

1924 1710 2122 1769 ﬂorent
2150 1730 2164 1771 :
2196 1712 2475 1782 ίΕεεαιεηι,
2527 1728 2652 1770 cum
2696 1712 2933 1771 fructum
2987 1716 3189 1774 laboris
3232 1718 3314 1773 sui
3346 1712 3527 1789 percic

215 1816 432 1872 luerunt
491 1816 878 1871 tabernaculum
917 1817 1143 1871 nominis
1188 1817 1284 1883 tui,
1330 1825 1440 1873 etc.
1475 1815 1640 1871 Facta
1692 1823 1823 1871 sunt
1849 1806 1897 1867 Β
1925 1806 2099 1877 pium.

215 1910 437 1983 quidem
462 1909 579 1966 haec
600 1908 897 1966 secundum
920 1909 1205 1966 historiam
1232 1929 1243 1965 :
1268 1910 1353 1966 vel
1382 1925 1505 1967 cum
1533 1909 1822 1966 Nabucho-

216 2005 466 2062 donosor
486 2020 584 2062 eos
612 2004 838 2062 adduxit
881 2005 936 2060 in
976 2004 1331 2077 Babyloniam
1390 2004 1467 2078 (tv
1493 2003 1625 2077 Reg.
1664 2002 1821 2076 xxv),

216 2098 308 2154 vel
360 2112 483 2154 cum
537 2097 693 2153 Titus
732 2095 1234 2168 Vespasianusque,
1291 2110 1552 2152 succensa
1595 2095 1823 2152 civitate

216 2204 344 2246 cum
380 2187 610 2261 templo,
635 2186 986 2243 multitudine
1014 2187 1199 2259 gladio
1229 2196 1521 2259 prostrata,
1547 2185 1819 2257 reliquum

216 2282 416 2352 vulgus
466 2281 742 2351 captivum
791 2280 1037 2337 abduxit.
1071 2279 1181 2337 Sed
1211 2288 1266 2336 et
1295 2278 1459 2335 modo
1513 2277 1820 2335 cavendum

217 2383 325 2441 est,
361 2389 431 2430 ne
460 2371 607 2445 quod
638 2381 768 2430 tunc
795 2372 1026 2444 contigit
1053 2371 1441 2446 ierosolymas,
1493 2370 1822 2428 Christianae

218 2483 369 2524 nunc
414 2466 635 2525 eveniat
684 2465 827 2539 plebi
857 2485 872 2522 :
905 2468 1048 2524 sicut
1095 2466 1350 2539 superius
1393 2468 1497 2522 isto
1545 2465 1823 2524 versiculo

218 2577 379 2633 quem
412 2561 809 2633 prmterivimus
828 2560 1107 2633 quomodo
1136 2560 1275 2617 dixit
1306 2578 1320 2615 :
1355 2558 1824 2632 Posueruntsigna

218 2671 337 2721 sua,
366 2664 417 2709 et
444 2655 594 2727 signa
620 2671 726 2709 non
752 2662 1124 2728 cognoverunt,
1155 2653 1290 2709 sicut
1318 2654 1375 2708 in
1403 2653 1546 2708 exitu
1567 2653 1785 2725 desuper
1802 2669 1821 2707 :

219 2746 301 2803 sic
321 2745 606 2819 Babylonii
627 2745 681 2802 in
707 2747 1082 2817 arrogantiam
1104 2745 1352 2802 victoria:
1366 2753 1578 2801 tumore
1594 2743 1819 2813 sublati,

219 2837 276 2895 in
308 2838 513 2909 templo
538 2847 630 2894 tuo
659 2838 812 2910 signa
835 2851 935 2893 sua
969 2848 1295 2909 posuerunt,
1335 2836 1612 2909 quomodo
1642 2836 1824 2893 solent

219 2946 387 3004 super
412 2939 692 3003 portarum
714 2932 952 2988 fornices
981 2933 1049 2988 de
1080 2931 1333 2989 hostibus
1357 2930 1601 3003 tropbrea
1625 2931 1824 2989 consti—

222 3023 321 3078 tui.
351 3022 509 3091 Quod
549 3023 914 3095 Symmachus
939 3023 1156 3095 planius
1180 3023 1575 3096 interpretatus
1598 3032 1707 3092 est,
1733 3024 1820 3079 di-

220 3131 350 3174 cens
378 3135 392 3171 :
429 3116 722 3174 Posuerunt
749 3119 902 3191 signa
922 3134 1020 3173 sua
1044 3117 1319 3189 manifeste
1343 3121 1399 3173 in
1423 3116 1588 3186 edito,
1627 3118 1684 3172 in
1729 3117 1819 3172 in-

2000 1899 2203 1955 Memor
2221 1911 2329 1956 esto
2359 1900 2544 1974 hujus,
2582 1902 2821 1958 inimicus
2863 1903 3227 1977 impmperavit
3275 1905 3527 1977 Domino,

1924 2000 1973 2046 et
1995 1993 2223 2065 populus
2258 1994 2510 2063 insipiens
2538 1994 2771 2050 incitavit
2821 2012 3008 2052 nomen
3064 2008 3229 2052 tuum.
3264 1996 3422 2055 Stant
3450 2000 3530 2055 tui

1925 2095 2197 2159 martyres
2222 2087 2275 2143 in
2300 2103 2499 2160 agone,
2533 2089 2870 2160 intproperat
2907 2089 3180 2157 diabolus,
3229 2091 3529 2148 exacerbat

1923 2179 2152 2250 gentilis
2197 2179 2452 2251 populus.
2489 2180 2593 2248 Tu,
2647 2181 2899 2250 Domine,
2928 2197 3141 2239 memor
3168 2192 3289 2241 esto
3331 2200 3525 2241 eorum
3614 2173 3619 2179 ’

1923 2270 2018 2342 qui
2049 2272 2123 2328 ob
2150 2287 2392 2328 amorem
2416 2272 2660 2330 nominis
2691 2274 2767 2330 tui
2800 2275 2925 2330 talia
2954 2275 3249 2346 patiuntur.

2000 2363 2084 2418 Ne
2107 2365 2284 2420 tradas
2309 2365 2482 2421 bestiis
2505 2367 2708 2420 animas
2734 2367 3033 2437 conﬁtentes
3061 2367 3173 2424 tibi.
3197 2367 3242 2425 Ο
3267 2368 3510 2437 diabole,

1924 2470 1960 2513 ο
1982 2456 2218 2513 ministri
2246 2457 2471 2527 diaboli,
2503 2460 2594 2530 qui
2623 2474 2730 2516 non
2759 2460 2921 2517 vultis
2957 2474 3188 2532 corpora
3220 2461 3517 2530 devorare,

1924 2554 2020 2611 sed
2051 2555 2286 2610 animas.
2346 2554 2498 2611 Tunc
2526 2556 2673 2612 enim
2705 2556 2886 2613 anima
2932 2556 3232 2613 devoratur
3272 2574 3374 2614 ore
3425 2560 3523 2615 be-

1926 2647 2070 2716 stiae,
2096 2663 2216 2705 cum
2243 2648 2655 2706 conniventiam
2690 2652 2903 2722 praebet
2926 2650 3210 2708 diabolicae
3231 2653 3523 2710 voluntati.

1926 2740 2144 2796 Animas
2164 2758 2451 2814 pauperum
2478 2752 2687 2799 tuorum
2710 2760 2773 2799 ne
2792 2745 3117 2801 obliviscaris
3142 2747 3197 2801 in
3226 2747 3404 2817 finem.
3457 2749 3527 2804 Et

1925 2833 1974 2891 si
1996 2834 2062 2891 ad
2086 2834 2276 2891 horam
2305 2835 2614 2893 subdantur
2634 2838 3097 2908 tribulationibus,
3119 2857 3229 2897 non
3254 2851 3518 2913 pereant;

1926 2926 2024 2982 sed
2055 2928 2267 2996 probati
2300 2929 2574 2985 manifesti
2600 2927 2755 2985 ﬁant.

1999 3019 2218 3091 Respice
2258 3022 2314 3075 in
2361 3031 2722 3078 testamentum
2760 3032 2935 3092 tuum,
2973 3026 3097 3096 quia
3142 3028 3330 3099 repleti
3373 3036 3517 3096 sunt,

1925 3113 2015 3184 qui
2046 3113 2301 3168 obscurali
2326 3122 2445 3169 sunt
2477 3126 2632 3171 terra:
2655 3115 2825 3170 dumis
2848 3116 3205 3189 iniquitatum.
3239 3119 3396 3175 Dumi
3426 3120 3517 3175 in-

222 3211 688 3284 (mimponarum,
718 3211 863 3284 Ergo
895 3211 1093 3270 habeat
1120 3213 1496 3285 unusquisque
1548 3221 1817 3279 nostrum,
1850 3194 1897 3260 C
1931 3214 2304 3278 terpretantur
2327 3209 2513 3278 spinae.
2545 3206 2613 3262 lli
2643 3223 2774 3280 ergo
2811 3209 2906 3279 qui
2937 3209 3373 3268 obscuraverunt
3401 3228 3523 3282 per-

221 3306 276 3362 in
333 3307 503 3363 corde
564 3321 686 3373 suo,
742 3305 1002 3363 vexillum
1051 3308 1232 3365 erucis
1288 3326 1303 3363 :
1359 3322 1467 3363 non
1525 3307 1825 3364 adversarii

223 3398 468 3471 signum,
488 3415 558 3455 ne
587 3398 708 3470 ejus
734 3402 915 3457 securi
947 3401 1261 3458 succidatur
1282 3415 1311 3455 a
1343 3399 1541 3472 gratia,
1571 3400 1667 3457 sed
1689 3400 1825 3457 falce

224 3495 539 3566 evangelica
567 3504 829 3567 purgetur
848 3493 915 3550 ad
946 3495 1197 3567 gloriam.
1236 3493 1356 3550 Non
1384 3493 1748 3551 suceendatur
1768 3493 1823 3549 in

224 3587 706 3659 concupiscentiis,
747 3588 845 3644 sed
876 3586 1213 3643 accendatur
1238 3602 1266 3641 a
1300 3586 1682 3658 spiritualibus
1729 3599 1822 3641 sa-

224 3680 545 3737 oramentis.
577 3679 692 3735 Non
729 3679 1002 3751 polluatur
1028 3680 1199 3748 vitiis,
1247 3680 1347 3737 sed
1397 3680 1689 3736 virtutibus
1732 3694 1823 3736 re-

222 3772 456 3844 pleatur.
514 3771 628 3828 Nec
680 3773 957 3829 existimet
1003 3772 1176 3829 Deum
1241 3772 1444 3842 aliquid
1497 3787 1606 3829 non
1663 3786 1825 3843 posse

222 3878 576 3935 cognoscere,
590 3863 688 3920 sed
704 3864 1034 3920 conﬁteatur
1048 3864 1185 3920 nihil
1199 3864 1376 3921 oculis
1397 3864 1516 3936 ejus
1540 3864 1821 3920 abscondi.

223 3954 512 4013 Postremo
558 3971 666 4012 non
705 3957 947 4027 prtebeat
989 3972 1319 4015 consensum
1366 3957 1420 4014 iu
1477 3958 1825 4030 improperiis

224 4046 454 4113 diaboli,
485 4046 582 4104 sed
611 4047 878 4119 gloriﬁcet
905 4065 1105 4105 nomen
1140 4050 1234 4107 Dei
1257 4050 1365 4107 sui.

300 4140 370 4196 Ut
395 4141 523 4211 quid
548 4143 736 4197 avertis
758 4158 969 4198 manum
1005 4153 1168 4213 tuam,
1197 4154 1245 4200 et
1274 4144 1541 4199 dexteram
1582 4152 1723 4200 tuam
1762 4144 1825 4200 de

226 4234 399 4289 medio
420 4235 542 4291 sinu
567 4235 729 4290 tuoin
750 4235 946 4305 ﬁnem?
972 4233 1135 4291 Sinus
1164 4244 1251 4292 est
1282 4236 1648 4292 sanctuarium
1680 4236 1823 4307 ejus,

225 4326 368 4382 sicut
391 4340 491 4397 per
511 4324 677 4381 alium
717 4326 795 4380 ait
838 4324 1187 4397 prophetam.
1235 4326 1392 4383 Sicut
1437 4328 1583 4383 enim
1638 4335 1826 4399 pastor

223 4434 445 4491 gregem
477 4433 637 4474 suum
669 4417 840 4484 fovet,
869 4427 924 4473 et
952 4416 1094 4474 fetus
1128 4418 1182 4473 in
1205 4418 1327 4474 sinu
1355 4426 1573 4489 portat:
1602 4419 1684 4476 sic
1710 4420 1823 4476 Do-

225 4512 405 4568 minus
428 4511 640 4582 plebem
663 4524 821 4566 suam
849 4518 1065 4580 vegetat
1096 4508 1229 4580 (Isa.
1257 4509 1376 4582 XL).
1406 4510 1558 4567 Tunc
1590 4527 1721 4584 ergo
1758 4512 1826 4569 ab

1928 3300 2441 3357 secutionibussuis
2475 3310 2682 3358 terram
2713 3312 2879 3374 tuam,
2899 3306 3091 3376 repleti
3114 3316 3245 3362 sunt
3269 3308 3520 3365 sentibus

1927 3393 2252 3465 iniquitatis.
2282 3394 2367 3450 Tu.
2394 3409 2549 3466 vero,
2578 3395 2829 3467 Domine,
2868 3399 2960 3470 qui
2988 3413 3086 3469 per
3110 3399 3528 3458 Testamentum

1928 3496 2104 3555 tuum,
2133 3488 2249 3545 sive
2274 3498 2457 3556 vetus,
2489 3489 2607 3545 sive
2659 3505 2885 3559 novum,
2938 3493 3062 3564 quia
3094 3501 3383 3565 utrumque
3411 3510 3440 3549 a
3476 3503 3529 3551 te

1926 3585 2217 3655 processit,
2250 3592 2308 3641 et
2329 3583 2483 3655 quasi
2516 3600 2684 3640 unum
2717 3582 2971 3655 habetuf,
3010 3587 3312 3658 promisisti
3343 3598 3525 3660 prote-

1886 3662 1895 3673 ⁷
1927 3691 2056 3746 gere
2088 3683 2233 3744 tuos,
2264 3677 2493 3733 succisis
2525 3691 2670 3733 nunc
2691 3676 2891 3748 spinis,
2921 3694 3052 3736 erue
3080 3695 3203 3736 nos.

2001 3766 2086 3823 Ne
2109 3776 2368 3823 avertatur
2393 3768 2603 3823 humilis
2633 3772 2802 3841 factus
2831 3773 3102 3842 confusus.
3141 3772 3260 3828 Non
3289 3773 3517 3830 oblivis-

1930 3870 2084 3919 catur
2113 3878 2141 3917 a
2171 3872 2254 3931 te,
2288 3864 2377 3934 qui
2424 3865 2477 3919 in
2519 3863 2970 3921 tribulationibus
3013 3865 3201 3922 multis
3250 3868 3522 3925 atteritur.

1931 3953 2150 4027 Pauper
2170 3964 2217 4011 et
2236 3956 2388 4027 inops
2410 3954 2699 4010 laudabunt
2718 3972 2901 4012 nomen
2922 3965 3083 4012 luunt.
3101 3957 3234 4014 Cum
3256 3959 3526 4031 promissa

1929 4055 2019 4104 tua
2052 4048 2417 4120 perceperint.

2005 4138 2262 4213 Exsurge,
2283 4137 2449 4210 Deus,
2460 4141 2492 4213 j
2500 4141 2652 4195 ndica
2673 4158 2883 4198 causam
2903 4152 3067 4201 tuam.
3085 4144 3189 4201 Pro
3214 4143 3300 4201 his
3327 4145 3530 4217 impro—

1932 4232 2098 4303 periis
2127 4249 2247 4304 qua:
2271 4234 2358 4291 vel
2382 4242 2438 4290 tu
2465 4236 2766 4293 sustinuisti
2796 4252 2895 4309 pro
2917 4239 3094 4306 nobis,
3126 4240 3214 4295 vel
3247 4256 3390 4297 nunc
3417 4239 3526 4299 Ec.

1928 4325 2095 4381 clesia
2136 4326 2389 4383 sustinet.
2415 4324 2618 4383 Memor
2646 4338 2755 4384 esto
2798 4330 3234 4402 impra‘periorum
3278 4343 3484 4389 tuorum
3509 4352 3528 4389 :

1929 4433 2109 4474 eorum
2137 4436 2251 4490 qua:
2278 4419 2342 4474 ab
2380 4420 2662 4492 insipiente
2706 4432 2827 4479 sunt
2864 4432 2972 4479 tota
2999 4426 3105 4480 die.
3138 4423 3208 4483 Ut
3239 4426 3290 4482 in
3325 4426 3530 4499 judicio

1930 4512 2352 4569 confundantur.

222 4605 332 4661 hoc
370 4603 514 4667 sinu,
564 4602 649 4658 vel
690 4602 1115 4672 inspectionem,
1161 4602 1251 4659 vel
1312 4604 1611 4674 potentiam
1668 4618 1818 4661 suam
1847 4594 1903 4656 D
2000 4605 2083 4661 Ne
2128 4605 2444 4662 obliviscaris
2488 4622 2635 4663 voces
2671 4607 3002 4663 inimicorum
3050 4619 3275 4665 tuorum.
3328 4610 3431 4680 Qui
3474 4622 3528 4670 te

223 4695 446 4762 avertit,
468 4709 591 4750 cum
619 4695 1034 4765 peccaverimus
1063 4696 1117 4750 in
1140 4710 1286 4752 eum.

300 4785 446 4843 Deus
466 4796 636 4843 autem
667 4804 762 4843 rea;
784 4796 956 4843 noster
974 4797 1095 4844 ante
1110 4790 1322 4845 stacttla.
1357 4788 1513 4848 Sicut
1535 4805 1637 4863 per
1667 4791 1825 4850 Salo-

225 4897 445 4940 monem
473 4897 540 4938 ex
560 4881 853 4953 sapientia,
883 4898 1007 4955 qua:
1054 4893 1137 4941 est
1175 4884 1445 4954 Christus,
1478 4886 1604 4942 dicit
1638 4885 1823 4942 :Con-

226 4976 364 5033 didit
394 4992 481 5033 me
513 4977 566 5033 in
596 4977 754 5034 initio
778 4978 989 5034 viarum
1023 4993 1264 5048 suarum,
1290 4990 1417 5037 ante
1468 4981 1666 5037 sacrula
1704 4982 1827 5038 fun-

226 5069 378 5125 davit
405 5084 493 5126 me
521 5067 693 5139 (Eccl.
719 5067 891 5143 xxiv).
920 5070 1179 5143 Operatus
1213 5082 1288 5128 est
1312 5074 1533 5129 salutem
1560 5074 1629 5130 'in
1656 5076 1824 5130 medio

226 5168 398 5214 teri-te.
421 5158 547 5215 Sive
574 5162 628 5215 in
652 5159 842 5217 Judma
869 5176 991 5232 qua:
1012 5162 1257 5220 medium
1283 5171 1442 5219 terrae
1463 5162 1687 5232 dicitur,
1716 5165 1831 5222 sive

232 5252 285 5309 in
315 5260 472 5308 utero
499 5251 772 5324 virginali.

299 5344 381 5400 Tu
402 5346 725 5416 conﬁrmasti
775 5346 831 5401 in
871 5347 1061 5403 virtute
1105 5357 1195 5404 tua
1220 5366 1385 5405 mare.
1417 5348 1713 5417 Smculum,
1743 5350 1830 5406 vel

184 5480 189 5485 .
227 5451 347 5509 qum
377 5436 430 5491 in
461 5451 529 5493 eo
564 5447 715 5493 sunt.
771 5436 851 5493 Tu
900 5441 1200 5513 confregisti
1250 5443 1425 5514 capita
1469 5443 1715 5497 draconis
1770 5444 1827 5498 in

230 5528 397 5600 aquis.
431 5528 736 5585 Potentiam
773 5529 1168 5588 daemoniorum
1216 5533 1270 5588 in
1320 5534 1593 5603 baptismo
1639 5535 1823 5606 subje-

229 5621 373 5678 cisti.
405 5619 487 5675 Tu
516 5623 813 5695 confregisti
838 5626 1012 5697 capita
1040 5626 1286 5681 draconis
1308 5627 1365 5680 in
1403 5627 1547 5698 aquis
1584 5643 1601 5680 :
1633 5627 1688 5682 id
1722 5639 1830 5698 est,

231 5714 458 5774 diaboli.
493 5713 557 5769 Et
587 5716 778 5772 dedisti
797 5734 914 5773 eum
951 5736 1119 5775 escam
1148 5719 1358 5792 papulis
1397 5718 1733 5794 xEthiopum.
1764 5723 1834 5781 Ut

230 5824 388 5869 versa
421 5808 540 5866 vice
565 5808 634 5864 ab
655 5808 740 5866 bis
763 5809 1145 5881 det-oraretur,
1198 5812 1321 5871 sive
1348 5818 1828 5887 comminueretur,

561 5902 837 5964 ΡΑτιιοι.
887 5903 1124 5966 XXVI.

1928 4697 2116 4771 utique
2147 4698 2200 4755 in
2233 4698 2594 4770 praesentibus
2626 4701 2896 4771 pressuris
2924 4701 3206 4768 invocant,
3238 4704 3527 4760 consolen«

1932 4805 2021 4850 tur
2056 4808 2084 4848 a
2134 4802 2206 4849 lc.
2238 4792 2501 4865 Superbia
2536 4808 2715 4848 eorum
2744 4834 2758 4861 ,
2794 4793 2886 4866 qui
2929 4804 2976 4848 te
3012 4794 3264 4860 oderunt,
3298 4796 3528 4851 ascendit

1930 4902 2149 4960 semper.
2178 4884 2289 4941 Nisi
2319 4886 2463 4941 enim
2496 4900 2685 4941 eorum
2717 4886 2976 4957 superbia
3006 4885 3294 4942 ascendat:
3329 4888 3382 4941 lii
3415 4902 3524 4944 non

1936 4978 2309 5033 humiliantur.
2341 4975 2431 5033 Sic
2461 4978 2607 5033 enim
2638 4986 2694 5034 et
2714 4976 2976 5033 Dominus
3004 4980 3059 5033 in
3088 4977 3411 5051 Apocalypsi
3442 4981 3527 5036 di-

1934 5069 2042 5125 cit:
2066 5069 2269 5140 Impius
2293 5070 2465 5140 impie
2494 5080 2639 5142 agat,
2664 5079 2720 5126 et
2749 5070 2966 5141 iniquus
2989 5072 3220 5142 amplius
3243 5071 3412 5128 faciat
3432 5073 3530 5130 ini-

1936 5162 2198 5233 quitatem
2233 5161 2419 5234 (Apoc.
2448 5162 2606 5234 xxii).
2640 5163 2782 5219 Ecce
2807 5178 2908 5234 ego
2933 5162 3093 5224 venio
3122 5164 3252 5231 cito,
3296 5172 3352 5220 et
3382 5182 3530 5222 mer-

1936 5268 2028 5311 ces
2060 5269 2180 5310 mea
2213 5269 2448 5310 mecum.
2478 5253 2588 5311 Nos
2617 5270 2833 5327 quoque
2855 5256 3125 5327 supplices
3148 5257 3531 5328 deprecamur,

1940 5346 2192 5416 Domine,
2219 5356 2279 5401 ut
2304 5354 2524 5416 ereptos
2553 5362 2653 5402 nos
2686 5349 2756 5403 ab
2781 5347 2950 5418 spinis
2977 5347 3318 5419 iniquitatum
3342 5390 3358 5415 ,
3387 5365 3417 5405 a
3445 5365 3537 5406 su-

1937 5441 2144 5514 perbia:
2176 5442 2416 5498 ruinosae
2456 5441 2724 5499 cothurno
2744 5485 2757 5510 ,
2788 5450 2913 5515 post
2941 5442 3128 5500 mundi
3157 5452 3533 5517 contemptum

1930 5533 2180 5591 attollere
2201 5532 2440 5605 digneris
2466 5534 2519 5589 in
2548 5535 2769 5591 caelum.

2430 5650 2749 5709 PSALMUS
2799 5650 3038 5712 LXXIV.

1942 5750 2007 5806 In
2051 5752 2209 5823 finem
2237 5795 2251 5821 ,
2298 5749 2373 5803 ἠε
2426 5765 2726 5819 corrumpas
2750 5789 2777 5823 ,_
2812 5747 3042 5823 psalmus
3088 5745 3291 5806 Cantici
3333 5751 3534 5823 Asaph.

2016 5820 2406 5895 interpretatur
2440 5836 2725 5893 synagoga.
2759 5820 2817 5877 In
2860 5821 3123 5887 llebraco,
3155 5837 3262 5879 non
3295 5820 3454 5881 habet
3483 5825 3537 5881 in

3022 5914 3101 5976 33
