4016 6326
520 302 660 366 4055

592 426 768 497 ﬁnem,
798 416 892 497 sed
922 416 1173 480 habetur,
1216 412 1567 497 Victorinum
1591 407 2113 497 Liigirn‘terpre‘tcsz
2142 400 2197 461 Α

595 474 891 551 iniiinii:
920 474 1282 545 erraverunt:
1316 484 1583 555 siquidem
1614 481 1842 555 victoria
1873 474 2116 555 perlecta

593 547 701 623 est.
715 547 860 621 Bene
887 561 1052 635 dixit,
1068 557 1296 626 Inﬁnem
1321 547 1727 635 ne'corrumpas.
1754 550 1868 635 lio-(3
1886 547 2115 635 verbum

592 615 995 694 {siligineis
1031 615 1453 698 interpretatur.
1512 615 1653 680 Dicit
1716 632 1771 677 et
1828 615 2116 698 David_ad

594 688 1150 778 aliquemdeamicis
1178 688 1338 778 suis“:
1363 697 1441 754 Ne
1468 704 1789 778 corrumpas
1816 705 1939 778 eum
1965 705 1991 778 ε.
2012 688 2117 770 hoc

591 758 697 842 Esi“,
710 758 874 832 ἓιῖέιι.
900 772 1092 829 Videte
1117 769 1251 842 quid
1263 769 1439 842 dicat.
1472 767 1636 842 Et._in_
1664 758 1774 842 alio
1816 763 1947 818 loco
1978 758 2114 841 legi-

594 832 745 912 mus,
780 844 1036 915 quoniam
1080 832 1368 915 bettedixit
1412 837 1578 915 David
1604 837 1938 915 Dominum:
1975 832 2116 915 ﬂuis

591 900 875 976 custodita?
919 900 1047 971 sunt
1089 927 1283 968 manus
1305 912 1442 982 ejus,
1475 909 1531 965 id
1561 917 1669 982 est,
1715 900 2121 982 ne_i_nterﬁci_at

591 971 845 1047 ἑὸίίιίιιι
892 1001 993 1044 nos
1039 999 1200 1055 ergo.
1242 971 1461 1054 quando
1493 994 1601 1035 non
1631 971 1988 1055 interlitfimus
2019 971 2117 1055 ali:

591 1043 812 1133 quem;
835 1043 1221 1133 custodiuntur
1262 1043 1725 1133 manusmoslrm.
1928 1043 2120 1133 dicunt

593 1118 847 1204 quoniam
892 1132 996 1185 iste
1016 1127 1261 1199 psalmus
1295 1140 1328 1204 a_
1349 1122 1535 1204 David
1554 1118 1892 1200 compositus
1922 1124 2044 1204 est,
2063 1121 2121 1204 et

592 1187 661 1261 ab
681 1187 863 1272 Asaph
894 1187 1141 1257 cantatus
1163 1207 1270 1272 est.
1304 1197 1412 1251 Alii
1451 1201 1631 1272 autem
1647 1187 1697 1272 _._'
1715 1189 1970 1261 quoniam
2003 1187 2119 1272 ipse

596 1258 808 1339 Asaph,‘
833 1285 888 1331 et
917 1269 1246 1341 composuit,
1280 1276 1334 1341 et
1360 1264 1623 1341 cantavit.
1647 1258 1790 1334 Ergo
1812 1258 2116 1341 secundum

592 1327 738 1401 LXX
763 1327 1069 1400 hocdicit':
1103 1338 1150 1394 0
1179 1327 1421 1405 Domine,
1452 1336 1544 1406 qui
1586 1327 2028 1406 megc'ustodisti:
2063 1334 2121 1382 ut

593 1432 702 1472 non
727 1415 996 1471 mitterem
1019 1426 1240 1467 manum
1266 1404 1442 1465 meam
1473 1404 1638 1476 super
1665 1404 1942 1460 Christum
1967 1407 2117 1457 tuum

595 1488 748 1553 Sani,
781 1500 952 1557 usque
977 1482 1045 1541 ad
1077 1483 1239 1538 linem
1268 1478 1478 1537 custodi
1509 1493 1617 1537 me.

596 1577 970 1649 Conﬁtebimur
1026 1575 1151 1641 tibi,
1204 1573 1367 1629 Deus.
1424 1571 1556 1640 llic,
1588 1566 1978 1639 conﬁtebimur,
2010 1578 2117 1619 non

522 1670 901 1742 penitentiam
936 1666 1237 1740 signiﬁcat,
1267 1663 1363 1723 sed
1391 1662 1641 1734 gloriam.
1670 1658 1739 1714 Et
1766 1656 2120 1713 invocabimus

521 1780 707 1820 nomen
758 1773 925 1816 tuum.
967 1759 1172 1814 Nomen
1228 1756 1356 1823 Dei,
1404 1755 1564 1810 Pater
1602 1760 1723 1807 est:
1773 1759 1933 1804 antea
1974 1744 2119 1802 enim

522 1854 897 1928 ignorabatur.
933 1850 1072 1907 Dicit
1121 1848 1268 1911 etiim
1317 1845 1619 1901 Dominus:
1653 1843 1846 1910 Pater,
1881 1837 2117 1896 revelari

520 1964 720 2009 nomen
767 1958 918 2004 tuum
960 1943 1271 2001 hominibus
1311 1938 1500 2014 (Joan.
1530 1935 1724 2009 χχιιι).
1751 1936 1940 1995 Omnis
1972 1934 2118 1992 enim

522 2042 697 2099 Filius
727 2055 929 2101 nomen
955 2046 1041 2096 est
1063 2036 1266 2095 Patris.

596 2133 946 2190 Narrabimus
976 2131 1239 2189 mirabilia
1263 2138 1373 2185 tua.
1405 2126 1521 2184 lloc
1545 2126 1681 2183 dicit
1710 2124 1985 2185 Ecclesia:
2020 2121 2123 2177 hoc

522 2229 654 2285 dicit
698 2225 990 2283 multitudo
1038 2223 1405 2281 credentium.
1453 2218 1804 2275 Narrabimus
1860 2214 2122 2273 mirabilia

522 2332 635 2376 tua.
662 2320 767 2375 iste
791 2332 990 2399 versus
1014 2332 1136 2372 cum
1182 2313 1457 2386 prioribus
1476 2311 1723 2384 jungitur
1749 2325 1766 2368 :
1798 2309 1902 2365 iste
1939 2314 2120 2363 autem

523 2414 617 2483 qui
660 2397 1038 2483 sequitur,”
1082 2420 1315 2478 persona
1342 2403 1560 2462 Domini
1602 2402 1822 2459 dicitur.
1854 2399 1948 2456 Sic
1972 2397 2120 2455 enim

523 2503 872 2576 interpretati
900 2510 1027 2560 sunt
1047 2501 1295 2558 Veteres.

597 2596 726 2651 Cum
752 2610 998 2668 accepero
1025 2605 1226 2664 tempus
1245 2633 1262 2659 ,
1286 2607 1383 2665 ego
1403 2590 1642 2662 justitias
1663 2586 1939 2663 judicabo.
1968 2583 2123 2640 Nunc

526 2677 674 2746 enim
703 2703 811 2743 non
833 2695 917 2742 est
937 2686 1125 2756 judex,
1159 2683 1257 2742 sed
1286 2683 1414 2741 erit.
1438 2682 1496 2740 Si
1526 2681 1670 2739 enim
1698 2688 1845 2745 esset
1869 2676 2126 2747 nuncjn.

526 2782 662 2849 dex,
707 2788 1023 2851 peccatores
1066 2793 1173 2833 non
1214 2776 1580 2849 erigerentur,
1607 2783 1664 2830 et
1705 2774 1759 2829 in
1784 2771 1989 2831 saeculo
2012 2785 2122 2831 non

525 2873 841 2930 obtinerent
884 2869 1124 2925 divitias.
1159 2867 1272 2923 lloc
1308 2882 1406 2922 vos
1443 2864 1821 2924 scandalizat:
1865 2861 2122 2935 quoniam

518 2965 652 3037 justi
693 2963 931 3035 fugiunt,
968 2969 1025 3017 et
1064 2969 1384 3032 peccatures
1411 2956 1856 3031 persequuntur?
1888 2955 1998 3011 lloc
2025 2968 2125 3008 vos

524 3056 900 3113 scandalizat:
951 3053 1206 3123 quoniam
1255 3053 1511 3122 iniquitas
1552 3060 1741 3123 regnat
1778 3049 1834 3105 in
1884 3047 2125 3105 mundo?

1308 288 1656 355 APPBNDIX
1694 286 1788 348 AD
1826 278 2075 344 TOMUM
2116 275 2471 340 SEPTIMUM
2511 274 2572 333 S.
2615 266 3020 332 lllERONVMl.

3685 255 3838 316 {0'56

2219 392 2536 452 chisedcch.
2583 389 2724 461 Quid
2754 385 2931 444 voluit
2976 383 3163 441 dicere
3187 422 3202 448 ,
3248 374 3333 435 Tu
3365 390 3426 435 es
3470 373 3737 431 sacerdos
3775 374 3835 433 in

2219 501 2508 554 aeternum,
2555 500 2720 542 secuti
2744 484 2853 538 'utn
2889 478 3137 534 ordinem
3177 467 3618 531 Melchisedech?
3651 466 3835 522 Mani-

2220 583 2419 639 festum
2445 588 2531 637 est
2561 576 2705 649 quod
2736 575 2789 630 in
2819 572 2914 629 illo
2941 571 3064 626 loco
3092 568 3163 624 de
3190 565 3415 622 Christo
3441 561 3672 617 dicitur.
3713 557 3830 613 Sed

2218 675 2349 748 quid
2396 676 2493 738 ait,
2533 668 2832 728 secundum
2862 664 3113 723 ordinem
3159 653 3603 748 Melchisedech?
3642 655 3832 748 Aaron

2219 743 2472 823 victimas
2514 763 2734 830 obtulit,
2781 765 2960 815 Aaron
3006 751 3313 811 hostiarum
3363 746 3691 818 sanguinem
3747 743 3836 799 lu-

2221 858 2320 916 dit.
2373 855 2779 914 Melchisedech
2817 849 2955 911 nihil
3001 848 3197 903 borum
3229 843 3387 910 fecit,
3428 839 3528 897 sed
3574 848 3828 894 tantum-

2222 949 2387 1007 modo
2427 963 2626 1019 panem
2649 955 2707 1003 et
2732 945 2918 1000 vinum
2967 940 3159 996 obtulit
3194 936 3351 1012 (Gen.
3387 932 3524 1006 an).
3555 933 3675 989 Hoc
3701 946 3840 1002 ergo

2224 1042 2353 1099 iecit
2388 1038 2788 1096 Melchisedech
2810 1075 2826 1102 ,
2856 1043 2915 1090 et
2944 1041 3230 1104 propterea
3272 1028 3491 1097 dicitur,
3522 1023 3837 1082 secundum

2222 1134 2475 1191 ordinem
2498 1127 2927 1189 Melchisedech.
2952 1126 3007 1181 la
3032 1122 3303 1182 Hebraico
3324 1120 3517 1179 habet:
3544 1119 3613 1175 Et
3636 1121 3840 1189 factum

2222 1237 2296 1283 est
2330 1227 2384 1281 in
2414 1225 2596 1281 Salem
2620 1218 2981 1278 umbraculum
3008 1219 3148 1290 ejus.
3178 1213 3372 1271 Videte
3397 1209 3531 1282 quid
3560 1208 3712 1265 dicat
3743 1221 3839 1264 se-

2226 1321 2458 1378 cundum
2495 1316 2887 1390 tropologiatn:
2920 1326 3031 1369 non
3059 1321 3144 1367 est
3172 1307 3557 1366 umbraculum
3587 1303 3836 1369 Domini,

2223 1416 2330 1473 nisi
2356 1414 2451 1472 ubi
2482 1428 2586 1485 pax
2617 1421 2721 1468 est.
2757 1410 2860 1466 libi
2905 1407 3058 1463 zelus
3085 1415 3249 1475 atque
3274 1400 3582 1458 discordia:
3620 1397 3696 1455 ibi
3726 1412 3837 1452 non

2223 1519 2311 1567 est
2362 1516 2643 1577 prmector
2682 1504 2846 1561 Deus.
2892 1501 3146 1557 Dicamus
3173 1507 3227 1553 et
3254 1494 3562 1552 secundum
3595 1492 3840 1562 Septua-

2224 1604 2393 1675 ginta.
2427 1600 2604 1656 Locus
2634 1596 2731 1653 Dei
2763 1610 2870 1651 non
2903 1601 3019 1657 est,
3052 1591 3154 1646 nisi
3186 1591 3242 1645 in
3267 1588 3451 1644 anima
3478 1600 3603 1656 quae
3643 1598 3838 1655 pacem

2227 1695 2411 1751 habet.
2430 1692 2562 1760 Qua:
2600 1705 2733 1760 ergo
2773 1688 2959 1743 anima
2996 1699 3104 1740 non
3134 1680 3318 1751 habet
3346 1692 3574 1752 pacem,
3606 1675 3752 1733 sciat
3780 1690 3838 1729 se

2153 1792 2200 1852 B
2228 1802 2335 1845 non
2364 1800 2489 1842 esse
2519 1784 2696 1839 locum
2724 1781 2842 1837 Dei.
2875 1779 3072 1835 Pacem
3105 1791 3279 1831 meam
3310 1773 3381 1829 do
3409 1769 3610 1828 vobis:
3645 1783 3838 1841 pacem

2230 1894 2406 1937 meam
2436 1878 2650 1948 reliquo
2679 1873 2833 1930 vobis
2862 1871 3045 1944 (Joan.
3078 1866 3212 1939 xiv).
3242 1865 3371 1924 llaec
3407 1872 3499 1923 est
3530 1862 3842 1919 Salvatoris

2230 1970 2545 2034 btereditas.
2584 1967 2652 2025 Et
2681 1966 2937 2022 habitatio
2970 1966 3085 2037 ejus
3110 1962 3165 2017 in
3195 1958 3348 2017 Sion.
3396 1955 3718 2014 Secundum
3750 1954 3834 2010 lit-

2229 2075 2403 2123 teram
2432 2077 2726 2136 possumus
2745 2061 2931 2116 dicere
2949 2056 3279 2122 Jerusalem,
3302 2061 3363 2109 et
3386 2053 3549 2109 Sion:
3574 2051 3838 2122 quoniam

2227 2159 2302 2216 ibi
2347 2158 2447 2214 fuit
2479 2157 2765 2227 templum.
2798 2150 3123 2211 Secundum
3155 2146 3529 2220 tropologiam
3562 2159 3702 2201 vero
3727 2184 3743 2209 ,
3783 2152 3839 2200 et

2229 2265 2510 2322 anagogon
2542 2249 2774 2304 dicimus
2810 2263 2825 2300 :
2855 2245 2982 2317 quia
3013 2245 3067 2299 in
3111 2241 3243 2299 Sion
3291 2238 3565 2296 habitatio
3612 2237 3710 2292 Dei
3740 2237 3833 2292 sit.

2230 2343 2365 2400 Sion
2423 2342 2849 2412 interpretatur,
2907 2335 3144 2409 specula.
3191 2334 3252 2389 in
3311 2344 3666 2403 quacumque
3704 2342 3837 2399 ergo

2228 2435 2411 2491 anima
2444 2432 2637 2489 notitia
2679 2430 3088 2502 Scripturarum
3114 2434 3202 2482 cst
3227 2434 3393 2497 atque
3418 2423 3676 2480 doctrina
3701 2462 3718 2489 ,
3762 2421 3834 2477 ibi

2232 2528 2505 2584 inhabitat
2534 2528 2701 2583 Deus.

2302 2621 2388 2676 Ibi
2407 2620 2660 2692 confregit
2679 2616 3009 2690 fortitudines
3028 2630 3267 2671 arcuum.
3289 2610 3417 2680 Ubi,
3443 2610 3503 2667 in
3522 2609 3830 2667 Jerusalem

2226 2713 2773 2772 etSionJerusalem
2791 2712 3368 2782 mterpretatur,paa:;
3400 2704 3562 2771 Sion,
3588 2703 3829 2773 specula.

2229 2808 2527 2866 Videamus
2567 2821 2702 2878 ergo
2744 2821 2868 2877 quae
2916 2804 2991 2859 sit
3018 2818 3123 2874 pax
3150 2842 3166 2869 ,
3207 2809 3265 2856 et
3305 2797 3438 2870 quid
3466 2796 3543 2853 ait
3582 2795 3827 2868 specula.

2231 2901 2535 2973 Dupliciter
2578 2900 3057 2972 interpretemur:
3101 2898 3209 2951 Aut
3256 2894 3494 2949 humana
3545 2891 3735 2946 anima
3781 2891 3831 2944 iu

2228 3012 2335 3069 qua
2358 2995 2430 3051 sit
2457 3010 2563 3065 pax
2596 2994 2717 3061 Dei,
2741 3001 2798 3049 et
2820 2989 3247 3061 contemplatio:
3272 2995 3367 3042 aut
3389 2995 3541 3042 certe
3561 2983 3831 3046 Ecclesia,

2229 3097 2324 3144 aut
2351 3099 2500 3144 certe
2516 3088 2800 3158 Scriptum
2832 3092 3043 3147 sancta.
3076 3082 3158 3138 lbi
3183 3080 3331 3137 enim
3363 3095 3469 3151 pax
3501 3086 3609 3144 est,
3658 3086 3716 3132 et
3761 3075 3832 3130 ibi

527 3150 722 3252 Audi.”
752 3148 1040 3252 Ρίῖ¹¹¹ί¹ἶ¹¹¹ἷῖ
1079 3148 1351 3252 dimi“
1387 3162 1402 3203 ³
1441 3143 1574 3250 Cm".
1610 3161 1853 3252 MF”???
1899 3155 2120 3215 ¹⁶³¹¹Ρ²⁴⁸ν
2151 3182 2197 3246 c
2231 3181 2530 3249 habitatio,
2569 3143 2898 3252 et'specula
2938 3178 3056 3234 Dei.
3094 3176 3176 3231 ιιι
3212 3143 3469 3246 confregit
3500 3172 3834 3244 fortitudines

522 3259 618 3314 ego
646 3242 885 3315 justitias
913 3240 1188 3312 judicabo.
1222 3239 1461 3310 Tempus
1489 3239 1633 3295 enim
1660 3237 1852 3309 judicii
1877 3252 2125 3297 reserva-

522 3345 641 3393 tum
661 3346 766 3394 est.
793 3335 849 3390 ιιι
877 3334 1133 3406 praesenti
1158 3347 1267 3389 non
1291 3343 1373 3389 cst
1394 3332 1681 3404 judicium,
1706 3331 1801 3386 sed
1823 3340 2124 3389 certamen.

522 3430 642 3487 Non
683 3428 830 3485 enim
858 3428 1068 3498 judicat
1090 3426 1252 3481 Pater
1281 3439 1640 3496 quemquam;
1673 3423 1770 3479 sed
1798 3437 1959 3478 omne
1983 3421 2130 3492 judi-

523 3525 669 3582 cium
700 3522 851 3580 dedit
876 3520 1035 3577 Filio.
1063 3520 1307 3575 Audiens
1335 3528 1516 3574 autem
1550 3522 1673 3584 hoc,
1706 3532 1772 3573 ne
1793 3517 2127 3573 scandalize-

529 3618 608 3673 ris
624 3604 645 3681 ,’
672 3624 729 3671 et
771 3613 961 3670 dicas:
995 3613 1118 3684 quia
1148 3612 1326 3667 minor
1355 3619 1440 3666 est
1462 3610 1585 3676 iste,
1616 3609 1710 3680 qui
1732 3609 1931 3679 accipit
1963 3609 2032 3664 ab
2061 3624 2128 3664 eo

529 3711 623 3782 qui
654 3709 781 3775 dat;
831 3705 927 3761 sed
966 3704 1092 3760 vide
1122 3703 1262 3775 ,quid
1304 3700 1448 3758 dicat
1478 3703 1529 3757 in
1577 3701 1909 3773 Evangelia:
1941 3699 2129 3772 Neque

526 3802 673 3858 enim
708 3799 918 3871 judicat
954 3797 1117 3853 Pater
1144 3810 1510 3867 quemquam;
1543 3794 1641 3849 sed
1672 3808 1836 3850 omne
1860 3793 2125 3863 judicium

530 3892 685 3948 dedit
718 3888 898 3946 Filio:
942 3890 1200 3960 quoniam
1230 3884 1399 3942 Filius
1430 3886 1665 3941 hominis
1695 3895 1779 3940 est
1808 3882 1988 3958 (Jaan.
2023 3881 2125 3954 ιιι).

526 3980 729 4038 Reddit
767 3995 986 4035 causam
1027 3994 1200 4051 quare
1249 3979 1463 4049 accepit
1506 3975 1813 4049 judicium:
1864 3976 2126 4046 quoniam

532 4075 704 4135 Filius
729 4074 965 4129 hominis
993 4081 1098 4129 est.
1123 4072 1291 4129 Audis
1314 4072 1510 4127 Filium
1533 4071 1796 4140 hominis,
1827 4080 1882 4127 ct
1911 4071 2130 4129 dubitas

530 4183 702 4242 quare
735 4166 947 4238 accepit
967 4165 990 4221 ?

1037 4256 1358 4317 PSALMUS
1408 4256 1620 4315 LXXV.

530 4374 606 4433 In
647 4375 835 4446 ﬁnem,
873 4374 928 4430 in
967 4372 1307 4447 carminibus,
1346 4377 1575 4447 psalmus
1603 4373 1812 4445 Asaplt,
1855 4371 2129 4430 Canticum

1155 4446 1225 4499 ad
1255 4446 1513 4517 Assyrios.

2230 3290 2470 3330 arcuum.
2504 3273 2629 3329 illas
2658 3273 2886 3343 sagittas
2910 3268 3170 3326 ardentes
3197 3281 3333 3338 quas
3364 3266 3619 3322 mittebat
3641 3263 3832 3320 diabno

2230 3366 2337 3422 lus.
2371 3364 2891 3436 Scutum,gladiuns,
2910 3371 2964 3418 et
2995 3361 3208 3418 bellum.
3228 3358 3442 3416 Bellum
3466 3355 3611 3413 illud
3630 3356 3703 3412 de
3724 3370 3833 3427 quo

2227 3456 2425 3513 dicitur
2454 3458 2509 3511 in
2534 3456 2643 3512 alio
2675 3457 2796 3512 loco
2828 3473 2840 3509 :
2877 3454 3086 3525 Dissipa
3113 3460 3303 3524 gentes
3321 3466 3447 3523 quas
3474 3449 3619 3507 bella
3640 3448 3830 3505 volunt

2230 3548 2417 3624 (Psal.
2452 3565 2595 3605 vau
2617 3549 2660 3619 ).
2694 3548 2763 3605 Et
2784 3547 2915 3620 quid
2938 3545 3230 3618 sequitur?
3252 3543 3383 3601 Sela
3405 3584 3423 3612 ,
3458 3541 3608 3614 quod
3656 3542 3828 3597 inter-

2230 3648 2522 3711 pretantur
2546 3639 2928 3710 Septuaginta,
2958 3636 3275 3708 diapsalme.
3308 3642 3368 3693 et
3398 3633 3668 3690 llebraice
3694 3632 3826 3689 dici-

2231 3741 2341 3799 tur,
2363 3748 2587 3801 semper.
2617 3730 2813 3787 Videte
2833 3745 2966 3801 ergo
2996 3730 3124 3800 quia
3160 3741 3380 3798 semper
3406 3723 3705 3796 confringit
3728 3723 3828 3778 Do-

2229 3825 2409 3881 minus
2440 3833 2678 3889 scutum,
2710 3832 2767 3879 et
2791 3821 3060 3893 gladium,
3089 3829 3145 3877 et
3173 3818 3398 3876 bellum.

2302 3917 2624 3973 Illumiaans
2667 3923 2724 3972 tu
2759 3914 3064 3971 mirabiliter
3104 3930 3139 3968 a
3164 3911 3431 3968 montibus
3460 3907 3687 3966 cateruis.
3718 3907 3821 3963 Du-

2230 4010 2447 4082 pliciter
2471 4010 2906 4080 interpretamur
2935 4015 3171 4063 montes.
3190 4004 3250 4061 in
3265 4004 3437 4060 veteri
3451 4002 3823 4063 Testamento,

2230 4104 2530 4176 prophetas
2556 4119 2573 4170 ;
2602 4104 2657 4161 in
2684 4117 2836 4159 novo
2867 4100 3246 4164 Testamento,
3274 4096 3581 4168 apostolos.
3602 4096 3680 4152 De
3711 4093 3823 4149 istis

2234 4198 2514 4257 mentibus
2562 4197 2700 4254 dicit
2732 4214 2746 4253 :
2778 4194 2980 4253 Levavi
3024 4194 3215 4252 oculos
3264 4206 3418 4249 meos
3460 4192 3516 4247 iu
3560 4198 3821 4246 nantes:

2229 4289 2378 4347 unde
2418 4289 2603 4345 veniet
2648 4288 2911 4345 auxilium
2960 4283 3356 4358 meum(Psal.
3402 4281 3563 4354 an).
3605 4282 3667 4339 In
3716 4279 3822 4337 istis

2232 4382 2535 4447 montibus,
2565 4390 2620 4437 et
2650 4381 2844 4437 civitas
2874 4378 2972 4437 Dei
2998 4377 3174 4451 posita
3202 4386 3309 4434 est.
3341 4375 3460 4432 Non
3492 4382 3676 4446 potest
3701 4372 3822 4430 ciri-

2233 4484 2320 4533 tas
2341 4474 2603 4532 abscondi
2625 4488 2790 4544 super
2822 4481 3066 4531 montem
3090 4470 3290 4542 posita.
3315 4467 3429 4526 Nos
3450 4482 3651 4524 omnes
3673 4465 3822 4524 sede-

607 4560 781 4617 Notus
826 4559 881 4614 in
912 4557 1104 4615 Judwa
1148 4557 1291 4615 Deus
1313 4574 1333 4613 :
1373 4559 1427 4614 in
1454 4558 1624 4614 Israel
1660 4575 1906 4632 mam:
1946 4575 2128 4614 nomen
2156 4566 2211 4629 Β
2236 4566 2428 4624 bamus
2460 4568 2512 4622 in
2545 4566 2824 4631 tenebris,
2868 4573 2924 4620 ct
2953 4565 3009 4620 in
3050 4563 3240 4620 umbra
3272 4560 3467 4618 alariis
3495 4576 3512 4615 :
3542 4567 3603 4616 et
3648 4558 3818 4616 illuxit

535 4657 673 4730 ejus.
701 4655 1003 4724 Antequam
1038 4653 1373 4709 illuminarct
1410 4667 1542 4710 crux
1574 4653 1860 4719 mundum,
1888 4662 1945 4709 et
1973 4663 2126 4709 aute-

533 4762 700 4821 quam
743 4746 1022 4803 videretur
1063 4746 1326 4805 Dominus
1365 4746 1418 4802 in
1470 4755 1657 4813 terra,
1713 4754 1878 4801 notus
1923 4753 2041 4802 erat
2069 4745 2126 4802 iu

532 4840 723 4898 Judtea
771 4840 944 4908 Deus,
981 4838 1033 4893 in
1065 4838 1232 4894 Israel
1270 4847 1451 4896 autem
1476 4854 1728 4911 magnum
1755 4854 1952 4896 nomen
1982 4842 2122 4911 ejus.

535 4931 767 5002 Quando
803 4942 985 4988 autem
1033 4932 1182 4988 venit
1230 4930 1513 5001 Salvator,
1566 4931 1619 4987 in
1661 4946 1877 4988 omnem
1927 4942 2124 4988 terram

533 5024 667 5083 exiit
705 5038 873 5081 sonus
916 5024 1037 5097 ejus
1059 5065 1072 5091 ,
1102 5034 1156 5079 et
1183 5023 1238 5079 in
1270 5023 1406 5079 lines
1434 5023 1586 5080 orbis
1625 5030 1784 5079 terra:
1814 5022 1978 5080 verba
2007 5023 2129 5095 ejus

539 5118 716 5191 (Psal.
748 5120 923 5192 xvtu).

607 5212 674 5267 Et
705 5212 874 5282 factus
901 5222 975 5268 est
1002 5214 1056 5267 in
1085 5229 1214 5283 pace
1234 5212 1377 5268 locus
1398 5213 1534 5286 ejus.
1566 5211 1722 5280 Quod
1754 5211 2016 5268 llebraice
2047 5211 2130 5269 di-

533 5304 676 5362 citur
708 5306 761 5360 in
794 5319 975 5365 essent
1000 5305 1199 5377 tam).
1228 5305 1456 5363 Videtur
1480 5319 1612 5377 ergo
1650 5305 1949 5363 secundum
1984 5305 2127 5363 littev

530 5410 652 5453 ram
696 5396 881 5457 dicere
919 5398 1243 5462 Jerusalem,
1290 5414 1413 5470 qua:
1438 5408 1568 5457 ante
1600 5399 1898 5459 vocaluuur
1924 5398 2124 5464 Salen.

530 5498 587 5545 et
620 5499 804 5559 posma
835 5489 994 5546 Iebus
1015 5534 1029 5558 ,
1077 5501 1131 5546 et
1168 5491 1368 5549 deinde
1396 5492 1537 5548 dicta
1570 5501 1693 5556 est,
1721 5490 2039 5558 Ierusalem,
2070 5493 2125 5551 iu

532 5595 637 5650 qua
667 5579 766 5635 fuit
794 5596 887 5638 rex
919 5582 1336 5639 Melchisedech.
1367 5583 1652 5656 Legimus:
1683 5584 1765 5640 Tu
1787 5600 1847 5639 es
1871 5584 2126 5642 sacerdos

532 5670 588 5726 in
619 5680 882 5729 mternum
902 5718 916 5742 ,
958 5674 1259 5731 secundum
1290 5677 1538 5732 ordinem
1571 5677 1968 5734 Melchisedech
1999 5678 2120 5749 (Ps.

534 5760 666 5831 (ιιι).
697 5762 814 5818 Non
838 5764 977 5822 dixit
1003 5764 1299 5823 secundum
1341 5767 1593 5825 ordinem
1627 5760 1831 5838 Aaron,
1862 5768 1958 5828 sed
1991 5767 2121 5826 Mel-

2241 4658 2402 4715 nobis
2451 4658 2717 4714 Dominus
2760 4656 2828 4713 de
2876 4657 3157 4713 montibus
3202 4652 3424 4711 aeternis
3461 4652 3694 4725 (Matth.
3721 4654 3816 4719 v):

2233 4751 2338 4810 hoc
2369 4760 2477 4820 est,
2511 4752 2582 4807 de
2618 4750 2925 4822 prophetis,
2959 4760 3012 4808 et
3038 4749 3324 4822 apostolis.
3357 4747 3671 4805 Conturbati
3711 4753 3818 4802 sunt

2233 4863 2409 4903 omnes
2448 4845 2748 4917 insipientes
2778 4844 2952 4901 corde.
2980 4845 3143 4903 Hunc
3168 4858 3388 4901 versum
3416 4842 3489 4900 de
3518 4841 3817 4899 inﬁdelibus

2235 4952 2526 5011 possumus
2571 4937 2780 4994 dicere.

2306 5029 2645 5085 Dormierunt
2667 5044 2908 5089 somnum
2935 5043 3107 5096 suum,
3137 5036 3182 5082 et
3204 5025 3337 5085 nihil
3373 5026 3810 5093 insemnt,etc.

2234 5122 2378 5180 Vere
2412 5123 2528 5178 haec
2561 5122 2670 5177 vita
2698 5135 2928 5178 somnus
2956 5132 3060 5188 est,
3089 5128 3146 5176 et
3173 5119 3400 5177 divitiae.
3426 5118 3662 5187 Quando
3682 5118 3813 5175 enim

2234 5216 2488 5272 videmur
2517 5231 2611 5271 cas
2644 5226 2859 5284 tenere,
2913 5215 3100 5271 statim
3145 5214 3469 5270 amittimus.
3503 5214 3656 5272 Sicut
3694 5209 3810 5268 illud

2235 5308 2379 5380 quod
2431 5310 2694 5378 scriptum
2727 5316 2808 5365 est
2846 5307 2902 5364 in
2934 5307 3242 5378 propheta:
3279 5307 3434 5364 Sicut
3462 5323 3586 5365 cum
3628 5306 3812 5377 aliqn‘s

2234 5400 2438 5459 dormit
2481 5400 2712 5468 sitiens,
2759 5400 2806 5455 si
2850 5400 3119 5457 invenerit
3145 5412 3375 5470 aquam“,
3425 5399 3609 5456 bibit:
3642 5409 3809 5471 postea

2236 5507 2361 5550 cum
2395 5491 2702 5564 vigilaverit
2722 5531 2739 5559 ,
2788 5492 2903 5563 ipsa
2934 5492 3055 5548 sitis
3083 5500 3272 5548 manet
3302 5489 3477 5563 (Isai.
3502 5490 3675 5563 ma)
3707 5507 3719 5543 :
3746 5489 3806 5543 ita

2233 5594 2361 5642 sunt
2402 5594 2463 5641 et
2508 5584 2714 5641 divitiae
2761 5584 2814 5640 in
2860 5585 2966 5641 hoc
3012 5582 3260 5642 mundo:
3311 5583 3443 5641 dum
3497 5591 3804 5642 teneamus.

2233 5680 2551 5735 amittimus.

2306 5770 2724 5831 Dormitaverunt
2763 5772 2852 5844 qui
2900 5770 3243 5829 ascenderunt
3283 5787 3463 5844 equos.
3510 5768 3807 5830 Secundum
