4016 6352
236 289 383 350 1057

1142 289 1574 350 BREVIABIUM
1610 287 1679 346 ΙΝ
1717 282 2056 343 ΡεΑιιιιυδ.
2095 285 2353 346 PSALM.
2393 287 2629 347 LXXVI.

3397 290 3536 348 {058

236 403 605 477 tropologiam
679 404 950 463 dicamus.
1018 408 1269 480 Denique
1319 409 1532 465 Pharao
1587 403 1837 465 ascendit
1863 406 1915 464 Λ
1945 421 2062 459 sum
2086 405 2109 458 ἲ
2134 405 2371 475 Quodde
2397 408 2524 480 quid
2550 408 2790 481 patimur
2818 428 2828 462 :
2860 409 2986 482 quid
3018 411 3090 466 sit
3113 409 3167 466 in
3187 409 3530 482 cogitationi-

234 514 411 569 cquos
433 539 449 567 ,
497 509 553 553 et
582 497 934 565 dormitavit,
983 508 1038 556 et
1064 500 1248 571 periit.
1281 499 1518 574 Egyptii
1559 501 1833 558 habebant

232 605 432 663 equos,
477 589 573 647 sed
630 591 936 661 perierunt.
1000 593 1131 648 inde
1186 601 1242 648 et
1285 603 1617 664 praeceptum
1662 596 1831 650 estin

232 682 384 754 Lege
413 702 425 735 :
467 693 526 737 ut
565 698 673 738 non
705 683 967 740 ltebrzeus
997 683 1202 741 habeat
1236 700 1428 756 equos.
1464 686 1710 758 Denique
1734 687 1833 743 Sa-

235 776 424 833 lomon
466 792 573 832 non
621 777 864 834 habebat
902 794 1102 849 equum
1143 778 1212 834 de
1242 779 1582 846 Jerusalem,
1631 790 1726 836 aut
1765 782 1833 838 de

232 870 424 930 Iudaea
456 888 470 926 :
501 870 598 927 sed
629 872 843 927 emebat
871 872 972 928 sibi
1002 872 1072 930 de
1102 872 1331 946 A‘Igypto
1357 875 1378 947 (
1403 873 1560 930 Deut.
1596 890 1739 935 xvu:
1763 874 1832 931 Ill

235 963 372 1036 Reg.
429 960 526 1033 x).
600 963 832 1033 Semper
896 965 1020 1035 equi
1091 965 1146 1021 in
1218 965 1456 1038 Egypto
1503 969 1827 1025 venduutur.

229 1053 297 1110 Bt
332 1055 386 1109 in
414 1053 689 1121 curribus,
719 1066 772 1110 et
807 1055 932 1110 hiiu
957 1057 1110 1126 equis
1136 1075 1149 1110 :
1173 1072 1272 1111 nos
1303 1067 1483 1114 autem
1516 1059 1570 1114 in
1612 1061 1832 1116 nomine

229 1146 448 1203 Domini
485 1147 578 1203 Dei
616 1148 787 1204 nostri
816 1147 1191 1205 invocabimus
1220 1149 1402 1222 (Psal.
1425 1152 1560 1220 nx).
1588 1152 1668 1208 llli
1698 1167 1832 1223 ergo

231 1241 326 1312 qui
357 1240 724 1296 ascenderunt
745 1256 943 1311 equos,
974 1241 1410 1299 dormitaverunt
1439 1259 1502 1300 ac
1530 1246 1826 1316 perierunt.

229 1333 410 1390 liabet
453 1343 508 1390 et
561 1334 825 1390 Dominus
872 1347 1062 1391 uoster
1092 1351 1262 1406 equos
1297 1355 1310 1390 :
1344 1336 1508 1393 habet
1533 1346 1587 1393 et
1618 1347 1831 1393 momcs

229 1426 466 1487 lucidos.
513 1428 868 1496 Econtrario,
916 1438 972 1485 et
1018 1430 1267 1488 diabolus
1310 1432 1475 1487 habet
1505 1442 1715 1487 montes
1744 1441 1827 1489 te-

232 1518 525 1577 nebrosos.
558 1520 711 1577 Sicut
744 1537 877 1589 ergo
918 1530 1046 1577 sunt
1091 1535 1305 1577 montes
1336 1522 1497 1579 lucidi
1532 1533 1586 1578 et
1617 1535 1830 1579 montes

225 1611 510 1669 tenebrosi
536 1630 548 1667 :
578 1612 652 1668 ita
684 1622 812 1668 sunt
840 1622 898 1670 et
928 1615 1054 1683 equi
1078 1613 1228 1685 boni,
1259 1625 1313 1671 et
1342 1614 1467 1686 equi
1493 1615 1642 1671 mali.
1674 1616 1825 1671 Dixi-

228 1716 356 1760 mus
385 1702 453 1760 de
490 1704 644 1773 equis
679 1706 858 1773 malis,
886 1705 1130 1761 dicamus
1153 1714 1210 1761 et
1237 1705 1307 1761 de
1332 1707 1489 1778 equis
1521 1709 1695 1763 bonis.
1732 1707 1828 1762 illo

1942 498 2044 555 bus
2090 501 2319 565 nostris,
2351 505 2622 574 novimus,
2658 514 2710 560 et
2741 504 3112 562 erubescimus
3142 504 3344 563 dicere.
3377 507 3530 564 Multi

1942 604 2071 649 sunt
2097 595 2187 664 qui
2217 611 2383 665 opera
2411 598 2549 653 mala
2579 612 2684 654 non
2718 597 3001 668 fecerunt,
3027 600 3120 655 alii
3157 609 3285 657 sunt
3308 602 3404 673 qui
3431 617 3533 659 nec

1938 683 2109 741 locuti
2144 694 2271 741 sunt
2300 705 2312 740 :
2346 697 2602 745 caeterum
2627 690 2715 760 qui
2747 688 2803 746 iu
2831 691 3157 761 cogitatione
3182 706 3291 748 non
3336 707 3531 763 pecca-

1939 777 2103 848 verit,
2134 777 2312 833 nnllus
2334 778 2616 836 hominum
2645 782 2938 853 reperitur.
2964 781 3256 853 Propterea
3285 800 3429 841 nunc
3445 783 3532 840 di-

1939 871 2036 938 cit,
2071 871 2331 937 Quoniam
2358 874 2602 945 cogitatio
2633 876 2857 931 hominis
2886 877 3212 948 conﬁtebitur
3241 877 3352 933 tibi.

2010 966 2277 1022 Terribili.
2309 965 2439 1022 Cui?
2474 968 2604 1024 Deo.
2638 966 2704 1022 Et
2730 969 2777 1022 ei
2805 969 2894 1041 qui
2923 972 3089 1041 aufert
3118 970 3360 1040 spiritum
3387 971 3533 1041 prin-

1936 1058 1982 1112 ci
1989 1075 2133 1129 pum.
2151 1058 2381 1126 Quando
2397 1058 2641 1115 videmus
2661 1060 2871 1133 aliquos
2886 1069 3161 1132 potentes,
3173 1062 3326 1120 verbi
3343 1078 3527 1129 causa,

1939 1144 2330 1217 imperatores,
2386 1149 2710 1220 prtefeetos,
2740 1160 2795 1207 et
2828 1152 2883 1208 in
2913 1152 3113 1209 saeculo
3160 1153 3267 1210 isto
3307 1153 3532 1210 nimium

1936 1252 2223 1315 potentes,
2257 1243 2502 1299 dicamus
2529 1254 2585 1299 et
2615 1260 2716 1300 nos
2742 1243 2809 1299 ad
2853 1246 3023 1301 Deum
3058 1264 3069 1299 :
3103 1246 3205 1315 Qui
3233 1252 3404 1317 aufert
3430 1250 3536 1320 spio

1935 1337 2096 1391 ritum
2122 1335 2434 1409 principum.
2463 1337 2727 1407 Spiritum
2760 1352 3053 1408 possumus
3080 1350 3134 1393 et
3161 1339 3230 1395 de
3250 1340 3427 1395 anima
3453 1341 3534 1396 di-

1935 1441 2103 1483 cere:
2129 1443 2419 1497 possumus
2459 1437 2515 1485 et
2540 1428 2609 1484 de
2634 1429 2888 1501 superbia
2931 1427 3134 1486 dicere.
3171 1430 3536 1504 lntelligamus

1936 1527 1992 1575 et
2019 1518 2087 1573 de
2114 1519 2377 1590 superbia
2408 1518 2615 1577 dicere.
2651 1519 3052 1592 intelligamus.
3086 1530 3141 1577 et
3179 1523 3339 1579 aliter
3377 1538 3394 1579 :
3448 1525 3533 1595 qui

1937 1614 2110 1683 aufert
2143 1614 2384 1685 spiritum
2415 1615 2733 1687 principum.
2761 1614 3042 1685 Principes
3066 1615 3153 1669 hic
3182 1615 3533 1688 intelligimus

1936 1715 2180 1764 sanctos.
2216 1710 2293 1761 Ac
2322 1708 2366 1762 si
2408 1707 2554 1763 dicat
2582 1723 2598 1763 :
2631 1707 2896 1778 Princeps
2925 1707 3022 1763 iuit
3050 1707 3305 1764 Salomon
3326 1751 3340 1777 ,
3392 1710 3539 1780 priu-

228 1801 481 1865 tempore
511 1795 730 1866 quando
760 1796 828 1851 ad
856 1796 1094 1853 Eliseum
1118 1807 1406 1863 venerunt,
1436 1806 1496 1853 ιιι
1524 1815 1651 1854 eum
1678 1815 1830 1855 cont-
1864 1789 1909 1851 Β
1938 1814 2067 1870 ceps
2117 1799 2335 1855 fuerunt
2379 1800 2565 1856 exteri
2621 1801 2826 1869 sancti,
2861 1800 3120 1872 princeps
3166 1800 3266 1857 luit
3294 1805 3456 1858 etiam
3485 1814 3541 1858 et

230 1887 640 1961 prehenderem
671 1906 685 1946 :
728 1889 861 1945 exiit
894 1906 1029 1961 puer
1054 1900 1110 1946 et
1140 1891 1272 1946 vidit
1300 1893 1599 1947 exercitum
1632 1895 1685 1948 itt
1717 1895 1824 1948 cir-

227 1985 384 2041 cuitu
426 1985 778 2056 Assyriorum
808 2027 823 2049 ,
868 1996 922 2040 et
968 1985 1104 2041 dixit
1151 1986 1404 2042 Eliseus:
1447 1987 1569 2042 Noli
1613 1988 1828 2053 timere,

228 2078 495 2150 quoniam
543 2077 731 2149 plures
786 2079 1065 2133 nobiscum
1120 2089 1280 2143 sunt,
1338 2095 1500 2146 quam
1550 2096 1675 2136 cum
1722 2081 1829 2135 illis

234 2164 337 2238 (IV
369 2162 497 2234 Reg.
524 2180 578 2218 γι
600 2164 641 2235 ).
691 2164 757 2218 Ει
788 2165 858 2219 ibi
891 2164 1154 2235 scriptum
1202 2176 1288 2220 est
1319 2183 1331 2217 :
1367 2165 1596 2221 Domine
1623 2208 1637 2228 ,
1681 2168 1830 2236 aperi

227 2257 425 2314 oculos
451 2257 606 2328 pueri
638 2256 714 2309 tui
740 2297 755 2323 ,
781 2265 839 2311 ιιι
868 2256 1071 2313 videat.
1101 2258 1195 2321 Et,
1228 2260 1434 2330 apertis
1464 2259 1639 2314 oculis
1658 2301 1670 2323 ,
1700 2259 1835 2314 vidit

228 2364 371 2423 puer
405 2365 600 2406 currus
624 2359 681 2406 et
707 2365 896 2421 equos.
948 2352 1009 2406 Hi
1038 2359 1196 2407 erant
1230 2352 1611 2408 auxiliatores.
1643 2352 1835 2407 Videte

230 2457 366 2515 ergo
392 2443 523 2514 quid
551 2442 734 2508 dicat,
778 2458 976 2499 currus
1006 2453 1060 2499 et
1099 2458 1291 2515 equos.
1336 2444 1510 2500 Nemo
1555 2446 1832 2500 hominum

231 2546 358 2596 erat
385 2552 553 2608 super
583 2538 753 2607 ipsos,
782 2537 879 2593 sed
906 2546 1063 2592 erant
1086 2538 1187 2593 soli
1228 2552 1418 2593 currus
1450 2547 1505 2593 et
1531 2539 1652 2610 equi
1682 2555 1697 2593 :
1723 2539 1836 2594 Hoc

230 2641 347 2698 est,
378 2630 522 2703 quod
550 2633 666 2687 vult
694 2630 902 2686 dicere.
934 2630 1216 2686 Multitudo
1243 2634 1556 2702 angelorum
1583 2672 1600 2699 ,
1636 2632 1740 2702 ipsi
1782 2643 1836 2688 et

192 2732 199 2733 “
231 2740 436 2783 currus
463 2734 640 2794 erant,
672 2725 773 2796 ipsi
804 2736 857 2781 et
886 2728 1008 2795 equi
1045 2743 1058 2777 :
1090 2741 1349 2782 ascensor
1375 2739 1552 2783 autem
1585 2737 1700 2784 erat
1735 2728 1838 2785 Do-

233 2819 439 2877 minus.
471 2817 768 2889 Propterea
795 2818 928 2873 dicit
956 2819 1010 2872 in
1041 2817 1262 2873 Cantico
1283 2818 1538 2875 Habacuc
1567 2837 1578 2870 :
1604 2819 1670 2874 Et
1687 2821 1841 2890 equi-

232 2913 371 2968 tatio
398 2918 490 2967 tua
520 2913 665 2968 salus
696 2912 716 2985 (
734 2910 932 2968 Habae.
959 2928 1018 2968 ιιι
1036 2902 1214 2979 )ῗΗο‹;
1243 2913 1311 2969 ad
1342 2912 1514 2970 Deum
1544 2913 1762 2969 dicitur.
1795 2914 1840 2970 Ο

235 3004 287 3062 si
332 3019 435 3061 nos
465 3019 709 3061 essemus
749 3006 871 3076 equi
904 3005 1038 3073 Dei,
1093 3016 1147 3061 et
1175 3020 1340 3073 super
1385 3019 1485 3061 nos
1528 3005 1841 3075 dignaretur

237 3099 389 3157 Deus
416 3099 751 3156 ascendere!
782 3099 866 3155 llli
897 3114 1028 3169 ergo
1067 3099 1326 3155 contrarii
1355 3100 1478 3170 equi
1508 3098 1838 3156 dormitave-

237 3203 388 3263 runt,
415 3202 473 3252 et
497 3209 815 3251 ascensores
836 3209 1048 3250 eorum.
1248 3248 1255 3255 ,

314 3284 404 3342 Ea:
424 3297 547 3341 tunc
583 3287 667 3340 ira
696 3297 804 3341 tua.
837 3285 913 3341 Ex
942 3302 1048 3353 quo
1071 3291 1316 3355 tempore
1344 3285 1421 3340 ira
1452 3284 1590 3341 Dei?
1616 3285 1842 3355 Quando

236 3380 476 3454 pepulus
504 3379 776 3436 clamabat
799 3379 867 3435 ad
898 3381 1077 3435 Aaron
1121 3379 1172 3434 in
1199 3393 1386 3435 eremo
1413 3422 1428 3446 ,
1478 3378 1666 3435 dicens
1697 3396 1707 3432 :
1735 3378 1843 3437 Fac

239 3472 404 3529 nobis
436 3471 572 3527 deos
600 3487 736 3542 quos
766 3486 1061 3542 sequamur
1088 3470 1293 3542 (Exod.
1334 3467 1534 3542 χχχιι).
1568 3470 1663 3526 llic
1694 3469 1840 3525 enim

239 3564 493 3637 Moyses,
524 3563 618 3635 qui
641 3564 826 3620 eduxit
857 3578 959 3620 nos
989 3563 1056 3620 de
1082 3574 1227 3620 terra
1255 3560 1496 3636 )Egypti,
1531 3562 1801 3619 nescimus
1822 3605 1838 3629 ,

240 3655 372 3728 quid
404 3655 455 3712 ei
490 3655 769 3711 acciderit.
804 3654 1052 3711 Eduxisti
1098 3671 1192 3712 eos
1220 3654 1287 3710 de
1318 3663 1463 3711 terra
1494 3652 1713 3727 Egypti
1741 3696 1756 3721 ,
1787 3664 1842 3712 et

238 3751 509 3805 continuo
538 3758 592 3804 te
613 3758 973 3819 negaverunt.

318 3841 395 3897 De
434 3841 563 3897 ccelo
601 3841 840 3897 auditum
869 3842 1040 3914 fecisti
1074 3841 1357 3910 judicium.
1404 3840 1641 3896 Locutus
1671 3856 1730 3897 es
1774 3840 1841 3896 de

235 3934 406 4004 cmlo,
440 3934 645 3991 audivit
668 3932 848 3990 omnis
879 3934 1116 4004 pomilus
1136 3975 1150 3999 ,
1198 3941 1254 3988 et
1278 3934 1603 3989 contremuit
1633 3952 1647 3988 :
1679 3942 1734 3990 et
1763 3944 1842 3989 ta-

237 4040 370 4086 men
400 4026 457 4082 in
491 4035 544 4083 te
573 4041 679 4082 non
710 4024 1264 4082 crediderunt.Terra
1295 4028 1521 4095 tremuit,
1553 4018 1599 4081 et
1627 4027 1834 4099 quierit,

239 4120 415 4180 Israel
436 4130 625 4178 autem
655 4136 758 4178 nec
788 4121 988 4187 timuit,
1025 4138 1127 4176 nec
1155 4121 1378 4192 quievit.

318 4213 577 4281 Quoniam
621 4213 865 4285 cogitatio
902 4212 1129 4267 hominis
1189 4213 1517 4282 conﬁtebitur
1563 4215 1674 4269 tibi.
1728 4214 1841 4271 Hoc

240 4312 351 4370 est,
403 4305 548 4376 quod
604 4305 807 4360 dicitur
859 4305 915 4358 in
967 4303 1074 4358 alio
1126 4304 1246 4358 loco
1278 4320 1289 4354 :
1320 4302 1403 4357 Ab
1446 4304 1667 4360 occultis
1705 4304 1840 4361 meis

240 4396 449 4453 munda
476 4411 584 4464 me,
607 4405 663 4453 et
686 4396 756 4450 ab
770 4396 962 4450 alienis
987 4409 1148 4466 parce
1172 4409 1331 4449 servo
1357 4395 1775 4467 tuo(Psal.xvut
1794 4397 1836 4470 ).

242 4491 459 4549 Alienis
487 4505 515 4542 a
548 4501 619 4554 te,
652 4503 790 4559 quos
819 4487 1095 4544 submittit
1116 4487 1386 4543 diabolus.
1414 4488 1479 4543 Et
1507 4489 1633 4558 quid
1660 4490 1841 4561 sequi-

239 4582 376 4637 tur?
403 4581 460 4636 Si
495 4583 603 4636 mei
637 4596 742 4635 nou
769 4581 968 4635 fuerint
998 4579 1440 4634 dominatiztune
1468 4579 1843 4637 immaculatus

243 4685 369 4730 ero.
402 4669 456 4726 Si
490 4685 577 4725 me
606 4684 712 4725 non
745 4670 976 4725 vicerint
1008 4672 1161 4724 make
1189 4669 1568 4739 cogitationes,
1596 4679 1723 4726 tunc
1748 4687 1844 4727 ero

242 4760 485 4821 mundus
512 4761 566 4817 in
596 4770 895 4832 conSpectu
927 4771 1038 4817 tuo.
1074 4761 1146 4817 Et
1173 4762 1300 4832 quid
1331 4760 1513 4817 statim
1556 4760 1843 4833 sequitur?

243 4856 318 4915 Et
357 4855 701 4923 emundabor
745 4870 776 4910 a
810 4855 1014 4911 delicto
1040 4855 1300 4911 maxime.
1339 4854 1475 4910 Vide
1515 4855 1642 4926 quid
1675 4855 1839 4912 dicat.

242 4951 306 5009 Si
336 4967 425 5008 me
450 4937 710 5022 cogitatio
740 4966 846 5006 non
874 4952 1085 5016 vicerit,
1106 4956 1163 5005 ιιι
1190 4949 1256 5006 ad
1285 4964 1420 5021 opus
1446 4965 1549 5005 non
1578 4951 1843 5015 perduxe-

245 5046 356 5102 rit:
385 5062 413 5100 a
444 5060 644 5117 magno
677 5056 897 5113 peccato
922 5045 1186 5102 liberatus
1214 5058 1359 5101 sum.
1392 5043 1654 5112 Quoniam
1696 5044 1841 5116 cogi-

247 5140 376 5195 tatio
400 5137 626 5193 hominis
654 5137 978 5208 conﬁtebitur
997 5139 1111 5192 tibi.
1131 5136 1321 5192 Nullus
1338 5145 1422 5193 est
1440 5138 1584 5192 enim
1608 5136 1841 5191 mundus

246 5229 305 5287 in
331 5240 629 5302 conspectu
662 5230 792 5298 Dei,
826 5246 927 5287 nec
956 5231 1000 5286 si
1049 5230 1208 5286 unius
1246 5230 1468 5301 quidem
1517 5228 1629 5285 diei
1677 5227 1843 5283 fuerit

186 5370 193 5381 .
244 5324 359 5380 vita
387 5324 526 5395 ejus.
559 5322 727 5380 Astra
757 5339 862 5379 non
912 5334 1041 5379 sunt
1067 5322 1265 5379 munda
1297 5323 1351 5378 iu
1379 5330 1674 5392 conspectu
1699 5320 1796 5377 Dei
1821 5362 1838 5389 ,

246 5422 310 5473 et
334 5415 598 5473 adversus
633 5416 858 5487 angelos
886 5429 1015 5471 suos
1044 5429 1364 5488 perversum
1407 5412 1537 5484 quid
1565 5414 1839 5483 excogita-

245 5507 347 5564 vit.
381 5506 544 5580 (Job.
564 5524 636 5563 xv
664 5518 712 5562 et
764 5509 929 5578 xxv).
985 5508 1099 5563 Hoc
1127 5515 1299 5561 totum
1328 5505 1541 5577 quare?
1569 5504 1837 5573 Quoniam

248 5602 301 5660 si
330 5610 475 5658 astra
497 5616 609 5657 non
634 5613 757 5657 sunt
781 5601 1005 5670 munda,
1030 5601 1075 5657 si
1103 5602 1154 5656 in
1177 5600 1386 5669 augetis
1415 5612 1730 5668 perversum
1764 5598 1841 5653 in-

252 5693 475 5750 venitur
511 5711 523 5745 :
559 5706 763 5763 quanto
815 5694 988 5764 magis
1041 5695 1095 5747 in
1144 5691 1474 5763 cogitatione
1529 5690 1841 5745 hominum!

252 5785 359 5845 Ubi
390 5794 522 5842 sunt
551 5785 627 5840 illi
658 5786 747 5857 qui
779 5787 989 5853 dicunt,
1020 5783 1216 5840 recede
1246 5798 1275 5838 a
1306 5799 1425 5853 me,
1454 5783 1580 5854 quia
1612 5781 1844 5838 mundus

1862 3169 1910 3233 C

1935 1889 2230 1961 Apostolus
2275 1890 2471 1958 Judas,
2525 1899 2581 1946 et
2627 1891 2889 1962 quoniam
2938 1901 3339 1964 peccaverunt,
3388 1893 3535 1950 Deus

1939 1985 2059 2039 tulit
2088 1986 2157 2039 ab
2181 1984 2259 2040 eis
2282 1984 2541 2054 Spiritum
2570 1995 2846 2041 sanctum.
2879 1984 3049 2042 Nemo
3079 2002 3209 2059 ergo
3231 1987 3538 2059 dicat:Ego

1937 2079 2228 2149 episcopus
2257 2093 2408 2144 sum,
2458 2088 2550 2133 aut
2592 2077 2888 2150 diaconus,
2921 2091 3011 2135 aut
3063 2080 3393 2147 monachus;
3429 2096 3532 2152 ego

1938 2173 2190 2242 princeps
2220 2187 2342 2227 sum
2387 2171 2440 2227 in
2488 2170 2593 2226 isto
2623 2173 2829 2228 saeculo
2862 2192 2872 2225 :
2910 2182 3108 2240 potens
3138 2183 3223 2230 est
3247 2172 3394 2231 Deus
3434 2175 3539 2230 tol-

1939 2263 2055 2319 lere
2099 2263 2349 2336 spiritum
2397 2263 2727 2335 principum.
2773 2263 3017 2333 Denique
3048 2273 3108 2320 ut
3142 2265 3365 2331 sciatis,
3416 2266 3540 2334 quia

1939 2355 2079 2411 tollit
2130 2355 2276 2410 Deus
2307 2355 2561 2425 spiritttm
2618 2373 2632 2412 :
2680 2356 2915 2411 recessit
2946 2356 3172 2426 spiritus
3200 2356 3298 2413 Dei
3330 2372 3359 2410 a
3406 2356 3538 2414 Saul

1938 2446 2110 2504 bonus
2134 2489 2148 2513 ,
2181 2458 2236 2503 et
2275 2446 2581 2502 suﬂ'ocabat
2619 2463 2742 2504 eunt
2774 2447 2998 2517 spiritus
3028 2446 3315 2520 malignus.
3349 2448 3543 2520 Sequi-

1941 2546 2028 2613 tur
2046 2556 2060 2594 :
2077 2538 2142 2593 Et
2158 2536 2459 2594 suffocabat
2486 2553 2609 2593 eum
2631 2539 2857 2608 Spiritus
2877 2540 2970 2597 Dei
2998 2540 3172 2596 malus
3194 2539 3239 2613 (ι
3253 2539 3385 2613 Reg.
3400 2542 3537 2611 χιιι).

1941 2629 2085 2701 Ergo
2116 2629 2317 2686 malum
2344 2629 2513 2686 habet
2534 2631 2783 2702 spiritum
2819 2632 3002 2688 Dens?
3029 2632 3374 2705 Nequaquam
3405 2652 3418 2686 :
3445 2634 3539 2690 sed

1941 2722 2065 2781 ideo
2114 2736 2420 2782 recesserat
2467 2727 2694 2796 spiritus
2726 2725 2852 2790 Dei.
2903 2735 2960 2781 ut
3006 2736 3194 2797 postea
3245 2726 3543 2783 suﬂocaret

1940 2833 2065 2875 eum
2100 2819 2323 2890 spiritus
2355 2820 2528 2877 malus
2560 2837 2575 2875 :
2624 2829 2910 2890 propterea
2950 2822 3170 2890 spiritus
3196 2822 3293 2878 Dei
3341 2823 3539 2879 dicitur

1941 2912 2138 2967 malus.
2192 2911 2436 2981 Denique
2462 2918 2682 2968 sanctus
2726 2911 2891 2966 David
2917 2953 2933 2978 ,
2966 2914 3147 2968 sciens
3168 2915 3289 2985 quia
3318 2917 3544 2987 spiritus

1944 3002 2160 3059 tolleret
2183 3001 2489 3074 principum
2522 3020 2536 3058 :
2570 3015 2721 3075 rogat
2756 3005 2923 3058 Dt-nm
2948 3045 2962 3069 ,
2992 3014 3044 3059 et
3072 3004 3205 3061 dicit
3234 3020 3249 3061 :
3278 3006 3539 3076 Spiritutn

1943 3104 2191 3151 sanctum
2227 3105 2373 3151 tuum
2422 3111 2492 3150 ne
2534 3096 2754 3152 auferas
2799 3110 2827 3148 ει
2858 3110 2944 3149 me
2977 3094 3149 3164 (Psal.
3181 3096 3256 3168 ι).
3300 3096 3545 3153 Terribili

1944 3188 2086 3257 apud
2111 3201 2254 3257 reges
2282 3198 2452 3242 terrar.
2483 3187 2550 3243 Et
2577 3186 2878 3243 secundum
2924 3186 3163 3243 litteram
3198 3190 3538 3262 intelligitur.

1944 3279 2213 3337 Cmterum
2245 3288 2470 3350 praestet
2501 3278 2649 3335 Deus
2673 3278 2866 3344 nobis,
2902 3288 2960 3335 ut
2987 3295 3142 3352 reges
3165 3288 3321 3336 terra:
3345 3283 3538 3337 simus.

1946 3373 2113 3447 Reges
2154 3384 2345 3442 terrae,
2378 3383 2437 3427 ut
2464 3374 2791 3443 imperemus
2822 3374 2971 3429 carui
3021 3383 3244 3430 nostra}.
3277 3373 3433 3430 Unde
3461 3374 3546 3430 di-

1944 3466 2017 3521 cit
2048 3472 2103 3521 et
2132 3463 2468 3535 Apostolus:
2514 3464 2631 3519 Non
2661 3473 2850 3537 regnet
2898 3473 3180 3537 peccatum
3227 3465 3281 3522 itt
3323 3466 3543 3521 mortali

1945 3567 2131 3614 vestro
2160 3573 2393 3629 corpore
2423 3556 2600 3630 (Rom.
2637 3558 2736 3629 vr).
2774 3558 2839 3612 Et
2873 3560 2924 3613 in
2972 3559 3080 3614 alio
3108 3559 3230 3616 loco
3274 3559 3539 3629 scriptum

1944 3657 2027 3704 est
2059 3668 2070 3702 :
2100 3647 2208 3705 Cor
2253 3650 2393 3721 regis
2451 3650 2503 3704 in
2559 3666 2719 3704 manu
2779 3650 2875 3705 Dei
2931 3648 3116 3720 (Prov.
3149 3649 3287 3722 XXI).
3338 3651 3540 3708 Juliaui

1944 3743 2308 3816 persecutoris
2328 3758 2425 3799 eor
2445 3743 2501 3799 in
2533 3758 2693 3798 manu
2716 3743 2812 3799 Dei
2833 3743 2955 3798 fuit.
2977 3743 3107 3799 Saul
3127 3757 3223 3799 cor
3266 3744 3318 3799 in
3369 3759 3535 3800 manu

1946 3833 2041 3891 Dei
2070 3834 2193 3890 fuit.
2236 3835 2479 3891 Manasse
2506 3850 2603 3891 cor
2634 3834 2687 3890 in
2720 3849 2883 3890 manu
2927 3833 3021 3891 Dei
3049 3833 3177 3901 fuit,
3204 3841 3261 3892 et
3288 3835 3533 3891 omnium

1945 3927 2232 3997 impiorum
2288 3942 2478 3998 regum
2524 3924 2661 3983 Juda
2716 3923 2773 3982 in
2825 3942 2986 3981 manu
3036 3927 3534 3983 Domini'fuerunt.

1944 4017 2160 4074 Videtis
2183 4018 2439 4089 quoniam
2462 4014 2759 4075 secundum
2784 4018 3017 4074 litteram
3044 4026 3189 4075 stare
3211 4034 3318 4075 non
3337 4028 3540 4090 potest.

1942 4110 2123 4182 Reges
2147 4126 2280 4181 ergo
2307 4110 2480 4167 sancti
2508 4119 2670 4176 sunt,
2695 4120 2750 4166 ct
2788 4110 3014 4166 istorum
3039 4125 3137 4167 cor
3160 4112 3213 4168 in
3246 4128 3409 4168 manu
3442 4112 3546 4169 Do.

1943 4203 2076 4259 mini
2116 4211 2219 4259 est.
2252 4204 2319 4259 Et
2360 4218 2458 4258 nos
2505 4217 2636 4275 ergo
2664 4212 2914 4275 petamus
2947 4204 3149 4273 Deum,
3182 4213 3245 4260 ut
3268 4221 3425 4275 reges
3467 4206 3543 4261 si-

1945 4310 2099 4366 mus,
2150 4303 2211 4351 ut
2242 4295 2575 4366 imperemus
2613 4297 2761 4351 carni
2812 4305 3056 4364 nostrai,
3090 4305 3150 4352 ut
3174 4297 3422 4368 subjecta
3472 4298 3547 4354 sit

1944 4388 2121 4445 nobis.
2153 4386 2308 4445 Unde
2336 4388 2474 4446 dicit
2499 4399 2555 4445 et
2580 4390 2871 4461 Apostolus
2903 4409 2914 4442 :
2948 4388 3074 4445 ideo
3108 4390 3316 4461 castigo
3345 4405 3546 4462 corpus

1946 4497 2125 4535 meum
2146 4522 2161 4547 ,
2194 4490 2249 4536 et
2286 4481 2338 4536 in
2380 4480 2701 4537 servitutem
2730 4482 2948 4552 redigo,
2982 4499 3049 4537 ne
3081 4482 3220 4538 forte
3249 4484 3372 4539 aliis
3402 4499 3541 4552 pra:-

1869 4562 1924 4625 D
1946 4573 2166 4639 dicans,
2224 4573 2343 4643 ipse
2389 4572 2654 4642 reprobus
2702 4572 2910 4628 efﬁciar
2941 4573 2985 4644 (Ι
3024 4572 3144 4630 Cor.
3174 4576 3275 4645 rx).
3307 4576 3543 4646 Imperet

1947 4667 2131 4722 anima
2160 4673 2369 4727 nostra,
2405 4666 2608 4722 serviat
2633 4680 2863 4737 corpus,
2897 4667 3155 4723 etstatim
3181 4669 3363 4725 veniet
3388 4669 3545 4726 Chri-

1948 4766 2093 4825 stus,
2122 4766 2177 4812 et
2210 4755 2479 4813 habitabit
2512 4756 2563 4811 in
2597 4756 2774 4812 nobis.
2812 4758 3052 4827 Denique
3092 4759 3221 4830 quid
3252 4760 3387 4815 dicit
3423 4760 3542 4831 ipse

1949 4850 2002 4904 in
2036 4847 2639 4920 Evangelio?Veniam,
2672 4847 2877 4919 inquit,
2909 4857 2963 4904 et
2987 4849 3144 4905 stabo
3168 4859 3297 4907 ante
3316 4855 3538 4920 ostium,

1948 4950 2003 4997 et
2037 4943 2266 5014 pulsalto
2301 4961 2311 4996 :
2352 4951 2407 4998 et
2441 4942 2485 4996 si
2516 4942 2638 5013 quis
2677 4942 2807 4997 mihi
2853 4943 3166 5012 aperuerit,
3213 4945 3454 5007 intrabo.
3487 4957 3545 5003 et

1952 5037 2181 5093 (tenabo
2209 5054 2330 5091 cum
2355 5052 2422 5093 co
2442 5038 2628 5108 (Apoc.
2656 5034 2756 5107 ιιι).
2781 5035 3034 5103 Quotidie
3064 5044 3171 5091 stat
3190 5045 3317 5093 ante
3341 5038 3539 5095 ostium

1954 5130 2190 5199 pectoris
2231 5130 2402 5185 nostri
2442 5127 2724 5194 Christus,
2756 5128 2957 5183 intrare
2994 5128 3290 5186 desiderat.
3319 5130 3544 5201 Aperia-

1951 5236 2072 5275 mus
2126 5221 2206 5287 ei,
2241 5222 2579 5292 ingredietur
2608 5221 2661 5276 in
2694 5235 2826 5286 nos,
2857 5228 2913 5275 et
2943 5220 3142 5291 hospes
3189 5229 3374 5278 noster
3414 5223 3537 5289 erit,

1948 5322 2004 5370 et
2033 5312 2292 5378 conviva,
2325 5313 2429 5369 hoc
2460 5322 2574 5379 est,
2616 5323 2669 5369 et
2701 5312 2981 5368 nobiscum
3009 5312 3263 5371 comedet
3294 5332 3307 5369 :
3341 5315 3426 5372 cui
3456 5324 3543 5373 est

1943 5407 2116 5480 gloria
2156 5407 2209 5461 in
2241 5406 2440 5461 saecula
2465 5405 2809 5461 saeculorum.
2842 5406 3039 5462 Amen.

2444 5547 2763 5606 PSALMUS
2800 5547 3037 5604 LXXVI.

1952 5710 2018 5766 In
2041 5712 2221 5782 ﬁnmt,
2246 5724 2362 5782 pro
2403 5704 2645 5782 [dit/tun,
2697 5701 2937 5782 Psallam
2981 5704 3177 5775 Asopia.
3211 5706 3271 5764 In
3310 5708 3540 5782 Hebraeo

2025 5774 2113 5852 per
2169 5774 2387 5834 luit/tun
2436 5792 2452 5829 :
2496 5785 2551 5831 ut
2606 5774 2871 5845 signiticet
2899 5791 3003 5830 non
3036 5774 3131 5847 pro
3175 5793 3273 5847 eo,
3317 5780 3414 5838 sed
3448 5798 3542 5854 per
