4016 6322
493 271 633 330 103‘)

566 396 689 438 eum
735 380 999 449 psalmum
1046 377 1210 431 fuisse
1252 382 1551 449 cantatum,

565 442 750 523 quitur
780 449 956 522 Asaph
982 449 1213 519 psalmus
1233 486 1246 509 ,
1287 445 1340 499 in
1372 446 1651 500 veteribus
1677 442 2087 513 exemplaribus

570 542 674 579 non
708 524 960 578 habetur.

575 636 711 691 Voce
763 648 875 687 mea
911 629 979 684 ad
1033 626 1310 682 Dominum
1364 624 1581 680 clamavi
1632 641 1649 679 :
1696 638 1815 677 voce
1863 638 1974 675 mea
2021 620 2089 673 (τιί

497 728 665 784 Deum
682 771 695 795 ,
726 734 771 780 ct
792 721 1009 778 intendit
1038 720 1183 775 milii.
1209 718 1277 772 In
1300 718 1384 771 die
1410 715 1758 771 tribulationis
1781 729 1904 768 mea:
1928 711 2091 767 Deum

495 817 765 889 exquisivi.
810 813 1003 870 Videte
1050 810 1322 881 quomodo
1371 810 1423 865 in
1474 807 1820 865 tribulatione
1870 816 1982 874 cst,
2039 815 2095 861 et

495 911 784 966 Dominum
815 918 870 964 et
911 907 1076 963 Deum
1108 905 1452 976 deprecatur,
1482 912 1538 958 et
1574 912 1752 957 tamen
1785 917 1921 956 unus
1954 900 2094 956 Deus

501 1014 604 1060 est.
636 1002 773 1059 Voce
801 1017 911 1056 mea
939 1000 1008 1054 ad
1037 998 1317 1053 Dominum
1338 997 1577 1051 ‘clamari.
1603 996 1850 1051 Clamare
1870 1010 1934 1051 eo
1962 1004 2097 1050 tem-

498 1112 631 1168 pore
664 1094 1030 1151 necessarium
1054 1101 1136 1147 est
1161 1110 1173 1145 :
1211 1091 1429 1163 quando
1458 1090 1614 1160 longe
1645 1098 1727 1144 est
1753 1089 1843 1143 ille
1869 1087 1959 1159 qui
1989 1087 2098 1142 cla-

499 1197 632 1244 mat.
656 1187 804 1260 Ergo
831 1187 933 1242 iste
960 1185 1101 1257 quod
1129 1183 1261 1239 dicit
1289 1202 1300 1237 :
1334 1184 1436 1238 hoc
1465 1193 1572 1249 est,
1597 1182 1846 1253 quoniam
1876 1191 2099 1254 propter

498 1290 720 1354 peccata
763 1295 885 1336 mea
928 1280 1089 1350 longe
1138 1294 1256 1333 sum
1287 1295 1316 1332 a
1349 1287 1445 1333 te:
1494 1279 1782 1348 prepterea
1823 1276 2002 1332 clamo
2043 1285 2102 1332 ut

503 1390 590 1430 me
620 1372 900 1429 exaudias.
944 1370 1080 1425 Voce
1110 1370 1179 1423 atl
1227 1367 1543 1435 Dominum,
1592 1377 1639 1422 et
1693 1368 1912 1422 intendit
1948 1368 2098 1424 milii.

500 1465 681 1536 Ipsum
711 1475 798 1521 est
841 1463 985 1534 quod
1027 1462 1161 1517 dicit
1192 1472 1245 1518 et
1274 1462 1327 1517 in
1355 1463 1463 1516 alio
1486 1462 1609 1517 loco
1656 1478 1669 1515 :
1703 1459 1785 1516 Ad
1814 1460 2098 1517 Dominum

501 1574 626 1613 cum
680 1556 977 1614 tribularer
1020 1554 1293 1621 clamavi,
1350 1565 1405 1610 et
1443 1552 1718 1610 exaudivit
1777 1569 1864 1609 me
1904 1552 2098 1625 (Rsal.

499 1649 674 1722 ουκ).

1280 212 1627 319 ΛΡΡΕΝΒΙΧ
1666 257 1758 314 AD
1798 247 2043 313 TOMUM
2085 251 2439 311 SEPTIMUM
2478 249 2538 306 S.
2579 242 2985 305 HIEllONYMl.

1592 371 1747 440 Quod
1788 380 1966 426 autem
1999 384 2086 425 se-
2113 370 2165 431 Α
2190 368 2521 421 conturbatus
2540 382 2671 419 sum.
2702 360 3050 420 Consideravi
3072 353 3540 413 mansuetudinem
3572 350 3779 421 ipsius:

2191 458 2531 516 considerari
2593 457 2876 528 pietatem,
2939 450 3275 509 consideravi
3333 446 3686 509 munditiam,
3733 449 3788 497 et

2192 554 2384 610 videns
2438 553 2700 622 meipsum
2770 548 3151 613 immundum,
3224 542 3584 600 vehementer
3653 551 3784 592 cun-

3643 234 3783 291 1050

2196 645 2470 702 turbabar.
2506 643 2835 699 Eaercitutus
2879 657 3028 711 sunt,
3075 648 3121 694 ct
3150 637 3336 707 defecit
3365 633 3580 705 spiritus
3622 645 3786 685 meus.

2196 739 2252 794 ln
2286 738 2514 795 Hebraeo
2542 737 2737 793 melius
2762 734 2962 791 habet:
2998 731 3270 801 Loquebar
3300 731 3352 782 in
3392 725 3710 796 memetipso,
3742 730 3787 777 et

2196 829 2381 901 defecit
2404 829 2618 899 spiritus
2648 842 2789 881 meus
2817 841 2836 880 :
2866 825 2984 881 sive
3031 822 3444 894 desperatione,
3484 815 3602 872 sive
3646 813 3789 871 desi-

2198 923 2351 979 derio
2379 922 2495 978 Dei.

2270 1014 2695 1087 Anticipaverunt
2732 1008 2932 1084 vigilias
2957 1010 3093 1065 oculi
3124 1006 3242 1063 mei.
3276 1005 3333 1061 in
3363 1003 3596 1060 Hebraeo
3634 999 3792 1057 aliter

2202 1108 2408 1163 habet:
2457 1105 2800 1161 Proliibcbam
2854 1110 3153 1171 suspectum
3213 1097 3483 1153 oculorum
3533 1108 3793 1159 meorum,

2200 1197 2596 1270 constupebam,
2643 1208 2693 1252 et
2720 1213 2823 1252 non
2849 1194 3115 1266 loquebar.
3165 1190 3319 1258 Quod
3351 1187 3483 1244 dicit
3524 1187 3629 1242 huc
3671 1192 3791 1239 est:

2201 1290 2565 1346 Considerans
2592 1297 2812 1359 peccata
2844 1301 2995 1352 mea,
3030 1284 3222 1340 oculos
3249 1282 3316 1337 ad
3347 1279 3544 1336 caelum
3590 1278 3798 1349 erigere

2205 1397 2314 1439 non
2348 1382 2611 1438 audebam
2649 1398 2660 1434 :
2706 1379 2974 1451 peccaturi
3004 1376 3148 1433 enim
3193 1373 3323 1430 dicit
3352 1373 3497 1428 Deus
3526 1388 3537 1422 :
3573 1377 3633 1424 ut
3672 1367 3800 1436 quid

2206 1484 2261 1531 tu
2300 1489 2524 1532 enarras
2559 1473 2794 1545 justitias
2840 1487 2989 1528 meas
3038 1467 3214 1543 (Psal.
3265 1464 3450 1539 xux)?
3499 1464 3798 1533 Propterea

2206 1567 2517 1636 stupebam,
2559 1564 2837 1631 timebam,
2868 1562 3014 1632 loqui
3058 1577 3167 1616 non
3210 1568 3479 1631 poteram.
3508 1555 3624 1612 Hoc
3648 1554 3802 1625 juxta

2206 1659 2488 1714 llebrazus.
2546 1656 2966 1728 Auticipnverunt
3035 1653 3240 1725 vigilias
3294 1651 3430 1705 oculi
3472 1648 3571 1704 mei
3615 1662 3635 1702 :
3694 1645 3807 1702 An-

577 1740 644 1796 In
694 1743 778 1795 die
808 1740 1158 1795 tribulationis
1207 1754 1359 1808 metu,
1392 1741 1557 1792 Deum
1587 1739 1863 1810 exquisivi.
1898 1737 2101 1793 Diilici-
2135 1761 2186 1823 Β
2214 1763 2429 1825 (equam
2473 1751 2671 1823 aliquis
2718 1750 3004 1821 vigilaret;
3046 1762 3148 1819 ego
3191 1745 3500 1817 visitabam.
3556 1741 3807 1813 Legimus

505 1833 609 1889 lem
657 1849 769 1888 rem
799 1832 929 1888 dicit
971 1830 1128 1888 :Nos
1156 1830 1374 1901 quando
1421 1830 1767 1895 tribulamur,
1804 1831 1854 1885 in
1903 1838 2103 1886 terram

502 1924 821 1995 dejicimur:
846 1921 981 1976 nihil
1005 1921 1149 1975 aliud
1176 1921 1277 1976 nisi
1305 1921 1372 1976 de
1394 1920 1754 1977 tribulatione
1776 1922 2100 1992 cogitamus.

506 2014 616 2072 lste
642 2029 773 2070 vero
800 2015 852 2069 in
886 2012 1236 2069 tribulatione
1264 2023 1638 2069 commovetur
1668 2032 1681 2067 :
1708 2023 1766 2068 ut
1796 2013 1965 2069 Deum
2011 2014 2106 2069 de-

501 2114 780 2179 precetur.
809 2106 885 2160 Ac
916 2104 961 2159 si
986 2114 1170 2175 aperte
1194 2104 1360 2170 dicat,
1387 2104 1583 2159 Filium
1608 2105 1818 2175 perdidi
1846 2123 1859 2158 :
1886 2106 2105 2161 incensa

508 2197 815 2254 estdomus
858 2211 1010 2263 mea,
1044 2197 1111 2251 ad
1143 2195 1549 2251 mendicitatem
1581 2197 1702 2251 veni
1730 2214 1741 2250 :
1778 2212 1886 2251 non
1918 2211 2107 2267 quaero

509 2290 646 2346 illud
691 2288 838 2361 quod
871 2287 1112 2359 perdidi,
1165 2288 1259 2343 scd
1309 2288 1594 2343 Dominum
1636 2304 1841 2359 quam.
1875 2289 1930 2344 Si
1961 2288 2108 2343 enim

505 2383 673 2438 istum
704 2381 969 2436 invenero
991 2419 1006 2445 ,
1037 2380 1089 2433 in
1122 2378 1227 2435 isto
1253 2380 1470 2436 invenio
1498 2382 1698 2437 omnia.
1728 2381 1967 2450 Qttarritc
1997 2382 2109 2450 pri-

512 2489 660 2529 mum
707 2488 936 2545 regnum
966 2471 1097 2539 Dei,
1123 2482 1177 2528 et
1209 2472 1326 2527 hazc
1355 2473 1538 2528 omnia
1573 2484 1923 2546 opponentur
1953 2474 2109 2529 vobis

512 2566 729 2639 (Matth.
759 2569 858 2639 γι).
896 2565 1138 2621 Manibus
1167 2566 1292 2619 meis
1319 2574 1466 2620 nocte
1506 2578 1686 2621 contra
1726 2585 1842 2622 cum
1869 2584 1885 2620 :
1917 2577 1963 2621 et
2004 2585 2108 2622 non

508 2675 623 2713 sum
678 2659 939 2729 deceptus.
977 2659 1032 2713 ιη
1082 2658 1307 2714 llcbra'o
1336 2660 1493 2715 aliter
1522 2661 1683 2716 habet
1713 2679 1724 2712 :
1758 2659 1949 2714 Manus
1994 2677 2109 2715 mea

508 2761 657 2806 necte
685 2750 998 2817 extenditur,
1028 2760 1076 2803 et
1116 2768 1215 2805 non
1242 2752 1477 2821 quiescit.
1518 2751 1761 2807 Manibus
1786 2753 1912 2806 mt‘is
1959 2763 2107 2808 nocte

513 2852 697 2896 contra
745 2858 881 2896 eum.
911 2841 1263 2909 Subauditur,
1297 2844 1549 2898 clamavi.
1582 2843 1773 2899 Videte
1801 2859 1930 2913 ergo
1958 2844 2106 2915 quod

518 2947 571 2991 ct
604 2950 769 3005 opera
803 2945 1017 3002 nostra,
1061 2936 1219 2992 nobis
1251 2938 1591 3005 tacentibus,
1624 2939 1856 2993 clamant
1890 2938 1956 2994 ad
2000 2938 2108 2994 Do-

517 3030 723 3084 minum
753 3047 766 3084 :
795 3036 1081 3100 prOpterea
1114 3029 1313 3086 dicitur
1343 3048 1355 3083 :
1390 3030 1613 3086 Factum
1646 3040 1730 3087 est
1751 3032 1977 3086 verbum
2000 3032 2108 3087 Do-

523 3121 655 3176 mini
694 3122 747 3175 in
786 3135 948 3176 manu
978 3120 1148 3192 Aggei
1193 3123 1471 3191 prephetre
1502 3122 1690 3194 (Aggei
1718 3121 1783 3193 ι).
1820 3122 1935 3177 Non
1967 3122 2017 3177 ci
2050 3124 2105 3176 lit
2133 3146 2179 3208 ο

524 3221 576 3275 in
618 3232 744 3285 ore,
778 3215 880 3271 hoc
906 3223 1024 3283 cst,
1056 3217 1108 3270 in
1138 3229 1427 3283 sermone,
1459 3216 1554 3272 sed
1584 3218 1637 3271 in
1663 3232 1822 3271 manu
1846 3258 1860 3283 ,
1896 3217 1998 3271 huc
2024 3225 2108 3272 est

523 3312 575 3363 in
621 3322 807 3379 opere.
860 3307 1107 3362 Manibus
1136 3310 1262 3362 meis
1293 3318 1487 3364 nocte:
1536 3309 1639 3365 huc
1683 3320 1802 3377 est,
1838 3310 2102 3379 clamavi,

516 3399 767 3454 manibus
790 3398 1040 3455 clamavi.
1074 3398 1367 3469 Propterea
1420 3399 1620 3455 dicitur
1661 3409 1716 3456 et
1744 3401 1811 3455 ad
1842 3403 2063 3470 Moysen
2091 3420 2106 3459 :

516 3490 655 3559 Quid
707 3491 913 3546 clamas
959 3490 1026 3545 ad
1057 3491 1179 3545 me?
1210 3490 1275 3546 Et
1304 3501 1455 3548 certe
1484 3508 1589 3547 non
1619 3504 1702 3548 est
1742 3495 2001 3565 scriptum
2035 3496 2109 3551 ibi

515 3585 642 3654 quia
670 3583 933 3639 clamaret
976 3582 1190 3654 Moyses
1219 3584 1284 3639 ad
1318 3585 1519 3651 Deum,
1572 3586 1668 3641 sed
1711 3588 1965 3658 quoniam
2016 3604 2110 3644 cor

512 3676 684 3744 ipsius
709 3675 1024 3729 clamabat:
1055 3674 1209 3731 Abba
1231 3718 1245 3743 ,
1274 3676 1433 3731 Pater
1465 3674 1664 3747 (Exod.
1704 3682 1840 3749 MV).
1869 3678 2000 3736 Inde
2028 3689 2115 3735 est

515 3766 662 3836 quod
714 3766 911 3822 dicitur
953 3767 1006 3822 in
1060 3766 1293 3822 Ieremia
1349 3787 1359 3820 :
1393 3767 1514 3823 Non
1545 3769 1692 3824 siluit
1734 3771 1938 3842 pupilla
1969 3772 2111 3828 oculi

519 3855 627 3911 mei
658 3854 874 3927 (Tliren.
910 3855 995 3928 ιι).
1049 3855 1239 3911 Videte
1263 3873 1392 3925 ergo
1440 3858 1582 3929 quod
1615 3870 1669 3914 et
1720 3862 1927 3932 pupilla
1969 3863 2111 3918 oculi

516 3948 691 4003 nostri
720 3963 825 4001 non
849 3958 988 4004 tacet
1010 3988 1026 4015 ,
1060 3948 1153 4003 sed
1177 3948 1666 4022 quotienscumque
1689 3951 1961 4024 lacryuias
1982 3969 2109 4025 pro-

503 4040 747 4094 ‘ferimus
770 4081 785 4106 ,
818 4040 1018 4095 totiens
1042 4041 1339 4096 clamamus
1365 4043 1432 4096 ad
1477 4042 1646 4097 Deum
1668 4084 1682 4109 ,
1717 4042 1961 4100 Manibus
1991 4047 2114 4101 meis

521 4141 672 4185 nocte
722 4140 903 4184 contra
934 4128 1104 4185 Deum
1127 4148 1145 4185 :
1177 4131 1234 4186 ld
1258 4142 1373 4200 est,
1404 4133 1547 4203 quod
1577 4134 1773 4190 dicitur
1805 4152 1820 4190 :
1855 4136 1909 4190 In
1938 4139 2113 4193 nocti-

473 4210 477 4217 ’
518 4224 620 4277 lius
652 4222 896 4278 extollite
927 4238 1119 4278 manus
1148 4233 1359 4279 vestras
1402 4225 1455 4279 in
1481 4233 1699 4295 saneta,
1731 4236 1786 4282 et
1811 4229 2115 4287 benedicite

516 4314 809 4370 Dominum
845 4315 1021 4384 (Psal.
1053 4317 1303 4388 cxxxiii).
1345 4318 1404 4374 ln
1445 4329 1603 4375 nocte
1633 4321 1788 4376 istius
1813 4322 2029 4391 saeculi,
2061 4335 2117 4379 et

518 4410 578 4462 in
615 4409 858 4464 tenebris
881 4424 1002 4464 cum
1035 4409 1126 4464 alii
1153 4410 1220 4465 ad
1251 4411 1377 4466 vitia
1408 4424 1799 4484 properarent,
1827 4431 1928 4486 ego
1950 4433 2114 4487 opera

2216 1856 2265 1902 et
2301 1846 2354 1900 in
2400 1845 2624 1901 Daniele
2652 1843 2809 1917 (Cap.
2844 1842 2923 1915 χ).
2957 1843 3020 1898 Ει
3053 1856 3216 1907 ecce,
3248 1840 3450 1911 inquit,
3490 1837 3557 1902 ir,
3608 1836 3660 1891 id
3686 1842 3803 1904 est,

2218 1940 2369 2010 vigil.
2405 1938 2520 1995 Non
2565 1937 2878 1994 dormitavit
2925 1949 3099 2005 neque
3137 1930 3524 1999 dormiet,qui
3573 1928 3812 1985 custodit

2209 2008 2396 2087 Israel.
2428 2030 2572 2102 Ergo
2602 2028 2900 2085 monachus
2938 2028 3028 2099 qui
3061 2042 3168 2082 non
3194 2025 3377 2094 vigilat
3403 2023 3548 2079 hunc
3584 2008 3817 2079 tersum.

2212 2141 2318 2181 non
2344 2132 2522 2196 potest
2551 2124 2756 2179 dicere.

2285 2216 2545 2271 Turbatus
2572 2231 2707 2282 sum,
2741 2226 2789 2269 et
2818 2231 2921 2269 non
2964 2231 3079 2269 sum
3112 2212 3334 2267 locutus.
3367 2211 3479 2267 lloc
3516 2218 3624 2277 est,
3665 2206 3809 2278 quod

2209 2311 2342 2367 dicit
2366 2310 2663 2381 Apostolus
2696 2325 2711 2363 :
2743 2308 2836 2365 Sol
2871 2323 2977 2364 non
3028 2306 3239 2364 occidat
3282 2321 3447 2377 super
3476 2304 3809 2360 iracundiam

2210 2413 2446 2460 vestram
2485 2401 2705 2474 (Epltes.
2757 2403 2857 2467 tv).
2896 2399 3153 2455 Turbatus
3198 2415 3337 2467 sum,
3388 2397 3542 2467 quasi
3595 2395 3806 2451 homo:

2212 2514 2315 2553 non
2348 2514 2464 2552 smn
2491 2495 2716 2564 locutus,
2756 2494 2909 2565 quasi
2935 2493 3303 2551 Christianus.
3335 2491 3620 2547 iracundia
3647 2490 3811 2561 coepit

2212 2590 2265 2645 in
2292 2589 2458 2645 corde
2483 2603 2641 2654 meo;
2671 2586 2765 2643 sed
2799 2586 3135 2642 iracundiam
3166 2585 3222 2641 in
3253 2582 3416 2640 verba
3442 2598 3550 2639 non
3585 2582 3805 2654 protuli.

2283 2681 2518 2752 Cogitavi
2556 2680 2668 2735 dies
2717 2679 2978 2750 antiquos,
3014 2688 3061 2734 et
3101 2695 3264 2733 annos
3301 2687 3518 2733 teternos
3555 2677 3611 2731 in
3648 2686 3809 2730 mente

2213 2774 2390 2829 habui.
2412 2774 2684 2841 Quantum
2716 2788 2814 2843 pro
2842 2772 3078 2843 peccatis
3112 2772 3250 2827 meis
3271 2780 3376 2836 est,
3402 2767 3767 2840 desperabam
3794 2783 3807 2821 :

2212 2877 2267 2924 et
2292 2877 2547 2924 renuerat
2582 2867 2855 2922 consulari
2892 2866 3075 2921 anima
3108 2880 3251 2922 mea.
3289 2863 3443 2935 ϐαξρί
3470 2862 3714 2935 cogitare
3741 2860 3812 2916 ab

2215 2961 2371 3016 initio
2402 2959 2611 3026 mundi,
2644 2959 2859 3030 quando
2886 2957 3160 3016 hominem
3191 2957 3321 3014 fecit
3347 2958 3511 3020 Deus,
3546 2970 3719 3027 usque
3745 2953 3810 3008 ad

2213 3068 2413 3108 annum
2442 3068 2621 3123 meum
2656 3067 2672 3110 :
2706 3052 2778 3105 ab
2807 3051 2977 3106 Adam
3017 3066 3186 3122 usque
3216 3049 3283 3106 ad
3313 3060 3531 3120 tempus
3566 3063 3773 3103 meum.

2283 3142 2568 3199 Meditatus
2609 3160 2721 3198 sum
2767 3151 2912 3197 nocte
2950 3160 3070 3197 cum
3098 3143 3253 3197 corde
3297 3158 3434 3209 meo,
3464 3150 3511 3196 et
3541 3141 3811 3214 scopebam

2210 3238 2453 3306 spiritum
2497 3252 2667 3291 meum
2703 3234 2863 3291 :Non
2893 3236 3201 3307 cogitabam
3248 3232 3331 3291 de'
3366 3235 3673 3302 iracundia,
3703 3248 3809 3289 non

2211 3330 2516 3402 cogitabam
2547 3329 2614 3385 de
2640 3328 2868 3384 inimico
2914 3344 3068 3394 meo;
3116 3327 3212 3384 sed
3245 3335 3357 3384 tota
3398 3342 3520 3385 mea
3557 3325 3810 3398 cogitatio

2212 3423 2279 3479 de
2309 3423 2420 3478 Deo
2450 3431 2589 3477 erat.
2630 3420 2749 3476 Nux
2778 3436 2898 3489 qua:
2928 3419 3069 3476 sulet
3097 3434 3244 3486 esse,
3297 3417 3383 3475 vel
3414 3418 3482 3473 ad
3535 3418 3770 3489 quietem
3793 3457 3807 3481 ,

2212 3517 2299 3570 vel
2340 3516 2407 3570 ad
2439 3515 2759 3572 libidinem:
2790 3512 2923 3569 mihi
2953 3522 3074 3569 erat
3111 3512 3369 3585 cogitatio
3398 3510 3467 3567 de
3494 3510 3808 3565 virtutibus.

2215 3606 2502 3661 Mcditatus
2529 3623 2643 3661 sum
2664 3616 2811 3661 nocte
2832 3623 2950 3661 cum
2974 3605 3129 3660 corde
3166 3620 3301 3673 meo,
3335 3611 3383 3659 et
3407 3602 3680 3676 scopebam
3705 3601 3811 3671 spi-

2212 3698 2370 3753 ritum
2392 3714 2562 3753 meum
2595 3714 2614 3753 :
2644 3697 2749 3754 hoc
2774 3708 2879 3764 est,
2903 3697 3174 3753 fodiebam
3204 3694 3359 3767 quasi
3389 3710 3609 3767 agrum,
3660 3703 3719 3750 ut
3742 3691 3811 3748 ibi

2214 3791 2487 3847 mitterem
2518 3806 2705 3847 semen
2732 3790 3108 3848 doctrinarum
3143 3791 3381 3846 Domini.

2288 3885 2560 3957 Numquid
2581 3886 2633 3941 in
2656 3895 2904 3942 cateruam
2929 3887 3167 3959 projiciet
3198 3885 3373 3941 Deus?
3403 3884 3533 3942 llaec
3561 3893 3682 3942 erat
3702 3893 3812 3941 tota

2214 3979 2468 4051 cogitatio
2497 3994 2617 4034 mea
2650 3995 2665 4034 :
2692 3979 2838 4035 Deus
2860 3978 3133 4035 hominem
3162 3979 3295 4035 fecit
3319 3978 3388 4036 de
3416 3985 3585 4049 terra,
3614 3986 3668 4035 et
3686 3992 3813 4050 pro-

2217 4071 2365 4125 misit
2395 4068 2446 4124 ei
2472 4070 2634 4124 vitam
2660 4080 2918 4126 aeternam
2950 4087 2966 4126 :
2996 4070 3269 4142 quomodo
3297 4086 3428 4141 ergo
3463 4071 3533 4127 de
3565 4070 3810 4140 paradiso

2218 4162 2426 4231 cjectus
2453 4161 2571 4216 est?
2597 4161 2665 4216 Et
2693 4178 2796 4216 non
2822 4162 3036 4235 adjiciet
3066 4163 3136 4231 ei,
3170 4172 3227 4217 ut
3257 4162 3457 4235 placeat
3482 4162 3676 4217 adhuc.
3709 4162 3808 4217 Aut

2218 4254 2271 4306 in
2291 4253 2447 4322 ﬁnem
2477 4253 2891 4309 misericordiam
2913 4273 3065 4310 suam
3094 4254 3321 4312 abscidat
3347 4274 3379 4310 a
3407 4258 3737 4329 generatione
3758 4256 3811 4309 in

2216 4345 2640 4415 generationem?
2667 4345 2783 4402 lluc
2801 4355 2904 4415 est,
2937 4357 3221 4419 utramque
3247 4348 3661 4420 generationem
3689 4363 3811 4419 pru-

2211 4435 2385 4505 jieiet,
2411 4447 2465 4492 et
2496 4438 2696 4507 prioris
2717 4439 2898 4510 populi
2934 4456 2947 4494 :
2973 4448 3028 4495 et
3054 4441 3370 4512 sequentis?
3398 4441 3469 4497 Et
3494 4441 3540 4497 si
3571 4442 3813 4513 projecc-

516 4513 637 4554 inca
693 4498 760 4553 ad
816 4510 868 4556 te
924 4502 1100 4557 solum
1131 4502 1397 4559 levabam.
1432 4502 1500 4559 Et
1527 4521 1629 4560 non
1672 4524 1787 4562 sum
1827 4507 2107 4582 deceptus:

2220 4498 2301 4583 rat
2334 4498 2649 4585 Judaebrum
2682 4498 2940 4602 pbpulum
2976 4547 2990 4586 :
3020 4498 3290 4605 Numquid
3317 4543 3372 4589 et
3409 4498 3813 4605 gentium'pro-

518 4597 787 4663 Quoniam
838 4598 919 4653 sic
968 4598 1198 4654 clamavi
1245 4611 1299 4655 et
1330 4616 1496 4673 opere
1525 4602 1778 4660 clamavi.
1823 4604 1947 4661 Non
1998 4625 2113 4663 sum
2211 4618 2400 4689 jiciel?

514 4690 778 4761 deceptus.
814 4690 1113 4761 Dupliciter
1136 4692 1483 4764 intelligitur.
1517 4694 1963 4753 Autconsccutus
1993 4714 2111 4756 smn

515 4785 661 4854 quod
694 4785 942 4842 volebam
963 4831 977 4857 ,
1008 4795 1100 4842 aut
1128 4796 1280 4842 certe
1320 4804 1426 4843 non
1454 4805 1573 4844 sum
1602 4790 1862 4861 deceptus
1891 4792 1958 4847 ab
1983 4793 2117 4849 insi-

514 4877 619 4932 diis
660 4877 896 4943 diaboli,
946 4879 1036 4949 qui
1085 4894 1172 4935 me
1200 4878 1593 4937 circumvenire
1622 4881 1892 4953 cupiebat.
1918 4884 1973 4939 In
2007 4884 2112 4941 lle-

512 4969 667 5027 lirrco
690 4984 873 5027 autem
903 4972 1166 5042 scriptum
1193 4982 1274 5028 est
1302 4992 1312 5026 :
1335 4973 1525 5030 Manus
1548 4993 1658 5031 mea
1688 4977 1910 5034 innecte
1934 4988 2112 5035 exten-

516 5062 682 5130 ditur,
713 5073 759 5117 et
792 5081 897 5120 non
924 5065 1163 5136 quiescit.
1188 5063 1419 5138 Semper
1447 5069 1763 5125 extenditur
1790 5086 1981 5127 manus
2006 5072 2112 5128 vir-

514 5155 754 5223 tutibus,
788 5171 1175 5227 nonnunquam
1208 5158 1445 5228 peccatis
1474 5161 1841 5219 contrahitur.

587 5247 778 5303 Renuit
807 5249 1070 5305 consolari
1113 5251 1287 5305 anima
1328 5268 1460 5308 mea.
1494 5253 1765 5322 Quantum
1792 5258 1842 5311 in
1874 5261 2112 5329 peccatis

511 5339 654 5393 meis
693 5347 807 5408 est,
850 5355 949 5411 spe
999 5356 1084 5397 me
1116 5342 1265 5397 milia
1298 5352 1546 5414 poteram
1590 5347 1882 5405 consolari.
1911 5351 2112 5408 Memor

513 5429 593 5500 fui
625 5429 749 5499 Dei,
781 5440 830 5485 et
860 5432 1145 5487 delectatus
1165 5450 1301 5489 sum.
1332 5433 1602 5502 Quantum
1634 5437 1685 5493 iu
1711 5444 1947 5511 peccatis
1976 5445 2110 5502 meis

510 5522 614 5576 fuit
647 5541 659 5575 :
694 5524 896 5578 nullam
942 5527 1187 5583 invenire
1216 5529 1363 5598 potui
1395 5532 1846 5592 consolationem.
1876 5536 2108 5594 Rursum

511 5612 750 5683 cogitavi
779 5616 848 5671 de
869 5616 1012 5682 Deo,
1054 5627 1108 5673 et
1137 5619 1191 5673 in
1224 5620 1593 5679 misericordia
1619 5624 1790 5696 ipsius
1814 5627 2110 5687 delectatus

512 5716 658 5757 sum.
706 5703 763 5758 In
798 5706 1062 5764 Hebraico
1101 5709 1264 5767 aliter
1293 5710 1455 5767 habet
1500 5730 1511 5766 :
1556 5712 1756 5770 Memor
1781 5718 1860 5787 [ui
1900 5717 2028 5791 Dei,
2060 5730 2110 5778 et

2296 4717 2399 4769 Aut
2455 4717 2731 4771 continebit
2790 4718 2846 4772 in
2910 4719 2991 4773 ira
3057 4721 3437 4778 misericordias
3500 4737 3641 4778 suas.
3696 4719 3812 4777 Non

2216 4809 2393 4879 putuit
2448 4808 2726 4879 pulchrius
2772 4811 3002 4871 dicere:
3044 4813 3291 4883 quamvis
3360 4831 3421 4872 se
3489 4824 3693 4883 teneat,
3758 4823 3812 4868 nt

2215 4914 2322 4954 non
2381 4898 2699 4956 misereatur
2738 4916 2754 4958 :
2805 4910 2983 4959 tamen
3032 4903 3196 4961 vincit
3238 4905 3391 4961 illum
3440 4904 3811 4964 misericordia

2214 5003 2333 5045 sua.

2288 5083 2357 5138 Et
2402 5084 2536 5154 dixi,
2566 5102 2701 5141 nunc
2731 5089 2881 5160 cmpi.
2926 5090 2982 5145 ln
3032 5092 3264 5148 Hebraeo
3301 5093 3462 5150 aliter
3491 5092 3656 5153 habet
3690 5112 3704 5148 :
3747 5092 3810 5148 Et

2216 5176 2350 5243 dixi,
2380 5178 2705 5235 imbecillitas
2732 5198 2843 5237 mea
2871 5200 2889 5240 :
2920 5184 2971 5240 id
2998 5195 3108 5252 est,
3151 5186 3250 5242 hoc
3298 5188 3444 5258 quod
3476 5190 3677 5260 patior,
3707 5204 3809 5245 non

2216 5280 2301 5326 est
2328 5270 2396 5327 de
2425 5273 2748 5332 crudelitate
2776 5271 2900 5343 Dei;
2948 5278 3045 5333 sed
3103 5281 3172 5336 de
3203 5282 3440 5351 peccatis
3492 5283 3653 5339 meis.
3687 5280 3811 5337 Haec

2217 5364 2437 5418 mutatio
2485 5365 2710 5421 dexteris
2741 5366 2955 5423 Excelsi
2998 5386 3017 5424 :
3050 5370 3118 5427 Ut
3149 5371 3409 5429 Dominus
3460 5374 3809 5442 misereatur,

2220 5464 2278 5510 ut
2306 5455 2397 5512 det
2422 5460 2651 5528 gratiam
2688 5475 2841 5516 suam
2887 5463 3142 5520 universo
3180 5466 3386 5522 mundo
3410 5482 3424 5523 :
3451 5477 3509 5523 ut
3539 5483 3648 5524 non
3678 5469 3810 5525 reti-

2218 5557 2347 5602 neat
2372 5549 2422 5603 iu
2456 5550 2536 5604 ira
2563 5565 2658 5607 sua
2684 5552 3092 5611 misericordias
3112 5572 3259 5614 suas.
3284 5556 3415 5614 Haec
3443 5561 3666 5615 mutatio
3689 5560 3811 5616 des:-

2218 5646 2343 5695 terte
2371 5639 2580 5697 Excelsi
2612 5643 2767 5702 :Nisi
2790 5646 3016 5702 dextera
3047 5648 3198 5718 ejus,
3229 5650 3333 5706 hoc
3362 5658 3466 5719 est,
3494 5650 3667 5708 Filius
3699 5653 3809 5725 ejus

2219 5740 2458 5791 tnutatus
2486 5733 2670 5805 fuerit,
2694 5745 2751 5794 et
2771 5736 3008 5796 hominis
3028 5754 3226 5811 corpus
3250 5745 3525 5814 acceperit
3548 5762 3564 5803 :
3592 5761 3693 5805 nos
3714 5746 3807 5802 mi-
