4010 6370
283 396 415 455 1011

1206 396 1635 456 BREVIARIUM
1677 397 1742 454 IN
1784 397 2118 455 PSALMOS.
2159 396 2408 457 PSALM.
2453 396 2687 453 LXXVI.

3439 397 3578 455 illi?!

275 508 638 567 sericordiam
685 510 933 582 accipere
965 526 1069 566 non
1102 524 1413 582 possumus.
1463 510 1531 565 Et
1568 512 1702 578 dixi,
1748 528 1881 565 nunc
1906 515 1962 578 Α
2059 511 2360 568 IllnIerunt
2401 514 2789 568 coruscationes
2823 522 2926 569 tua:
2955 513 3066 569 orbi
3103 524 3273 569 terrai.
3308 514 3405 569 Hic
3445 513 3579 584 quid

273 605 436 675 capi,
463 602 576 658 lucc
597 605 814 658 mutatio
839 605 1062 660 dextera:
1084 603 1313 659 Excelsi.
1343 605 1447 671 Qui
1477 620 1599 660 cum
1625 606 1678 660 in
1708 604 1880 661 forma

275 697 379 754 Dei
420 706 568 754 esset
594 697 946 767 constitutus,
1000 714 1105 754 non
1156 698 1400 769 rapinam
1452 698 1745 754 arbitratus
1798 708 1882 754 est

271 805 405 847 esse
431 805 491 846 se
534 791 798 862 :equalem
842 791 975 857 Deo,
1020 791 1117 847 sed
1155 791 1456 847 exinauivit
1497 794 1875 864 semetipsum,

275 886 511 940 formam
545 886 687 941 servi
717 886 993 956 accipiens
1016 884 1275 957 (Philipp.
1306 885 1389 955 ιι).

354 977 558 1033 Memor
597 979 674 1049 [ui
727 994 939 1049 operum
983 977 1216 1033 Domini.
1259 978 1391 1047 Qua:
1438 978 1641 1036 fecerat
1671 982 1874 1054 Moysi,

273 1085 405 1142 quae
428 1071 629 1126 iecerat
653 1071 878 1126 sanctis.
906 1069 1042 1138 Quia
1064 1086 1256 1127 memor
1283 1088 1372 1127 ero
1394 1073 1458 1127 ab
1479 1073 1627 1127 initio
1667 1073 1873 1127 mirabi—

234 1176 248 1186 ·
279 1163 417 1216 lium
447 1175 679 1231 tuorum,
713 1173 759 1215 et
788 1161 1074 1216 meditabor
1102 1164 1155 1218 in
1186 1163 1423 1217 omnibus
1459 1163 1719 1233 operibus,
1769 1171 1877 1219 etc.

277 1254 419 1311 Tota
451 1269 567 1310 mea
597 1253 854 1324 cogitatio
881 1254 950 1310 de
976 1255 1270 1310 virtutibus
1299 1255 1403 1311 tuis
1444 1265 1547 1311 est.
1580 1254 1879 1311 Considero

277 1345 560 1417 quomodo
583 1344 692 1401 illis
724 1346 980 1401 misertus
1007 1359 1095 1413 es,
1126 1354 1181 1402 et
1209 1345 1275 1402 de
1298 1361 1385 1402 me
1413 1362 1520 1402 non
1551 1346 1805 1417 deSpero.

353 1436 519 1508 Deus,
551 1440 605 1494 in
636 1449 817 1495 sancto
839 1441 921 1495 via
952 1448 1062 1495 tua.
1102 1440 1439 1513 Quicumque
1481 1456 1612 1511 ergo
1660 1451 1879 1497 sanctus

274 1548 391 1590 non
423 1542 543 1601 est,
592 1534 676 1589 via
711 1534 802 1591 Dei
850 1533 907 1589 in
961 1550 1027 1590 eo
1081 1550 1186 1590 non
1210 1546 1314 1590 est.
1341 1534 1436 1591 Via
1468 1535 1561 1591 Dei
1593 1551 1715 1606 qua:
1758 1535 1878 1590 est?

286 1628 405 1698 Ego
450 1642 573 1683 sum
621 1626 709 1682 via
758 1637 813 1683 et
856 1628 1056 1684 veritas
1090 1627 1270 1700 (Joan.
1302 1628 1436 1701 xw).
1479 1628 1593 1684 lloe
1631 1629 1879 1684 Salvator

285 1720 447 1776 dicit.
478 1720 575 1776 Via
604 1734 735 1791 ergo
761 1720 857 1776 Dei
892 1719 1033 1775 ﬁlius
1065 1730 1169 1792 est,
1200 1721 1284 1776 via
1314 1730 1494 1777 autem
1537 1722 1628 1776 Dei
1656 1738 1761 1776 non
1795 1732 1877 1777 est

276 1813 388 1869 nisi
434 1813 487 1867 iu
533 1823 745 1869 sancto.
771 1812 1053 1880 Volumus,
1087 1826 1146 1869 ut
1172 1813 1424 1870 Christus
1447 1814 1649 1871 habitet
1680 1816 1732 1870 iu
1765 1832 1866 1870 no-

1985 606 2122 663 facis
2150 616 2204 662 tu
2227 648 2242 673 ,
2274 606 2499 663 Iudaee?
2526 607 2580 662 In
2615 608 2749 662 mari
2778 606 2863 661 via
2893 618 3004 674 tua,
3031 617 3086 663 et
3130 608 3338 663 semita:
3371 616 3475 661 tum
3520 605 3573 659 itt

1984 700 2139 769 aquis
2189 699 2393 753 multis.
2432 700 2500 755 Et
2554 698 2657 754 hoc
2688 699 2802 767 fac,
2853 709 2947 754 aut
2987 699 3056 753 de
3114 698 3248 754 mari
3299 698 3441 764 diei,
3484 708 3579 752 aut

1983 792 2053 847 de
2085 791 2350 848 .lordane.
2382 792 2451 847 Et
2497 792 2720 862 vestigia
2753 801 2841 847 tua
2872 807 2981 847 non
3012 798 3431 863 cognoscentur.
3462 790 3579 845 lloe

1984 884 2282 940 secundum
2338 884 2600 949 litteram,
2672 883 2945 955 quomodo
2993 881 3289 954 intelligis?
3341 881 3575 952 Propter

1982 977 2342 1047 simpliciores
2364 976 2662 1032 secundum
2683 977 2917 1032 litteram
2942 977 3179 1032 diximus
3201 994 3213 1030 :
3232 986 3576 1033 revertamur

1981 1084 2111 1140 ergo
2140 1069 2206 1124 ad
2231 1061 2636 1140 intelligentiam
2664 1070 3024 1140 spiritualcm.
3066 1071 3313 1126 Viderunt
3335 1080 3381 1124 te
3402 1085 3576 1141 aquar.

1984 1163 2148 1218 Deus.
2178 1163 2490 1234 Loquamnr
2519 1163 2587 1217 de
2620 1163 2957 1219 revelatioue
2978 1163 3226 1219 Joannis.
3263 1165 3454 1234 Aqum,
3486 1163 3577 1217 iu-

1982 1257 2121 1327 quit,
2150 1257 2356 1324 multae,
2383 1255 2573 1327 pepuli
2599 1254 2752 1310 multi
2775 1264 2903 1311 sunt
2923 1255 3110 1329 (Apoc.
3137 1256 3292 1327 xvu).
3319 1255 3574 1310 Viderunt

1982 1360 2030 1404 te
2054 1366 2218 1420 aqum,
2246 1349 2404 1404 Deus.
2429 1349 2563 1419 Quae
2584 1349 2774 1419 aquae?
2804 1349 2869 1403 Et
2889 1364 3046 1418 aqua:
3071 1365 3191 1419 qua:
3221 1364 3390 1421 super
3409 1349 3580 1405 cmlos

1982 1452 2128 1512 sunt,
2156 1443 2380 1498 laudent
2407 1458 2607 1497 nomen
2641 1443 2851 1497 Domini
2891 1441 3010 1510 (Ps.
3043 1442 3286 1514 cxcvm).
3325 1442 3581 1498 Viderunt

1983 1546 2030 1590 te
2059 1552 2231 1607 aqum,
2263 1533 2422 1591 Deus.
2463 1537 2678 1591 Meutes
2707 1543 2763 1590 et
2788 1534 2987 1589 animae
3017 1550 3186 1604 pune.
3226 1532 3482 1589 Viderunt
3530 1545 3579 1590 te

1981 1643 2131 1697 aqua:
2158 1636 2205 1682 et
2237 1629 2542 1683 timuerunt.
2572 1627 2761 1684 Timor
2790 1642 2900 1684 non
2946 1627 3047 1683 fuit
3084 1626 3152 1683 de
3190 1627 3352 1695 odio,
3385 1628 3483 1684 sed
3508 1629 3580 1683 de

1984 1720 2107 1775 ﬁde.
2142 1719 2210 1774 Et
2236 1721 2458 1776 turbata:
2487 1731 2612 1775 sunt
2642 1721 2839 1791 abyssi.
2869 1720 3124 1775 Dicamus
3151 1720 3357 1789 aliquid
3389 1735 3585 1775 secun-

1980 1810 2109 1865 dum
2142 1810 2559 1882 intelligentiam
2584 1812 2948 1882 spiritualem.
2992 1810 3051 1866 ln
3092 1812 3364 1884 principio
3394 1810 3580 1867 Gene’

275 1904 393 1972 b's,
427 1904 595 1961 simus
626 1905 821 1961 sancti.
855 1904 951 1960 Dei
979 1905 1122 1961 enim
1153 1904 1238 1960 via
1281 1905 1335 1960 in
1378 1915 1568 1961 sancto
1598 1915 1703 1962 est.
1747 1906 1877 1972 Quis
1910 1909 1957 1968 Β
1986 1918 2112 1959 εεοε
2134 1904 2393 1974 scriptum
2415 1917 2497 1959 est
2522 1923 2534 1957 :
2564 1904 2631 1959 Et
2657 1919 2822 1975 super
2853 1919 3040 1975 aquas,
3066 1906 3265 1976 inquit,
3298 1904 3583 1961 ferebatur

276 1996 423 2054 Deus
443 2014 662 2070 magnus
689 1998 818 2052 sicut
848 1996 988 2052 Deus
1016 1998 1228 2052 noster?
1256 1996 1407 2054 Sicut
1441 1999 1587 2054 enim
1634 2006 1762 2055 sunt
1798 1999 1872 2054 dii

274 2087 797 2146 multi:etdomiui
843 2088 1018 2144 tuulti.
1077 2088 1191 2145 lloc
1244 2088 1485 2159 loquitur
1535 2089 1873 2160 Apostolus,

276 2180 422 2236 Deus
452 2179 605 2236 stetit
663 2180 717 2235 in
763 2194 1035 2253 synagoga
1087 2181 1314 2237 deorum
1348 2181 1535 2253 (lCor.
1582 2182 1723 2254 vtu).
1759 2181 1875 2253 Ego

274 2273 415 2340 dixi,
437 2273 508 2329 dii
528 2275 679 2339 estis,
701 2283 753 2330 et
772 2275 865 2330 ﬁlii
880 2276 1075 2332 excelsi
1097 2290 1290 2331 omnes
1306 2274 1479 2350 (Psal.
1497 2274 1701 2347 um).
1723 2274 1788 2330 Et
1810 2275 1878 2331 ad

282 2366 514 2439 Moysen
547 2386 560 2423 :
592 2367 726 2423 Dedi
756 2376 806 2424 te
829 2370 997 2425 Deum
1031 2370 1332 2426 Pharaonis
1363 2371 1561 2445 (Exod.
1592 2373 1711 2445 vn).
1740 2372 1879 2429 San-

273 2460 351 2515 eti
380 2459 455 2515 dii
487 2459 761 2517 dicuntur.
792 2461 874 2518 Illi
914 2463 1212 2519 secundum
1259 2466 1487 2536 gratiam
1525 2464 1599 2521 dii
1636 2485 1649 2519 :
1685 2476 1741 2522 ttt
1770 2482 1870 2522 au-

277 2564 390 2611 tem
424 2564 615 2612 natura
642 2557 786 2613 Deus
812 2572 894 2613 es.
925 2556 1007 2611 Tn
1037 2577 1089 2613 es
1118 2557 1261 2614 Deus
1289 2560 1381 2631 qui
1411 2560 1544 2631 facis
1582 2561 1871 2617 mirabilia.

274 2646 397 2704 Non
427 2646 590 2710 dixit.
614 2653 737 2719 quia
770 2648 977 2717 fecisti;
1005 2651 1126 2717 sed,
1148 2653 1240 2723 qui
1264 2652 1394 2723 facis
1426 2654 1708 2710 mirabilia.
1733 2655 1877 2724 Quo-

281 2742 416 2799 tidie
447 2742 573 2799 facit
598 2744 743 2800 Deus
773 2744 1074 2810 mirabilia,
1105 2756 1161 2801 et
1184 2756 1467 2817 operatur,
1500 2759 1552 2804 et
1579 2748 1771 2818 Filius,
1823 2760 1878 2807 et

275 2833 512 2903 Spiritus
538 2846 781 2892 sanctus.
806 2836 885 2892 Tu
912 2855 962 2893 es
986 2838 1152 2907 Deus,
1175 2841 1262 2910 qui
1284 2841 1415 2909 facis
1437 2842 1719 2897 mirabilia.
1748 2843 1875 2900 fieri

277 2925 455 2992 latro,
509 2926 671 2984 hodie
723 2927 1088 2986 Christianus.
1151 2932 1278 2988 lleri
1332 2932 1656 3004 fornicator,
1715 2934 1877 2993 hodie

277 3020 588 3077 continens.
639 3020 767 3078 lleri
820 3022 1070 3094 rapiebas
1118 3023 1331 3091 aliena,
1385 3041 1531 3082 nunc
1586 3035 1676 3082 tua
1737 3043 1868 3099 por-

279 3115 436 3187 rigis.

355 3208 551 3266 Notam
580 3211 746 3283 fecisti
790 3214 846 3268 in
899 3215 1107 3288 papulis
1135 3216 1375 3271 virtutem
1418 3227 1583 3272 tuam.
1616 3217 1874 3274 Christus

1982 1995 2231 2065 Spiritus.
2265 1995 2331 2050 Et
2357 1996 2554 2052 deinde
2576 1997 2839 2066 scriptum
2863 2005 2947 2052 est
2974 2016 2985 2050 :
3016 1998 3192 2068 Super
3221 1997 3473 2070 abyssos,
3496 1998 3578 2053 in-

1980 2090 2117 2158 quit,
2150 2091 2461 2146 ferebantur
2498 2090 2763 2146 tenebrae.
2808 2089 3001 2147 Videte
3029 2105 3160 2162 ergo
3204 2091 3336 2161 quid
3380 2089 3581 2146 dicitur

1981 2182 2035 2238 iu
2079 2183 2348 2253 principio
2379 2181 2657 2238 Geueseos
2685 2200 2696 2235 :
2732 2181 2835 2236 hoc
2864 2190 2986 2247 est,
3017 2184 3319 2238 secundum
3363 2182 3573 2238 iutelli~

1979 2276 2217 2348 gentiam
2250 2274 2615 2344 Spiritualem.
2645 2273 2825 2344 Super
2845 2288 3037 2345 aquas,
3071 2274 3269 2345 inquit,
3302 2274 3580 2331 ferebatur

1982 2366 2232 2438 spiritus.
2265 2367 2386 2422 Jam
2418 2382 2486 2423 eo
2514 2376 2760 2437 tempore
2788 2366 3118 2437 baptismum
3145 2366 3573 2438 signiﬁcabatur.

1983 2460 2101 2516 Non
2134 2460 2279 2517 enim
2307 2470 2522 2530 poterat
2552 2473 2677 2514 esse
2704 2459 3038 2531 baptismum
3068 2460 3189 2514 sine
3221 2460 3438 2530 spiritu.
3470 2460 3581 2517 Su-

1983 2570 2081 2626 per
2108 2554 2338 2626 abyssos
2359 2569 2488 2611 vero
2517 2554 2777 2611 tenebrae.
2815 2553 2922 2608 ista
2948 2562 3032 2610 est
3054 2554 3290 2626 abyssus
3315 2554 3382 2610 ad
3412 2572 3575 2626 quam

1982 2650 2262 2706 daemones
2289 2650 2588 2719 postulant,
2610 2664 2679 2704 ne
2699 2648 2984 2704 mittantur
3003 2666 3033 2702 ει
3055 2646 3206 2703 Jesu.
3223 2647 3399 2719 Super
3423 2649 3586 2721 abys-

1983 2761 2075 2801 sos
2103 2761 2234 2817 ergo
2268 2745 2528 2802 tenebrae.
2564 2745 2620 2799 In
2651 2744 2811 2813 aquis
2851 2754 2970 2800 erat
2996 2743 3260 2821 munditia
3288 2763 3299 2798 :
3328 2745 3380 2801 in
3414 2744 3582 2817 abys-

1981 2839 2078 2902 sis,
2115 2839 2378 2894 tenebrae.
2420 2838 2554 2907 Quae
2584 2838 2694 2894 sint
2727 2838 2942 2909 abyssi,
2979 2853 3068 2894 me
3109 2848 3347 2908 tacente,
3380 2839 3581 2895 intelli-

1980 2932 2142 3001 gitis:
2173 2932 2430 3003 quoniam
2458 2932 2739 2987 daemones
2767 2930 3064 2987 formidant
3104 2932 3182 2987 ire
3213 2932 3266 2986 in
3298 2931 3578 3003 abyssum.

1987 3023 2179 3078 Vocem
2209 3023 2463 3079 dederunt
2497 3023 2682 3079 nubes.
2723 3021 2906 3079 Nubes
2929 3064 2942 3088 ,
2976 3023 3254 3094 propheta:
3288 3042 3299 3076 :
3327 3039 3448 3094 quae
3478 3023 3581 3079 Ju-

1980 3119 2114 3176 daais
2142 3129 2463 3189 tacuerunt,
2509 3122 2665 3177 nobis
2694 3121 2860 3177 locuti
2889 3129 3040 3177 sunt.
3098 3120 3284 3176 Vocem
3322 3121 3579 3176 dederunt

1980 3214 2161 3278 nubes,
2202 3214 2405 3270 etenim
2451 3214 2664 3282 sagittae
2716 3224 2822 3269 tute
2874 3214 3227 3269 transierunt.
3254 3213 3578 3269 Praedicatio

278 3302 375 3359 Dei
409 3304 615 3372 virtus,
647 3313 702 3361 et
728 3305 821 3361 Dei
846 3306 1109 3377 sapientia
1138 3351 1153 3374 ,
1182 3310 1502 3382 mysterium
1533 3311 1678 3381 quod
1709 3326 1740 3366 a
1772 3327 1875 3369 sae-
1907 3292 1952 3356 C
1989 3306 2263 3363 sermonis
2287 3305 2491 3363 Christi
2521 3306 2575 3360 in
2599 3306 2916 3361 universum
2948 3305 3135 3360 orbem
3166 3306 3431 3361 cucurrit.
3465 3304 3583 3361 Vox

282 3396 423 3452 culis
450 3394 622 3452 fuerat
653 3397 1055 3467 absconditum,
1084 3416 1226 3457 nunc
1252 3411 1441 3457 notum
1467 3403 1592 3458 fecit
1618 3404 1668 3459 in
1700 3419 1873 3475 popu-

278 3489 367 3546 lis.
396 3489 678 3547 Redemisti
704 3492 755 3545 in
788 3491 998 3549 brachio
1028 3505 1117 3550 tuo
1148 3496 1396 3569 populum
1427 3509 1593 3553 tuum.
1621 3499 1873 3567 Domine,

281 3582 409 3652 quis
431 3581 664 3637 credidit
710 3583 915 3640 auditui
960 3595 1180 3656 nostro,
1229 3598 1284 3644 et
1338 3589 1619 3645 brachium
1654 3591 1875 3646 Domini

281 3674 369 3730 cui
403 3676 701 3734 revelatum
731 3679 849 3733 est?
880 3678 1165 3735 Redemiin
1190 3682 1240 3736 in
1271 3668 1596 3739 brae/tio’tuo
1623 3684 1875 3758 papulum

280 3775 427 3821 tuum
459 3782 477 3821 .'
504 3766 558 3823 id
586 3776 689 3835 est,
742 3768 795 3825 in
838 3769 1078 3827 Christo.
1115 3771 1279 3828 Filios
1320 3774 1507 3842 Jacob,
1550 3785 1599 3831 et
1644 3776 1864 3845 Ioseph.

279 3859 588 3934 Utrumque
618 3865 875 3934 populum
898 3876 953 3922 et
973 3867 1307 3934 Iudaeorum,
1332 3869 1861 3925 etChristianorum.

278 3952 449 4009 Jaeob
487 3954 541 4009 in
586 3956 785 4025 populo
813 3956 1158 4025 Judmorum,
1200 3969 1255 4014 et
1300 3960 1500 4031 Joseph
1559 3962 1613 4016 in
1667 3962 1868 4032 populo

277 4047 543 4119 gentium.
594 4049 837 4119 Denique
878 4050 1079 4121 Ioseph
1125 4052 1518 4124 interpretatur
1550 4055 1729 4126 lingua
1760 4054 1867 4110 He-

278 4138 425 4194 braea
452 4184 467 4209 ,
518 4151 870 4211 augmentum.
915 4142 996 4196 Illi
1028 4157 1158 4213 ergo
1198 4154 1629 4213 praecesserunt,
1673 4155 1727 4202 et
1768 4162 1868 4202 uos

279 4231 522 4301 adjuncti
554 4244 743 4285 sumus
774 4248 788 4286 :
823 4241 1107 4303 propterea
1139 4234 1293 4303 dicit,
1327 4236 1468 4306 ﬁlios
1488 4237 1654 4294 Jacob
1684 4249 1734 4295 et
1781 4239 1879 4294 Jo-

276 4320 427 4388 seph.

364 4410 616 4467 Viderunt
643 4422 692 4468 te
717 4429 884 4483 aquae,
915 4413 1052 4469 Deus
1076 4430 1094 4469 :
1117 4416 1355 4471 viderunt
1381 4428 1430 4475 te
1456 4438 1626 4491 aqum,
1650 4433 1697 4478 et
1723 4425 1879 4478 timu-

280 4514 453 4561 erunt.
488 4504 711 4561 Interim
742 4505 990 4563 dicamus
1029 4507 1331 4564 secundum
1363 4511 1598 4568 litteram
1626 4531 1641 4571 :
1667 4514 1878 4569 haerea-

282 4614 405 4654 mus
453 4608 613 4653 terra:
668 4610 890 4669 propter
930 4600 1321 4669 simpliciores.
1367 4602 1597 4671 Quando
1647 4605 1879 4674 populus

1983 3400 2204 3455 tonitrui
2251 3399 2325 3453 tui
2370 3400 2422 3453 in
2453 3406 2590 3452 rota.
2625 3396 2884 3453 Tonitrus
2924 3398 3149 3467 proprie
3170 3438 3184 3463 ,
3217 3395 3442 3467 grandis
3472 3411 3579 3450 vox

1980 3501 2085 3547 est.
2119 3491 2362 3560 Denique
2404 3507 2471 3546 eo
2502 3500 2748 3557 tempore
2776 3488 2995 3560 quando
3017 3489 3161 3545 Deus
3202 3490 3421 3544 loeutus
3447 3498 3532 3543 est
3562 3506 3575 3541 :

1983 3585 2082 3640 Hie
2104 3593 2191 3639 est
2216 3583 2388 3639 Filius
2410 3597 2564 3638 meus
2586 3582 2840 3647 dilectus,
2870 3582 2922 3636 in
2944 3597 3051 3653 quo
3074 3580 3208 3637 mihi
3230 3581 3532 3650 complacui
3561 3596 3574 3633 :

1981 3678 2122 3734 facta
2152 3686 2236 3733 est
2275 3691 2380 3731 vox
2426 3676 2649 3731 tonitrui
2676 3684 2816 3730 rota:
2845 3674 3039 3730 similis
3068 3672 3292 3745 (Matth.
3325 3674 3433 3745 ιιι).
3468 3672 3573 3728 De-

1982 3772 2145 3842 nique
2191 3778 2478 3841 propterea
2528 3768 2821 3824 scribitur:
2855 3767 3103 3839 Abyssus
3131 3768 3391 3840 abyssum
3424 3766 3579 3822 invo-

1980 3875 2068 3921 cat
2105 3866 2158 3921 in
2196 3880 2328 3921 voce
2365 3873 2765 3920 cataractarum
2802 3872 3017 3917 tuarum
3058 3860 3234 3935 (Psal.
3270 3862 3378 3931 xm)
3424 3879 3435 3912 :
3469 3857 3578 3913 hoc

1980 3957 2195 4014 estduo
2217 3957 2599 4022 Testamenta,
2648 3969 2846 4009 novum
2898 3962 2953 4010 et
2984 3960 3163 4008 vetus.
3196 3950 3313 4007 Vox
3360 3951 3577 4006 tonitrui

1983 4052 2058 4104 tui
2079 4051 2132 4104 in
2157 4059 2291 4104 rota.
2317 4049 2429 4104 Vox
2457 4047 2867 4120 praedicationis
2891 4055 2997 4101 tute
3026 4046 3082 4101 in
3112 4052 3254 4100 rota.
3276 4043 3577 4113 Propterea

1982 4141 2203 4211 grandis
2255 4156 2359 4197 vox
2409 4140 2651 4195 dicitur:
2683 4139 2809 4209 quia
2862 4136 3085 4209 grandis
3126 4145 3211 4192 est
3239 4135 3575 4207 praedicatio.

1988 4236 2107 4292 Voa:
2131 4235 2346 4291 touitrui
2378 4234 2454 4288 tui
2480 4234 2536 4288 in
2564 4242 2679 4289 rota
2709 4248 2729 4287 :
2760 4233 2814 4286 iu
2842 4242 2957 4286 toto
2978 4230 3113 4287 orbe
3142 4245 3241 4301 per
3266 4227 3578 4285 circuitum.

1982 4328 2100 4384 Non
2130 4328 2304 4383 solum
2334 4325 2551 4382 auditur
2580 4325 2633 4380 in
2666 4324 2879 4393 Judaea,
2921 4323 3064 4395 quod
3092 4332 3147 4377 tu
3177 4322 3449 4394 loqueris,
3479 4320 3578 4376 sed

1982 4430 2037 4477 et
2058 4420 2275 4476 auditur
2302 4420 2356 4475 itt
2382 4419 2609 4474 saeculo.
2636 4419 2749 4473 Hoc
2772 4417 3008 4474 diximus
3033 4416 3386 4488 generaliter.
3413 4414 3578 4470 Dica-

1984 4526 2104 4568 mus
2140 4521 2322 4567 autem
2360 4513 2669 4581 specialiter
2719 4510 2789 4567 de
2843 4510 3090 4567 interiori
3142 4509 3386 4566 homine.
3425 4508 3568 4565 Rota

1990 4603 2208 4658 modico
2240 4603 2474 4673 quodam
2504 4602 2738 4671 vestigio
2766 4610 2873 4655 stat
2902 4601 2956 4655 in
2993 4610 3161 4669 terra,
3186 4610 3368 4656 etnon
3394 4600 3579 4655 solum

286 4690 532 4746 transivit
589 4706 685 4762 per
738 4707 886 4749 mare
935 4691 1210 4762 Rubrum,
1258 4702 1316 4749 et
1370 4709 1465 4765 per
1512 4694 1803 4751 Iordanem
1860 4682 2114 4760 :Dstat,
2160 4694 2256 4750 sed
2304 4693 2458 4764 quasi
2504 4693 2771 4763 percurrit
2809 4711 2820 4745 :
2871 4707 2977 4747 nou
3024 4700 3150 4759 stat,
3191 4691 3287 4748 sed
3318 4691 3486 4762 tangit
3524 4699 3582 4745 et

285 4789 586 4838 creatorem
639 4796 794 4837 suum
848 4783 1237 4839 intellexerunt
1298 4800 1487 4856 aquae,
1553 4794 1610 4841 et
1649 4786 1880 4856 populus

286 4888 392 4928 non
424 4873 715 4930 intellexit.
768 4873 837 4929 Et
860 4874 1103 4944 :turbatw
1139 4885 1260 4931 sunt
1295 4876 1487 4948 abyssi.
1543 4876 1689 4933 Mare
1718 4877 1876 4948 vidit,

285 4973 339 5021 et
376 4964 511 5035 fugit
540 4982 552 5018 :
579 4964 832 5023 lordanis
868 4982 1171 5024 conversus
1215 4979 1298 5024 εει
1348 4978 1650 5025 retrorsum
1706 4968 1878 5037 (Psal.

287 5053 433 5126 xm).

358 5146 647 5203 Multitudo
709 5151 910 5206 sonitus
957 5168 1237 5223 aquarum,
1284 5152 1639 5208 discusserunt
1694 5153 1874 5209 nubes.

288 5239 392 5295 Pro
418 5240 670 5311 nubibus,
699 5260 862 5314 aquas
892 5242 1051 5298 habet
1087 5242 1141 5298 in
1166 5243 1418 5300 Hebraeo.
1450 5244 1605 5314 Quod
1633 5245 1728 5313 ait,
1763 5245 1873 5302 Vo-

287 5350 391 5388 cent
417 5332 667 5389 dederunt
696 5334 885 5401 nubes,
911 5334 1014 5391 hoc
1034 5336 1457 5407 interpretantur
1479 5337 1699 5409 quando
1728 5337 1875 5395 visus

287 5435 373 5484 est
398 5429 539 5484 Deus
572 5430 624 5483 in
654 5429 782 5483 Sina
811 5439 1012 5485 monte.

361 5523 566 5579 Etenim
619 5523 821 5593 sagitta:
867 5531 970 5578 tua:
1015 5524 1440 5596 perambulabant
1472 5541 1490 5578 :
1520 5540 1621 5580 vox
1661 5525 1878 5579 tonitrui

288 5619 363 5671 tui
382 5616 437 5669 in
464 5623 599 5670 rota.
629 5613 697 5669 Et
742 5613 843 5671 hoc
891 5616 1322 5687 interpretantur
1350 5618 1419 5674 de
1446 5616 1778 5689 fulgoribus,
1818 5627 1873 5674 et

289 5705 478 5763 dicunt
506 5723 520 5760 :
551 5707 769 5775 quando
791 5710 1050 5765 tonitruat
1076 5710 1248 5773 Deus.
1280 5711 1515 5768 similem
1541 5725 1732 5768 vocem
1756 5709 1889 5767 facit

287 5810 444 5857 rotae.
489 5799 695 5854 Videtis
724 5803 998 5872 quomodo
1036 5803 1212 5859 adhuc
1258 5805 1310 5860 in
1358 5813 1502 5861 terra
1532 5804 1789 5875 haeream,
1832 5814 1889 5864 et

288 5878 482 5965 ioquar
510 5891 813 5950 secundum
839 5886 1077 5951 litteram
1109 5883 1470 5952 occidentem.

1984 4787 2226 4859 praeterit
2280 4806 2290 4839 :
2355 4786 2593 4855 Denique
2645 4799 2766 4839 cum
2799 4784 3054 4849 volvitur,
3088 4783 3155 4837 ad
3204 4783 3396 4839 altiora
3429 4794 3580 4837 tran-

1984 4879 2211 4938 scendit.
2272 4879 2347 4935 Ita
2404 4888 2459 4934 et
2507 4886 2726 4933 sanctus
2779 4878 2882 4943 vir,
2932 4876 3188 4946 quoniam
3233 4876 3286 4930 iu
3345 4859 3578 4945 corpore

1983 4982 2089 5040 est,
2121 4971 2501 5029 necessitatem
2530 4970 2692 5025 habet
2737 4968 2913 5039 aliqua
2944 4968 3012 5026 de
3036 4968 3269 5023 terrenis
3294 4969 3535 5038 cogitare
3562 4985 3579 5023 :

1984 5074 2040 5120 et
2072 5063 2290 5136 quando
2325 5061 2535 5119 venerit
2574 5060 2640 5116 ad
2684 5061 2917 5125 vietum,
2962 5068 3017 5115 et
3046 5058 3319 5128 vestitum,
3367 5068 3424 5115 et
3473 5072 3581 5114 cae-

1988 5166 2104 5213 tera
2164 5152 2472 5226 huiusmodi
2507 5171 2520 5206 :
2553 5136 2760 5208 habens
2800 5153 3003 5207 vietum
3047 5159 3104 5207 et
3150 5150 3436 5221 vestitum,
3496 5150 3581 5207 his

1987 5258 2277 5309 contentus
2305 5258 2422 5314 est,
2455 5258 2511 5304 et
2554 5256 2777 5318 tangens
2806 5253 3039 5315 terram,
3090 5245 3158 5301 ad
3206 5246 3394 5301 altiora
3431 5244 3582 5300 festi-

1988 5340 2320 5413 nat(lTim.
2349 5338 2449 5411 γι).
2487 5338 2584 5393 Ille
2629 5338 2720 5406 qui
2775 5339 2975 5405 currit,
3037 5346 3092 5392 et
3126 5336 3192 5391 ad
3246 5336 3441 5392 altiora
3490 5336 3573 5392 fe-

1987 5435 2172 5500 stinat,
2220 5433 2273 5487 iu
2319 5431 2414 5486 illo
2441 5438 2527 5486 est
2569 5443 2750 5486 sermo
2776 5436 2899 5484 tuus
2937 5428 3126 5502 (Zach.
3160 5428 3259 5500 ιι).
3315 5426 3574 5499 Legimus

1986 5536 2041 5584 et
2102 5526 2154 5580 in
2186 5524 2499 5596 propheta,
2547 5523 2721 5580 sancti
2780 5522 2988 5591 lapides
3044 5522 3332 5578 volvuntur
3403 5535 3569 5591 super

1994 5627 2195 5676 terram
2222 5616 2443 5690 (Eucti.
2475 5614 2541 5688 I).
2568 5614 2764 5671 Videte
2792 5613 2920 5685 quid
2946 5611 3080 5669 dixit
3107 5632 3118 5667 :
3145 5612 3325 5671 Sancti
3358 5611 3571 5683 lapides

1993 5710 2279 5767 volvuntur
2306 5723 2468 5780 super
2516 5717 2739 5763 terram.
2769 5705 3034 5775 Quoniam
3064 5707 3211 5762 enim
3252 5714 3387 5762 rotas
3416 5715 3567 5771 sunt,

1996 5813 2280 5874 propterea
2313 5801 2606 5856 volvuntur
2626 5814 2790 5869 super
2818 5807 3041 5865 terram,
3072 5807 3128 5854 et
3160 5797 3230 5854 ad
3266 5796 3463 5854 altiora
3503 5797 3583 5856 fe-

1998 5897 2222 5951 stinant.
2249 5892 2426 5951 Vultis
2455 5893 2594 5950 scire
2620 5901 2769 5949 rotas
2791 5891 3013 5964 plures?
3037 5888 3291 5964 Leginius
3317 5902 3372 5950 et
3402 5887 3578 5949 rota'tn
