4016 6320
514 308 655 363 1:545

1304 302 1649 358 APPENDIX
1690 303 1784 358 AD
1820 302 2066 358 1’05“)!
2103 301 2457 358 SEPTIMUM
2497 302 2557 357 S.
2603 301 3009 357 lIIlLIlONYlIl.

3670 299 3804 358 ὀη

507 428 562 480 ia
593 437 730 480 rota.
760 426 1014 497 Legimus
1053 434 1109 477 et
1156 425 1207 475 in
1246 420 1499 474 Ezechiel
1529 439 1544 476 :
1578 418 1812 493 Invicem
1843 419 1945 473 sibi
1990 419 2101 472 haz-
2128 425 2176 483 Α
2204 419 2400 472 davera
2472 433 2660 472 eorum
2722 427 2850 470 sunt
2917 418 2970 469 in
3045 413 3380 478 solitudine,
3451 428 3644 468 eorum
3716 415 3806 482 qui

513 528 635 572 rent
665 530 816 572 rotae.
852 519 977 572 Ilua:
1010 524 1161 579 rotae,
1192 524 1322 567 sunt
1352 528 1573 576 novum,
1621 523 1677 567 et
1723 522 1885 566 vetus
1911 511 2100 566 TeSIa-

512 621 774 665 tnentum.
805 609 906 663 Ista
937 617 1051 660 ruta
1084 607 1137 661 in
1172 607 1257 660 illa
1315 605 1482 659 hreret
1507 647 1522 671 ,
1555 615 1611 660 et
1640 605 1729 660 illa
1758 607 1812 659 in
1840 608 1966 658 ista.
1997 603 2105 658 Ta-

512 722 634 759 men
664 704 839 756 videte
869 701 995 771 quid
1023 701 1076 754 di
1103 702 1244 762 itur,
1272 710 1322 754 et
1349 701 1402 752 iu
1427 699 1682 754 Eaechiel
1707 719 1719 750 :
1749 699 1816 753 Et
1839 713 2102 768 quocum-

510 814 645 865 que,
681 796 889 862 inquit,
915 795 1146 849 ducebat
1176 795 1420 863 spiritus,
1476 795 1602 846 illuc
1652 793 2020 863 sequebantur
2050 799 2106 845 et

510 899 665 942 rotze.
700 888 812 942 lloc
857 896 913 942 et
962 888 1014 940 iu
1062 887 1395 941 Ecclesiaste
1437 885 1636 940 dicitur
1669 904 1680 937 :
1719 885 1862 953 quod
1892 886 1942 937 iu
1975 898 2099 937 con-

510 981 873 1034 summatione
937 978 1121 1032 mundi
1181 978 1487 1031 revnlvctur
1543 987 1660 1031 rota
1715 992 1880 1044 Super
1929 977 2103 1030 lacum

514 1070 707 1130 (Eccli.
742 1073 859 1136 xtt).
892 1069 1056 1124 Multa
1101 1080 1226 1124 sunt
1257 1085 1377 1139 qure
1409 1070 1659 1124 dicantur
1689 1069 1760 1123 de
1789 1070 1962 1125 rotis:
2007 1069 2103 1124 sed

511 1164 579 1218 ad
617 1164 822 1232 reliqua
869 1164 1091 1217 festinat
1128 1163 1324 1217 oratiu.
1368 1161 1668 1216 [ﬂuxerunt
1717 1165 2106 1216 coruscatioues

521 1267 624 1309 tute
654 1255 762 1309 orbi
787 1265 977 1310 terrm:
1006 1257 1314 1325 Apostolica
1348 1255 1683 1324 prtedicatio.
1720 1256 1986 1309 Commota
2007 1266 2102 1320 est,

515 1360 561 1402 ct
588 1350 896 1403 centrcmuit
929 1358 1086 1402 terra.
1121 1347 1233 1402 Nisi
1259 1355 1400 1402 terra
1429 1357 1615 1403 no~tra
1645 1357 1915 1402 commota
1937 1358 2103 1413 essu,

513 1453 564 1496 et
598 1442 943 1507 etmtttrbata,
985 1458 1084 1496 nos
1121 1443 1410 1497 Christiani
1467 1457 1572 1496 non
1621 1457 1890 1497 essemus.
1939 1441 2095 1496 Com-

514 1545 648 1588 mota
673 1545 768 1599 est,
795 1545 843 1588 et
864 1535 1168 1589 contremuit
1197 1544 1354 1589 terra.
1387 1533 1564 1601 Super
1596 1534 1802 1588 nullum
1833 1534 1979 1588 enim
2021 1548 2106 1588 re-

516 1630 747 1697 quie-,cit
793 1628 1032 1698 Spiritus
1077 1628 1320 1690 Domini,
1357 1629 1458 1681 nisi
1508 1643 1675 1698 super
1706 1627 2002 1692 humilem,
2053 1636 2108 1683 et

516 1720 782 1789 quietum,
813 1731 867 1775 et
893 1729 1212 1775 trementem
1245 1721 1405 1775 verba
1431 1721 1549 1789 ejus
1573 1718 1730 1791 (Issi.
1757 1721 1928 1789 ιιι-ι).

2206 512 2404 565 mortui
2465 523 2593 564 sunt
2648 511 2701 562 in
2751 511 2988 563 deserto.
3046 507 3152 561 Nos
3211 507 3302 560 lilii
3343 507 3447 561 sub
3483 507 3619 561 Iesu
3671 508 3807 563 duce

2208 607 2454 659 venimus
2499 605 2566 658 ad
2609 605 2900 659 Jurdanetn
2958 611 3013 656 et
3083 604 3413 655 intravimus
3467 611 3671 656 terram
3728 617 3809 656 re-

2211 698 2609 768 promissionis,
2642 709 2697 751 et
2741 697 2998 751 venimus
3051 695 3118 748 ad
3166 694 3420 763 thgala,
3455 704 3509 749 et
3569 695 3807 750 secundo

2216 791 2522 844 circumcisi
2567 804 2751 843 sumus
2791 787 3061 858 spirituali
3093 788 3540 851 circumcisione,
3574 798 3629 842 et
3661 787 3807 841 abla-

2221 894 2332 937 tum
2362 891 2446 936 est
2474 898 2502 935 a
2536 883 2689 936 nobis
2717 881 3070 951 opprobrium
3103 881 3350 952 Egypti.
3392 879 3548 935 Nune
3577 883 3697 950 ipse
3717 881 3806 936 Je-

2217 991 2313 1032 sus
2342 975 2446 1030 dux
2472 984 2662 1030 noster
2683 974 2921 1044 gladium
2946 984 3114 1039 leuet,
3147 982 3202 1029 et
3231 989 3449 1044 semper
3478 989 3575 1029 nos
3600 989 3808 1045 przece-

2221 1069 2331 1131 dit.
2361 1080 2414 1124 et
2451 1079 2649 1138 pugnat
2693 1084 2790 1138 pro
2823 1068 2983 1122 nobis
3022 1079 3076 1123 et
3120 1069 3290 1123 vincit
3328 1068 3718 1135 adversarios,
3749 1081 3801 1126 et

2213 1172 2420 1230 septem
2473 1164 2662 1217 diebus
2704 1162 3000 1216 circuimus
3034 1162 3303 1217 Iericho:
3354 1162 3456 1216 hoc
3494 1173 3602 1229 est,
3646 1164 3804 1218 istum

2224 1256 2507 1308 mundum.
2539 1253 2796 1309 Cauimus
2837 1254 3266 1309 sacerdotalibus
3303 1255 3482 1322 tubis,
3516 1266 3574 1311 et
3599 1258 3806 1312 circui-

2220 1361 2338 1400 mus
2370 1345 2595 1400 Jerit-ho
2626 1364 2640 1400 :
2690 1347 2794 1400 hoc
2823 1356 2937 1412 est,
2973 1347 3133 1400 istum
3177 1346 3438 1400 mundum
3459 1388 3476 1412 ,
3523 1356 3576 1401 et
3607 1348 3807 1404 cadunt

2223 1439 2359 1492 muri
2389 1437 2530 1505 ejus,
2553 1446 2609 1492 et
2637 1453 2734 1493 nos
2765 1437 3124 1507 ingredimur,
3146 1449 3204 1494 et
3230 1439 3473 1495 victores
3500 1441 3805 1498 existimas.

2223 1529 2430 1586 Deinde
2458 1531 2733 1586 vincimus
2762 1531 3042 1586 civitatem
3073 1531 3178 1586 Διιί
3209 1549 3221 1585 :
3256 1533 3509 1586 venimus
3533 1544 3721 1601 postea
3743 1533 3808 1588 ad

2217 1626 2426 1680 Jebus:
2462 1624 2710 1679 venimus
2739 1625 2808 1678 ad
2839 1629 2980 1680 Azor
3014 1643 3027 1678 :
3061 1626 3310 1681 venimus
3343 1627 3411 1681 ad
3442 1628 3581 1682 alias
3616 1628 3808 1683 civita-

2215 1727 2325 1786 tes,
2363 1721 2635 1774 vincimus
2660 1720 3040 1784 adversarios,
3067 1735 3205 1789 quos
3236 1721 3334 1775 sub
3373 1722 3559 1792 Moyse
3589 1721 3811 1778 vincere

593 1810 660 1864 1η
691 1816 819 1864 mari
850 1815 932 1866 uia
962 1823 1071 1866 tua.
1107 1813 1208 1868 Ubi
1237 1811 1456 1878 ﬂuctus,
1487 1812 1573 1867 ubi
1606 1829 1786 1867 amara
1817 1829 1976 1884 aqua,
2024 1813 2112 1868 ubi
2147 1818 2190 1876 Β
2233 1831 2340 1870 non
2397 1816 2694 1886 potuimus.
2737 1817 2954 1873 Gratias
3002 1831 3130 1886 ergo
3184 1832 3404 1886 agamus
3445 1818 3569 1872 duci
3619 1828 3805 1873 nostro

529 1904 693 1958 draco
718 1905 922 1959 habitat
949 1923 962 1956 ι
998 1905 1089 1959 ubi
1121 1905 1360 1974 pisciculi
1391 1906 1583 1961 minuti
1619 1907 1848 1962 haerent.
1883 1905 1948 1961 In
1980 1909 2111 1962 mari

521 1999 734 2052 riatua.
772 1997 875 2064 Qui
925 2012 1048 2053 cras
1090 1998 1146 2053 in
1193 1999 1367 2065 cmlu,
1401 1998 1730 2054 descendisti
1776 2001 1827 2054 in
1887 2009 2108 2055 terram.

519 2090 830 2145 Secundum
861 2090 1098 2146 litteram
1141 2107 1428 2159 possumus
1458 2093 1641 2148 dicere
1682 2111 1694 2145 :
1743 2095 1821 2148 Eo
1867 2105 2114 2164 tempore

518 2199 626 2248 quo
650 2183 837 2238 eduxit
860 2184 1068 2254 Moyses
1087 2182 1277 2248 Israel,
1293 2193 1349 2238 tu
1370 2199 1491 2238 eras
1513 2184 1602 2254 qui
1629 2184 2108 2255 cducebas(F.'xod.

521 2277 656 2344 xtv).
691 2275 756 2329 In
786 2278 918 2329 mari
946 2279 1030 2331 via
1076 2288 1186 2332 tua.
1225 2278 1432 2333 Deinde
1482 2293 1787 2347 possumus,
1832 2289 1886 2333 et
1914 2294 2108 2334 secun-

523 2371 650 2422 dum
680 2369 960 2423 historiam
992 2370 1150 2425 aliter
1171 2369 1357 2426 dicere
1391 2390 1404 2423 :
1437 2371 1604 2426 maria
1629 2372 1723 2428 tibi
1757 2371 1972 2428 fuerunt
2002 2375 2109 2428 via.

527 2461 632 2514 Svd
667 2460 796 2515 illud
824 2461 996 2516 semel
1023 2461 1168 2516 fecit.
1202 2463 1472 2518 Cmterum
1495 2464 1740 2535 qumidie
1773 2466 2014 2537 loquitur
2043 2467 2109 2522 ad

524 2573 676 2612 mare
707 2577 718 2610 :
745 2558 913 2618 Tace,
942 2560 1272 2614 obmutesce.
1314 2559 1572 2615 Dominus
1595 2573 1647 2616 te
1677 2562 1906 2631 mitigat,
1931 2573 1988 2617 ut
2014 2579 2114 2619 nos

531 2666 626 2719 per
674 2651 813 2704 istud
859 2651 1120 2707 sarculum
1168 2653 1400 2707 transire
1447 2655 1741 2723 possimus.
1773 2657 1838 2711 In
1866 2661 1999 2711 mari
2031 2658 2114 2712 via

524 2755 636 2796 tua.
666 2743 762 2800 llle
787 2744 934 2799 venit
983 2746 1102 2799 lens
1135 2746 1290 2812 vitm,
1324 2757 1380 2800 ut
1412 2746 1722 2806 dulcoraret
1754 2766 1926 2806 mare.
1971 2751 2114 2807 Mare

522 2851 794 2898 amarum.
830 2851 983 2891 mare
1012 2846 1305 2894 mortuum.
1340 2839 1637 2910 Propterea
1671 2843 1818 2911 iuxta
1851 2844 2112 2901 Ezechie-

527 2929 630 2983 lem
665 2948 676 2981 :
707 2929 984 2998 egreditur
1009 2932 1077 2985 de
1110 2931 1310 2998 templo
1355 2933 1568 2988 Domini
1597 2936 1715 2990 fons
1742 2952 1897 3007 aquae
1939 2942 2110 3009 vivrc,

524 3029 580 3073 et
618 3020 766 3076 vadit
806 3021 874 3078 ad
902 3037 1052 3078 mare
1099 3023 1394 3092 Mertuum,
1427 3027 1569 3096 quod
1605 3029 1735 3083 nihil
1771 3031 1998 3086 habebat
2031 3036 2116 3087 vi-

525 3111 888 3184 vens(Eucli.
917 3114 1106 3185 van).
1122 3114 1259 3170 Nulli
1281 3118 1422 3172 enim
1446 3119 1693 3185 pisciculi
1715 3137 1838 3177 esse
1862 3134 2113 3189 poterant

2217 1908 2381 1974 Jesu;
2419 1909 2514 1963 illo
2539 1908 2683 1964 enim
2713 1908 2878 1976 duce,
2919 1908 3015 1962 illo
3054 1920 3347 1978 pugnante,
3388 1924 3487 1964 nos
3513 1911 3800 1966 vincimus.

2221 2003 2319 2058 Ille
2359 2004 2644 2072 imperavit
2664 2003 2764 2057 soli
2787 2012 2840 2056 ut
2865 2012 3053 2065 Staret,
3091 2012 3144 2057 et
3175 2003 3322 2056 stetit
3357 2022 3366 2055 :
3401 2013 3456 2058 et
3487 2004 3648 2058 istius
3684 2016 3806 2075 typo

2221 2095 2314 2150 ille
2338 2110 2562 2166 magnus
2591 2105 2736 2158 erat,
2779 2095 2871 2150 ille
2904 2095 3222 2165 imperabat,
3266 2095 3359 2149 sed
3405 2094 3664 2150 Dominus
3689 2097 3804 2150 elli-

2218 2188 2416 2242 ciehat.
2451 2188 2546 2244 Ille
2567 2189 2742 2242 victor
2764 2187 2972 2242 exstitit
2995 2230 3009 2249 ,
3040 2189 3136 2243 ille
3159 2187 3300 2256 quod
3334 2188 3653 2255 frequenter
3682 2189 3809 2257 dixi,

2221 2280 2273 2334 in
2324 2281 2582 2349 spelunca
2631 2281 2872 2350 quinque
2930 2295 3087 2349 reges
3128 2280 3424 2344 interfecit,
3460 2281 3555 2336 ille
3598 2296 3698 2336 nos
3735 2284 3813 2338 in-

2219 2369 2374 2426 duxit
2411 2371 2462 2424 in
2505 2381 2705 2426 terram
2733 2371 3190 2441 repromissionis.
3220 2371 3298 2426 Illi
3327 2387 3553 2441 agamus
3582 2377 3808 2443 gratias;

2224 2464 2316 2518 ille
2355 2472 2438 2517 est
2469 2463 2611 2517 ﬁlius
2640 2463 2759 2519 Non
2785 2505 2801 2530 ,
2833 2463 2978 2534 quod
3010 2479 3108 2519 nos
3139 2464 3365 2534 legimus
3394 2463 3573 2529 Nave;
3607 2464 3696 2520 ille
3723 2476 3802 2522 est

2217 2557 2308 2625 qui
2336 2556 2620 2612 dicebatur
2646 2556 2808 2622 Osee,
2841 2557 2986 2626 quod
3029 2570 3129 2612 nos
3156 2565 3181 2594 ⁸
3226 2557 3368 2611 Ause
3406 2556 3664 2626 legimus.
3700 2557 3808 2613 Non

2217 2651 2360 2703 enim
2401 2649 2600 2706 dicitur
2629 2648 2925 2705 secundum
2966 2649 3288 2704 Hebraicam
3318 2649 3606 2704 veritatem
3646 2650 3807 2718 Ause,

2217 2744 2308 2799 scd
2352 2743 2516 2810 Osee,
2565 2744 2615 2799 id
2662 2754 2780 2809 est,
2829 2744 3090 2798 salvator.
3135 2743 3273 2798 Vere
3316 2743 3551 2799 salvator
3589 2764 3600 2797 :
3644 2744 3812 2800 salval

2216 2835 2362 2890 enim
2388 2851 2510 2900 nos,
2533 2847 2590 2891 et
2609 2835 2798 2891 eduxit
2822 2836 2889 2890 de
2916 2837 3138 2891 deserto
3161 2879 3173 2900 ,
3204 2847 3258 2890 et
3289 2837 3505 2892 induxit
3527 2838 3580 2892 in
3617 2848 3810 2892 terram

2217 2929 2681 2998 repromissionis,
2733 2929 2818 2984 cui
2842 2930 2914 2985 sit
2953 2929 3121 2999 gloria
3153 2929 3204 2983 in
3238 2930 3436 2985 stcrula
3465 2929 3809 2984 sa'culorum.

2218 3019 2411 3074 Amen.

2709 3112 3025 3170 PSALMUS
3063 3112 3324 3168 LXXVII.

526 3207 579 3259 in
618 3205 750 3260 mari
787 3205 1018 3264 Mortuo.
1063 3208 1198 3262 nihil
1245 3209 1466 3264 vivebat
1512 3211 1564 3266 in
1600 3213 1733 3268 mari
1775 3213 2004 3270 Mortuo.
2038 3215 2115 3272 De
2144 3199 2188 3262 C
2223 3203 2480 3274 Praecipit
2519 3204 2798 3274 Scriptura
2829 3203 3033 3271 divina,
3067 3205 3286 3272 quando
3310 3203 3374 3258 ad
3427 3204 3615 3259 divitis
3653 3219 3809 3270 pran-

524 3299 728 3366 templo
761 3298 993 3360 Domini,
1042 3298 1146 3354 hoc
1183 3309 1287 3364 est,
1341 3301 1410 3355 de
1454 3302 1574 3354 siuu
1605 3303 1723 3370 ejus
1752 3321 2006 3373 egressus
2032 3319 2118 3364 est

524 3391 794 3457 Salvator,
830 3401 882 3446 et
920 3391 1224 3446 dulcoravit
1264 3408 1411 3448 mare
1440 3393 1744 3459 Mortttutu,
1800 3407 1854 3452 et
1907 3416 2120 3456 amaras

521 3496 708 3550 aquas.
745 3480 807 3536 1η
836 3483 969 3536 mari
989 3483 1072 3535 via
1103 3495 1226 3551 tua,
1254 3492 1300 3536 et
1332 3485 1523 3538 semitm
1543 3493 1643 3539 tuae
1668 3487 1720 3540 in
1753 3489 1898 3553 aquis
1923 3490 2116 3548 multis.

526 3574 818 3642 Propterea
845 3575 898 3628 iu
929 3574 1064 3629 mari
1087 3577 1171 3632 via
1198 3584 1283 3632 tua
1316 3593 1325 3625 :
1359 3583 1415 3628 ttt
1445 3585 1500 3628 tu
1529 3577 1734 3636 faceres
1766 3583 1928 3644 viam,
1953 3592 2007 3636 et.
2034 3598 2118 3638 εὑ

523 3672 821 3732 querentur
847 3673 898 3724 te
931 3665 1159 3734 apostoli
1194 3666 1291 3720 ttti.

597 3756 665 3810 Et
695 3757 892 3811 semita
930 3767 1034 3814 tua!
1074 3758 1126 3814 in
1158 3758 1306 3827 aquis
1337 3760 1536 3822 multis,
1569 3769 1615 3814 et
1651 3763 1864 3832 vestigia
1895 3774 1983 3819 tua
2014 3783 2116 3822 non

524 3859 927 3920 cognoscentur:
953 3849 1219 3904 deduxisti
1242 3850 1376 3904 sicut
1400 3867 1516 3906 oves
1547 3853 1800 3921 populum
1819 3866 1985 3912 tuum.
2014 3857 2117 3916 Bo-

522 3954 626 3992 nus
656 3947 840 4006 pastor
870 3938 1097 3993 deduxit
1145 3940 1300 4009 quasi
1349 3954 1479 3994 oves
1511 3944 1763 4011 populum
1814 3962 1995 4003 summ.
2049 3946 2116 4004 In

523 4046 682 4084 manu
713 4028 910 4100 Moysi,
928 4039 974 4083 et
1003 4031 1202 4088 Aaron.
1227 4032 1342 4088 Hoc
1360 4032 1488 4088 fecit
1519 4038 1820 4094 secundum
1850 4039 2109 4096 litteram.

521 4119 793 4176 Caeterum
824 4122 1067 4191 quotidie
1096 4122 1227 4178 facit
1257 4125 1310 4178 in
1345 4125 1522 4184 nobis.
1552 4126 1616 4182 In
1649 4146 1806 4184 manu
1835 4131 2029 4202 Moysi,
2057 4134 2109 4188 Id

518 4223 604 4267 est
639 4213 692 4271 in
735 4213 872 4283 lege.
924 4212 1140 4269 Scimus
1167 4224 1350 4270 autem
1394 4219 1647 4287 quoniam
1678 4221 1764 4275 lex
1813 4223 2115 4292 spiritualis

517 4314 622 4360 est.
651 4305 709 4360 In
743 4305 860 4376 lege
889 4315 976 4361 tua
1004 4305 1274 4378 spirituali
1320 4320 1380 4365 et
1418 4313 1602 4367 Aaron
1627 4335 1638 4366 ;
1668 4313 1770 4370 hoc
1791 4327 1908 4382 est,
1940 4319 1994 4374 in
2015 4334 2107 4376 sa-

511 4397 780 4452 cerdotio.
808 4397 867 4453 ln
899 4401 1024 4468 lege
1046 4409 1134 4454 tua
1164 4402 1458 4470 spirituali,
1487 4415 1541 4459 et
1574 4406 1631 4460 in
1659 4409 1967 4466 sacerdotio
2005 4421 2101 4468 tuo

514 4488 803 4559 spirituali,
834 4506 932 4545 nos
963 4491 1236 4548 deduxisti
1283 4496 1542 4566 populum
1574 4507 1726 4554 tuum
1758 4500 1944 4572 (Rom.
1979 4507 2103 4577 vn).

513 4580 627 4636 lluc
656 4581 957 4640 secundum
1006 4584 1241 4642 litteram
1287 4587 1656 4659 intelligamus
1706 4595 1776 4648 de
1815 4595 1999 4667 Moyse
2054 4607 2109 4656 et
2139 4583 2190 4644 Ῐ)

509 4673 714 4728 Aaron.
736 4673 975 4732 Eductus
996 4675 1214 4746 quidem
1231 4688 1317 4734 est
1338 4679 1554 4752 Moyses
1574 4691 1634 4738 et
1652 4683 1854 4751 Aaron,
1874 4689 1970 4744 sed
1998 4705 2104 4746 non

511 4765 852 4822 introductus
905 4767 959 4822 in
1012 4777 1210 4826 terram
1247 4774 1715 4841 repromissionis.
1749 4777 2026 4834 Successit
2054 4779 2106 4836 ei

510 4857 899 4918 Jesus.Videtc
917 4861 1061 4931 quod
1091 4864 1354 4933 scriptum
1387 4879 1474 4921 est
1505 4884 1518 4919 :
1553 4868 1770 4939 Moyses
1797 4871 1852 4926 in
1882 4871 2104 4930 deserto

508 4961 759 5006 mortuus
782 4963 865 5008 est
890 4968 904 5006 :
929 4954 1113 5010 Aaron
1137 4966 1386 5011 mortuus
1409 4967 1532 5017 est;
1559 4959 1728 5018 Maria
1752 4976 1968 5020 mortua
1989 4976 2102 5036 est,

507 5053 563 5100 et
595 5045 697 5100 hoc
724 5055 813 5106 est.
840 5046 982 5118 quod
1015 5049 1280 5120 scriptum
1301 5061 1388 5107 est
1411 5053 1463 5110 iit
1489 5056 1752 5125 propheta
1783 5074 1798 5110 :
1823 5069 1882 5116 et.
1900 5077 2098 5131 pereu-

505 5137 656 5206 tiam,
693 5137 885 5210 inquit,
920 5149 1034 5197 tres
1072 5150 1324 5212 pastores
1355 5142 1412 5200 in
1438 5161 1630 5204 mense
1653 5165 1782 5207 uno.
1824 5152 1906 5211 illi
1948 5169 2099 5210 mor.

506 5228 580 5282 tui
610 5237 738 5288 sunt
773 5245 788 5290 ;
819 5245 1000 5302 neque
1025 5231 1172 5288 enim
1202 5243 1491 5304 potuerunt
1538 5239 1742 5300 intraro
1788 5242 1842 5303 in
1888 5253 2097 5302 terram

503 5320 947 5390 repromissionis
1003 5323 1204 5397 (ΖιαΙι.
1253 5325 1325 5398 t).
1381 5328 1648 5389 Viderunt
1714 5338 2099 5394 tantummodo

501 5421 692 5470 contra
726 5422 933 5472 terram
958 5418 1428 5487 repromissionis,
1462 5431 1516 5477 et
1551 5423 1755 5482 intrare
1783 5441 1891 5482 non
1923 5439 2086 5498 potu-

497 5515 675 5560 erunt.
699 5504 872 5564 Judmi
903 5507 1150 5568 viderunt
1181 5521 1382 5568 terram
1407 5519 1850 5585 repromissionis
1871 5562 1886 5589 ,
1910 5532 1968 5580 et
1997 5523 2081 5580 in-

492 5604 641 5652 trare
672 5613 782 5652 nou
803 5609 1126 5668 potuerunt.
1151 5602 1347 5664 Not-tui
1377 5606 1526 5668 enim
1553 5610 1603 5664 in
1635 5610 1891 5679 deserto.
1912 5623 1969 5674 et
1988 5631 2090 5671 ca.

2296 3275 2440 3330 dium
2485 3276 2692 3329 invitati
2735 3274 3016 3342 fuerimus,
3049 3290 3170 3330 cum
3217 3274 3579 3341 intelligentia
3631 3277 3808 3330 mitta-

2296 3361 2412 3400 mus
2461 3362 2678 3401 manum
2727 3358 2965 3400 nostram
3001 3345 3066 3399 ad
3105 3346 3312 3416 epulas.
3347 3345 3512 3416 Igitur
3554 3357 3608 3400 et
3663 3348 3810 3402 nobis

2293 3417 2446 3472 dives
2501 3417 2785 3487 prandium
2843 3419 3190 3487 prmpositum
3251 3415 3660 3485 Scripturarum
3708 3426 3804 3471 est.

2301 3488 2552 3544 Venimus
2582 3491 2633 3543 in
2664 3495 2898 3556 pratum,
2928 3491 3019 3544 ubi
3048 3488 3231 3543 herba:
3258 3488 3459 3543 ﬂorent
3485 3507 3500 3541 :
3535 3489 3659 3542 hinc
3691 3505 3806 3542 rosa

2292 3560 2471 3626 rubet,
2509 3561 2634 3619 inde
2657 3561 2889 3615 candent
2917 3560 3046 3625 lilia,
3084 3561 3284 3614 diversi
3318 3559 3481 3613 ﬂores
3507 3569 3654 3614 sunt.
3682 3561 3807 3614 Aui—

2293 3641 2377 3701 ma
2411 3639 2591 3685 nostra
2626 3631 2755 3692 huc,
2789 3632 3021 3700 illul-que
3047 3630 3295 3692 trahitur,
3327 3631 3471 3686 unde
3494 3630 3657 3685 ﬂores
3686 3633 3802 3701 pul-

2292 3699 2536 3756 chriores
2578 3701 2776 3770 capiat.
2824 3701 2881 3758 Si
2917 3699 3093 3755 rosam
3137 3703 3460 3771 colligimus,
3504 3699 3700 3756 liliunr
3727 3717 3806 3756 re-

2294 3771 2632 3841 linquimus:
2681 3774 2724 3826 si
2759 3773 2927 3828 lilium
2973 3774 3278 3836 tulerimus,
3311 3773 3468 3827 viola:
3521 3773 3677 3828 nobis
3722 3788 3802 3827 sn-

2295 3855 2535 3915 persunt.
2583 3843 2652 3897 Ita
2686 3854 2739 3897 et
2780 3844 2831 3897 in
2866 3845 3266 3915 septuagesimo
3311 3847 3539 3913 septimo
3577 3846 3802 3912 psalmo,

2292 3913 2385 3982 qui
2428 3917 2684 3985 mysticus
2717 3922 2820 3984 est,
2863 3925 2916 3969 et
2934 3913 3297 3970 sacramentis
3326 3916 3571 3984 plurimis
3601 3915 3805 3970 involu-

2295 3994 2376 4057 t_tts
2405 4004 2417 4037 :
2453 4000 2850 4055 quamcumque
2884 3986 3165 4057 aspexeris
3189 3986 3444 4044 litteram.
3468 3985 3634 4040 flores
3665 3999 3800 4042 sunt.

2292 4054 2480 4128 Florcs
2523 4057 2747 4122 diversi,
2796 4066 2851 4110 ct
2893 4054 2998 4112 non
3041 4071 3325 4126 po-suntus
3359 4066 3501 4111 totos
3530 4059 3798 4128 colligere.

2294 4125 2565 4196 Eligamus
2616 4138 2794 4182 autem
2825 4145 2985 4182 omne
3017 4125 3159 4198 quod
3208 4145 3516 4198 possumus,
3563 4144 3598 4184 e
3628 4125 3801 4198 paucis

2291 4209 2468 4269 potest
2495 4209 2548 4252 et
2579 4209 2776 4252 czctera
2809 4198 3000 4252 [lorum
3032 4197 3266 4269 dignitas
3297 4197 3678 4269 contemplari.
3710 4197 3797 4253 In-

2291 4268 2520 4342 tellectus
2550 4269 2894 4342 Asaphaﬂoc
2926 4268 3108 4325 titulo,
3133 4281 3484 4342 pru‘notatur.
3527 4268 3662 4340 Ipse
3711 4285 3798 4325 uos

2291 4338 2476 4410 titulus
2520 4342 2586 4394 ad
2633 4338 3042 4409 intelligentiam
3107 4338 3385 4410 provocat.
3439 4338 3626 4410 Asaph
3669 4356 3797 4396 unus

2291 4407 2391 4464 fuit
2420 4411 2486 4465 de
2508 4407 2994 4478 chorodidascalis,
3023 4407 3160 4466 sicut
3196 4413 3414 4468 fuerunt
3441 4424 3495 4467 et
3527 4407 3620 4467 lilii
3645 4411 3796 4480 Core,

2289 4482 2600 4554 etldithun.
2634 4491 2691 4538 et
2719 4485 2921 4538 caeteri.
2974 4485 3114 4554 Ergo
3144 4484 3211 4538 de
3255 4485 3468 4539 caeteris
3498 4501 3560 4536 ex
3611 4484 3798 4537 choro.

2288 4551 2599 4623 didascalis,
2645 4566 2698 4608 et
2745 4555 2845 4608 iste
2889 4569 3027 4608 unus
3054 4551 3155 4609 'est
3190 4554 3471 4623 propheta.
3511 4554 3648 4623 Quia
3677 4570 3796 4623 ergo

2289 4622 2594 4682 intellectus
2643 4634 2724 4677 est
2783 4624 3038 4693 simplex,
3087 4636 3140 4679 et
3188 4626 3238 4678 in
3295 4622 3503 4693 psalmo
3541 4622 3796 4680 narratur

2288 4693 2507 4749 historia
2558 4714 2568 4748 :
2622 4695 2948 4767 necessitate
3010 4697 3387 4767 compellimur
3431 4711 3594 4752 omne
3659 4696 3796 4765 quod

2283 4768 2545 4836 scriptum
2573 4775 2680 4833 est,
2709 4766 3008 4821 secundum
3039 4766 3453 4836 intelligentiam
3476 4767 3794 4836 intelligere.

2283 4833 2552 4910 Scriptum
2584 4847 2665 4891 est
2691 4855 2704 4890 :
2733 4836 2789 4891 In
2821 4847 2964 4893 terra
2993 4833 3296 4910 Egypti'in
3330 4855 3522 4909 campo
3550 4833 3791 4910 Tadeos;

2280 4904 2571 4974 Interruiiit
2617 4923 2785 4973 mare,
2833 4918 2887 4962 et
2935 4904 3260 4965 eduxit-cos
3307 4913 3357 4964 in
3393 4904 3535 4964 nube
3567 4909 3700 4972 diei,
3745 4918 3794 4962 et

2281 4985 2388 5031 tota
2418 4989 2579 5033 nocte
2612 4980 2662 5032 in
2688 4979 3082 5035 illuminationc
3113 4981 3271 5051 ignis,
3301 4991 3356 5036 ct
3380 4992 3606 5034 caetera.
3641 4979 3792 5034 Vide-

2277 5064 2399 5102 mus
2444 5051 2566 5119 quia
2610 5053 2837 5118 simplex
2890 5061 3137 5106 narratur
3181 5052 3423 5106 bistoria.
3463 5051 3524 5108 Si
3552 5067 3684 5118 ergo
3710 5052 3782 5105 sic

2278 5119 2708 5175 intellexerimus
2741 5133 2797 5175 ut
2825 5123 3084 5189 scriptum
3118 5133 3222 5186 est,
3253 5124 3372 5178 sine
3409 5138 3574 5176 causa
3608 5122 3789 5176 titulus

2271 5200 2600 5264 przrnotatus
2642 5200 2766 5246 est:
2801 5190 3098 5246 Intellectus
3126 5194 3322 5264 Asaplt.
3358 5193 3452 5247 Sin
3486 5203 3668 5251 autem
3716 5195 3788 5245 iu-

2279 5262 2646 5317 tellexerimus
2709 5273 2762 5318 ut
2815 5265 3003 5318 titulus
3067 5262 3418 5332 prtruotatur,
3469 5265 3790 5320 occessit-tte

2274 5333 2675 5400 compellimur,
2731 5335 2875 5389 aliud
2931 5336 2980 5388 in
3038 5335 3218 5391 littera
3270 5336 3504 5402 habere,
3552 5336 3695 5390 aliud
3739 5335 3790 5389 in

2273 5405 2468 5472 spiritu
2497 5407 2761 5475 reperire.
2895 5411 2904 5422 ‘

2272 5535 2554 5603 Ammh'te,
2594 5539 2816 5608 populus
2862 5552 3026 5606 meus,
3075 5539 3238 5610 legem
3274 5553 3440 5594 meant
3485 5556 3503 5594 :
3553 5539 3790 5595 inclinate

2195 5639 2372 5679 aurem
2397 5637 2614 5681 uestram
2637 5629 2690 5682 in
2715 5628 2866 5683 verba
2894 5629 3008 5682 erit
3029 5631 3144 5684 mei.
3168 5631 3410 5702 Aperiunt
3437 5633 3496 5685 in
3535 5630 3789 5701 pereuntis

1571 5722 1858 5782 lectionem
1889 5729 2074 5784 multis
2103 5750 2106 5788 γ

2252 5736 2469 5793 ειιθηὰἰι.
2519 5737 2652 5794 Vide
2683 5739 2735 5795 in
2781 5740 3051 5798 Jovinlan.
3080 5744 3172 5799 lib.
3208 5759 3246 5812 t,
3282 5755 3403 5815 cap.
3434 5741 3526 5812 l2,
3555 5754 3610 5799 e‘t
3639 5742 3785 5799 initio

492 5778 1012 5838 Commentariorum
1047 5785 1102 5838 in
1126 5785 1345 5841 Oscam.
