4010 6346
263 321 438 380 10ιὸ

1184 325 1616 384 BREVlAlllUM
1657 326 1723 383 ΙΝ
1764 324 2098 385 PSALHOS.
2138 325 2396 384 PSALM.
2437 324 2699 387 LXXVII.

3454 331 3594 390 1046

258 456 338 497 os
389 456 582 508 meum,
633 448 682 494 et
730 439 914 511 loquar
961 440 1340 513 propositiones
1387 441 1450 495 ab
1478 441 1650 495 initio.
1686 437 1891 497 Videtis
1918 442 1970 505 Α
1996 440 2196 513 ipsum,
2228 449 2284 497 et
2323 438 2500 498 dicit:
2550 440 2895 514 Evangelista
2928 451 3110 499 vester
3150 441 3437 499 Matthmus
3482 451 3589 498 tam

259 536 417 606 quia
473 535 613 591 bene
646 548 810 607 supra
854 535 1117 607 scriptum
1149 544 1237 592 est
1282 552 1296 590 ι
1339 534 1642 591 Intellectus
1689 535 1883 607 Asaplt.

260 627 540 698 Denique
587 635 641 683 et
695 628 809 697 ipsa
839 626 1128 700 pr0phetia
1175 628 1255 683 sic
1304 625 1495 697 incipit
1540 645 1555 681 :
1602 626 1889 697 Attendite,

262 719 517 791 papulas
548 734 713 787 meus,
743 719 911 791 legem
940 733 1106 774 meant
1132 734 1151 772 :
1196 732 1302 772 non
1342 717 1514 789 Moysi
1552 716 1753 787 legem,
1790 716 1889 773 sed

262 813 465 885 legem
498 827 699 869 meam.
732 810 995 868 Inclinato
1021 828 1200 867 aurem
1230 820 1452 867 vestram
1492 812 1548 867 in
1591 811 1742 868 verba
1780 811 1889 868 oris

260 907 411 962 mei.
455 906 573 962 Hoc
620 912 707 962 est
755 904 902 977 quod
948 905 1080 961 dicit
1126 905 1183 961 in
1212 904 1544 976 Evangelio:
1574 903 1676 974 Qui
1725 904 1889 963 habet

258 1014 446 1055 aures
476 997 758 1068 audiendi,
790 997 975 1053 audiat
1009 996 1165 1070 (Luc.
1191 994 1329 1069 vut).
1366 998 1611 1070 Aperiam
1651 999 1703 1052 in
1729 1014 1887 1070 para-

263 1091 419 1147 bolis
449 1107 505 1146 os
546 1107 737 1146 meum.
764 1090 1021 1163 Aperiam
1051 1090 1206 1147 vobis
1235 1091 1378 1162 quod
1407 1090 1613 1147 Iudicis
1639 1092 1887 1148 clausum

260 1193 390 1243 est.
416 1185 661 1256 Aperiunt
682 1185 736 1239 in
766 1184 1037 1255 parabolis
1056 1200 1113 1238 os
1136 1199 1326 1238 meum.
1352 1182 1420 1239 Et
1440 1183 1559 1239 sine
1590 1182 1883 1252 parabolis,

260 1276 479 1346 inquit,
529 1292 639 1331 non
689 1275 1013 1346 loquebatur
1042 1276 1124 1331 eis
1172 1294 1183 1329 :
1232 1274 1519 1346 discipulis
1556 1284 1739 1330 autem
1771 1275 1884 1331 suis

257 1375 497 1425 secreto
540 1368 784 1423 siilrebat
816 1366 1107 1438 parabolas
1153 1365 1346 1438 (Marc.
1381 1368 1482 1435 tv).
1532 1366 1778 1438 Aperiunt
1828 1367 1883 1422 in

259 1458 545 1532 parabolis
594 1477 653 1517 os
683 1476 874 1516 meum.
922 1460 1082 1529 Quod
1133 1460 1242 1516 illis
1282 1460 1335 1516 in
1368 1460 1645 1531 parabolis
1687 1459 1883 1531 loquor

258 1554 432 1623 furis,
458 1553 612 1609 vobis
662 1553 995 1609 intrinsecus
1031 1552 1296 1625 aperiam.
1329 1546 1398 1607 Et
1423 1552 1609 1627 loquar
1638 1552 1877 1628 proposi.

258 1649 437 1703 tiones
498 1647 564 1703 ab
615 1647 786 1702 initio.
831 1645 939 1701 Pro
982 1643 1481 1717 propositionibus,
1535 1644 1589 1700 in
1646 1644 1879 1702 Hebraeo

256 1740 463 1807 habet,
484 1742 540 1795 in
560 1741 855 1813 (enigmata.
888 1740 1030 1811 Ergo
1053 1754 1214 1796 omne
1236 1739 1378 1811 quod
1400 1739 1617 1806 dicitur,
1642 1739 1875 1811 aenigma

1995 532 2278 603 imperitus
2326 531 2446 602 fuit,
2482 539 2540 586 ut
2591 534 2802 589 diceret
2848 551 2859 585 :
2908 532 3049 603 quod
3081 532 3344 605 scriptum
3373 542 3457 588 est
3494 548 3591 605 per

1996 624 2188 681 lsaiam
2230 625 2553 701 prOphetam
2585 644 2598 682 :
2635 626 2882 698 Aperiunt
2906 626 2957 679 in
3001 625 3263 697 parabolis
3293 641 3349 681 os
3396 638 3589 695 meum,

1991 726 2041 772 et
2088 717 2272 791 loquar
2309 718 2693 791 prapositiones
2737 718 2800 772 ab
2848 718 2997 773 initio
3042 734 3060 775 :
3099 733 3234 792 ergo
3264 716 3590 789 simpliciter

1991 808 2240 867 dicamus
2270 825 2286 862 :
2317 809 2591 879 quomodo
2621 809 2754 865 illud
2784 810 2837 865 in
2870 808 3162 880 Evangelio
3190 808 3456 881 scriptum
3478 818 3588 880 est,

1989 903 2070 958 sic
2101 902 2371 974 scriptum
2416 914 2501 959 est
2538 903 2594 959 in
2625 901 2878 959 blatthzco
2921 913 2975 959 et
3001 901 3237 972 Joanne,
3281 901 3425 977 quod
3477 903 3585 958 Do-

1990 994 2172 1049 minus
2219 1002 2404 1049 noster
2458 994 2597 1049 hora
2644 1003 2796 1050 sexta
2846 992 3139 1052 cruciﬁxus
3186 995 3277 1051 sit.
3345 992 3581 1051 Rursum

1988 1088 2251 1159 scriptum
2285 1097 2367 1143 est
2400 1088 2453 1143 in
2483 1087 2667 1143 Marco
2696 1106 2708 1142 :
2744 1088 2871 1160 quia
2913 1090 3045 1144 hora
3078 1088 3243 1147 tertia
3290 1087 3583 1146 cruciﬁxus

1988 1180 2080 1237 sit.
2134 1179 2249 1235 lloc
2273 1177 2492 1235 videtur
2522 1193 2644 1235 esse
2687 1178 2991 1247 diversum,
3018 1180 3115 1237 sed
3146 1195 3254 1237 non
3286 1190 3371 1236 est
3396 1176 3581 1237 diver-

1986 1288 2130 1329 sum.
2195 1273 2363 1328 Error
2420 1274 2751 1345 scriptorum
2799 1273 2945 1330 fuit:
2986 1275 3056 1331 Et
3117 1277 3170 1330 in
3221 1276 3403 1333 Marco
3448 1275 3581 1332 hora

1985 1375 2140 1422 sexta
2184 1366 2447 1437 scriptum
2495 1365 2626 1433 fuit;
2678 1367 2774 1422 scd
2807 1367 2963 1422 multi
2991 1368 3295 1439 episemum
3326 1369 3581 1427 Greecum

1983 1481 2043 1525 ς,
2068 1466 2404 1531 putaverunt
2428 1474 2552 1514 esse
2574 1482 2606 1534 γ
2631 1478 2644 1514 :
2679 1460 2821 1515 sicut
2851 1469 2905 1516 et
2930 1459 3005 1517 ibi
3030 1476 3187 1516 error
3216 1461 3316 1518 fuit
3337 1463 3575 1535 scripto-

1983 1564 2103 1604 rum
2161 1568 2173 1603 :
2221 1558 2283 1605 ut
2324 1565 2427 1621 pro
2473 1550 2696 1621 Asaph,
2749 1550 2939 1607 Isaiam
2989 1550 3314 1609 scriberent.
3365 1552 3579 1611 Scimus

1981 1638 2126 1694 enim
2157 1639 2281 1711 quia
2319 1640 2490 1710 prima
2519 1639 2766 1697 Ecclesia
2816 1642 2884 1696 de
2930 1641 3201 1714 imperitis
3252 1655 3579 1717 congregata

1982 1728 2082 1787 luit
2102 1732 2383 1803 gentibus.
2416 1733 2560 1804 Ergo
2586 1749 2708 1789 cum
2740 1733 2988 1806 legerent
3024 1735 3076 1790 in
3122 1735 3416 1808 Evangelio
3448 1753 3461 1790 :
3510 1735 3582 1793 Ut

257 1843 374 1890 est.
423 1832 676 1905 IEnigma
706 1847 816 1889 non
844 1842 928 1888 est
962 1834 1066 1890 hoc
1111 1831 1256 1904 quod
1305 1831 1529 1898 dicitur,
1581 1832 1678 1888 sed
1725 1832 1873 1889 aliud
1904 1832 1954 1893 Β
1980 1823 2307 1895 impleretur
2336 1826 2479 1897 quod
2508 1826 2775 1897 scriptum
2822 1836 2909 1882 est
2949 1826 3004 1881 in
3035 1824 3221 1898 Asaph
3262 1827 3526 1899 prOpheta
3559 1846 3575 1884 :

254 1925 399 1997 quid
448 1925 808 1997 signiﬁcatur.
877 1925 1029 1981 Dicat
1073 1924 1209 1981 mihi
1268 1925 1471 1998 aliquis
1514 1943 1528 1980 :
1570 1924 1691 1982 Vini
1738 1925 1873 1983 facis

254 2018 585 2088 Scriptum,
649 2033 775 2075 cum
838 2019 986 2074 enim
1049 2020 1241 2076 titulus
1298 2018 1521 2077 habet:
1568 2019 1875 2076 Intellectus

263 2110 475 2184 Asaplt,
507 2122 559 2166 tu
591 2112 719 2167 mihi
748 2127 817 2169 ex
850 2127 1082 2183 persona
1106 2109 1312 2168 Christi
1360 2112 1740 2183 interpretaris
1771 2111 1877 2170 hoc

256 2204 495 2260 dictum.
547 2204 629 2261 Ex
675 2219 910 2278 persona
960 2205 1168 2261 Christi
1212 2205 1635 2275 interpretemur
1659 2204 1765 2262 hoc
1789 2204 1874 2261 di—

256 2309 434 2364 ctum,
466 2300 513 2355 si
538 2297 845 2356 Christiani
874 2315 1088 2355 sanius.
1117 2298 1318 2355 Sumus
1347 2305 1528 2355 autem
1552 2296 1871 2368 Christiani,

256 2393 353 2463 qui
379 2392 582 2448 Christi
607 2391 929 2464 baptismum
954 2392 1284 2464 accepimus,
1311 2401 1495 2448 etnon
1515 2391 1688 2447 solum
1710 2390 1876 2447 conﬁ-

259 2494 464 2552 temur,
491 2484 590 2541 sed
615 2493 669 2540 et
690 2483 1030 2556 proﬁtemur,
1063 2485 1187 2556 quia
1210 2483 1502 2540 Christiani
1526 2498 1734 2539 sumus.
1769 2481 1874 2540 De-

267 2579 465 2636 bemus
516 2593 646 2651 ergo
689 2579 914 2636 credere
961 2579 1341 2651 Evangelistis.
1388 2578 1656 2651 Scriptum
1696 2587 1781 2635 est
1817 2578 1870 2633 in

263 2672 563 2743 Evangelio
577 2672 873 2729 secundum
898 2672 1240 2729 Matthamm:
1264 2672 1420 2740 Cum,
1447 2673 1638 2743 inquit,
1661 2671 1873 2730 locutus

264 2764 461 2822 fuisset
484 2766 534 2822 in
574 2765 847 2835 parabolis
895 2764 1154 2820 Dominus
1184 2772 1369 2820 noster
1397 2776 1558 2836 atque
1600 2763 1872 2835 Salvator,

265 2866 324 2914 et
367 2857 446 2914 illi
489 2873 596 2917 non
638 2856 1005 2929 intelligerent
1029 2855 1244 2928 (Matth.
1273 2854 1396 2926 in):
1446 2866 1501 2911 et
1526 2863 1720 2911 caetera
1751 2872 1873 2929 quae

271 2950 476 3020 scripta
523 2958 651 3005 sunt
699 2948 753 3004 in
802 2947 1124 3020 Evangelio.
1174 2947 1242 3005 Et
1302 2955 1489 3018 postea
1536 2947 1872 3018 evangelista

268 3041 401 3113 quid
434 3042 651 3098 intulit?
680 3042 812 3099 Ηξεε
843 3041 1049 3111 omnia,
1085 3040 1280 3114 inquit,
1313 3039 1455 3095 facta
1487 3052 1638 3108 sunt,
1667 3052 1722 3096 ut
1766 3042 1870 3097 ini-

271 3136 512 3207 pleretnr
539 3135 674 3193 illud
701 3135 843 3206 quod
872 3136 1135 3208 scriptum
1180 3143 1265 3192 est
1290 3151 1304 3190 :
1334 3135 1579 3209 Aperiunt
1606 3136 1661 3191 in
1707 3151 1868 3207 para-

1976 1913 2068 1971 ille
2088 1916 2179 1988 qui
2208 1916 2417 1988 primus
2442 1916 2717 1973 scribebat
2743 1917 3118 1989 Evangelium,
3152 1921 3320 1992 cmpit
3344 1917 3529 1976 dicere
3562 1938 3577 1977 :

1975 2009 2109 2077 Quis
2134 2019 2217 2064 est
2242 2010 2345 2065 iste
2376 2007 2559 2082 Asaph
2590 2011 2897 2082 propheta?
2922 2009 3042 2067 Non
3073 2021 3189 2068 erat
3210 2019 3375 2068 notus
3400 2011 3456 2067 in
3480 2027 3578 2085 po.

1976 2100 2127 2170 pulo,
2155 2109 2211 2156 et
2240 2100 2343 2156 hoc
2371 2101 2525 2169 fecit,
2557 2111 2615 2157 ut
2642 2102 2771 2157 dum
2803 2116 3046 2158 errorem
3097 2102 3439 2172 emendaret,
3493 2101 3575 2158 l'a-

1974 2202 2127 2247 ceret
2170 2206 2441 2248 errorem.
2483 2192 2740 2251 Dicamus
2779 2191 2984 2266 aliquid
3024 2191 3223 2262 simile,
3266 2200 3321 2250 et.
3366 2193 3419 2249 in
3468 2192 3577 2250 alio

1975 2283 2097 2338 loco
2148 2283 2201 2338 in
2249 2282 2543 2355 Evangelia
2583 2283 2882 2340 secundum
2934 2284 3246 2340 Matthreum
3288 2302 3303 2338 :
3354 2283 3577 2357 quando

1973 2378 2143 2437 Iudas
2175 2378 2361 2435 retulit
2389 2381 2611 2451 triginta
2660 2388 2976 2450 argenteos,
3008 2387 3063 2434 et
3090 2378 3389 2435 noluerunt
3433 2380 3576 2435 acci-

1976 2487 2108 2543 pere
2136 2471 2473 2543 sacerdotes,
2502 2486 2603 2528 nec
2631 2473 2849 2528 mittere
2878 2471 2934 2526 in
2963 2471 3285 2539 curbonam,
3315 2470 3573 2542 quoniam

1974 2575 2095 2625 erat
2145 2568 2381 2641 pretium
2428 2566 2713 2639 sanguinis
2765 2572 2869 2622 :et
2895 2573 3153 2622 emerunt
3204 2563 3333 2621 inde
3381 2580 3570 2637 agrum

1974 2661 2125 2733 ﬁguli
2181 2661 2235 2716 in
2286 2658 2628 2731 sepulturam
2680 2660 3091 2733 peregrinorum
3123 2657 3346 2732 (Matth.
3380 2658 3572 2733 xxvii).

1975 2752 2217 2808 Pretium
2268 2750 2495 2823 Christi,
2529 2751 2814 2823 sepultura
2864 2763 3051 2807 nostra
3100 2758 3206 2819 est,
3253 2761 3308 2807 et
3353 2763 3579 2807 vocatur

1973 2861 2105 2916 ager
2148 2843 2242 2899 ille
2285 2841 2715 2911 Acheldemach,
2761 2842 2908 2916 quod
2957 2852 3063 2909 est,
3112 2859 3237 2915 ager
3281 2843 3573 2917 sanguinis.

1973 2936 2265 3007 Sanguinis
2310 2951 2440 3007 ager
2478 2952 2585 2991 non
2635 2936 2973 3004 Judmomm,
3028 2934 3127 2992 sed
3172 2943 3360 2991 nostra
3390 2935 3575 3006 sepul-

1972 3035 2097 3083 tura
2123 3038 2225 3081 est.
2258 3025 2372 3082 Nos
2399 3027 2545 3084 enim
2574 3026 2852 3100 peregrini
2910 3026 3113 3081 luimus
3142 3030 3199 3082 ct
3224 3025 3472 3093 advenae,
3519 3035 3573 3080 et

1974 3134 2083 3175 non
2112 3118 2451 3176 habebamus
2486 3120 2574 3175 ubi
2627 3120 3116 3189 requiesceremus.
3148 3117 3248 3174 llle
3276 3118 3577 3174 cruciﬁxus

271 3229 399 3285 bolis
424 3244 481 3284 os
506 3245 698 3295 meum,
728 3238 774 3284 et
804 3228 988 3299 loquar
1016 3227 1394 3300 propositiones
1411 3228 1475 3282 ab
1500 3228 1668 3287 initio.
1703 3226 1866 3284 Vides

1983 3220 2075 3281 est,
2092 3219 2148 3266 et
2165 3224 2411 3267 mortuus
2432 3222 2539 3282 est,
2559 3221 2614 3268 et
2639 3226 2739 3269 nos
2767 3227 2890 3266 cum
2919 3211 3013 3267 illo
3034 3211 3338 3280 consepulti
3361 3226 3572 3265 sumus.

275 3335 406 3391 ergo
448 3320 597 3391 quod
646 3321 980 3392 evangelista
1027 3320 1317 3376 Mattbazns
1364 3319 1469 3376 hoc
1518 3334 1586 3376 ex
1632 3335 1868 3392 persona

273 3411 473 3469 Christi
520 3412 817 3469 intellexit.
869 3412 1005 3467 Cum
1044 3413 1191 3468 enim
1240 3410 1553 3468 induxisset
1581 3410 1870 3473 Dominum

275 3504 545 3561 dicentem
568 3506 622 3560 in
645 3504 947 3578 parabolis,
975 3514 1031 3562 et
1061 3504 1134 3561 illi
1164 3519 1272 3565 non
1307 3504 1707 3575 intelligerent:
1744 3506 1867 3577 hoc,

277 3599 472 3670 inquit,
524 3599 724 3657 factum
770 3608 875 3668 est,
928 3612 985 3655 ut
1054 3599 1373 3671 impleretur
1418 3598 1560 3670 quod
1608 3601 1870 3669 scriptum

278 3700 359 3749 est
396 3710 409 3748 :
454 3691 702 3764 Aperiunt
730 3693 781 3749 in
823 3692 1095 3769 parabolis
1134 3711 1191 3749 os
1236 3710 1430 3761 meum,
1460 3701 1508 3748 et
1538 3692 1721 3765 loquar
1752 3711 1874 3764 pro-

280 3785 550 3857 positiones
583 3785 647 3840 ab
696 3787 868 3842 initio.
902 3786 1129 3843 Videtur
1161 3787 1318 3844 nobis
1359 3785 1498 3843 nihil
1541 3788 1873 3845 remansisse

283 3878 622 3949 quaestionis,
657 3879 752 3937 sed
782 3878 1076 3951 diligenter
1103 3879 1370 3938 attendite
1410 3880 1592 3954 (Joan.
1629 3878 1682 3954 ν)
1709 3898 1723 3934 :
1748 3879 1874 3938 Stu-

285 3969 355 4025 dii
392 3973 537 4027 enim
588 3971 695 4028 mei
744 3981 831 4028 est
872 3990 983 4029 non
1023 3973 1334 4031 declamare
1377 3988 1529 4033 more
1571 3975 1871 4043 rhetorico,

284 4061 375 4117 sed
422 4061 831 4137 Scripturarum
860 4077 1055 4120 sensus
1100 4066 1332 4137 aperire.
1385 4066 1628 4139 Denique
1667 4075 1725 4125 et
1768 4066 1876 4125 Do-

287 4153 462 4210 minus
483 4162 645 4224 atquc
674 4153 926 4211 Salvator
954 4156 1082 4225 quid
1112 4156 1288 4213 dixit?
1320 4157 1652 4215 Scrutamini
1691 4158 1876 4233 Scrip-

294 4254 461 4312 taras,
508 4252 565 4300 et
604 4244 678 4299 ibi
727 4246 1015 4303 invenietis
1060 4248 1335 4319 quomodo
1381 4248 1450 4305 de
1491 4265 1576 4306 me
1607 4252 1875 4324 scriptum

290 4344 391 4394 est.
422 4336 489 4392 Et
512 4335 642 4391 alibi
669 4336 808 4393 dixit
830 4335 1033 4392 Iudaeis
1060 4355 1074 4392 :
1107 4338 1337 4407 Erratis,
1371 4341 1680 4401 nescientes
1718 4342 1870 4401 Scri-

293 4441 503 4504 pturas,
548 4445 728 4502 neque
774 4432 1031 4487 virtutem
1085 4433 1201 4489 Dei.
1254 4432 1447 4491 Videte
1491 4436 1621 4508 quid
1667 4435 1815 4494 dicat
1860 4455 1876 4495 :

294 4525 516 4581 Erratis.
547 4524 762 4595 Quare?
797 4523 1115 4585 Nescientes
1159 4525 1471 4597 Scripturas
1522 4528 1718 4602 (Marc.
1751 4532 1874 4600 xu).

1977 3300 2048 3358 Ut
2085 3303 2427 3373 impleretur,
2462 3303 2655 3374 inquit,
2689 3302 2831 3375 quod
2854 3302 3118 3373 scriptum
3146 3310 3230 3358 est
3255 3303 3308 3357 in
3335 3300 3573 3358 Jeremia

1977 3395 2238 3468 propheta
2258 3416 2269 3450 :
2289 3394 2517 3467 Retulit,
2543 3395 2735 3469 inquit,
2764 3393 2981 3467 triginta
3007 3400 3319 3465 argenteos,
3342 3393 3573 3464 pretium

1975 3487 2119 3559 quod
2142 3489 2511 3559 appretiatunt
2537 3498 2643 3553 est,
2674 3499 2731 3544 et
2760 3494 2976 3543 cratera.
3002 3486 3153 3543 Sicut
3174 3485 3434 3559 scriptum
3462 3494 3571 3555 est,

1976 3594 2172 3664 inquit.
2222 3594 2274 3649 in
2305 3593 2540 3654 Jeremia
2593 3599 2850 3671 propheta
2884 3619 2896 3652 :
2933 3600 3037 3655 hoc
3067 3602 3118 3654 itt
3162 3598 3414 3654 Matthaeo
3441 3599 3577 3655 scri-

1978 3703 2127 3765 ptum
2157 3702 2261 3753 est.
2300 3693 2707 3766 Requisivimus
2738 3694 2789 3749 in
2812 3693 3048 3751 Jeremia
3071 3694 3357 3766 propheta,
3385 3702 3442 3751 et
3473 3693 3574 3749 hoc

1979 3788 2198 3859 penitus
2245 3788 2493 3844 invenire
2554 3804 2663 3843 non
2732 3788 3035 3860 potuimus,
3103 3787 3201 3844 sed
3267 3788 3575 3843 invenimus

1979 3882 2109 3939 illud
2143 3884 2193 3938 in
2213 3882 2474 3938 Zacliaria
2501 3883 2736 3939 :Videtis
2761 3897 2916 3955 ergo,
2937 3881 3062 3953 quia
3086 3890 3143 3939 et
3169 3881 3257 3953 hic
3273 3894 3428 3937 error
3451 3880 3574 3944 luit.

1979 3976 2122 4032 sicut
2152 3976 2224 4031 ibi
2250 3975 2436 4050 (Zach.
2469 3975 2569 4047 XI).

2053 4066 2263 4134 Quanta
2310 4068 2600 4123 audivimus
2651 4077 2699 4124 et
2727 4070 3063 4143 cognovimus
3094 4084 3175 4123 ea.
3227 4066 3295 4123 lli‘
3314 4063 3577 4124 versiculi

1979 4158 2049 4216 ab
2077 4177 2090 4214 :
2121 4159 2406 4232 Attendite,
2458 4162 2687 4233 populus
2732 4176 2898 4232 meus,
2945 4161 3109 4235 legem
3157 4176 3325 4216 meam
3354 4176 3373 4217 .'
3406 4175 3579 4231 usque

1981 4252 2037 4308 in
2072 4253 2233 4310 istum
2262 4255 2619 4321 versiculum,
2669 4254 2853 4326 loquar
2883 4255 3263 4329 propositiones
3291 4253 3356 4309 ab
3384 4253 3533 4309 initio
3560 4268 3578 4307 :

1982 4362 2050 4401 ex
2085 4361 2323 4421 persona
2354 4347 2562 4405 Christi
2588 4348 2871 4416 dicuntur,
2903 4357 2961 4406 et
2986 4349 3103 4421 ipse
3125 4347 3379 4406 Salvator
3406 4349 3582 4423 loqui-

1983 4447 2093 4493 tur.
2123 4439 2242 4495 Jam
2275 4448 2508 4496 cancros
2530 4440 2838 4497 versiculos
2865 4455 3037 4513 usque
3067 4440 3135 4496 ad
3165 4439 3327 4497 ﬁnem
3364 4440 3585 4513 psalmi.

1985 4546 2051 4585 ex
2082 4546 2314 4603 persona
2341 4534 2723 4603 apostolorum
2748 4535 3013 4592 debemus
3039 4536 3306 4607 accipere.
3357 4535 3583 4593 Dicente

291 4619 552 4687 Quoniam
582 4626 762 4674 autem
807 4617 1030 4675 neseilis
1069 4617 1378 4689 Scripturas
1408 4636 1422 4675 ε
1457 4629 1747 4691 propterea
1778 4635 1877 4679 ne-
1901 4607 1958 4669 Ῑ)
1985 4645 2118 4699 ergo
2144 4631 2375 4688 Domino
2406 4650 2420 4686 :
2457 4631 2715 4689 Inclinate
2737 4650 2916 4690 aurem
2944 4646 3167 4691 vestram
3192 4638 3261 4693 ad
3290 4638 3443 4693 verba
3479 4639 3585 4694 oris

295 4711 440 4766 scitis
466 4709 770 4778 Christum,
802 4710 896 4780 qui
928 4718 1012 4764 est
1038 4709 1132 4766 Dei
1160 4709 1350 4781 virtus,
1383 4719 1438 4765 ct
1463 4711 1556 4771 Dei
1582 4711 1875 4783 sapientia.

296 4801 494 4858 Dicitur
517 4810 541 4839 ⁸
573 4815 704 4874 ergo
736 4802 788 4857 in
823 4799 1086 4859 Matthiae
1113 4818 1128 4857 :
1170 4799 1300 4859 Htec
1340 4801 1536 4874 inquit,
1562 4804 1707 4877 facta
1730 4813 1874 4871 sunt,

296 4907 347 4951 ut
383 4896 685 4968 impleretur
721 4895 860 4970 quod
899 4894 1151 4968 scripturn
1179 4904 1252 4951 est
1292 4896 1351 4950 in
1378 4895 1556 4968 Λεαρὴ
1598 4898 1876 4970 propheta.

298 4992 380 5049 Sic
406 4990 676 5047 invenitur
707 4992 761 5047 in
810 4989 1060 5047 omnibus
1106 4989 1379 5047 veteribus
1422 4989 1728 5060 codicibus,
1777 4992 1875 5051 sed

299 5083 536 5140 homines
585 5084 898 5157 ignorantes
930 5083 1166 5139 tulerunt
1218 5081 1368 5141 illud.
1421 5082 1663 5155 Denique
1712 5086 1878 5141 multa

306 5174 587 5247 Evangelia
637 5189 810 5248 usque
855 5173 1022 5231 hodie
1071 5174 1144 5230 ita
1193 5174 1395 5230 habent
1433 5192 1448 5230 :
1486 5173 1554 5233 Ut
1586 5175 1882 5248 impleretur

300 5267 426 5341 quod
454 5268 705 5339 scriptum
734 5276 808 5322 est
837 5282 930 5341 per
978 5263 1177 5321 Isaiam
1217 5265 1523 5339 prop/telam
1566 5283 1587 5324 :
1636 5268 1885 5339 Aperiam

302 5361 348 5414 in
377 5358 640 5433 parabolis
679 5375 735 5415 os
774 5374 968 5427 meum,
999 5366 1047 5412 et
1078 5358 1262 5431 loquar
1288 5358 1664 5430 prepositianes
1688 5359 1750 5415 ab
1781 5359 1886 5414 ini-

304 5454 386 5505 tio.
421 5452 533 5508 lloc
558 5451 725 5509 lsaias
756 5467 862 5508 non
897 5450 1157 5525 loquitur,
1187 5450 1285 5509 sed
1315 5450 1521 5524 Asaph.
1558 5454 1801 5527 Denique
1829 5463 1887 5513 et

306 5544 497 5615 impius
541 5545 636 5603 ille
660 5544 997 5619 Porphyrius
1028 5546 1286 5618 pr0ponit
1312 5545 1602 5611 adversum
1636 5565 1739 5607 nos
1783 5550 1886 5611 hoc

1987 4730 2107 4786 mei.
2150 4730 2195 4787 υ
2224 4730 2491 4801 apostoli,
2521 4731 2700 4801 quod,
2734 4733 2941 4803 inquit,
2989 4733 3219 4795 audistis
3250 4735 3309 4795 in
3334 4746 3548 4795 secreto
3567 4770 3588 4801 ,

1987 4832 2283 4902 ρτειιιίοιιε
2309 4846 2477 4901 super
2510 4840 2653 4887 tecta
2699 4830 2884 4904 (Matt.
2918 4832 2996 4902 ι).
3039 4833 3180 4900 Quid
3217 4834 3407 4892 dicunt
3455 4850 3588 4907 apo-

1988 4934 2157 4990 stoli?
2188 4934 2397 5002 Quanta
2419 4932 2714 4988 audiuimus
2732 4944 2782 4988 et
2800 4933 3136 5003 cognovimus
3153 4950 3214 4989 ea
3226 4951 3249 5001 ;
3268 4941 3328 4991 et
3351 4936 3586 5007 patriar-

1987 5037 2105 5093 cha:
2125 5048 2180 5093 et
2204 5032 2482 5107 prophetat
2504 5034 2672 5090 locuti
2701 5043 2834 5090 sunt
2882 5034 3063 5090 nobis.
3124 5033 3196 5090 Et
3223 5044 3397 5107 patres
3425 5038 3592 5092 nostri

1988 5136 2331 5194 narraueram
2348 5136 2511 5193 nobis.
2540 5133 2664 5191 Non
2678 5144 2801 5191 sunt
2821 5135 3026 5191 occulta
3052 5153 3085 5191 a
3109 5135 3239 5208 filiis
3263 5146 3461 5204 eorum,
3478 5146 3587 5194 etc.

1990 5244 2287 5315 Propterea
2322 5230 2400 5297 illi
2430 5240 2599 5297 locuti
2628 5250 2779 5310 sunt,
2811 5251 2871 5297 ut
2899 5256 3000 5296 nos
3038 5240 3137 5297 ﬁlii
3178 5256 3369 5299 eorum
3417 5242 3589 5298 scirc-

1991 5355 2133 5401 m’us.
2166 5343 2233 5399 Et
2262 5343 2421 5418 legem
2449 5343 2623 5416 posuit
2650 5343 2704 5398 in
2730 5341 2901 5399 Israel
2924 5360 2941 5398 :
2964 5355 3160 5413 quanta
3189 5345 3455 5400 mandarit
3489 5364 3587 5416 pa-

1995 5452 2156 5507 tribus
2178 5449 2391 5507 nostris.
2424 5449 2538 5506 Illis
2568 5449 2864 5506 carnaliter
2901 5448 3063 5505 locuti
3087 5460 3215 5506 sunt
3248 5469 3261 5507 :
3289 5448 3383 5507 sed
3408 5465 3505 5507 nos
3530 5467 3594 5507 ca

1994 5552 2352 5627 spiritualiter
2385 5550 2762 5625 intelligimus.
2818 5548 2888 5607 Ut
2929 5558 3053 5606 nota
3103 5552 3333 5624 facerent
3374 5569 3436 5609 ea
3468 5552 3601 5624 ﬁliis

377 5755 402 5784 α
428 5746 662 5807 Consule
689 5762 878 5811 verum
918 5749 1140 5809 Hieron.
1182 5748 1587 5811 Commentario
1633 5754 1691 5812 in
1747 5754 2063 5817 Mattheus:
2098 5772 2220 5829 cap.
2267 5766 2387 5826 sui,
2427 5768 2573 5815 vers.
2606 5756 2699 5827 55,
2730 5763 2791 5815 et
2821 5770 2947 5828 quat
2974 5753 3033 5815 in
3062 5770 3186 5819 eum
3211 5758 3392 5820 locum
3416 5760 3606 5819 obser—

315 5832 516 5875 vamus.
