4016 6342
497 290 636 352 lim

1286 281 1635 342 APPENDIX
1673 280 1766 337 AD
1803 276 2050 336 TOMUM
2086 273 2446 334 SEPTIMUM
2482 275 2543 335 S.
2584 275 2991 335 IIIERONYMI.

3659 279 3688 334 1
3703 279 3839 335 048

493 401 625 457 suis.
655 399 773 457 Hoc
801 407 907 467 est,
933 396 1110 456 nobis.
1137 395 1435 465 Propterea
1476 391 1583 448 illis
1615 391 1836 448 locutus
1889 402 1994 458 est,
2019 401 2078 448 ut
2101 388 2151 450 A
2181 387 2437 460 Ephraim
2467 388 2740 447 habebant
2770 406 2979 462 regem.
3002 390 3288 459 Quomodo
3315 392 3458 450 enim
3480 393 3573 465 qui
3604 408 3838 466 regna-

491 493 654 550 nobis
682 492 997 564 proderent.

569 586 726 643 Filiis
752 587 842 658 qui
866 590 1142 639 nascentur
1164 590 1213 636 et
1239 587 1539 650 exsurgent,
1596 586 1643 632 et
1681 576 1968 632 narrabunt
2026 578 2092 645 ﬁ-

495 681 582 736 liis
609 681 734 735 suis.
759 677 865 732 Pro
897 674 1164 747 patribus,
1195 671 1399 744 inquit,
1444 670 1548 726 tuis
1580 669 1691 724 nati
1730 678 1858 725 sunt
1896 669 1993 725 tibi
2026 671 2091 725 ﬁ-

494 772 554 828 lii
587 769 762 842 (Psal.
786 767 958 837 xuv).
992 765 1101 822 Nos
1150 763 1249 819 ﬁlii
1286 776 1477 819 sumus
1525 760 1766 818 illorum.
1798 761 1883 817 illi
1932 761 2090 819 nobis

492 869 879 925 narraverunt,
911 867 967 914 et
998 872 1100 914 nos
1130 855 1473 913 narravimus
1524 854 1654 911 ﬁliis
1692 854 1897 910 nostris
1921 897 1936 922 ,
1987 855 2088 911 ﬁlii

492 967 680 1010 eorum
708 966 807 1007 nos
833 965 1047 1007 sumus.

565 1045 632 1101 Ut
664 1052 862 1118 ponunt
885 1045 939 1098 in
971 1042 1083 1098 Deo
1112 1057 1257 1113 spem
1286 1056 1456 1096 suam.
1493 1039 1559 1096 Ut
1585 1040 1696 1109 jam
1721 1054 1829 1095 non
1861 1038 2092 1096 credant

491 1139 546 1194 in
569 1137 753 1203 idolis,
785 1137 882 1193 sed
915 1136 967 1191 in
1000 1135 1118 1191 Deo
1165 1134 1418 1190 credant.
1471 1132 1539 1188 Ut
1570 1149 1673 1188 non
1718 1132 2090 1189 obliviscantur

491 1245 648 1304 Opera
705 1226 822 1283 Dei.
883 1226 949 1283 Ut
995 1227 1215 1282 videant
1259 1225 1508 1281 ordinem
1541 1235 1845 1293 creaturae,
1906 1235 1964 1280 et
2022 1241 2089 1281 ex

490 1331 742 1378 creatura
772 1319 1083 1390 intelligant
1112 1332 1440 1375 creatorem.
1470 1317 1536 1373 Et
1561 1319 1808 1372 mandata
1844 1322 1957 1391 ejus
2001 1334 2090 1373 ea:-

491 1420 720 1488 quiraut.
743 1417 862 1474 Non
894 1425 1248 1473 contemnant
1278 1416 1424 1471 sicut
1444 1413 1616 1472 Judmi
1636 1456 1650 1481 ,
1674 1413 1771 1469 sed
1799 1414 2089 1486 exquirant

496 1510 644 1567 sicut
672 1508 968 1566 Christiani
993 1509 1038 1580 (ι
1061 1508 1182 1564 Cor.
1208 1506 1292 1580 χ).

564 1601 676 1657 Nec
704 1602 834 1672 ﬁant
860 1603 988 1657 sicut
1019 1616 1192 1673 patres
1213 1616 1408 1656 eorum.
1442 1599 1521 1655 Ne
1574 1609 1915 1655 murmur-ent
1949 1599 2089 1656 sicut

489 1706 980 1755 murmuraverunt
1009 1696 1231 1770 quidam
1281 1696 1334 1751 in
1369 1696 1613 1762 deserto,
1671 1705 1727 1750 ct
1781 1696 2084 1766 perierunt.

2190 483 2322 540 bant
2342 484 2395 541 in
2418 485 2625 555 Judrca,
2652 487 2925 544 habebant
2949 503 3132 561 regem
3159 487 3230 545 de
3261 490 3404 545 tribu
3430 488 3590 557 luda,
3616 499 3678 546 et
3713 506 3833 563 ge—

2192 589 2325 632 nere
2354 575 2522 633 David
2546 596 2559 630 :
2583 579 2662 634 sic
2689 579 2781 649 qui
2809 581 3114 652 regnabant
3140 580 3195 636 in
3224 579 3491 650 Samaria,
3524 580 3833 640 habebant

2190 684 2378 739 regem
2405 670 2473 727 de
2500 673 2639 729 tribu
2675 673 2957 745 Ephraim,
2988 683 3045 731 et
3073 689 3230 746 reges
3259 676 3501 746 ipsorum
3528 677 3832 734 vocaban-

2193 771 2280 819 tur
2312 763 2588 834 Ephraim.
2633 765 2902 838 Legamus
2936 767 3077 825 Osee
3112 770 3430 840 prophetam
3451 810 3466 835 ,
3498 778 3555 824 et
3583 784 3826 826 omnem

2193 858 2532 930 prophetiam
2575 862 2693 930 ejus
2731 870 2921 916 contra
2957 860 3218 931 Ephraim
3254 861 3591 933 reperiemus
3646 860 3824 934 (Osee

2191 953 2314 1024 vn).
2341 953 2407 1008 Et
2433 953 2756 1010 dicituribi:
2783 954 3067 1024 Ephraim,
3103 956 3300 1027 inquit,
3328 955 3503 1012 factus
3529 963 3616 1012 est
3649 957 3821 1026 quasi

2192 1043 2442 1100 columba
2481 1044 2761 1115 insipiens.
2801 1044 2940 1103 Vide
2979 1046 3106 1117 quid
3138 1048 3304 1104 dicat.
3351 1047 3617 1104 Columba
3658 1049 3818 1105 enim

2194 1135 2455 1206 insipiens
2481 1137 2739 1209 relinquit
2759 1138 3043 1207 templum,
3073 1148 3129 1195 et
3156 1138 3362 1195 habitat
3393 1140 3445 1195 in
3480 1140 3657 1195 silvis.
3697 1138 3817 1195 Co-

2191 1227 2371 1285 lumba
2421 1245 2639 1302 semper
2680 1233 2735 1287 in
2780 1231 3029 1288 domibus
3077 1232 3305 1288 habitat.
3359 1232 3618 1303 Ephraim
3679 1246 3819 1289 vero

2192 1323 2441 1380 columba
2485 1338 2605 1380 mea
2632 1324 2847 1397 reliquit
2887 1325 3146 1396 templum
3168 1367 3182 1390 ,
3211 1326 3428 1396 reliquit
3456 1326 3678 1382 domum
3707 1369 3721 1391 ,
3755 1334 3816 1384 et

2191 1412 2398 1471 habitat
2437 1415 2490 1471 in
2544 1415 2738 1484 silvis,
2788 1415 2994 1472 habitat
3030 1417 3083 1472 in
3130 1416 3382 1474 desertis.
3428 1417 3543 1474 Hoc
3584 1419 3809 1474 interim

2191 1506 2489 1563 secundum
2529 1507 2764 1564 litteram
2790 1552 2805 1576 ,
2837 1508 3098 1565 debemus
3127 1509 3272 1566 enim
3308 1519 3366 1566 et
3394 1509 3683 1566 historiam
3712 1524 3815 1582 po-

2192 1615 2343 1658 nere.
2376 1601 2529 1658 Nunc
2564 1617 2694 1659 vero
2734 1612 2859 1674 post
2888 1602 3125 1659 litteram
3153 1645 3168 1669 ,
3220 1603 3378 1674 quasi
3409 1620 3507 1675 per
3534 1604 3810 1675 quosdam

2192 1691 2393 1763 gradus
2432 1693 2696 1749 debemus
2735 1694 2803 1750 ad
2845 1695 3048 1765 majora
3098 1696 3493 1752 conscendere.
3545 1695 3814 1755 Dicamus

490 1790 773 1846 Generatio
796 1807 955 1862 prava
975 1800 1023 1845 et
1043 1804 1378 1859 exasperatis.
1409 1787 1529 1843 Non
1557 1803 1657 1858 ego
1691 1789 1797 1844 hoc
1848 1789 2081 1859 loquor:
2116 1786 2164 1847 B
2190 1801 2317 1858 ergo
2341 1826 2358 1853 ,
2386 1787 2525 1842 ﬁlios
2551 1786 2808 1857 Ephraim
2840 1829 2855 1854 ,
2897 1800 3088 1843 omnes
3125 1803 3248 1844 esse
3276 1787 3583 1845 haereticos.
3617 1788 3689 1844 Et
3717 1790 3809 1846 isti

488 1883 767 1955 Propheta
798 1894 919 1939 tuus
951 1883 1056 1940 hoc
1106 1883 1349 1954 loquitur
1374 1882 1443 1939 de
1492 1892 1564 1939 te.
1597 1880 1877 1938 Generatio
1927 1900 2088 1957 prava

486 1986 539 2031 et
566 1992 898 2047 exasperatis.
932 1974 1229 2033 Generatio
1251 1975 1499 2032 adultera
1521 1985 1577 2031 et
1604 1976 1840 2046 pessima
1870 1976 2087 2048 signant

488 2072 708 2142 qnmrit,
741 2080 798 2127 et
819 2071 1035 2142 signum
1068 2062 1177 2127 non
1199 2069 1419 2126 dabitur
1439 2070 1491 2125 ei
1509 2110 1524 2133 ,
1556 2069 1660 2125 nisi
1687 2070 1903 2141 signum
1928 2068 2087 2125 Jonae

488 2163 671 2237 (Matt.
704 2164 840 2234 XVI).
871 2162 1057 2233 Quare
1091 2161 1258 2230 dixit,
1291 2162 1493 2233 prava?
1520 2160 1655 2229 Quia
1706 2161 1834 2217 tacti
1874 2170 2002 2216 sunt
2031 2160 2086 2217 in

486 2272 675 2313 arcum
702 2270 1050 2328 perversum.
1077 2254 1254 2312 Arcus
1280 2255 1430 2311 enim
1469 2269 1766 2325 numquam
1825 2254 2087 2311 extendi-

487 2358 578 2405 tur
607 2350 661 2405 in
687 2363 812 2405 enm
851 2348 944 2420 qui
973 2362 1034 2404 se
1065 2346 1271 2414 mittit,
1314 2346 1411 2402 sed
1459 2356 1649 2402 contra
1708 2344 2082 2402 adversarios.

482 2440 590 2497 Ista
621 2449 802 2496 autem
823 2440 1109 2511 generatio
1138 2453 1263 2495 cum
1290 2449 1444 2495 esset
1462 2448 1611 2495 recta
1638 2453 1668 2494 a
1702 2437 1815 2494 Deo
1843 2438 2084 2509 condita,

488 2544 546 2591 et
566 2533 861 2589 haberetur
890 2533 945 2589 in
975 2546 1138 2588 manu
1174 2531 1268 2588 Dei
1293 2532 1449 2603 quasi
1474 2546 1666 2599 arens,
1730 2540 1788 2586 ut
1843 2529 2086 2587 mitteret

487 2641 588 2696 per
616 2639 737 2681 eam
762 2626 1015 2696 sagittas,
1040 2637 1200 2680 versa
1228 2633 1313 2679 est
1357 2624 1513 2695 quasi
1551 2637 1714 2680 arcus
1765 2637 2081 2694 perversus,

485 2715 874 2787 blaSphemans
897 2718 949 2771 in
977 2714 1296 2773 Creatorem
1320 2730 1500 2771 suum.

556 2809 836 2865 Generatio
869 2824 983 2880 quae
1011 2823 1113 2863 non
1139 2808 1330 2863 direxit
1371 2824 1462 2863 eor
1488 2823 1657 2863 suum.
1701 2806 1884 2879 Usque
1919 2807 2085 2866 hodie

484 2917 782 2976 pervorsus
826 2912 911 2959 est
953 2901 1143 2958 Israel.
1177 2900 1248 2955 Et
1292 2919 1395 2957 non
1436 2911 1510 2957 est
1554 2901 1779 2956 creditus
1825 2918 1942 2957 cum
1971 2901 2082 2957 Deo

488 2996 703 3068 spiritus
734 2996 866 3059 eius.
898 2993 1165 3064 Quoniam
1194 3008 1301 3049 non
1338 2994 1548 3064 recepit
1571 2992 1794 3061 Filium,
1827 3006 2079 3064 propter-

485 3103 549 3145 ea
588 3104 696 3143 non
744 3088 953 3159 recepit
987 3088 1249 3159 Spiritum
1286 3096 1558 3143 sanctum.
1619 3087 1868 3156 Denique
1898 3087 2079 3158 Spiri-

2192 1880 2337 1936 enim
2388 1890 2728 1937 recesserunt
2762 1880 2831 1937 de
2859 1879 3023 1936 domo
3068 1881 3198 1951 Dei,
3243 1889 3299 1936 et
3340 1881 3427 1936 isti
3479 1881 3811 1938 dimiserunt

2193 1974 2385 2038 David.
2416 1982 2471 2030 et
2495 1973 2813 2030 habitabant
2840 1976 2893 2030 in
2924 1973 3180 2033 desertis.
3214 1975 3279 2030 Et
3307 1975 3565 2031 dicuntur
3581 1974 3806 2047 quidem

2190 2068 2456 2125 columba:
2477 2112 2491 2136 ,
2516 2067 2642 2138 quia
2673 2069 2857 2141 legunt
2882 2068 2987 2138 ipsi
3009 2067 3446 2138 Seripturas,sed
3478 2067 3806 2138 insipienter

2191 2160 2519 2233 intelligunt.
2551 2160 2703 2216 Multi
2740 2168 2869 2216 sunt
2904 2160 2999 2233 qui
3036 2159 3326 2229 dicuntur,
3364 2160 3465 2231 ﬁlii
3500 2158 3756 2231 Ephraim
3783 2203 3799 2229 ,

2188 2253 2509 2308 intendentes
2534 2262 2583 2307 et
2612 2254 2865 2308 mittentes
2892 2268 3093 2309 arcum.
3122 2251 3258 2310 Vide
3276 2268 3467 2311 omnes
3486 2252 3797 2321 hzereticos,

2187 2344 2279 2416 qui
2310 2343 2716 2415 dereliquerunt
2734 2343 3036 2401 Jerusalem
3058 2385 3074 2407 ,
3105 2343 3195 2416 qui
3219 2344 3622 2413 dereliquerunt
3652 2355 3796 2401 tem-

2188 2438 2336 2508 plum
2355 2438 2470 2505 Dei,
2492 2439 2584 2509 qui
2616 2437 2860 2493 habitant
2884 2437 2938 2493 in
2968 2437 3228 2494 Samaria.
3265 2436 3367 2494 Ubi
3396 2435 3640 2494 fecerunt
3663 2436 3798 2492 vitu-

2186 2529 2270 2586 los
2299 2530 2535 2586 aureos?
2563 2529 2623 2585 In
2646 2528 2856 2595 Bethel,
2889 2539 2946 2585 et
2971 2530 3023 2584 in
3054 2529 3188 2584 Dan.
3220 2528 3287 2585 Et
3317 2528 3440 2585 vide
3464 2529 3590 2601 quid
3617 2529 3792 2587 dicat:

2187 2623 2459 2681 Fecerunt
2487 2624 2686 2680 vitulos
2705 2640 2904 2682 aureos
2932 2624 2986 2680 in
3019 2624 3230 2690 Bethel,
3254 2624 3306 2680 in
3328 2623 3493 2680 domo
3523 2624 3641 2691 Dei,
3673 2622 3795 2679 ido~

2185 2719 2395 2776 lolatrae
2426 2719 2552 2776 facti
2578 2728 2725 2776 sunt.
2759 2720 2828 2775 Et
2851 2719 3101 2776 fecerunt
3130 2718 3261 2775 illud
3290 2719 3345 2774 in
3377 2719 3521 2775 Dan:
3554 2718 3660 2775 hoc
3683 2729 3786 2787 esr,

2185 2812 2242 2869 in
2267 2811 2529 2881 judicium
2557 2828 2736 2881 suum,
2767 2822 2823 2868 et
2850 2813 2905 2867 in
2930 2812 3457 2869 condemnationem.
3481 2812 3790 2884 Derelique-

2185 2911 2313 2959 runt
2340 2903 2560 2959 domum
2593 2903 2826 2969 Domini,
2856 2912 2911 2959 et
2935 2903 3069 2960 nihil
3094 2902 3238 2959 aliud
3270 2904 3375 2959 nisi
3396 2904 3465 2960 de
3488 2919 3623 2959 auro
3651 2905 3791 2975 cogi-

2187 3003 2320 3049 tant.
2374 2995 2526 3051 Dicat
2558 2995 2776 3067 aliquis,
2812 2994 2992 3065 Quare
3031 2996 3276 3052 iecerunt
3316 2996 3514 3052 vitulos
3556 2999 3787 3053 aureos?

2185 3087 2380 3145 Noster
2434 3089 2722 3146 thesaurus
2760 3091 3035 3161 repositus
3080 3099 3163 3146 est
3211 3091 3263 3147 in
3317 3091 3458 3146 vasis
3510 3090 3781 3147 ﬁctilibus.

482 3191 572 3238 tus
598 3191 840 3250 sanctus,
869 3180 1090 3253 quando
1119 3180 1404 3239 descendit
1457 3181 1510 3238 in
1557 3180 1742 3252 specie
1784 3179 2075 3246 columbae,
2107 3169 2153 3233 C
2187 3179 2557 3238 Eeclesiastici
2597 3181 2774 3251 enim,
2810 3183 2994 3238 rustici
3021 3192 3149 3239 sunt
3174 3192 3230 3239 et
3264 3181 3568 3255 simplices:
3599 3199 3784 3241 omnes

482 3294 592 3337 non
618 3280 904 3337 descendit
935 3295 1101 3350 super
1132 3280 1320 3337 turbas
1366 3280 1681 3339 Judaeornm
1711 3326 1724 3350 ,
1768 3280 1865 3336 sed
1918 3296 2084 3352 super

481 3386 653 3428 unum
677 3371 889 3429 Jesum.
925 3371 983 3428 Si
1015 3372 1096 3426 vis
1124 3370 1501 3442 ergo,Jndaae,
1531 3371 1787 3441 spiritum
1812 3370 2084 3442 accipere,

483 3462 649 3519 crede
685 3464 741 3518 in
776 3462 990 3531 Jesunt,
1019 3462 1272 3533 quoniam
1312 3463 1547 3534 Spiritus
1583 3474 1809 3519 sanctus
1839 3462 1989 3519 sedet
2024 3464 2080 3520 in

486 3554 636 3613 Jesu.

559 3647 692 3704 Filii
727 3648 982 3717 Epitraim
1023 3647 1344 3703 intendentes
1391 3657 1439 3702 et
1487 3650 1747 3704 mittentes
1798 3666 1997 3705 arcum.
2037 3649 2082 3705 Ο

486 3751 691 3814 quanta
713 3742 1005 3815 mysteria!
1030 3757 1065 3797 ο
1092 3741 1278 3812 quanti
1301 3739 1498 3796 ﬁorest
1524 3738 1639 3797 Non
1663 3742 1784 3796 dico
1809 3742 1950 3809 dies,
1982 3742 2080 3798 sed

481 3846 540 3892 et
571 3844 725 3891 tctus
755 3836 960 3890 mensis
982 3833 1048 3888 ad
1072 3832 1488 3904 intelligentiam
1532 3832 1687 3888 istius
1740 3832 1937 3905 psalmi
1970 3849 2076 3887 non

477 3939 659 4000 potest
689 3928 971 3985 sufﬁcere.
995 3927 1053 3983 ln
1084 3928 1316 3999 singulis
1345 3929 1528 3983 verbis
1560 3943 1753 3983 sensus
1782 3938 1928 3984 sunt.
1968 3928 2077 3984 Ila-

474 4019 674 4076 bemns
703 4030 758 4077 et
795 4019 1113 4083 thesaurum
1153 4019 1209 4074 in
1258 4020 1402 4075 vasis
1434 4020 1551 4074 istis
1583 4019 1863 4075 lictilibns.
1920 4020 2071 4076 Multi

477 4112 586 4168 hoc
615 4113 1047 4182 interpretantur
1068 4110 1136 4167 de
1155 4126 1409 4182 corpore,
1432 4120 1489 4166 et
1513 4112 1580 4168 de
1607 4110 1810 4183 Spiritu
1839 4123 2068 4169 sancto:

476 4205 585 4261 hoc
607 4214 710 4273 est,
744 4203 1013 4260 habemus
1039 4203 1356 4259 thesaurum
1403 4204 1458 4259 in
1490 4205 1633 4259 vasis
1656 4204 1940 4261 ﬁctilibus.
1969 4202 2071 4259 Est

474 4296 696 4368 quidem
739 4304 796 4351 et
842 4296 942 4350 ista
999 4295 1355 4365 intelligentia
1393 4296 1530 4351 :sed
1575 4296 1681 4351 ista
1729 4297 1903 4352 multo
1954 4312 2072 4352 me-

475 4392 585 4448 lior
614 4400 734 4459 est,
781 4389 1041 4462 quoniam
1090 4388 1353 4446 habemus
1408 4389 1724 4446 thesaurum
1775 4390 2065 4461 pretiosis-

475 4484 675 4540 simum
707 4484 762 4539 in
811 4484 956 4539 vasis
996 4482 1258 4539 ﬁctilibus
1292 4483 1435 4538 :hoc
1483 4491 1609 4549 est,
1653 4485 1707 4539 in
1737 4483 1925 4539 verbis
1979 4499 2072 4540 ru-

2187 3288 2319 3331 vero
2344 3273 2608 3341 lueretici,
2638 3275 2965 3331 Aristotelici
2993 3285 3049 3331 et
3077 3276 3339 3332 Platonici
3371 3285 3515 3332 sunt.
3546 3277 3782 3349 Denique

2185 3381 2244 3426 ut
2270 3371 2474 3437 sciatis,
2488 3367 2742 3440 quoniam
2764 3368 2942 3425 omnis
2959 3369 3263 3440 eloquentia
3284 3369 3777 3437 sreenlaris,anrum

2184 3465 2410 3521 dicitur:
2444 3464 2549 3521 hoc
2574 3473 2678 3533 est,
2699 3464 2956 3535 quoniam
2977 3464 3158 3536 lingua
3185 3479 3372 3521 eorum
3386 3453 3545 3537 quasi
3567 3474 3779 3536 propter

2183 3552 2527 3629 splendorem
2580 3558 2697 3612 auri
2743 3557 2969 3613 dicitur:
3014 3557 3163 3613 Calix
3212 3573 3409 3613 aureus
3448 3558 3686 3631 Babylon
3726 3559 3776 3614 in

2186 3664 2349 3705 tnanu
2376 3647 2610 3704 Domini.
2647 3648 2837 3705 Videte
2867 3650 2995 3720 quid
3027 3649 3199 3706 dicat:
3238 3649 3480 3722 Babylon
3511 3650 3779 3706 confusio-

2184 3741 2287 3796 nis.
2323 3739 2468 3811 Ergo
2509 3740 2742 3796 mundus
2773 3740 2876 3797 iste
2903 3786 2918 3809 ,
2973 3741 3115 3797 calix
3161 3757 3362 3798 ant-ens
3413 3751 3516 3798 est.
3558 3741 3638 3799 De
3679 3742 3777 3799 hoc

2182 3830 2353 3886 calice
2371 3845 2537 3886 aureo
2561 3830 2813 3886 omnibus
2831 3831 3082 3901 gentibus
3106 3833 3420 3904 propitiatur
3439 3832 3657 3906 (Jerem.
3676 3834 3773 3905 Li).

2182 3921 2312 3978 Filii
2341 3922 2598 3996 Ephraim
2626 3923 2940 3979 intendentes
2970 3934 3017 3979 et
3051 3926 3307 3981 mittentes
3347 3941 3543 3981 arcum.
3577 3926 3775 3995 Quam-

2181 4030 2415 4084 cumque
2469 4015 2670 4071 videris
2726 4017 3049 4085 scripturam
3104 4015 3483 4073 hzereticorum
3512 4058 3528 4083 ,
3591 4033 3774 4073 omnes

2180 4107 2596 4176 superstitiones
2628 4106 2850 4162 habent.
2896 4107 3102 4162 Renersi
3139 4118 3258 4163 sunt
3285 4109 3339 4163 in
3367 4109 3451 4164 die
3494 4110 3633 4165 belli.
3673 4109 3773 4166 Nc-

2179 4198 2360 4255 seiunt
2387 4214 2511 4256 eum
2538 4199 2630 4270 qui
2658 4199 2828 4256 dixit:
2854 4200 3050 4258 Pacem
3082 4217 3257 4258 meam
3285 4202 3356 4258 do
3386 4204 3560 4270 vobis,
3595 4221 3771 4275 pacem

2179 4307 2355 4349 meam
2383 4293 2632 4363 relinquo
2662 4292 2816 4349 vobis
2841 4291 3025 4364 (Joan.
3057 4296 3208 4367 xxv):
3238 4296 3333 4351 sed
3359 4295 3425 4350 ad
3456 4296 3622 4353 verba
3651 4308 3770 4353 sunt

2176 4384 2487 4456 praeparati.
2535 4384 2748 4442 Habent
2802 4385 3007 4453 verba,
3055 4385 3150 4442 sed
3196 4388 3414 4444 audient
3459 4388 3589 4445 illud
3633 4390 3766 4459 quod

2176 4478 2433 4548 scripturn
2465 4486 2577 4534 est:
2614 4477 2819 4549 Dissipa
2850 4488 3038 4549 gentes
3059 4495 3180 4550 qua:
3208 4481 3348 4537 bella
3379 4481 3569 4538 volunt
3600 4481 3763 4554 (Psal.

470 4576 623 4635 Sticis
694 4576 1125 4648 Scripturarum.
1194 4574 1324 4631 Filii
1404 4574 1660 4649 Epiri-uim
1741 4577 2066 4634 intendentes

2187 4570 2363 4641 mn).
2380 4570 2758 4642 Dicataliquis,
2783 4580 3022 4626 nostram
3045 4585 3167 4630 esse
3189 4574 3516 4630 sententiam
3539 4591 3553 4629 :
3582 4573 3765 4631 Videa-

472 4680 519 4726 et
582 4671 837 4726 mittentes
900 4686 1118 4735 arcum,
1182 4670 1411 4725 conversi
1464 4679 1585 4725 sunt
1651 4670 1705 4725 in
1762 4670 1847 4726 die
1909 4669 2060 4736 belli,

468 4774 526 4820 et
557 4772 777 4820 caztcra.
810 4762 1065 4834 Legimus
1099 4762 1151 4817 in
1192 4761 1399 4834 Regum
1444 4762 1628 4818 libris:
1663 4763 1918 4833 quoniam
1963 4762 2065 4819 sub

466 4854 713 4911 Rohoam
743 4855 856 4910 ﬁlio
881 4855 1209 4923 Salomonis,
1240 4855 1530 4910 Jeroboam
1554 4854 1694 4911 ﬁlius
1724 4854 1935 4910 Nabath
1962 4856 2066 4912 sci-

461 4949 541 5005 dit
574 4948 828 5021 populnm
851 4965 881 5003 a
902 4949 1115 5019 reliquo
1147 4949 1373 5018 populo,
1405 4957 1460 5003 et
1486 4948 1674 5004 decem
1713 4947 1886 5004 tribus
1913 4948 2070 5004 duxit

462 5042 521 5097 in
568 5040 867 5096 Samariam
910 5037 1013 5109 (Ill
1041 5039 1169 5110 Reg.
1214 5036 1340 5110 xu).
1383 5038 1539 5094 ludar
1576 5053 1707 5095 vero
1755 5039 1967 5108 tribus,
2014 5048 2068 5095 et

458 5135 746 5204 Benjamin
795 5143 1183 5189 remanserunt
1234 5134 1335 5188 sub
1388 5133 1617 5204 imperio
1668 5133 1956 5201 Roboam,
2015 5143 2070 5190 et

458 5227 614 5284 multi
662 5227 731 5284 de
780 5227 923 5282 tribu
968 5226 1136 5295 Levi,
1185 5226 1279 5296 qui
1319 5224 1635 5283 habitabant
1662 5229 1717 5283 in
1764 5229 2065 5286 Jerusalem

457 5322 770 5379 sacerdotes
797 5332 853 5376 et
880 5322 1110 5389 Levitre,
1142 5319 1281 5377 sicut
1307 5322 1565 5391 scriptum
1588 5331 1672 5378 est
1697 5321 1752 5377 in
1782 5322 2063 5395 Paralipo-

455 5429 657 5469 menon
689 5455 704 5479 ,
749 5414 956 5469 reversi
993 5424 1120 5468 sunt
1162 5413 1218 5467 in
1251 5414 1511 5484 templum
1542 5413 1679 5482 Dei,
1720 5413 1825 5470 hoc
1853 5427 1937 5471 est
1961 5459 1976 5485 ,
2011 5418 2063 5473 in

452 5504 755 5562 Jerusalem
785 5504 851 5577 (ll
876 5503 1004 5560 Par.
1041 5504 1145 5574 st).
1173 5504 1307 5559 'l‘res
1337 5519 1468 5577 ergo
1490 5505 1662 5561 tribus
1685 5505 1935 5563 fuerunt:
1961 5506 2065 5564 hoc

455 5605 543 5653 est
564 5639 579 5664 ,
603 5596 767 5652 Juda:
797 5595 933 5651 Juda
964 5594 1081 5666 ipsa
1112 5597 1313 5667 regalis
1341 5597 1547 5664 tribus,
1580 5607 1631 5653 et
1658 5598 1939 5668 Beniamin
1963 5640 1978 5665 ,
2008 5608 2066 5655 et

2176 4679 2296 4719 mus
2324 4665 2743 4735 consequentia:

2249 4753 2373 4811 Non
2403 4756 2757 4813 custodierunt
2786 4767 3144 4816 testamentum
3172 4760 3292 4829 Dei,
3318 4772 3368 4816 et
3410 4761 3464 4817 in
3499 4762 3611 4834 lege
3655 4762 3764 4835 ejus

2174 4848 2452 4903 noluerunt
2497 4850 2787 4918 ambulare,
2832 4861 2881 4907 et
2922 4852 3067 4907 obliti
3086 4862 3206 4907 sunt
3235 4852 3619 4925 benefactorum
3636 4854 3756 4925 ejus.

2175 4941 2860 5001 Consurrexcruntcontra
2891 4962 3041 5015 eum,
3074 4948 3165 5019 qui
3197 4962 3295 5004 eos
3336 4947 3682 5019 regeneravit
3710 4945 3759 5000 in

2173 5037 2518 5108 baptismate.
2554 5036 2619 5092 Et
2649 5038 2967 5094 mirabilirtm
2997 5043 3109 5114 ejus
3131 5056 3249 5112 qua
3275 5040 3497 5096 ostendit
3524 5041 3617 5094 eis.
3667 5038 3755 5095 Vi-

2169 5130 2296 5187 dete
2315 5144 2533 5187 sensum
2549 5130 2973 5200 Scripturarutn,
2993 5130 3268 5202 quomodo
3289 5130 3356 5187 de
3367 5131 3496 5187 ﬁliis
3511 5129 3756 5202 Ephraim

2168 5223 2315 5280 venit
2340 5222 2406 5278 ad
2436 5224 2690 5279 historias
2718 5224 3031 5294 prmteritas
3061 5242 3073 5279 :
3108 5224 3311 5280 utillud
3338 5224 3481 5296 quod
3506 5225 3756 5296 scripturn

2169 5325 2252 5371 est
2282 5331 2297 5370 :
2329 5314 2584 5384 Aperiam
2610 5315 2663 5370 in
2702 5316 2974 5386 parabolis
3013 5331 3078 5372 os
3105 5331 3312 5383 meum,
3345 5317 3538 5389 loquar
3566 5333 3757 5390 propo-

2171 5409 2398 5466 sitiones
2424 5409 2493 5465 ab
2519 5410 2674 5466 initio
2703 5426 2717 5464 :
2752 5410 3068 5481 parabolice
3096 5412 3304 5468 dictum
3354 5414 3615 5470 ostendit.

2238 5502 2426 5559 Coram
2475 5503 2707 5574 patribus
2748 5520 2924 5559 eorum
2969 5520 3085 5577 qua:
3114 5506 3235 5577 fecit
3256 5505 3522 5561 mirabilia
3541 5508 3597 5561 in
3626 5516 3753 5562 terra

2168 5595 2408 5667 /Egypti,
2461 5597 2514 5650 in
2564 5612 2746 5668 campo
2775 5595 2978 5654 Taneos
3010 5600 3326 5672 :interrupit
3372 5616 3532 5667 mare,
3569 5610 3616 5655 et
3642 5617 3756 5673 per-

450 5699 643 5755 postea
678 5686 883 5742 Levita;
924 5687 996 5741 ibi
1035 5696 1303 5743 venerant
1335 5689 1403 5747 de
1430 5689 1660 5745 diversis
1704 5688 1955 5747 tribubus
1991 5690 2061 5747 ad
2164 5688 2313 5743 duxit
2338 5705 2445 5759 eos,
2468 5688 2647 5742 statuit
2673 5704 2836 5760 aquas
2855 5692 3003 5760 quasi
3023 5690 3078 5745 in
3099 5699 3237 5757 utre,
3262 5699 3311 5745 et
3330 5689 3549 5746 deduxit
3595 5708 3681 5747 eos
3700 5693 3752 5748 in

454 5779 734 5849 templum.
792 5780 895 5847 Qui
943 5790 1099 5837 erant
1149 5796 1280 5852 ergo
1328 5783 1380 5838 in
1440 5782 1683 5838 Samaria
1716 5822 1730 5850 ,
1789 5783 1857 5841 de
1917 5784 2058 5844 tribu
2162 5784 2296 5839 nube
2342 5784 2469 5840 diei.
2509 5782 2659 5840 Dicat
2689 5781 2926 5855 aliquis:
2961 5784 3235 5843 Vintfacis
3257 5784 3592 5857 Scriptum:
3630 5786 3753 5842 sinis

1830 6294 2229 6305 -η---η-μῌ
