4016 6338
136 289 321 350 ιοὲθ

1063 298 1496 358 BREVIARIUM
1535 301 1602 358 lN
1643 301 1974 362 PSALMOS.
2020 308 2266 368 PSALM.
2311 310 2570 372 LXXVII.

3334 320 3476 378 1050

126 408 386 478 pliciter
429 408 573 465 enim
623 409 828 466 dicitur
853 412 923 468 de
953 396 1152 484 populo
1173 414 1362 480 Israel,
1391 415 1610 488 quando
1638 417 1766 474 edu-
1798 422 1848 482 A
1875 424 2146 483 ﬁnxerunt
2176 437 2464 486 torrentes.
2507 431 2804 487 Torrentes
2833 440 3014 488 autem
3045 432 3298 490 doctores
3334 436 3477 490 acci—

127 511 287 558 ctus
339 511 426 557 est
479 503 546 558 de
598 513 738 559 terra
773 505 1099 578 IEgypti,et
1127 519 1412 579 propterea
1467 510 1766 567 secundum
1873 517 2086 587 pimus:
2134 535 2230 590 per
2279 537 2412 592 quos
2471 533 2756 588 torrentes,
2812 523 2864 580 id
2922 536 3028 592 est,
3082 526 3476 598 subsequentcs

129 593 462 650 historiam
491 596 710 652 dicitur.
748 597 816 652 Et
847 599 1072 669 legimus
1095 600 1281 656 decem
1317 603 1489 658 tribus
1510 605 1766 674 quoniam
1872 608 2242 668 Ecclesiarum
2282 615 2534 670 doctores
2565 617 2755 687 repleti
2803 627 2952 674 sunt.
2989 618 3069 674 Ex
3103 593 3331 691 quorum
3374 635 3474 676 nos

134 689 586 760 dereliquerunt
634 690 830 758 Deum,
863 703 914 748 et
945 692 1256 749 idololatrze
1304 695 1486 752 effecti
1537 705 1685 766 sunt,
1712 706 1768 754 et

126 783 321 853 quasi
381 784 552 838 secuti
583 793 710 838 sunt
759 785 963 840 vitulos
1003 801 1218 841 aureos.
1259 786 1551 843 Videamus
1577 791 1764 860 Asaph

126 873 435 946 propheta
465 892 574 944 quo
599 884 844 946 tempore
874 876 1059 934 fuerit.
1107 878 1302 949 Utique
1352 880 1446 935 illo
1492 889 1761 951 tempore,

124 966 389 1037 quando
421 965 521 1020 fuit
555 966 721 1022 David
763 969 1117 1040 quadraginta
1143 973 1322 1026 annis.
1349 972 1582 1028 Rursum
1604 973 1763 1030 Salo-

129 1075 291 1116 mon
326 1059 448 1115 aliis
477 1060 832 1131 quadraginta
855 1063 1036 1116 annis.
1084 1064 1214 1119 Post
1257 1067 1529 1136 octoginta
1591 1083 1763 1123 annos

126 1154 258 1209 sub
295 1155 561 1221 Roboam,
590 1164 778 1226 postea
794 1157 978 1212 scissae
995 1167 1124 1213 sunt
1149 1159 1339 1214 decem
1367 1161 1564 1216 tribus.
1597 1160 1762 1217 Vides

125 1260 292 1314 ergo
317 1246 462 1316 quod
496 1246 715 1313 dicitur,
774 1262 880 1303 non
930 1249 1131 1304 dicitur
1163 1249 1232 1305 de
1260 1249 1449 1307 decem
1483 1252 1757 1318 tribubus,

126 1340 244 1396 sed
267 1339 346 1395 de
373 1339 644 1397 litereticis
667 1342 1046 1412 prephetatur.
1083 1342 1269 1400 Coram
1300 1348 1532 1415 patribus
1581 1364 1760 1402 eorum

128 1433 274 1504 fecit
301 1433 588 1488 mirabilia.
616 1433 781 1490 Obliti
807 1450 935 1505 ergo
975 1445 1101 1490 sunt
1162 1437 1400 1493 haeretici
1453 1440 1623 1508 patris
1651 1440 1756 1508 sui,

131 1524 241 1594 qui
279 1523 413 1580 fecit
445 1524 717 1580 mirabilia
749 1527 799 1581 in
837 1537 980 1583 terra
1002 1527 1246 1600 Egypti,
1271 1530 1756 1588 intenebrisistius

126 1617 364 1685 saeculi,
399 1619 671 1688 quomodo
703 1620 824 1674 illos
872 1621 1146 1678 liberavit.
1205 1622 1262 1678 In
1295 1624 1536 1680 Ecclesia
1585 1628 1756 1682 renati

128 1720 306 1774 sunt,
339 1719 392 1765 et
425 1720 615 1781 postea
649 1711 742 1770 ubi
773 1713 882 1768 uati
915 1722 1067 1781 sunt,
1099 1715 1354 1787 diSplicet
1382 1718 1462 1772 eis
1489 1718 1753 1776 Ecclesia.

1870 702 2254 770 praedicatione
2284 747 2298 771 ,
2347 708 2490 762 sitim
2523 708 2672 765 verbi
2698 709 2793 765 Dei
2827 712 3238 782 restinguimus.
3286 713 3392 770 Sed
3420 721 3474 769 et

1868 794 1934 848 ad
1963 794 2168 851 fontem
2195 798 2452 868 Baptismi
2485 801 2640 856 nobis
2663 810 2824 872 atque
2856 805 3127 877 martyrii,
3153 804 3344 861 eadem
3379 821 3474 876 pe-

1868 898 1946 945 tra
1970 893 2227 948 ostendit.
2262 895 2336 949 De
2366 895 2540 951 latere
2569 897 2713 952 enim
2741 899 2861 968 ejus
2881 914 3006 955 cum
3046 915 3339 970 percussus
3365 912 3474 969 est,

1865 983 2089 1052 sanguis
2115 994 2170 1039 et
2193 1000 2330 1056 aqua
2357 989 2655 1057 processit,
2707 990 2850 1059 quod
2887 991 3216 1062 baptismum
3249 1003 3304 1049 et
3329 1009 3475 1050 mar-

1867 1075 2064 1146 tyrium
2096 1078 2344 1150 figuravit
2376 1080 2556 1151 (Joan.
2584 1082 2720 1152 ιιι).
2745 1084 3040 1142 Torrentes
3067 1097 3248 1144 autem
3278 1089 3468 1144 docto-

1865 1187 1954 1227 res
1975 1172 2124 1239 dicti,
2149 1176 2271 1244 quia
2304 1176 2617 1247 priusquam
2648 1179 2974 1248 crederent,
3029 1182 3095 1239 ab
3128 1183 3388 1239 imbribus
3415 1193 3471 1240 et

1866 1265 2170 1320 volutabris
2217 1267 2376 1338 hujus
2420 1269 2604 1323 smculi
2645 1281 2800 1326 erant
2847 1273 3057 1342 repleti.
3107 1275 3258 1330 Nunc
3283 1284 3466 1331 autem

1863 1355 2131 1427 baptismo
2160 1359 2346 1427 abluti,
2378 1375 2407 1414 a
2437 1361 2584 1417 fonte
2611 1361 2733 1416 vitm
2765 1365 3018 1432 perennis
3046 1366 3463 1423 inundaverant.

1866 1450 2026 1508 Addit
2047 1454 2402 1508 murmuratio
2429 1453 2678 1520 Judaica,
2712 1457 2936 1513 dicens:

1936 1541 2206 1616 Numquid
2235 1555 2282 1600 et
2304 1564 2487 1614 panem
2506 1549 2692 1620 poterit
2717 1551 2862 1618 dare,
2903 1560 2994 1605 aut
3023 1568 3212 1624 parare
3241 1570 3465 1610 incusant

1860 1639 2053 1710 populo
2067 1640 2477 1698 suo?Difﬁcilem
2495 1653 2642 1714 putat
2655 1645 3031 1703 virtutemDei:
3049 1649 3206 1719 utqui
3221 1649 3467 1706 eduxerit

1860 1745 2053 1801 aquam
2076 1732 2142 1789 de
2156 1750 2307 1804 saxo,
2325 1738 2478 1807 quasi
2501 1753 2609 1794 non
2632 1739 2800 1810 possit
2826 1756 3024 1796 manna
3043 1743 3174 1798 dare
3201 1743 3270 1799 de
3294 1745 3461 1801 coelo.

129 1800 209 1854 1η
248 1811 397 1855 terra
422 1801 642 1906 .Ifgypti
696 1805 748 1858 in
787 1822 968 1878 campo
1019 1806 1062 1862 Τ
1063 1825 1221 1863 aneos
1247 1827 1266 1864 .°
1295 1811 1384 1864 ubi
1427 1811 1752 1881 idololatria,
1786 1819 1832 1879 B
1915 1800 2061 1878 ildeo
2091 1800 2302 1882 audivit.
2322 1800 2596 1900 Dominus,
2625 1800 2672 1885 et
2704 1831 2929 1888 distulit.
2957 1834 3152 1904 Utique
3173 1850 3234 1892 se
3263 1837 3462 1906 abeis,

135 1896 237 1950 ubi
275 1912 374 1950 rex
417 1896 657 1969 Egypti,
692 1900 783 1954 ubi
814 1902 1084 1973 equitatus
1112 1902 1362 1976 Egypti,
1397 1905 1488 1960 ubi
1517 1905 1758 1962 Joannes

129 1999 195 2044 et
243 1989 525 2044 Mambres
577 1990 877 2047 adversarii
936 1994 1133 2066 Moysi,
1159 1995 1249 2050 ubi
1275 1995 1608 2053 idololatria.
1642 1998 1750 2054 Nos

134 2098 347 2139 omnes
371 2099 591 2141 eramus
613 2085 664 2140 in
687 2085 942 2159 Αζεγριο,
973 2097 1028 2144 et
1051 2105 1078 2142 a
1114 2090 1343 2145 Domino
1397 2091 1618 2147 liberati
1660 2107 1755 2147 su-

134 2195 296 2235 mus.
328 2179 619 2253 Interrupit
640 2198 802 2247 mare,
833 2193 879 2237 et
901 2183 1077 2238 eduxit
1099 2201 1205 2239 eos.
1228 2185 1554 2242 Ambulabat
1577 2185 1757 2240 Domi-

138 2285 258 2325 nus
285 2286 453 2340 super
479 2287 656 2339 mare,
687 2283 738 2328 et
768 2271 968 2329 ﬂuetus
998 2275 1163 2330 maris
1211 2276 1498 2346 mitigavit,
1551 2285 1606 2332 et
1656 2292 1756 2333 nos

141 2364 432 2436 perduxit.
461 2365 748 2437 Interrupit
770 2383 936 2436 utare,
960 2377 1006 2421 et
1027 2370 1326 2424 eduxiteos.
1355 2369 1536 2441 Usque
1566 2370 1750 2440 hodie,

139 2473 176 2512 ο
201 2457 472 2514 Monaehe
507 2459 705 2526 ﬁdelis,
747 2460 965 2529 quando
1012 2461 1263 2518 educeris
1285 2463 1351 2519 de
1373 2463 1631 2536 Egypto,
1667 2465 1751 2518 in-

143 2550 516 2622 terrumpitur
539 2568 710 2621 mare,
734 2561 789 2608 et
817 2554 896 2608 sic
919 2552 1191 2610 educeris.
1210 2555 1408 2611 Statuit
1421 2573 1580 2627 aquas
1605 2558 1755 2628 quasi

145 2645 201 2698 in
232 2654 368 2701 utre.
399 2645 456 2700 lu
502 2645 736 2702 Hebraeo
783 2663 892 2702 non
937 2647 1128 2712 habet,
1188 2658 1407 2705 utrem:
1442 2651 1559 2716 sed,
1620 2653 1753 2706 sicut

146 2754 418 2793 acervum.
449 2739 516 2794 Et
538 2739 752 2794 deduxit
779 2756 863 2794 eos
891 2741 943 2795 in
965 2742 1099 2796 nube
1146 2741 1267 2796 diei.
1321 2742 1460 2797 Ecce
1488 2742 1752 2799 Dominus

150 2831 384 2887 venitin
409 2831 705 2903 )Egyptum
734 2832 788 2887 in
818 2833 962 2888 nube
1009 2833 1140 2889 levi.
1174 2833 1379 2890 Nubem
1421 2835 1619 2901 levem,
1659 2846 1753 2891 aut

153 2927 375 2996 proprie
425 2925 724 2981 Salvatoris
783 2941 982 2996 corpus
1037 2925 1305 2982 debemus
1336 2931 1623 2998 accipere:
1658 2928 1750 3000 qui

156 3019 283 3074 leve
335 3019 457 3087 fuit,
505 3029 562 3077 et
611 3020 760 3076 nullo
790 3030 1020 3090 peccato
1051 3031 1450 3091 praegravatum
1497 3032 1599 3077 est.
1647 3023 1753 3077 Aut

152 3121 306 3168 certe
335 3113 532 3169 nubem
558 3113 732 3170 levem
759 3113 1023 3170 debemus
1053 3123 1298 3170 sanctam
1352 3115 1572 3171 Mariam
1605 3116 1748 3172 acci-

1861 1931 1929 1971 ne
1951 1917 2003 1973 in
2027 1925 2224 1974 terram
2253 1922 2692 1991 repromissionis
2717 1925 3006 1982 intrarent.
3032 1926 3100 1980 Et
3125 1928 3260 1997 ignis
3282 1945 3456 1984 accen-

1858 2028 1946 2065 sus
1971 2021 2046 2066 est
2075 2015 2126 2066 in
2157 2012 2338 2081 Jacob,
2367 2025 2416 2070 et
2446 2017 2524 2071 ira
2557 2019 2789 2072 ascendit
2820 2020 2875 2074 in
2905 2021 3100 2076 Israel.
3140 2020 3308 2078 Jacob
3350 2038 3458 2079 non

1857 2119 2074 2176 semper
2100 2110 2474 2179 supplantator
2495 2112 2753 2169 vitiorum
2782 2113 3103 2185 intelligitur
3127 2133 3142 2173 :
3167 2133 3268 2172 nec
3297 2116 3462 2173 Israel

1859 2198 1910 2254 in
1935 2199 2189 2256 omnibus
2215 2202 2406 2260 videns
2435 2205 2610 2260 Deum
2647 2207 2931 2277 accipitur.
2963 2209 3255 2281 Apostolus
3285 2221 3462 2268 autem

1857 2291 2017 2348 docet
2037 2309 2159 2351 esse
2190 2296 2444 2354 Israelem
2473 2300 2772 2356 secundum
2805 2317 3025 2360 carnem
3054 2304 3105 2377 (l
3128 2303 3248 2360 Ger.
3272 2323 3304 2362 χ
3325 2307 3365 2375 ),
3395 2307 3463 2361 de

1855 2400 1964 2456 quo
1991 2385 2190 2444 dicitur
2223 2407 2236 2444 :
2267 2391 2331 2446 Et
2363 2391 2653 2449 fornicatus
2674 2404 2759 2451 est
2788 2395 2952 2453 Israel
2976 2396 3181 2469 (ludia.
3211 2401 3362 2471 vut).
3401 2399 3457 2456 Si

1855 2484 1999 2539 enim
2039 2485 2265 2544 vidisset
2310 2499 2493 2546 mente
2537 2491 2742 2559 Deum,
2787 2493 3091 2551 fornicatus
3128 2496 3313 2568 utique
3348 2511 3454 2552 non

1856 2574 2061 2631 fuisset.
2097 2577 2188 2634 Sic
2217 2578 2285 2634 de
2311 2579 2498 2644 Jacob.
2523 2597 2642 2636 eum
2671 2583 2812 2638 Esau
2841 2585 3106 2654 pollutum
3136 2585 3296 2643 idolis
3318 2587 3448 2642 ado-

1856 2669 2030 2735 rabat,
2062 2671 2250 2727 dicens
2284 2691 2294 2725 :
2328 2672 2492 2729 Video
2524 2674 2714 2731 facient
2755 2686 2902 2733 tuam
2947 2687 3216 2750 tamquam
3250 2679 3440 2738 faciem

1853 2761 2032 2830 angeli
2057 2762 2151 2817 Dei
2181 2762 2340 2837 (Gen.
2364 2767 2553 2835 xxtu);
2597 2768 2712 2836 vel,
2747 2782 2868 2822 cum
2897 2769 3262 2840 impinguatus
3284 2773 3456 2828 recal-

1854 2853 2100 2920 citravit,
2128 2870 2234 2910 non
2261 2866 2381 2912 erat
2410 2859 2786 2928 Supplantator
2815 2862 3092 2919 vitiorum.
3123 2862 3254 2921 Ideo
3284 2875 3338 2921 et
3365 2865 3455 2921 hic

1856 2949 1930 3003 ita
1978 2949 2390 3021 intelligendum
2426 2963 2510 3011 est
2543 2956 2703 3027 :quia
2753 2972 3016 3014 accensus
3064 2967 3149 3014 est
3188 2961 3242 3015 in
3285 2960 3456 3016 Jacob

1855 3049 2103 3099 terrenus
2135 3045 2274 3115 ignis
2294 3047 2784 3118 concupiscentiae,
2815 3059 2871 3106 et
2916 3051 2987 3106 ita
3027 3052 3081 3107 in
3127 3052 3334 3109 ultione
3372 3054 3461 3110 di-

1855 3132 1994 3199 vina,
2031 3149 2194 3206 super
2224 3137 2386 3194 Israel
2414 3142 2688 3197 carnalem
2720 3143 2988 3199 ascendit.

153 3220 290 3276 pere
325 3222 338 3259 :
365 3206 517 3261 nullo
533 3208 740 3261 semine
770 3206 1006 3261 humano
1030 3217 1440 3276 prmgravatam.
1473 3206 1613 3263 Ecce
1645 3208 1750 3263 Do-

1935 3228 2070 3295 Quia
2105 3248 2207 3285 non
2252 3232 2581 3288 crediderunt
2609 3235 2662 3288 in
2695 3233 2898 3302 Deum,
2930 3253 3021 3290 nec
3044 3249 3376 3310 speraverant
3405 3241 3459 3294 in

150 3296 336 3352 minus
365 3297 509 3352 venit
538 3299 590 3352 in
623 3296 942 3369 Egyptum,
973 3297 1156 3352 sreculi
1211 3298 1404 3354 istius:
1436 3313 1601 3367 super
1652 3316 1749 3354 nu-

147 3387 273 3442 bem
324 3387 522 3456 levem,
557 3389 856 3460 Virginem.
903 3389 968 3443 Et
993 3390 1210 3444 deduxit
1238 3406 1325 3445 eos
1365 3391 1420 3444 in
1443 3391 1576 3444 nube
1627 3392 1754 3446 diei.

149 3480 382 3536 Pulchre
411 3480 574 3547 dixit,
609 3481 750 3537 diei:
776 3480 957 3536 Nubes
986 3481 1127 3536 enim
1151 3481 1236 3536 illa
1267 3498 1372 3536 non
1394 3481 1494 3537 fuit
1517 3483 1568 3537 in
1605 3491 1754 3537 tene-

155 3574 289 3640 bris,
322 3573 416 3630 sed
439 3589 655 3643 semper
676 3575 728 3628 in
757 3573 897 3628 luce.
933 3573 1121 3628 Ettota
1138 3575 1350 3628 noctein
1375 3575 1754 3630 illuminatione

147 3669 303 3741 ignis.
319 3669 383 3723 Et
407 3668 644 3724 tenebra:
662 3683 768 3724 non
788 3677 919 3723 sunt
935 3669 1219 3724 absconsae
1234 3684 1264 3722 a
1280 3668 1509 3725 te.Sieut
1529 3670 1616 3725 lux
1632 3670 1749 3734 tibi,

149 3765 220 3819 ita
235 3771 287 3818 et
311 3779 414 3818 nos
431 3762 724 3835 tibi(Deut.
744 3763 842 3835 iv).
867 3762 930 3817 Et
955 3771 1062 3818 tota
1085 3772 1244 3819 nocte
1270 3764 1320 3818 in
1352 3764 1752 3819 illuminatione

145 3854 570 3927 ignis.Dominus
588 3857 937 3926 noster,iguis
949 3872 1277 3911 consumens
1293 3857 1543 3928 est.lgnis
1561 3872 1752 3912 consu-

147 3964 320 4004 mens.
351 3948 464 4004 Non
489 3948 760 4019 dixitquid
779 3963 1126 4015 consumens,
1158 3949 1314 4002 nobis
1334 3948 1746 4019 intelligentiam

145 4039 450 4110 dereliquit.
478 4039 578 4109 Qui
610 4054 772 4111 super
793 4039 1200 4094 fundamentum
1224 4039 1424 4094 Christi
1451 4040 1752 4095 aediﬁcave-

145 4143 288 4199 runt,
305 4133 528 4204 lignum,
551 4133 673 4189 fenu
685 4133 1017 4201 m,stipulam
1041 4131 1084 4206 (Ι
1100 4130 1220 4186 Cor.
1240 4133 1323 4200 ιιι)
1343 4150 1352 4183 :
1372 4133 1628 4186 Dominus
1646 4132 1748 4186 illis

145 4227 730 4296 iguisconsumensest.
754 4225 894 4293 Ignis
910 4223 1176 4294 duplicem
1210 4223 1372 4278 habet
1396 4234 1665 4291 naturam,
1695 4234 1748 4280 et

147 4319 307 4384 lucet,
337 4329 390 4372 et
410 4319 541 4372 urit.
572 4318 626 4374 Si
655 4323 970 4388 peccatores
992 4331 1198 4384 sumus,
1231 4315 1500 4372 incendit:
1527 4317 1744 4388 sijusti,

145 4413 286 4467 lucet
312 4411 484 4466 nobis.

215 4502 500 4573 Interrupit
546 4512 744 4574 petram
793 4504 846 4557 in
888 4503 1109 4561 deserto.
1150 4504 1452 4574 interrupta
1482 4507 1638 4561 nobis
1662 4516 1747 4561 est

142 4605 291 4670 petra
338 4597 390 4650 in
443 4610 648 4651 eremo.
687 4596 948 4651 Percussa
999 4607 1080 4652 est
1128 4608 1320 4667 petra,
1373 4607 1426 4653 et
1472 4597 1740 4653 ﬁnxerunt

1917 4619 1986 4675 Et
2018 4596 2279 4677 transtulit

144 4705 312 4761 aqua‘.
341 4687 436 4743 llla
467 4696 615 4758 petra
645 4703 764 4759 qua:
792 4688 948 4745 dicit:
980 4689 1071 4760 qui
1102 4689 1236 4755 sitit,
1269 4688 1452 4744 veniat
1473 4698 1526 4745 et
1551 4689 1731 4756 bibat;

146 4781 210 4834 de
236 4779 380 4849 cujus
402 4788 591 4835 ventre
612 4778 888 4835 ﬂuxerunt
914 4779 1134 4835 ﬁumina
1161 4779 1343 4853 (Joan.
1375 4786 1491 4850 vn).
1521 4780 1588 4836 Et
1615 4781 1738 4836 ada-

145 4873 305 4944 quavit
346 4890 428 4928 eos
452 4874 590 4929 velut
622 4874 676 4928 in
702 4873 888 4945 abysso
931 4874 1167 4931 multa...
1220 4875 1278 4929 ln
1333 4875 1550 4930 deserto
1577 4921 1590 4944 ,
1644 4875 1734 4931 ubi

147 4981 274 5035 aqua
302 4981 401 5020 non
427 4973 545 5022 erat
567 5011 581 5034 ,
611 4965 942 5021 abundantia
975 4966 1133 5022 nobis
1153 4981 1416 5038 aquarum
1452 4969 1591 5022 facta
1625 4975 1729 5022 est.

215 5057 274 5112 Et
291 5058 464 5114 eduxit
495 5076 680 5131 aquam
726 5063 788 5114 de
815 5069 962 5130 petra
989 5101 1002 5124 ,
1034 5069 1078 5115 et
1108 5060 1288 5114 eduxit
1326 5071 1588 5132 tamquam
1623 5062 1733 5129 ﬂu-

147 5151 274 5205 mina
310 5167 500 5223 aquas,
531 5162 582 5207 et
607 5161 961 5224 opposuerunt
989 5152 1161 5205 adhuc
1188 5168 1397 5221 peccare
1425 5153 1508 5218 ei,
1553 5159 1661 5206 etc.
1689 5151 1734 5205 0

149 5246 459 5314 perversitas
485 5243 671 5298 cordis
696 5243 878 5314 pravi,
911 5244 962 5298 in
1003 5244 1168 5300 Deum
1201 5243 1341 5300 male
1372 5244 1640 5314 loquitur,
1679 5253 1734 5300 et

147 5336 232 5406 qui
261 5335 517 5405 justitiam
569 5337 780 5393 esurire
823 5337 1120 5402 debuerat,
1163 5353 1356 5394 carnes
1395 5338 1622 5409 requirit
1679 5349 1736 5396 et

147 5429 298 5485 olera.
329 5428 463 5484 Nam
495 5430 634 5484 sicut
660 5429 874 5501 Moyses
909 5431 1180 5500 percussit
1203 5432 1254 5485 in
1281 5445 1471 5486 eremo
1497 5439 1730 5501 petram,

152 5532 201 5578 et
222 5522 455 5592 produxit
485 5522 689 5592 populo
715 5537 883 5594 aquas
913 5522 1122 5595 (Nam;
1160 5539 1228 5578 xx
1255 5523 1274 5594 )
1303 5567 1316 5591 ,
1364 5523 1436 5577 ita
1466 5532 1521 5578 et
1552 5524 1734 5579 Domi-

149 5638 240 5678 nus
265 5637 417 5693 quem
475 5623 673 5678 Paulus
729 5639 1048 5695 percussum
1105 5624 1179 5679 ait
1226 5633 1450 5696 propter
1514 5636 1730 5695 peccata

147 5732 306 5791 nostra
334 5765 349 5792 ,
398 5723 692 5780 immensos
736 5726 894 5782 nobis
934 5727 1164 5798 protulit
1203 5727 1382 5783 fontes
1413 5725 1590 5796 (Rom.
1618 5728 1723 5802 tv):

149 5825 399 5899 apostolos
429 5825 656 5896 scilicet,
681 5842 816 5896 quos
841 5839 992 5898 petra
1017 5829 1357 5901 monstravit,
1392 5838 1445 5885 et
1472 5847 1564 5901 per
1587 5849 1721 5904 quos

1861 3322 2085 3377 salutari
2129 3328 2262 3397 ejus.
2317 3324 2428 3381 Nec
2472 3325 2726 3392 Patrem,
2765 3341 2866 3383 nec
2911 3327 3141 3394 Filium,
3186 3331 3274 3400 qui
3314 3330 3459 3387 salus

1860 3416 2044 3469 mundi
2075 3426 2176 3483 est,
2204 3417 2574 3475 crediderunt.

1933 3508 2001 3563 Et
2024 3512 2287 3566 mandavit
2304 3513 2522 3567 nubibus
2543 3514 2783 3583 desuper,
2808 3525 2856 3568 et
2870 3517 3070 3588 januas
3092 3517 3206 3570 caeli
3230 3518 3452 3589 aperuit.

1859 3599 1926 3655 Et
1958 3604 2092 3672 pluit
2125 3604 2233 3660 illis
2257 3622 2445 3660 manna
2472 3607 2541 3660 ad
2570 3606 3010 3663 manducandum.
3057 3608 3303 3664 Pratstita
3341 3609 3457 3666 hare

1858 3705 1984 3750 sunt
2025 3697 2268 3754 Hebraeis
2303 3719 2314 3752 :
2349 3699 2442 3754 scd
2467 3713 2522 3756 et
2552 3699 2715 3755 modo
2745 3701 2796 3755 in
2830 3701 3069 3757 Ecclesia
3103 3703 3377 3773 prophetis
3403 3715 3460 3759 et

1857 3792 2115 3861 apostolis
2148 3795 2478 3865 praecipitur,
2507 3803 2563 3848 ut
2590 3794 2744 3850 nobis
2773 3795 2994 3851 verbum
3025 3796 3454 3866 praedicationis,

1854 3898 1961 3953 quo
1990 3884 2167 3938 anima
2197 3885 2558 3954 spiritualiter
2589 3897 2864 3956 pascatur,
2890 3887 3230 3941 annuntient.
3257 3886 3456 3942 Panem

1855 3975 1969 4029 caeli
2013 3976 2153 4030 dedit
2198 3977 2304 4042 eis,
2348 3994 2532 4046 panem
2569 3978 2872 4046 angelorum
2919 3978 3244 4032 manducavit
3277 3979 3455 4034 homo.

1853 4066 1975 4137 lpse
2006 4067 2212 4124 homini
2239 4070 2419 4123 cibum
2447 4070 2698 4139 praebuit,
2724 4071 2814 4140 qui
2847 4069 2988 4124 dixit
3023 4087 3035 4123 :
3071 4071 3184 4141 Ego
3213 4085 3330 4124 sum
3350 4067 3453 4140 'pa-

1854 4160 1939 4215 nis
1958 4161 2102 4226 vitae,
2133 4162 2220 4232 qui
2248 4161 2317 4217 de
2345 4161 2483 4216 coelo
2511 4161 2766 4218 descendi
2796 4180 2808 4215 :
2835 4162 2923 4233 qui
2954 4162 3356 4218 manducaverit
3379 4179 3448 4219 ex

1852 4269 1938 4319 eo,
1964 4255 2109 4308 vivet
2139 4255 2191 4309 in
2232 4265 2492 4310 aeternum
2527 4255 2713 4329 (Joan.
2752 4256 2858 4327 vi).
2893 4257 2968 4312 Ex
2997 4257 3098 4312 hoc
3127 4258 3272 4312 enim
3311 4273 3451 4329 pane

1851 4346 2009 4413 coeli,
2041 4347 2216 4402 sancti
2243 4348 2560 4404 reﬁciuntur
2581 4357 2636 4405 et
2660 4349 2857 4420 angeli.
2890 4349 3098 4405 Cibaria
3127 4351 3266 4406 misit
3293 4352 3364 4405 eis
3396 4353 3451 4407 in

1851 4438 2187 4494 abundantia.
2215 4439 2285 4495 Ut
2309 4441 2418 4510 jam
2452 4458 2559 4496 non
2593 4441 2789 4497 litterae
2821 4442 3048 4513 hordeo,
3075 4442 3170 4500 sed
3194 4443 3454 4516 spititua-

1851 4528 1921 4585 lis
1947 4530 2108 4585 tritici
2140 4531 2392 4602 dogmate
2422 4535 2714 4589 satientur.

2302 4625 2552 4679 Austrum
2582 4626 2646 4679 de
2674 4629 2796 4681 coelo
2815 4672 2828 4695 ,
2863 4637 2910 4682 et
2937 4629 3146 4685 induxit
3167 4631 3219 4684 in
3251 4633 3442 4688 virtute

1841 4731 1936 4768 sua
1957 4715 2267 4786 Africum,et
2283 4717 2416 4789 pluit
2429 4734 2582 4787 super
2593 4734 2680 4772 eos
2694 4719 2828 4773 sicut
2841 4720 3102 4789 pulverem
3123 4734 3418 4788 carnes,elt-
3429 4767 3441 4780 .

1838 4804 1894 4860 lu
1919 4810 2119 4877 ventis,
2149 4807 2336 4863 flatum
2367 4809 2606 4879 Spiritus
2629 4811 2800 4866 sancti
2819 4812 3176 4870 demonstrat.
3201 4815 3448 4872 Collatio

1837 4907 2018 4954 autem
2043 4901 2430 4969 multitudinis,
2453 4919 2572 4972 quae
2600 4903 2809 4974 pulveri
2839 4905 2922 4960 vel
2950 4921 3132 4961 arenae
3157 4908 3322 4963 maris
3353 4926 3444 4965 as-

1837 4991 2130 5058 similatur,
2167 5002 2444 5049 terrenum
2478 5005 2531 5051 et
2560 4995 2756 5050 durum
2785 5012 2972 5053 eorum
2995 5000 3176 5069 arguit
3199 5015 3438 5058 sensum.

1913 5081 1978 5135 Et
2007 5084 2301 5140 ceciderunt
2336 5089 2389 5141 in
2416 5089 2588 5144 medio
2615 5100 2905 5146 castrorum
2950 5108 3149 5161 eorum,
3181 5095 3319 5150 circa
3364 5106 3444 5150 tn-

1843 5173 2120 5230 bcrnac-ula
2149 5194 2353 5249 eorum,
2383 5191 2429 5234 et
2454 5183 2926 5250 manducarerunt,
2974 5194 3020 5238 ιι
3052 5189 3272 5241 saturati
3326 5198 3447 5243 sunt

1838 5269 2013 5323 nimis.
2043 5269 2256 5338 Castra,
2305 5287 2611 5346 synagogas
2643 5277 2796 5332 dicit.
2841 5277 3224 5334 Tabernacula
3281 5297 3434 5350 vero,

1836 5363 2001 5419 corda
2033 5379 2223 5419 eorum
2261 5365 2314 5420 in
2338 5367 2534 5438 quibus
2563 5369 2681 5424 haec
2719 5369 3090 5428 deﬂuxerunt.
3139 5373 3294 5443 Quod
3342 5391 3441 5430 au-

1839 5465 1944 5512 tem
1977 5472 2074 5511 eos
2097 5457 2254 5512 nimis
2285 5458 2485 5515 indicat
2520 5470 2796 5518 saturatos
2825 5509 2837 5532 ,
2889 5465 3192 5535 ingluviem
3245 5484 3436 5524 eorum

1837 5551 2112 5608 carnalem
2153 5553 2433 5624 increpat:
2465 5556 2610 5626 quod
2656 5555 2712 5611 hi
2755 5559 2844 5628 qui
2897 5559 2965 5614 de
3004 5559 3101 5615 Dei
3149 5563 3439 5632 praeceptis

1838 5646 1987 5701 reﬁci
2015 5645 2340 5713 debuerant,
2375 5646 2442 5702 de
2477 5647 2756 5717 pulvereis
2787 5666 2846 5706 se
2898 5652 3154 5708 carnibus
3190 5655 3436 5710 sentiunt

1835 5743 2087 5798 satiatos.
2132 5741 2195 5796 Et
2234 5743 2550 5798 desiderium
2595 5760 2775 5798 eorum
2803 5748 2977 5804 attulit
3005 5749 3078 5803 eis
3104 5765 3121 5802 .·
3174 5765 3278 5804 non
3315 5758 3438 5805 sunt

1836 5830 2065 5907 fraudati
2087 5857 2115 5894 (ι
2148 5839 2403 5896 desiderio
2430 5857 2537 5896 mo.
2569 5840 2836 5899 lmmeusa
2872 5845 3041 5914 pietas
3097 5841 3339 5917 Domini,
3368 5843 3427 5900 tlt
