4010 6352
170 395 359 452 {055
1077 392 1511 449 BREVIARIUM
1546 390 1612 450 IN
1652 392 1987 459 Ρελιωυε.
2028 398 2277 461 ΡδΑιΜ.
2322 399 2608 461 LXXVIII.
3373 405 3510 473 1054

267 506 357 565 Et
400 504 658 574 percussit
696 520 848 559 omne
893 507 1286 578 primogenitum
1310 507 1367 562 in
1408 518 1545 563 terra
1585 525 1767 565 eorum
1794 525 1812 565 ε
1842 516 1890 579 Α
1918 515 2153 573 tudinem
2179 534 2361 577 eorum
2380 519 2437 574 in
2471 536 2658 577 manus
2908 539 2927 577 :
2948 531 2997 578 et
3027 521 3285 579 conclusit
3314 526 3370 583 in
3399 522 3517 595 glas

171 600 487 670 primitias
523 599 695 654 omnis
736 598 927 655 laboris
954 616 1127 654 eorum
1156 600 1209 657 iu
1241 598 1591 657 tabernaculis
1630 600 1816 661 Cltam.
1922 606 2009 663 dio
2032 611 2287 679 populum
2307 627 2480 678 suum,
2511 622 2561 670 et
2603 614 2957 672 hereditatem
2984 630 3134 672 suam
3155 615 3367 686 sprevit.
3403 612 3509 670 Ju-

173 693 373 750 Sicut
401 694 520 748 haec
533 701 682 762 gesta
709 691 762 747 in
788 691 1031 765 Λεωτριο
1058 691 1373 748 referuntur
1399 712 1411 746 :
1446 694 1519 748 ita
1550 702 1606 750 el
1634 694 1820 751 Domi-
1918 715 2064 759 bones
2085 720 2288 773 eorum,
2314 714 2417 761 etc.
2451 705 2737 765 Manifesta
2768 708 2857 767 bic
2877 709 3161 767 excidium
3186 709 3322 766 illud
3353 709 3505 781 quod

178 803 340 855 nus,
382 788 745 858 principatus,
786 795 844 842 et
871 795 1172 858 potestates
1196 826 1213 855 ,
1256 785 1371 843 sive
1398 786 1814 857 daemoniorum,
1920 791 1973 847 in
2003 793 2362 869 Jerosolymis
2392 799 2497 854 sub
2536 799 2658 856 'l'ito
2687 801 3130 872 Vespasianoque
3166 811 3349 858 aetum
3395 811 3509 870 est,

182 883 330 939 sive
354 880 713 947 vitiorum,in
734 880 838 937 hoc
851 879 1444 948 mundo,sacrosaucto
1458 882 1695 938 adventu
1718 896 1818 938 suo
1920 888 2271 956 prteconavlt.
2305 890 2372 947 Et
2391 893 2516 962 quia
2547 901 2820 964 tamquam
2852 903 2971 951 acta
2996 894 3204 966 agenda
3225 894 3501 965 praedixit,

178 973 442 1043 delevit,
479 988 544 1029 ac
591 971 945 1043 triumphavit
986 972 1041 1027 in
1087 972 1233 1043 ligno
1276 973 1454 1027 crucis
1495 988 1630 1041 sure,
1663 973 1816 1030 etab
1918 978 2132 1037 noverit
2158 980 2251 1050 qui
2279 980 2432 1052 legit,
2460 985 2593 1053 quia
2624 985 2769 1057 apud
2795 986 2968 1043 Deum
2998 985 3183 1045 futura
3216 986 3333 1057 jam
3361 986 3504 1051 facta

186 1082 412 1123 eorum
444 1066 615 1121 corde
641 1065 872 1135 depulit,
899 1066 990 1137 qui
1018 1065 1301 1121 calliditati
1331 1066 1615 1121 diabolicae
1646 1065 1816 1125 dediti
1918 1078 2065 1127 sunt.
2099 1070 2205 1126 Sed
2231 1074 2445 1129 utinam
2477 1083 2534 1133 et
2570 1074 2625 1131 in
2665 1075 2827 1133 nobis
2852 1077 2991 1145 haec,
3023 1078 3256 1135 Domino
3298 1093 3507 1149 coepe:

202 1161 471 1227 fuerant,
494 1159 623 1230 quia
651 1159 822 1216 Citam
847 1168 873 1197 ι
899 1158 1165 1215 calliditas
1196 1158 1611 1229 interpretatur.
1918 1172 2097 1228 rante,
2136 1160 2249 1232 ﬁat,
2293 1174 2352 1221 ut
2387 1168 2829 1246 concupiscentia
2858 1169 3094 1235 decidat,
3140 1179 3325 1228 erecta
3351 1180 3508 1241 pote.

280 1251 359 1309 Et
384 1251 598 1309 abstulit
624 1253 758 1307 sicut
778 1267 896 1307 oves
919 1252 1171 1324 pupulum
1196 1268 1367 1319 suum,
1391 1262 1436 1306 et
1457 1252 1703 1323 perduxit
1725 1268 1813 1308 eos
1916 1264 2058 1310 state
2080 1255 2360 1314 virtutum.
2388 1257 2584 1315 Forma
2620 1260 2785 1332 iniqui
2817 1264 3019 1319 amoris
3042 1272 3280 1331 corruat,
3308 1275 3495 1327 erecta

188 1356 482 1418 tamquam
508 1361 713 1418 gregem
740 1345 795 1400 in
822 1346 1049 1400 deserto.
1076 1344 1170 1400 llis
1202 1346 1371 1416 plagis
1392 1345 1678 1401 verberata
1704 1345 1808 1401 Do-
1920 1342 2183 1404 Ecclesia:
2212 1349 2636 1418 pulchritudine.
2683 1353 3031 1413 lnterimatur
3065 1357 3298 1427 populus
3328 1358 3495 1414 vitio-

190 1439 396 1496 minus
420 1437 676 1509 Egypto,
709 1437 902 1492 eduxit
932 1437 1192 1507 populum
1220 1454 1376 1493 suum
1408 1437 1477 1492 dc
1512 1436 1815 1509 suprascri-

192 1542 296 1603 pta
343 1531 650 1597 servitute,
698 1545 862 1602 quem
914 1529 1181 1601 sanguine
1224 1544 1326 1585 suo
1378 1529 1711 1591 redemerat,
1759 1537 1816 1585 et

189 1622 505 1680 collocavit
528 1637 655 1678 eum
686 1621 741 1679 iu
778 1621 1046 1688 Ecclesia,
1071 1638 1190 1693 qua:
1219 1620 1371 1693 prius
1401 1621 1605 1677 sterilis
1637 1620 1817 1678 fuerat

193 1732 265 1775 ac
292 1716 520 1773 deserta
553 1734 565 1770 :
594 1715 663 1773 de
690 1732 797 1787 qua
827 1717 946 1771 ait:
992 1715 1143 1771 Multi
1188 1715 1283 1771 lilii
1329 1716 1597 1787 desertae,
1636 1717 1811 1788 magis
1915 1713 2153 1785 Spiritus
2197 1726 2492 1787 exuratur,
2525 1728 2583 1775 et
2613 1719 2769 1791 virgo
2813 1721 2991 1779 anima
3034 1722 3364 1779 collmtetur.
3412 1723 3500 1779 In-

192 1823 376 1880 quam
398 1809 517 1877 eius
541 1823 666 1879 qua:
691 1807 854 1863 habet
882 1808 1053 1863 virum
1084 1805 1223 1878 (Ira.
1248 1808 1382 1880 ur).
1916 1820 2173 1866 centorcs
2199 1812 2483 1882 vitiorum,
2521 1813 2728 1884 gladio,
2765 1814 2819 1871 id
2851 1824 2962 1882 cst,
2987 1816 3157 1873 verbo
3188 1816 3285 1872 Dei
3332 1817 3507 1873 truci-

281 1899 358 1955 Et
389 1900 572 1957 eduxit
600 1916 686 1955 eos
714 1899 768 1954 in
789 1916 901 1973 spe,
941 1909 989 1955 et
1014 1917 1117 1955 non
1146 1901 1457 1967 timuerunt,
1488 1912 1535 1955 et
1576 1901 1813 1958 inimicos
1842 1910 1892 1972 Β
1917 1903 2139 1973 dentur,
2172 1914 2233 1962 ut
2280 1905 2562 1965 exsultent
2604 1916 2821 1967 mentes
2858 1908 2931 1969 ab
2958 1909 3044 1965 bis
3089 1909 3333 1967 viduatte
3380 1923 3508 1973 cum

193 2009 389 2049 eorum
428 1994 633 2065 operuit
670 2009 834 2048 mare.
862 1991 1159 2050 Collocatis
1189 1993 1275 2051 his
1305 1994 1357 2049 iu
1402 2008 1499 2065 spe
1528 1994 1810 2051 attornita-
1916 1993 2159 2053 Christo.

200 2086 302 2152 tis,
335 2087 557 2158 operuit
584 2102 734 2144 mare
756 2087 1012 2143 inimicos
1035 2102 1250 2154 eorum,
1276 2088 1487 2143 scilicet
1522 2098 1577 2142 ut
1609 2103 1736 2144 cum
1756 2089 1813 2151 hi
1989 2086 2054 2142 Et
2087 2089 2343 2145 excitatus
2372 2099 2445 2148 est
2475 2099 2739 2163 tamquam
2764 2092 3027 2148 dormiens
3056 2090 3342 2160 Dominus,
3373 2101 3513 2149 tam-

199 2179 572 2239 abluebantur
603 2179 903 2250 baptismo,
935 2176 1192 2235 diabolus
1226 2194 1352 2234 cum
1399 2181 1515 2235 suis
1555 2180 1812 2236 cxerciti-
1912 2195 2067 2251 quam
2081 2188 2257 2249 potens
2274 2180 2776 2254 crapulatusavino,
2793 2192 2840 2238 et
2856 2182 3109 2251 percussit
3132 2183 3370 2238 inimicos
3390 2199 3513 2239 suos

207 2275 318 2331 bus
344 2283 709 2345 mergeretur.
1300 2281 1313 2341 ζ
1912 2271 1968 2327 in
2002 2272 2312 2341 posteriora,
2355 2274 2689 2345 opprobrium
2723 2278 3091 2346 sempiternum
3128 2275 3269 2332 dedit
3310 2277 3406 2333 eis.
3437 2274 3513 2335 Ut

1920 1453 2077 1504 rum,
2122 1438 2390 1496 viviﬁcata
2437 1445 2837 1501 numerositate
2883 1446 3161 1503 virtutum.
3197 1447 3511 1518 Respuatur

1920 1538 2132 1585 terrena
2163 1529 2483 1601 haereditas,
2527 1536 2843 1608 acquiratur
2881 1552 3112 1608 regnum
3146 1538 3261 1595 Dei.
3292 1539 3502 1597 Juven-

1914 1621 2097 1690 culus,
2128 1622 2180 1678 id
2212 1632 2321 1691 est,
2345 1623 2615 1695 incipiens
2658 1636 2962 1696 peccatum,
3017 1643 3049 1685 a
3084 1628 3290 1685 virtute
3317 1628 3514 1695 Sancti

286 2367 355 2424 Et
382 2368 589 2427 induxit
615 2384 704 2424 eos
744 2369 798 2423 in
838 2377 1062 2425 montem
1099 2368 1532 2433 sanctiﬁcationis
1571 2385 1679 2426 suae
1708 2385 1728 2425 :
1755 2370 1810 2431 in

204 2469 436 2517 montem
476 2477 627 2532 quem
650 2461 919 2532 acquisivit
947 2461 1133 2515 dextra
1161 2462 1295 2531 ejus.
1326 2460 1385 2516 In
1420 2462 1590 2531 ipsam
1617 2462 1813 2519 Eccle-

204 2555 349 2608 sium
380 2567 544 2624 quam
573 2553 777 2613 virtute
814 2553 1069 2624 gloriosae
1107 2552 1529 2609 resurrectionis
1559 2568 1673 2609 suae
1712 2568 1807 2610 ac-

204 2645 457 2718 quisivit.

286 2737 357 2792 Et
386 2739 538 2807 ejecit
563 2754 595 2792 a
641 2737 775 2807 [acie
817 2754 997 2794 eorum
1039 2748 1248 2810 gentes,
1293 2749 1342 2795 et
1369 2751 1505 2796 sorte
1529 2740 1709 2796 divisit
1731 2741 1811 2797 eis

208 2843 405 2888 terram
431 2833 486 2886 in
527 2832 768 2902 funiculo
798 2831 1186 2889 distributionis
1205 2875 1220 2899 ,
1252 2843 1301 2887 et
1328 2834 1563 2889 habitare
1587 2838 1712 2905 fecit
1752 2836 1810 2890 in

210 2927 558 2985 tabernaculis
570 2942 753 2985 eorum
773 2927 938 2983 tribus
966 2926 1158 2983 Israel.
1182 2928 1384 3000 Ejectis
1408 2930 1649 2999 peccatis
1674 2945 1808 3001 gen-

212 3018 358 3073 tibus
380 3032 412 3072 a
427 3018 691 3079 cordibus
715 3019 994 3088 humanis,
1027 3020 1154 3076 data
1178 3030 1264 3076 est
1289 3021 1370 3077 eis
1393 3022 1674 3092 possessio
1702 3030 1815 3079 ter-

212 3123 293 3165 ra:
323 3108 618 3166 viventium
651 3127 665 3162 :
697 3107 1011 3181 iactentque
1031 3118 1145 3177 est,
1175 3118 1233 3165 ut
1264 3110 1354 3167 ubi
1382 3109 1657 3181 quondam
1690 3128 1812 3169 sor-

215 3198 414 3269 titegus
443 3197 798 3271 hariolusqtm
823 3201 1195 3269 habitaverat,
1232 3217 1375 3260 nunc
1406 3212 1589 3261 mente
1609 3203 1804 3263 videns

219 3291 388 3349 Deum
416 3290 707 3351 inhabitet.

290 3382 362 3438 Et
389 3393 705 3441 tentaverunt
724 3426 737 3452 ,
766 3397 814 3442 et
839 3389 1271 3445 exacerbaverunt
1301 3388 1465 3445 Deum
1502 3368 1760 3447 excelsum
1790 3408 1810 3453 ;

218 3486 266 3531 et
298 3477 589 3534 testimonia
616 3482 729 3552 ejus
766 3497 871 3535 non
911 3483 1287 3537 custodierunt.
1323 3483 1390 3538 Et
1415 3494 1708 3540 averterunt
1732 3502 1807 3553 se,

216 3579 268 3626 et
288 3586 387 3626 non
406 3584 736 3628 servaverunt
767 3584 975 3644 pactum
1002 3592 1020 3628 :
1050 3577 1487 3647 quemadmodum
1516 3587 1691 3648 patres
1716 3595 1809 3634 eo-

219 3678 355 3717 rum.
388 3662 468 3721 Ad
498 3662 716 3721 Juda'os
748 3682 893 3725 nunc
928 3682 1113 3725 sermo
1142 3670 1498 3737 convertitur,
1543 3685 1683 3741 quos
1711 3687 1813 3733 iiee

221 3757 412 3825 virtus,
460 3772 560 3815 nec
588 3758 851 3817 beneﬂcio
896 3762 1215 3821 mollierunt
1238 3762 1425 3823 divina
1471 3781 1485 3818 :
1528 3764 1624 3822 sed
1670 3766 1811 3823 sicut

223 3858 402 3922 patres
427 3865 617 3907 eorum
646 3852 970 3910 occiderunt
990 3856 1306 3925 prophetas,
1336 3857 1411 3913 ita
1435 3865 1492 3913 et
1514 3857 1601 3912 isti
1633 3859 1810 3929 ipsum

224 3943 506 4001 Dominum
521 3956 966 4030 persequuntur.
997 3945 1247 4005 Conversi
1268 3958 1386 4007 sunt
1416 3951 1471 4005 in
1494 3968 1676 4007 arcum
1696 3969 1812 4025 pra-

223 4049 356 4089 vum.
380 4033 557 4091 Areus
583 4037 730 4095 enim
757 4053 1053 4108 perversus
1080 4049 1192 4108 est,
1215 4041 1304 4112 qui
1333 4042 1460 4098 dum
1485 4054 1679 4100 contra
1708 4044 1814 4101 ini-

225 4126 391 4181 micos
409 4127 661 4197 sagittam
686 4137 903 4198 putatur
922 4130 1125 4199 jacere,
1150 4134 1357 4187 saticiat
1385 4143 1683 4193 tenentem.
1708 4137 1807 4199 Sie

224 4230 278 4278 et
304 4218 507 4285 Judzei,
536 4221 629 4288 qui
674 4223 731 4276 in
775 4222 945 4279 Deum
975 4222 1327 4283 liberatorem
1365 4243 1560 4295 suum,
1590 4229 1801 4301 iniquas

217 4309 524 4383 iaculantur
551 4313 845 4368 verborum
868 4312 1122 4385 sagittas.

296 4404 359 4462 In
396 4405 530 4463 iram
568 4407 954 4469 concitaverunt
982 4423 1099 4464 eum
1123 4409 1179 4464 in
1207 4409 1427 4467 collibus
1455 4414 1566 4469 suis
1611 4430 1629 4469 :
1672 4425 1720 4469 et
1750 4417 1807 4473 in

225 4498 540 4571 sculptilibns
559 4499 667 4555 suis
688 4500 758 4553 ad
791 4501 1173 4556 aemulationem
1211 4518 1328 4555 eum
1366 4519 1797 4573 prouocauerunt.

225 4592 431 4649 Relicto
445 4593 593 4653 enim
613 4608 704 4659 eo,
727 4597 1038 4655 servierunt
1053 4594 1210 4652 idolis
1225 4611 1291 4655 ac.
1322 4596 1656 4664 simulacris,
1680 4599 1811 4657 ado-

226 4692 403 4741 ranws
423 4685 591 4741 etiam
617 4685 671 4742 in
704 4686 1002 4745 montibus.

296 4774 494 4831 Audiuit
522 4774 775 4833 Dominus
802 4788 851 4834 et
892 4780 1079 4850 sprevit
1110 4798 1127 4836 :
1160 4788 1207 4835 et
1230 4780 1300 4835 ad
1332 4780 1553 4836 nihilum
1587 4782 1789 4855 redegit

225 4869 366 4926 valde
395 4869 579 4929 Israel.
625 4871 784 4929 Illum
816 4873 911 4946 qui
939 4882 1151 4934 tantum
1191 4875 1429 4943 nomine,
1472 4886 1530 4934 et
1562 4893 1671 4936 non
1718 4880 1802 4935 vi-

229 4962 377 5018 sione
402 4962 570 5023 lsrael
600 4977 739 5023 erat.

297 5050 358 5108 Et
384 5057 577 5128 repulit
604 5056 995 5117 tabernaculum
1025 5059 1165 5131 Silo,
1199 5060 1591 5119 tabernaculum
1622 5080 1807 5132 suum,

229 5148 282 5203 in
316 5164 409 5215 quo
447 5147 695 5204 habitavit
735 5152 871 5206 inter
898 5150 1153 5208 homines.
1197 5152 1291 5210 Vel
1322 5153 1377 5209 in
1426 5155 1797 5214 tabernaculis

231 5240 338 5295 Silo
363 5240 465 5298 sub
507 5239 625 5311 Eli,
658 5243 738 5298 vel
777 5242 829 5298 in
859 5242 1164 5302 Jerusalem
1205 5246 1307 5300 sub
1340 5246 1660 5306 Salomone.
1688 5248 1796 5307 Sed

235 5329 317 5387 bis
350 5332 603 5404 repulsis,
650 5334 817 5405 elegit
860 5337 1041 5406 potius
1074 5339 1337 5409 templum
1376 5339 1523 5411 regis
1565 5343 1807 5414 virginis

233 5422 571 5498 incorruptae,
598 5426 717 5484 sive
760 5427 989 5485 Eclesiae
1014 5439 1219 5489 sancire
1248 5445 1315 5487 es
1362 5433 1620 5503 gentibus
1659 5450 1798 5493 evo-

238 5526 382 5573 caue.

302 5609 532 5664 Tradidit
555 5609 612 5666 in
629 5612 976 5684 captivitatem
1007 5615 1245 5670 virtutem
1267 5631 1471 5680 eorum,
1502 5626 1550 5677 et
1571 5620 1811 5692 pulchri—

301 5744 327 5775 ⁸
351 5744 492 5799 Satis
515 5743 698 5824 inepte
722 5745 976 5824 callidum
1000 5760 1125 5804 cum
1145 5746 1351 5819 duplici
1379 5752 1438 5817 ll,
1469 5754 1689 5824 penitus
1713 5754 1800 5812 di-

1912 2363 2188 2420 dormiens
2209 2372 2264 2420 et
2284 2365 2438 2436 quasi
2462 2366 2669 2431 ebrius,
2703 2364 2933 2426 habetur
2960 2366 3221 2422 Doniinus
3247 2366 3303 2421 in
3324 2365 3506 2425 cordi-

1912 2455 2015 2510 bus
2028 2454 2353 2527 iniquorum.
2373 2457 2545 2527 Quum
2560 2467 2739 2519 autem
2758 2459 3130 2529 paenitentiam
3143 2472 3302 2528 agere
3319 2473 3503 2527 cmpe-

1912 2551 2043 2620 rint,
2068 2551 2363 2608 excitatur.
2386 2553 2453 2607 Et
2476 2551 2750 2623 percussis
2770 2550 2919 2607 vitiis
2937 2566 3111 2621 usque
3127 2550 3180 2606 in
3208 2550 3513 2619 posteriora

1914 2653 2242 2714 temporum,
2273 2643 2597 2715 traditisque
2623 2644 2677 2700 in
2698 2643 3055 2714 opprobrium
3089 2642 3513 2714 sempiternum,

1910 2735 2100 2805 vigilat
2128 2736 2181 2792 in
2213 2736 2316 2792 eis.

1987 2827 2050 2881 Et
2070 2830 2259 2901 repulit
2285 2828 2670 2885 tabernaculum
2691 2829 2910 2903 Ioseph,
2949 2839 2996 2885 et
3036 2830 3225 2889 tribum
3251 2829 3508 2902 Epitraim

1912 2938 2015 2981 non
2038 2921 2189 2996 elegit
2220 2938 2239 2977 :
2268 2924 2357 2978 sed
2381 2924 2533 2995 elegit
2558 2924 2748 2980 tribum
2774 2923 2940 2992 Iuda,
2963 2936 3192 2983 montem
3214 2925 3348 2983 Sion
3364 2942 3512 2997 quem

1911 3014 2114 3072 dilexit.
2166 3014 2283 3071 Non
2336 3016 2402 3072 ad
2452 3018 2557 3073 hoc
2600 3017 2801 3088 repulit
2849 3018 3045 3093 tribum
3077 3017 3284 3088 Josepb
3318 3018 3409 3074 vel
3440 3018 3513 3074 E-

1910 3106 2149 3179 phraim,
2180 3117 2242 3165 ut
2266 3107 2320 3164 in
2361 3117 2626 3171 aeternum
2653 3120 2941 3180 sperneret
2968 3126 2987 3165 :
3022 3107 3121 3165 sed
3150 3108 3330 3167 noluit
3350 3109 3418 3166 de
3446 3124 3511 3167 ea

1909 3198 2192 3269 suscipere
2219 3214 2466 3269 carnem,
2492 3201 2704 3272 eligens
2733 3200 2935 3259 tribum
2964 3198 3127 3268 Juda,
3158 3199 3229 3254 de
3247 3215 3353 3270 qua
3380 3200 3508 3257 bea-

1839 3294 1886 3357 c
1920 3298 1969 3342 ta
2001 3288 2163 3345 Maria
2192 3289 2538 3364 procederet,
2569 3307 2636 3346 ex
2662 3305 2766 3361 qua
2797 3303 3116 3347 nasceretur
3156 3291 3293 3360 ipse,
3328 3300 3390 3346 ut
3414 3290 3500 3351 di-

1915 3381 2166 3439 lectionis
2187 3397 2300 3443 suae
2332 3389 2597 3451 montem,
2629 3383 2683 3439 id
2710 3391 2816 3451 est,
2847 3384 3145 3442 Ecclesiam
3173 3383 3433 3443 elevaret.

1985 3472 2054 3529 Et
2075 3473 2349 3546 a’diﬁcavil
2377 3476 2507 3533 sicut
2532 3476 2864 3535 unicornium
2898 3475 3239 3546 sanctiﬁcium
3263 3490 3417 3529 suum
3443 3475 3501 3530 in

1913 3579 2073 3636 terra,
2107 3585 2262 3635 quam
2312 3570 2545 3641 [undavit
2594 3588 2652 3629 tn
2704 3576 2919 3631 sarcula.
2971 3569 3147 3640 Ipsam
3204 3568 3509 3629 Ecclesium

1911 3678 2067 3718 suam
2103 3663 2369 3733 singulari
2393 3662 2593 3719 virtute
2622 3662 2880 3732 firmavit,
2908 3671 2967 3722 ut
2995 3660 3291 3723 immobilis
3318 3659 3374 3722 in
3399 3676 3503 3718 sat-

1911 3755 2031 3812 cuia
2056 3755 2379 3825 sempiterna
2411 3756 2745 3822 persisterct.

1985 3848 2157 3922 Elegit
2175 3847 2347 3909 David
2366 3865 2566 3905 servant
2596 3866 2771 3916 suum,
2797 3857 2843 3904 et
2869 3849 3082 3905 sustulit
3109 3864 3229 3905 eunt
3249 3849 3313 3903 de
3334 3847 3507 3921 gregi-

1912 3943 2004 3997 bus
2031 3942 2223 4010 arium,
2265 3950 2315 3998 et
2343 3941 2407 3997 de
2452 3952 2568 4011 post
2608 3944 2826 4013 fetantes
2881 3942 3080 4013 accepit
3124 3957 3263 3997 eum.
3315 3938 3514 3999 Pasce.

1911 4053 1988 4107 re,
2021 4044 2132 4095 etc.
2162 4036 2357 4095 Omnia
2388 4035 2507 4094 huic
2527 4036 2595 4092 ad
2625 4036 2904 4093 Christum
2936 4035 3233 4091 Dominum
3262 4034 3509 4093 referen-

1912 4129 1976 4186 da
2009 4138 2161 4199 sunt,
2190 4129 2282 4201 qui
2326 4142 2355 4181 a
2388 4136 2621 4197 paterno
2665 4128 2920 4194 consilio,
2962 4128 3029 4183 ad
3075 4127 3515 4198 redemptionem

1911 4228 2155 4276 nostram
2196 4220 2404 4277 electus
2435 4229 2523 4276 est
2567 4218 2635 4275 de
2682 4235 2848 4293 grege
2894 4219 3209 4277 mortalium
3248 4234 3515 4281 :carnetn

1909 4326 2221 4379 assumens,
2248 4326 2477 4382 pascens
2503 4311 2870 4371 Christianum
2914 4312 3194 4383 populum,
3225 4310 3342 4368 sive
3374 4324 3510 4381 sup-

1910 4407 2277 4479 plantatorem
2318 4407 2599 4475 vitiorum,
2628 4408 2752 4469 sive
2780 4415 2966 4467 mente
2994 4407 3276 4470 videntem
3320 4406 3513 4467 Deum.

1910 4499 2013 4569 Qui
2043 4515 2188 4557 nunc
2236 4500 2541 4561 Ecclesiaut
2569 4516 2723 4561 suam
2752 4502 2868 4559 suis
2915 4502 3293 4563 voluntatibus
3340 4501 3514 4563 ἱιιιωα

1913 4600 2146 4654 tentem,
2179 4591 2232 4644 in
2255 4590 2502 4645 bonitate
2525 4591 2708 4646 cordis
2738 4593 2822 4648 sui
2853 4607 3107 4663 pascere,
3129 4602 3187 4653 et
3213 4597 3266 4648 in
3295 4594 3512 4655 cluiani

1833 4675 1889 4739 Ι)
1911 4679 2214 4738 Jerusalem
2244 4680 2523 4739 collocare
2547 4681 2825 4751 dignetur.
2851 4683 2963 4753 Ipsi
2988 4683 3163 4753 gloria
3191 4698 3315 4739 cum
3345 4693 3509 4743 mter-

1914 4787 1986 4830 no
2020 4772 2181 4830 Patre
2221 4780 2279 4831 et
2304 4772 2515 4845 Spiritu
2541 4782 2756 4841 sancto,
2808 4774 2864 4833 in
2910 4774 3119 4833 sarcula
3163 4776 3513 4839 mulorum,

1914 4866 2109 4923 Amen.

2392 4930 2712 4994 PSALMUS
2747 4932 3037 4993 LXXVIII.

1919 5027 2164 5103 Psalmus
2192 5027 2521 5103 Asaplt._lste
2556 5029 2794 5100 psalmus
2841 5042 3031 5103 vocem
3081 5027 3346 5103 _conti_net_
3380 5042 3512 5100 pro-

1994 5100 2191 5171 phetae,
2220 5098 2586 5171 captivitatem
2621 5113 2854 5156 terrenae
2882 5098 3184 5171 Jerusalem
3218 5098 3516 5169 deploran-

1991 5170 2061 5228 tis
2097 5189 2112 5226 :
2142 5189 2262 5242 quas
2305 5173 2729 5245 captivitasgnon
2781 5181 2989 5226 tantum
3017 5172 3086 5226 ad
3132 5170 3277 5245 illam
3320 5172 3515 5245 civita-

1991 5252 2122 5315 tem,
2145 5242 2408 5315 quantum
2422 5243 2502 5315 ad
2531 5243 2796 5311 animam,
2823 5258 2947 5315 qua
2972 5257 3117 5314 sepe
3144 5242 3341 5299 civitas
3377 5242 3516 5298 seri-

1988 5314 2153 5382 bitur,
2168 5314 2468 5372 referenda
2498 5324 2604 5371 est.

1988 5433 2155 5501 Deus,
2182 5440 2430 5489 venerunt
2455 5440 2631 5505 gentes
2655 5432 2710 5488 in
2734 5432 3095 5491 [nereditatem
3131 5439 3308 5488 tuom:
3341 5429 3517 5503 pollu-

1912 5536 2059 5584 erunt
2100 5526 2349 5599 ternplum
2388 5534 2627 5582 sanctum
2654 5534 2822 5580 tuum.
2867 5523 3163 5596 Apostolus
3187 5522 3322 5579 dicit
3352 5539 3371 5578 :
3405 5522 3513 5585 Vos

1915 5621 2048 5680 eatis
2075 5619 2335 5690 templum
2369 5618 2485 5687 Dei,
2526 5627 2587 5677 et
2611 5618 2848 5691 Spiritus
2880 5617 2979 5675 Dei
3017 5616 3231 5680 habitat
3271 5616 3327 5679 in
3358 5615 3514 5672 vobis

1907 5765 2075 5835 t_a_tur.
2124 5754 2515 5835 Qrigenianum
2561 5772 2775 5830 quoque
2824 5756 3083 5826 Lexicon,
3127 5764 3278 5832 Χᾶμ,
3310 5757 3507 5835 θέρμης

237 5830 385 5876 verso
405 5828 586 5898 sense.
628 5815 818 5873 Chami
849 5833 1047 5898 nomen
1078 5815 1341 5898 tractator
1371 5815 1620 5898 exponit,
1651 5828 1803 5896 quod
1907 5829 2090 5898 Client,
2120 5815 2301 5887 Calor.

236 5902 380 5948 verus
407 5885 765 5957 Hieronymus
795 5889 1046 5961 calidum,
1075 5890 1192 5948 sive
1240 5885 1495 5966 calorem,
1530 5885 1796 5971 interpr-t3.
