  <div class='ocr_page' id='page_1' title='image "/cluster/home/n/w/nwhite01/storage/ocr_20150623/26/uva.x000826568/535.png"; bbox 0 0 4010 6334; ppageno 0'>
   <div class='ocr_carea' id='block_1_1' title="bbox 542 304 684 370">
    <p class='ocr_par' dir='ltr' id='par_1_1' title="bbox 542 304 684 370">
     <span class='ocr_line' id='line_1_1' title="bbox 542 304 684 370; baseline 0 0"><span class='ocrx_word' id='word_1_1' title='bbox 542 304 684 370; x_wconf 70' lang='lat' dir='ltr'><strong>i055</strong></span> 
     </span>
    </p>
   </div>
   <div class='ocr_carea' id='block_1_2' title="bbox 1336 296 3033 365">
    <p class='ocr_par' dir='ltr' id='par_1_2' title="bbox 1336 296 3033 365">
     <span class='ocr_line' id='line_1_2' title="bbox 1336 296 3033 365; baseline -0.007 0"><span class='ocrx_word' id='word_1_2' title='bbox 1336 300 1685 365; x_wconf 81' lang='lat' dir='ltr'><strong>APPENDIX</strong></span> <span class='ocrx_word' id='word_1_3' title='bbox 1722 301 1815 359; x_wconf 84' lang='lat' dir='ltr'><strong>AD</strong></span> <span class='ocrx_word' id='word_1_4' title='bbox 1851 299 2097 359; x_wconf 76' lang='lat' dir='ltr'><strong>TOMUM</strong></span> <span class='ocrx_word' id='word_1_5' title='bbox 2134 296 2487 357; x_wconf 81' lang='lat' dir='ltr'><strong>SEPTIMUM</strong></span> <span class='ocrx_word' id='word_1_6' title='bbox 2523 296 2585 355; x_wconf 89' lang='lat' dir='ltr'><strong>S.</strong></span> <span class='ocrx_word' id='word_1_7' title='bbox 2629 296 3033 354; x_wconf 77' lang='lat' dir='ltr'><strong>lllERONYMl.</strong></span> 
     </span>
    </p>
   </div>
   <div class='ocr_carea' id='block_1_3' title="bbox 3709 294 3889 353">
    <p class='ocr_par' dir='ltr' id='par_1_3' title="bbox 3709 294 3889 353">
     <span class='ocr_line' id='line_1_3' title="bbox 3709 294 3889 353; baseline -0.017 0"><span class='ocrx_word' id='word_1_8' title='bbox 3709 294 3889 353; x_wconf 72' lang='grc' dir='ltr'><strong>Ιοῖῐσ</strong></span> 
     </span>
    </p>
   </div>
   <div class='ocr_carea' id='block_1_4' title="bbox 533 411 3892 496">
    <p class='ocr_par' dir='ltr' id='par_1_4' title="bbox 533 411 3892 496">
     <span class='ocr_line' id='line_1_4' title="bbox 533 411 3892 496; baseline -0.005 -17"><span class='ocrx_word' id='word_1_9' title='bbox 533 422 579 496; x_wconf 94' lang='lat' dir='ltr'><strong>(l</strong></span> <span class='ocrx_word' id='word_1_10' title='bbox 607 422 729 479; x_wconf 88' lang='lat' dir='ltr'><strong>Car.</strong></span> <span class='ocrx_word' id='word_1_11' title='bbox 756 422 861 495; x_wconf 88' lang='lat' dir='ltr'><strong>ut).</strong></span> <span class='ocrx_word' id='word_1_12' title='bbox 899 421 957 478; x_wconf 92' lang='lat' dir='ltr'><strong>Si</strong></span> <span class='ocrx_word' id='word_1_13' title='bbox 990 421 1115 493; x_wconf 84' lang='lat' dir='ltr'><strong>quis</strong></span> <span class='ocrx_word' id='word_1_14' title='bbox 1146 418 1408 490; x_wconf 93' lang='lat' dir='ltr'><strong>templum</strong></span> <span class='ocrx_word' id='word_1_15' title='bbox 1438 418 1535 473; x_wconf 92' lang='lat' dir='ltr'><strong>Dei</strong></span> <span class='ocrx_word' id='word_1_16' title='bbox 1563 415 1880 483; x_wconf 81' lang='lat' dir='ltr'><strong>violaverit,</strong></span> <span class='ocrx_word' id='word_1_17' title='bbox 1910 414 2126 485; x_wconf 88' lang='lat' dir='ltr'><strong>disper—</strong></span> <span class='ocrx_word' id='word_1_18' title='bbox 2150 411 2205 473; x_wconf 73' lang='grc' dir='ltr'>Α</span> <span class='ocrx_word' id='word_1_19' title='bbox 2230 422 2538 469; x_wconf 91' lang='lat' dir='ltr'><strong>vestrorum</strong></span> <span class='ocrx_word' id='word_1_20' title='bbox 2570 413 2756 487; x_wconf 81' lang='lat' dir='ltr'><strong>(Apoc.</strong></span> <span class='ocrx_word' id='word_1_21' title='bbox 2786 413 2886 484; x_wconf 76' lang='lat' dir='ltr'><strong>vr).</strong></span> <span class='ocrx_word' id='word_1_22' title='bbox 2917 412 3150 470; x_wconf 82' lang='lat' dir='ltr'><strong>Introeat</strong></span> <span class='ocrx_word' id='word_1_23' title='bbox 3179 415 3233 471; x_wconf 84' lang='lat' dir='ltr'><strong>in</strong></span> <span class='ocrx_word' id='word_1_24' title='bbox 3275 421 3568 486; x_wconf 85' lang='lat' dir='ltr'><strong>conspectu</strong></span> <span class='ocrx_word' id='word_1_25' title='bbox 3619 421 3716 467; x_wconf 84' lang='lat' dir='ltr'><strong>tuo</strong></span> <span class='ocrx_word' id='word_1_26' title='bbox 3781 427 3892 481; x_wconf 66' lang='lat' dir='ltr'><strong>ge-</strong></span> 
     </span>
    </p>
   </div>
   <div class='ocr_carea' id='block_1_5' title="bbox 535 506 2130 590">
    <p class='ocr_par' dir='ltr' id='par_1_5' title="bbox 535 506 2130 590">
     <span class='ocr_line' id='line_1_5' title="bbox 535 506 2130 590; baseline -0.008 -17"><span class='ocrx_word' id='word_1_27' title='bbox 535 515 626 573; x_wconf 90' lang='lat' dir='ltr'><strong>det</strong></span> <span class='ocrx_word' id='word_1_28' title='bbox 657 517 805 572; x_wconf 91' lang='lat' dir='ltr'><strong>illum</strong></span> <span class='ocrx_word' id='word_1_29' title='bbox 832 516 999 571; x_wconf 83' lang='lat' dir='ltr'><strong>Deus.</strong></span> <span class='ocrx_word' id='word_1_30' title='bbox 1045 514 1188 590; x_wconf 75' lang='lat' dir='ltr'><strong>Ergo</strong></span> <span class='ocrx_word' id='word_1_31' title='bbox 1236 512 1283 568; x_wconf 94' lang='lat' dir='ltr'><strong>si</strong></span> <span class='ocrx_word' id='word_1_32' title='bbox 1332 509 1765 567; x_wconf 76' lang='lat' dir='ltr'><strong>increscentibus</strong></span> <span class='ocrx_word' id='word_1_33' title='bbox 1812 506 1957 563; x_wconf 91' lang='lat' dir='ltr'><strong>vitiis</strong></span> <span class='ocrx_word' id='word_1_34' title='bbox 2002 521 2130 561; x_wconf 85' lang='lat' dir='ltr'><strong>suc-</strong></span> 
     </span>
    </p>
   </div>
   <div class='ocr_carea' id='block_1_6' title="bbox 537 600 2132 671">
    <p class='ocr_par' dir='ltr' id='par_1_6' title="bbox 537 600 2132 671">
     <span class='ocr_line' id='line_1_6' title="bbox 537 600 2132 671; baseline -0.005 -7"><span class='ocrx_word' id='word_1_35' title='bbox 537 608 744 667; x_wconf 79' lang='lat' dir='ltr'><strong>cumbit</strong></span> <span class='ocrx_word' id='word_1_36' title='bbox 772 608 950 663; x_wconf 89' lang='lat' dir='ltr'><strong>anima</strong></span> <span class='ocrx_word' id='word_1_37' title='bbox 979 606 1288 663; x_wconf 85' lang='lat' dir='ltr'><strong>Christiana</strong></span> <span class='ocrx_word' id='word_1_38' title='bbox 1324 623 1337 660; x_wconf 88' lang='lat'><strong>:</strong></span> <span class='ocrx_word' id='word_1_39' title='bbox 1389 614 1517 660; x_wconf 90' lang='lat' dir='ltr'><strong>tunc</strong></span> <span class='ocrx_word' id='word_1_40' title='bbox 1544 602 1839 659; x_wconf 66' lang='lat' dir='ltr'><strong>htereditas</strong></span> <span class='ocrx_word' id='word_1_41' title='bbox 1882 616 2003 671; x_wconf 65' lang='lat' dir='ltr'><strong>quae</strong></span> <span class='ocrx_word' id='word_1_42' title='bbox 2034 600 2132 656; x_wconf 87' lang='lat' dir='ltr'><strong>Dei</strong></span> 
     </span>
    </p>
   </div>
   <div class='ocr_carea' id='block_1_7' title="bbox 536 696 2134 769">
    <p class='ocr_par' dir='ltr' id='par_1_7' title="bbox 536 696 2134 769">
     <span class='ocr_line' id='line_1_7' title="bbox 536 696 2134 769; baseline -0.006 -11"><span class='ocrx_word' id='word_1_43' title='bbox 536 715 661 758; x_wconf 89' lang='lat' dir='ltr'><strong>esse</strong></span> <span class='ocrx_word' id='word_1_44' title='bbox 697 699 984 769; x_wconf 79' lang='lat' dir='ltr'><strong>debuerat,</strong></span> <span class='ocrx_word' id='word_1_45' title='bbox 1032 698 1352 755; x_wconf 87' lang='lat' dir='ltr'><strong>adversario</strong></span> <span class='ocrx_word' id='word_1_46' title='bbox 1392 696 1662 763; x_wconf 81' lang='lat' dir='ltr'><strong>subditur,</strong></span> <span class='ocrx_word' id='word_1_47' title='bbox 1713 705 1770 750; x_wconf 92' lang='lat' dir='ltr'><strong>et</strong></span> <span class='ocrx_word' id='word_1_48' title='bbox 1819 704 1947 749; x_wconf 89' lang='lat' dir='ltr'><strong>tunc</strong></span> <span class='ocrx_word' id='word_1_49' title='bbox 1998 701 2134 749; x_wconf 87' lang='lat' dir='ltr'><strong>tent-</strong></span> 
     </span>
    </p>
   </div>
   <div class='ocr_carea' id='block_1_8' title="bbox 537 788 2133 866">
    <p class='ocr_par' dir='ltr' id='par_1_8' title="bbox 537 788 2133 866">
     <span class='ocr_line' id='line_1_8' title="bbox 537 788 2133 866; baseline -0.006 -16"><span class='ocrx_word' id='word_1_50' title='bbox 537 794 685 866; x_wconf 86' lang='lat' dir='ltr'><strong>plum</strong></span> <span class='ocrx_word' id='word_1_51' title='bbox 732 793 958 865; x_wconf 87' lang='lat' dir='ltr'><strong>Spiritui</strong></span> <span class='ocrx_word' id='word_1_52' title='bbox 1002 803 1196 849; x_wconf 88' lang='lat' dir='ltr'><strong>sancto</strong></span> <span class='ocrx_word' id='word_1_53' title='bbox 1242 791 1573 858; x_wconf 87' lang='lat' dir='ltr'><strong>dedicatum,</strong></span> <span class='ocrx_word' id='word_1_54' title='bbox 1631 788 2044 860; x_wconf 83' lang='lat' dir='ltr'><strong>coinquinatum</strong></span> <span class='ocrx_word' id='word_1_55' title='bbox 2101 801 2133 841; x_wconf 90' lang='lat' dir='ltr'><strong>a</strong></span> 
     </span>
    </p>
   </div>
   <div class='ocr_carea' id='block_1_9' title="bbox 540 878 2136 959">
    <p class='ocr_par' dir='ltr' id='par_1_9' title="bbox 540 878 2136 959">
     <span class='ocr_line' id='line_1_9' title="bbox 540 878 2136 959; baseline -0.006 -16"><span class='ocrx_word' id='word_1_56' title='bbox 540 888 783 959; x_wconf 73' lang='lat' dir='ltr'><strong>gentium</strong></span> <span class='ocrx_word' id='word_1_57' title='bbox 812 885 1139 943; x_wconf 90' lang='lat' dir='ltr'><strong>criminibus</strong></span> <span class='ocrx_word' id='word_1_58' title='bbox 1179 884 1534 956; x_wconf 83' lang='lat' dir='ltr'><strong>disperditur.</strong></span> <span class='ocrx_word' id='word_1_59' title='bbox 1585 881 1879 938; x_wconf 84' lang='lat' dir='ltr'><strong>Posuerunt</strong></span> <span class='ocrx_word' id='word_1_60' title='bbox 1922 878 2136 935; x_wconf 79' lang='lat' dir='ltr'><strong>Jerusa-</strong></span> 
     </span>
    </p>
   </div>
   <div class='ocr_carea' id='block_1_10' title="bbox 536 975 2134 1051">
    <p class='ocr_par' dir='ltr' id='par_1_10' title="bbox 536 975 2134 1051">
     <span class='ocr_line' id='line_1_10' title="bbox 536 975 2134 1051; baseline -0.004 -17"><span class='ocrx_word' id='word_1_61' title='bbox 536 979 635 1034; x_wconf 95' lang='lat' dir='ltr'><strong>lem</strong></span> <span class='ocrx_word' id='word_1_62' title='bbox 670 980 726 1034; x_wconf 87' lang='lat' dir='ltr'><strong>in</strong></span> <span class='ocrx_word' id='word_1_63' title='bbox 751 995 1020 1051; x_wconf 83' lang='lat' dir='ltr'><strong>pomorum</strong></span> <span class='ocrx_word' id='word_1_64' title='bbox 1059 976 1370 1033; x_wconf 83' lang='lat' dir='ltr'><strong>custodiam.</strong></span> <span class='ocrx_word' id='word_1_65' title='bbox 1409 976 1570 1033; x_wconf 84' lang='lat' dir='ltr'><strong>Sicut</strong></span> <span class='ocrx_word' id='word_1_66' title='bbox 1617 975 1761 1030; x_wconf 87' lang='lat' dir='ltr'><strong>enim</strong></span> <span class='ocrx_word' id='word_1_67' title='bbox 1809 987 1970 1043; x_wconf 84' lang='lat' dir='ltr'><strong>poma</strong></span> <span class='ocrx_word' id='word_1_68' title='bbox 2010 986 2134 1027; x_wconf 90' lang='lat' dir='ltr'><strong>cum</strong></span> 
     </span>
    </p>
   </div>
   <div class='ocr_carea' id='block_1_11' title="bbox 537 1066 2134 1143">
    <p class='ocr_par' dir='ltr' id='par_1_11' title="bbox 537 1066 2134 1143">
     <span class='ocr_line' id='line_1_11' title="bbox 537 1066 2134 1143; baseline -0.007 -14"><span class='ocrx_word' id='word_1_69' title='bbox 537 1081 912 1130; x_wconf 81' lang='lat' dir='ltr'><strong>maturescere</strong></span> <span class='ocrx_word' id='word_1_70' title='bbox 941 1071 1225 1143; x_wconf 75' lang='lat' dir='ltr'><strong>emperint,</strong></span> <span class='ocrx_word' id='word_1_71' title='bbox 1252 1085 1283 1125; x_wconf 91' lang='lat' dir='ltr'><strong>a</strong></span> <span class='ocrx_word' id='word_1_72' title='bbox 1321 1070 1434 1126; x_wconf 87' lang='lat' dir='ltr'><strong>suis</strong></span> <span class='ocrx_word' id='word_1_73' title='bbox 1463 1066 1865 1135; x_wconf 89' lang='lat' dir='ltr'><strong>custodiuntur,</strong></span> <span class='ocrx_word' id='word_1_74' title='bbox 1898 1073 2134 1120; x_wconf 84' lang='lat' dir='ltr'><strong>matura-</strong></span> 
     </span>
    </p>
   </div>
   <div class='ocr_carea' id='block_1_12' title="bbox 536 1158 2136 1239">
    <p class='ocr_par' dir='ltr' id='par_1_12' title="bbox 536 1158 2136 1239">
     <span class='ocr_line' id='line_1_12' title="bbox 536 1158 2136 1239; baseline -0.004 -19"><span class='ocrx_word' id='word_1_75' title='bbox 536 1182 645 1239; x_wconf 90' lang='lat' dir='ltr'><strong>que</strong></span> <span class='ocrx_word' id='word_1_76' title='bbox 685 1166 897 1222; x_wconf 90' lang='lat' dir='ltr'><strong>lacilius</strong></span> <span class='ocrx_word' id='word_1_77' title='bbox 940 1164 1275 1221; x_wconf 88' lang='lat' dir='ltr'><strong>devorantur</strong></span> <span class='ocrx_word' id='word_1_78' title='bbox 1299 1178 1319 1218; x_wconf 90' lang='lat'><strong><em>:</em></strong></span> <span class='ocrx_word' id='word_1_79' title='bbox 1373 1162 1446 1216; x_wconf 91' lang='lat' dir='ltr'><strong>ita</strong></span> <span class='ocrx_word' id='word_1_80' title='bbox 1477 1170 1534 1217; x_wconf 88' lang='lat' dir='ltr'><strong>et</strong></span> <span class='ocrx_word' id='word_1_81' title='bbox 1563 1158 1920 1215; x_wconf 86' lang='lat' dir='ltr'><strong>adversarius</strong></span> <span class='ocrx_word' id='word_1_82' title='bbox 1951 1166 2136 1213; x_wconf 84' lang='lat' dir='ltr'><strong>noster</strong></span> 
     </span>
    </p>
   </div>
   <div class='ocr_carea' id='block_1_13' title="bbox 538 1249 2136 1315">
    <p class='ocr_par' dir='ltr' id='par_1_13' title="bbox 538 1249 2136 1315">
     <span class='ocr_line' id='line_1_13' title="bbox 538 1249 2136 1315; baseline -0.007 -1"><span class='ocrx_word' id='word_1_83' title='bbox 538 1258 873 1315; x_wconf 84' lang='lat' dir='ltr'><strong>irruentibus</strong></span> <span class='ocrx_word' id='word_1_84' title='bbox 902 1257 1049 1312; x_wconf 77' lang='lat' dir='ltr'><strong>vitiis</strong></span> <span class='ocrx_word' id='word_1_85' title='bbox 1090 1254 1328 1311; x_wconf 87' lang='lat' dir='ltr'><strong>custodit</strong></span> <span class='ocrx_word' id='word_1_86' title='bbox 1384 1252 1486 1308; x_wconf 85' lang='lat' dir='ltr'><strong>sibi</strong></span> <span class='ocrx_word' id='word_1_87' title='bbox 1534 1251 1970 1308; x_wconf 88' lang='lat' dir='ltr'><strong>consentientem</strong></span> <span class='ocrx_word' id='word_1_88' title='bbox 2017 1249 2136 1304; x_wconf 91' lang='lat' dir='ltr'><strong>ani-</strong></span> 
     </span>
    </p>
   </div>
   <div class='ocr_carea' id='block_1_14' title="bbox 535 1345 2135 1420">
    <p class='ocr_par' dir='ltr' id='par_1_14' title="bbox 535 1345 2135 1420">
     <span class='ocr_line' id='line_1_14' title="bbox 535 1345 2135 1420; baseline -0.005 -13"><span class='ocrx_word' id='word_1_89' title='bbox 535 1365 681 1407; x_wconf 88' lang='lat' dir='ltr'><strong>mam</strong></span> <span class='ocrx_word' id='word_1_90' title='bbox 710 1350 887 1407; x_wconf 88' lang='lat' dir='ltr'><strong>donec</strong></span> <span class='ocrx_word' id='word_1_91' title='bbox 914 1364 1034 1406; x_wconf 87' lang='lat' dir='ltr'><strong>eam</strong></span> <span class='ocrx_word' id='word_1_92' title='bbox 1059 1348 1128 1405; x_wconf 88' lang='lat' dir='ltr'><strong>ad</strong></span> <span class='ocrx_word' id='word_1_93' title='bbox 1161 1348 1381 1420; x_wconf 90' lang='lat' dir='ltr'><strong>plenum</strong></span> <span class='ocrx_word' id='word_1_94' title='bbox 1418 1345 1716 1402; x_wconf 82' lang='lat' dir='ltr'><strong>voluntatis</strong></span> <span class='ocrx_word' id='word_1_95' title='bbox 1756 1359 1869 1400; x_wconf 75' lang='lat' dir='ltr'><strong>sua:</strong></span> <span class='ocrx_word' id='word_1_96' title='bbox 1903 1358 2135 1399; x_wconf 86' lang='lat' dir='ltr'><strong>consen-</strong></span> 
     </span>
    </p>
   </div>
   <div class='ocr_carea' id='block_1_15' title="bbox 535 1436 2135 1508">
    <p class='ocr_par' dir='ltr' id='par_1_15' title="bbox 535 1436 2135 1508">
     <span class='ocr_line' id='line_1_15' title="bbox 535 1436 2135 1508; baseline -0.004 -8"><span class='ocrx_word' id='word_1_97' title='bbox 535 1458 657 1500; x_wconf 92' lang='lat' dir='ltr'><strong>sum</strong></span> <span class='ocrx_word' id='word_1_98' title='bbox 678 1443 973 1508; x_wconf 89' lang='lat' dir='ltr'><strong>adducens,</strong></span> <span class='ocrx_word' id='word_1_99' title='bbox 1000 1441 1182 1497; x_wconf 80' lang='lat' dir='ltr'><strong>valeat</strong></span> <span class='ocrx_word' id='word_1_100' title='bbox 1206 1440 1492 1497; x_wconf 87' lang='lat' dir='ltr'><strong>devorare.</strong></span> <span class='ocrx_word' id='word_1_101' title='bbox 1526 1437 1795 1507; x_wconf 84' lang='lat' dir='ltr'><strong>Quamdiu</strong></span> <span class='ocrx_word' id='word_1_102' title='bbox 1819 1437 1965 1493; x_wconf 91' lang='lat' dir='ltr'><strong>enim</strong></span> <span class='ocrx_word' id='word_1_103' title='bbox 1990 1436 2041 1491; x_wconf 91' lang='lat' dir='ltr'><strong>in</strong></span> <span class='ocrx_word' id='word_1_104' title='bbox 2069 1451 2135 1493; x_wconf 88' lang='lat' dir='ltr'><strong>ea</strong></span> 
     </span>
    </p>
   </div>
   <div class='ocr_carea' id='block_1_16' title="bbox 538 1526 2022 1600">
    <p class='ocr_par' dir='ltr' id='par_1_16' title="bbox 538 1526 2022 1600">
     <span class='ocr_line' id='line_1_16' title="bbox 538 1526 2022 1600; baseline -0.005 -9"><span class='ocrx_word' id='word_1_105' title='bbox 538 1526 773 1592; x_wconf 78' lang='lat' dir='ltr'><strong>scintilla</strong></span> <span class='ocrx_word' id='word_1_106' title='bbox 806 1536 952 1591; x_wconf 90' lang='lat' dir='ltr'><strong>lucet</strong></span> <span class='ocrx_word' id='word_1_107' title='bbox 980 1534 1126 1600; x_wconf 80' lang='lat' dir='ltr'><strong>ﬁdei,</strong></span> <span class='ocrx_word' id='word_1_108' title='bbox 1164 1533 1368 1590; x_wconf 87' lang='lat' dir='ltr'><strong>acerba</strong></span> <span class='ocrx_word' id='word_1_109' title='bbox 1396 1541 1480 1589; x_wconf 90' lang='lat' dir='ltr'><strong>est</strong></span> <span class='ocrx_word' id='word_1_110' title='bbox 1507 1531 1764 1588; x_wconf 88' lang='lat' dir='ltr'><strong>dentibus</strong></span> <span class='ocrx_word' id='word_1_111' title='bbox 1794 1529 2022 1586; x_wconf 92' lang='lat' dir='ltr'><strong>inimici.</strong></span> 
     </span>
    </p>
   </div>
   <div class='ocr_carea' id='block_1_17' title="bbox 611 1624 2139 1685">
    <p class='ocr_par' dir='ltr' id='par_1_17' title="bbox 611 1624 2139 1685">
     <span class='ocr_line' id='line_1_17' title="bbox 611 1624 2139 1685; baseline -0.005 0"><span class='ocrx_word' id='word_1_112' title='bbox 611 1629 910 1685; x_wconf 83' lang='lat' dir='ltr'><strong>Posuerunt</strong></span> <span class='ocrx_word' id='word_1_113' title='bbox 936 1628 1215 1683; x_wconf 84' lang='lat' dir='ltr'><strong>morticina</strong></span> <span class='ocrx_word' id='word_1_114' title='bbox 1242 1642 1505 1682; x_wconf 74' lang='lat' dir='ltr'><strong>servorum</strong></span> <span class='ocrx_word' id='word_1_115' title='bbox 1536 1634 1741 1680; x_wconf 89' lang='lat' dir='ltr'><strong>tuorum</strong></span> <span class='ocrx_word' id='word_1_116' title='bbox 1780 1640 1926 1679; x_wconf 82' lang='lat' dir='ltr'><strong>escas</strong></span> <span class='ocrx_word' id='word_1_117' title='bbox 1951 1624 2139 1678; x_wconf 78' lang='lat' dir='ltr'><strong>volati-</strong></span> 
     </span>
    </p>
   </div>
   <div class='ocr_carea' id='block_1_18' title="bbox 537 1717 2131 1778">
    <p class='ocr_par' dir='ltr' id='par_1_18' title="bbox 537 1717 2131 1778">
     <span class='ocr_line' id='line_1_18' title="bbox 537 1717 2131 1778; baseline -0.006 0"><span class='ocrx_word' id='word_1_118' title='bbox 537 1722 672 1778; x_wconf 88' lang='lat' dir='ltr'><strong>libus</strong></span> <span class='ocrx_word' id='word_1_119' title='bbox 710 1722 826 1777; x_wconf 74' lang='grc' dir='ltr'><strong>ειειί</strong></span> <span class='ocrx_word' id='word_1_120' title='bbox 858 1738 878 1777; x_wconf 90' lang='lat'><strong><em>:</em></strong></span> <span class='ocrx_word' id='word_1_121' title='bbox 918 1737 1101 1776; x_wconf 88' lang='lat' dir='ltr'><strong>carnes</strong></span> <span class='ocrx_word' id='word_1_122' title='bbox 1150 1730 1452 1775; x_wconf 90' lang='lat' dir='ltr'><strong>sanctorum</strong></span> <span class='ocrx_word' id='word_1_123' title='bbox 1497 1728 1701 1773; x_wconf 86' lang='lat' dir='ltr'><strong>tuorum</strong></span> <span class='ocrx_word' id='word_1_124' title='bbox 1737 1717 1910 1772; x_wconf 77' lang='lat' dir='ltr'><strong>bestiis</strong></span> <span class='ocrx_word' id='word_1_125' title='bbox 1961 1725 2131 1771; x_wconf 52' lang='lat' dir='ltr'><strong>terras.</strong></span> 
     </span>
    </p>
   </div>
   <div class='ocr_carea' id='block_1_19' title="bbox 2233 507 3891 579">
    <p class='ocr_par' dir='ltr' id='par_1_19' title="bbox 2233 507 3891 579">
     <span class='ocr_line' id='line_1_19' title="bbox 2233 507 3891 579; baseline -0.001 -18"><span class='ocrx_word' id='word_1_126' title='bbox 2233 507 2391 563; x_wconf 89' lang='lat' dir='ltr'><strong>mitus</strong></span> <span class='ocrx_word' id='word_1_127' title='bbox 2415 507 2843 579; x_wconf 79' lang='lat' dir='ltr'><strong>campeditorum.</strong></span> <span class='ocrx_word' id='word_1_128' title='bbox 2877 507 2979 577; x_wconf 89' lang='lat' dir='ltr'><strong>Qui</strong></span> <span class='ocrx_word' id='word_1_129' title='bbox 3000 515 3054 563; x_wconf 89' lang='lat' dir='ltr'><strong>te</strong></span> <span class='ocrx_word' id='word_1_130' title='bbox 3091 523 3188 579; x_wconf 91' lang='lat' dir='ltr'><strong>per</strong></span> <span class='ocrx_word' id='word_1_131' title='bbox 3212 509 3404 579; x_wconf 78' lang='lat' dir='ltr'><strong>longas</strong></span> <span class='ocrx_word' id='word_1_132' title='bbox 3443 507 3741 578; x_wconf 87' lang='lat' dir='ltr'><strong>lacrymas</strong></span> <span class='ocrx_word' id='word_1_133' title='bbox 3782 518 3891 560; x_wconf 64' lang='lat' dir='ltr'><strong>reo</strong></span> 
     </span>
    </p>
   </div>
   <div class='ocr_carea' id='block_1_20' title="bbox 2234 600 3597 672">
    <p class='ocr_par' dir='ltr' id='par_1_20' title="bbox 2234 600 3597 672">
     <span class='ocr_line' id='line_1_20' title="bbox 2234 600 3597 672; baseline -0.001 -16"><span class='ocrx_word' id='word_1_134' title='bbox 2234 602 2535 672; x_wconf 90' lang='lat' dir='ltr'><strong>quirentes,</strong></span> <span class='ocrx_word' id='word_1_135' title='bbox 2566 600 2775 656; x_wconf 87' lang='lat' dir='ltr'><strong>absolvi</strong></span> <span class='ocrx_word' id='word_1_136' title='bbox 2806 608 2861 657; x_wconf 91' lang='lat' dir='ltr'><strong>et</strong></span> <span class='ocrx_word' id='word_1_137' title='bbox 2889 610 3067 657; x_wconf 89' lang='lat' dir='ltr'><strong>tecum</strong></span> <span class='ocrx_word' id='word_1_138' title='bbox 3099 615 3220 658; x_wconf 90' lang='lat' dir='ltr'><strong>esse</strong></span> <span class='ocrx_word' id='word_1_139' title='bbox 3247 600 3597 657; x_wconf 89' lang='lat' dir='ltr'><strong>desiderant.</strong></span> 
     </span>
    </p>
   </div>
   <div class='ocr_carea' id='block_1_21' title="bbox 2308 692 3886 767">
    <p class='ocr_par' dir='ltr' id='par_1_21' title="bbox 2308 692 3886 767">
     <span class='ocr_line' id='line_1_21' title="bbox 2308 692 3886 767; baseline -0.003 -17"><span class='ocrx_word' id='word_1_140' title='bbox 2308 694 2604 751; x_wconf 86' lang='lat' dir='ltr'><strong>Secundum</strong></span> <span class='ocrx_word' id='word_1_141' title='bbox 2633 694 3045 767; x_wconf 78' lang='lat' dir='ltr'><strong>magnitudinem</strong></span> <span class='ocrx_word' id='word_1_142' title='bbox 3088 695 3287 751; x_wconf 82' lang='lat' dir='ltr'><strong>brachii</strong></span> <span class='ocrx_word' id='word_1_143' title='bbox 3322 695 3423 761; x_wconf 88' lang='lat' dir='ltr'><strong>tui,</strong></span> <span class='ocrx_word' id='word_1_144' title='bbox 3457 694 3685 767; x_wconf 84' lang='lat' dir='ltr'><strong>posside</strong></span> <span class='ocrx_word' id='word_1_145' title='bbox 3712 692 3886 764; x_wconf 72' lang='lat' dir='ltr'><strong>ﬁlios</strong></span> 
     </span>
    </p>
   </div>
   <div class='ocr_carea' id='block_1_22' title="bbox 2235 787 3882 860">
    <p class='ocr_par' dir='ltr' id='par_1_22' title="bbox 2235 787 3882 860">
     <span class='ocr_line' id='line_1_22' title="bbox 2235 787 3882 860; baseline -0.001 -18"><span class='ocrx_word' id='word_1_146' title='bbox 2235 788 2686 858; x_wconf 81' lang='lat' dir='ltr'><strong>mortiﬁcatorum.</strong></span> <span class='ocrx_word' id='word_1_147' title='bbox 2721 787 2827 844; x_wconf 88' lang='lat' dir='ltr'><strong>Eos</strong></span> <span class='ocrx_word' id='word_1_148' title='bbox 2850 787 3057 845; x_wconf 87' lang='lat' dir='ltr'><strong>scilicet</strong></span> <span class='ocrx_word' id='word_1_149' title='bbox 3078 789 3169 860; x_wconf 88' lang='lat' dir='ltr'><strong>qui</strong></span> <span class='ocrx_word' id='word_1_150' title='bbox 3190 804 3290 859; x_wconf 89' lang='lat' dir='ltr'><strong>per</strong></span> <span class='ocrx_word' id='word_1_151' title='bbox 3316 801 3632 860; x_wconf 85' lang='lat' dir='ltr'><strong>martyrum</strong></span> <span class='ocrx_word' id='word_1_152' title='bbox 3664 801 3882 841; x_wconf 81' lang='lat' dir='ltr'><strong>exem-</strong></span> 
     </span>
    </p>
   </div>
   <div class='ocr_carea' id='block_1_23' title="bbox 2236 879 3878 951">
    <p class='ocr_par' dir='ltr' id='par_1_23' title="bbox 2236 879 3878 951">
     <span class='ocr_line' id='line_1_23' title="bbox 2236 879 3878 951; baseline 0.001 -17"><span class='ocrx_word' id='word_1_153' title='bbox 2236 879 2321 951; x_wconf 90' lang='lat' dir='ltr'><strong>pla</strong></span> <span class='ocrx_word' id='word_1_154' title='bbox 2355 890 2661 946; x_wconf 89' lang='lat' dir='ltr'><strong>currentes,</strong></span> <span class='ocrx_word' id='word_1_155' title='bbox 2707 881 3105 938; x_wconf 83' lang='lat' dir='ltr'><strong>cruciﬁxerunt</strong></span> <span class='ocrx_word' id='word_1_156' title='bbox 3142 896 3205 938; x_wconf 89' lang='lat' dir='ltr'><strong>se</strong></span> <span class='ocrx_word' id='word_1_157' title='bbox 3251 881 3396 937; x_wconf 90' lang='lat' dir='ltr'><strong>vitiis</strong></span> <span class='ocrx_word' id='word_1_158' title='bbox 3448 890 3505 938; x_wconf 89' lang='lat' dir='ltr'><strong>et</strong></span> <span class='ocrx_word' id='word_1_159' title='bbox 3545 880 3878 951; x_wconf 66' lang='lat' dir='ltr'><strong>concupiso</strong></span> 
     </span>
    </p>
   </div>
   <div class='ocr_carea' id='block_1_24' title="bbox 2234 972 2453 1028">
    <p class='ocr_par' dir='ltr' id='par_1_24' title="bbox 2234 972 2453 1028">
     <span class='ocr_line' id='line_1_24' title="bbox 2234 972 2453 1028; baseline 0 0"><span class='ocrx_word' id='word_1_160' title='bbox 2234 972 2453 1028; x_wconf 88' lang='lat' dir='ltr'><strong>centiis.</strong></span> 
     </span>
    </p>
   </div>
   <div class='ocr_carea' id='block_1_25' title="bbox 2308 1063 3875 1139">
    <p class='ocr_par' dir='ltr' id='par_1_25' title="bbox 2308 1063 3875 1139">
     <span class='ocr_line' id='line_1_25' title="bbox 2308 1063 3875 1139; baseline 0 -20"><span class='ocrx_word' id='word_1_161' title='bbox 2308 1063 2488 1119; x_wconf 86' lang='lat' dir='ltr'><strong>Redde</strong></span> <span class='ocrx_word' id='word_1_162' title='bbox 2510 1066 2689 1120; x_wconf 80' lang='lat' dir='ltr'><strong>vicinis</strong></span> <span class='ocrx_word' id='word_1_163' title='bbox 2729 1066 2918 1121; x_wconf 86' lang='lat' dir='ltr'><strong>nostris</strong></span> <span class='ocrx_word' id='word_1_164' title='bbox 2941 1067 3238 1139; x_wconf 87' lang='lat' dir='ltr'><strong>septuplum</strong></span> <span class='ocrx_word' id='word_1_165' title='bbox 3272 1067 3325 1121; x_wconf 84' lang='lat' dir='ltr'><strong>in</strong></span> <span class='ocrx_word' id='word_1_166' title='bbox 3363 1067 3484 1120; x_wconf 86' lang='lat' dir='ltr'><strong>sinu</strong></span> <span class='ocrx_word' id='word_1_167' title='bbox 3526 1081 3745 1120; x_wconf 85' lang='lat' dir='ltr'><strong>eorum.</strong></span> <span class='ocrx_word' id='word_1_168' title='bbox 3792 1065 3875 1120; x_wconf 77' lang='lat' dir='ltr'><strong>Ut</strong></span> 
     </span>
    </p>
   </div>
   <div class='ocr_carea' id='block_1_26' title="bbox 2236 1158 3877 1230">
    <p class='ocr_par' dir='ltr' id='par_1_26' title="bbox 2236 1158 3877 1230">
     <span class='ocr_line' id='line_1_26' title="bbox 2236 1158 3877 1230; baseline 0.001 -16"><span class='ocrx_word' id='word_1_169' title='bbox 2236 1172 2344 1214; x_wconf 92' lang='lat' dir='ltr'><strong>non</strong></span> <span class='ocrx_word' id='word_1_170' title='bbox 2370 1158 2557 1229; x_wconf 87' lang='lat' dir='ltr'><strong>judicii</strong></span> <span class='ocrx_word' id='word_1_171' title='bbox 2588 1174 2747 1229; x_wconf 66' lang='lat' dir='ltr'><strong>poena</strong></span> <span class='ocrx_word' id='word_1_172' title='bbox 2769 1159 3123 1228; x_wconf 89' lang='lat' dir='ltr'><strong>damnentur,</strong></span> <span class='ocrx_word' id='word_1_173' title='bbox 3146 1160 3243 1216; x_wconf 87' lang='lat' dir='ltr'><strong>sed</strong></span> <span class='ocrx_word' id='word_1_174' title='bbox 3270 1162 3324 1217; x_wconf 93' lang='lat' dir='ltr'><strong>in</strong></span> <span class='ocrx_word' id='word_1_175' title='bbox 3354 1159 3462 1215; x_wconf 90' lang='lat' dir='ltr'><strong>hoc</strong></span> <span class='ocrx_word' id='word_1_176' title='bbox 3486 1161 3703 1215; x_wconf 84' lang='lat' dir='ltr'><strong>saeculo</strong></span> <span class='ocrx_word' id='word_1_177' title='bbox 3726 1175 3877 1230; x_wconf 80' lang='lat' dir='ltr'><strong>sep—</strong></span> 
     </span>
    </p>
   </div>
   <div class='ocr_carea' id='block_1_27' title="bbox 2238 1252 3876 1323">
    <p class='ocr_par' dir='ltr' id='par_1_27' title="bbox 2238 1252 3876 1323">
     <span class='ocr_line' id='line_1_27' title="bbox 2238 1252 3876 1323; baseline 0.001 -18"><span class='ocrx_word' id='word_1_178' title='bbox 2238 1252 2441 1321; x_wconf 85' lang='lat' dir='ltr'><strong>tuplam</strong></span> <span class='ocrx_word' id='word_1_179' title='bbox 2474 1253 2925 1323; x_wconf 90' lang='lat' dir='ltr'><strong>compositionem</strong></span> <span class='ocrx_word' id='word_1_180' title='bbox 2958 1253 3277 1323; x_wconf 73' lang='lat' dir='ltr'><strong>paenitendo</strong></span> <span class='ocrx_word' id='word_1_181' title='bbox 3321 1253 3652 1309; x_wconf 75' lang='lat' dir='ltr'><strong>dissolvent.</strong></span> <span class='ocrx_word' id='word_1_182' title='bbox 3680 1253 3876 1308; x_wconf 81' lang='lat' dir='ltr'><strong>Sinus</strong></span> 
     </span>
    </p>
   </div>
   <div class='ocr_carea' id='block_1_28' title="bbox 2235 1346 3873 1417">
    <p class='ocr_par' dir='ltr' id='par_1_28' title="bbox 2235 1346 3873 1417">
     <span class='ocr_line' id='line_1_28' title="bbox 2235 1346 3873 1417; baseline -0.002 -14"><span class='ocrx_word' id='word_1_183' title='bbox 2235 1356 2413 1403; x_wconf 89' lang='lat' dir='ltr'><strong>autem</strong></span> <span class='ocrx_word' id='word_1_184' title='bbox 2444 1362 2588 1417; x_wconf 67' lang='lat' dir='ltr'><strong>smpe</strong></span> <span class='ocrx_word' id='word_1_185' title='bbox 2619 1358 2808 1416; x_wconf 83' lang='lat' dir='ltr'><strong>pectus</strong></span> <span class='ocrx_word' id='word_1_186' title='bbox 2836 1348 3074 1403; x_wconf 89' lang='lat' dir='ltr'><strong>hominis</strong></span> <span class='ocrx_word' id='word_1_187' title='bbox 3114 1346 3470 1417; x_wconf 79' lang='lat' dir='ltr'><strong>intelligitur,</strong></span> <span class='ocrx_word' id='word_1_188' title='bbox 3505 1347 3555 1401; x_wconf 91' lang='lat' dir='ltr'><strong>in</strong></span> <span class='ocrx_word' id='word_1_189' title='bbox 3579 1362 3686 1416; x_wconf 90' lang='lat' dir='ltr'><strong>quo</strong></span> <span class='ocrx_word' id='word_1_190' title='bbox 3714 1347 3829 1400; x_wconf 85' lang='lat' dir='ltr'><strong>arti</strong></span> <span class='ocrx_word' id='word_1_191' title='bbox 3851 1376 3873 1388; x_wconf 87' lang='lat'><strong>-</strong></span> 
     </span>
    </p>
   </div>
   <div class='ocr_carea' id='block_1_29' title="bbox 2237 1438 3873 1512">
    <p class='ocr_par' dir='ltr' id='par_1_29' title="bbox 2237 1438 3873 1512">
     <span class='ocr_line' id='line_1_29' title="bbox 2237 1438 3873 1512; baseline -0.002 -17"><span class='ocrx_word' id='word_1_192' title='bbox 2237 1454 2326 1495; x_wconf 88' lang='lat' dir='ltr'><strong>ma</strong></span> <span class='ocrx_word' id='word_1_193' title='bbox 2360 1440 2677 1512; x_wconf 87' lang='lat' dir='ltr'><strong>requiescit.</strong></span> <span class='ocrx_word' id='word_1_194' title='bbox 2706 1438 3098 1511; x_wconf 88' lang='lat' dir='ltr'><strong>Improperium</strong></span> <span class='ocrx_word' id='word_1_195' title='bbox 3121 1440 3355 1509; x_wconf 85' lang='lat' dir='ltr'><strong>ipsorum</strong></span> <span class='ocrx_word' id='word_1_196' title='bbox 3383 1439 3527 1509; x_wconf 85' lang='lat' dir='ltr'><strong>quod</strong></span> <span class='ocrx_word' id='word_1_197' title='bbox 3554 1438 3873 1508; x_wconf 74' lang='lat' dir='ltr'><strong>exprobra-</strong></span> 
     </span>
    </p>
   </div>
   <div class='ocr_carea' id='block_1_30' title="bbox 2237 1528 3867 1599">
    <p class='ocr_par' dir='ltr' id='par_1_30' title="bbox 2237 1528 3867 1599">
     <span class='ocr_line' id='line_1_30' title="bbox 2237 1528 3867 1599; baseline -0.005 -10"><span class='ocrx_word' id='word_1_198' title='bbox 2237 1542 2418 1589; x_wconf 82' lang='lat' dir='ltr'><strong>verunt</strong></span> <span class='ocrx_word' id='word_1_199' title='bbox 2466 1533 2589 1597; x_wconf 88' lang='lat' dir='ltr'><strong>tibi,</strong></span> <span class='ocrx_word' id='word_1_200' title='bbox 2641 1532 2881 1588; x_wconf 80' lang='lat' dir='ltr'><strong>Domine.</strong></span> <span class='ocrx_word' id='word_1_201' title='bbox 2929 1531 3051 1587; x_wconf 86' lang='lat' dir='ltr'><strong>Tibi</strong></span> <span class='ocrx_word' id='word_1_202' title='bbox 3100 1531 3246 1588; x_wconf 86' lang='lat' dir='ltr'><strong>enim</strong></span> <span class='ocrx_word' id='word_1_203' title='bbox 3279 1532 3620 1599; x_wconf 80' lang='lat' dir='ltr'><strong>exprobrant</strong></span> <span class='ocrx_word' id='word_1_204' title='bbox 3662 1549 3677 1583; x_wconf 84' lang='lat'>:</span> <span class='ocrx_word' id='word_1_205' title='bbox 3722 1528 3867 1598; x_wconf 82' lang='lat' dir='ltr'><strong>quia</strong></span> 
     </span>
    </p>
   </div>
   <div class='ocr_carea' id='block_1_31' title="bbox 2236 1621 3863 1698">
    <p class='ocr_par' dir='ltr' id='par_1_31' title="bbox 2236 1621 3863 1698">
     <span class='ocr_line' id='line_1_31' title="bbox 2236 1621 3863 1698; baseline -0.007 -15"><span class='ocrx_word' id='word_1_206' title='bbox 2236 1636 2506 1698; x_wconf 86' lang='lat' dir='ltr'><strong>martyres</strong></span> <span class='ocrx_word' id='word_1_207' title='bbox 2524 1634 2645 1681; x_wconf 89' lang='lat' dir='ltr'><strong>tuos</strong></span> <span class='ocrx_word' id='word_1_208' title='bbox 2662 1626 2715 1680; x_wconf 94' lang='lat' dir='ltr'><strong>in</strong></span> <span class='ocrx_word' id='word_1_209' title='bbox 2732 1626 2928 1697; x_wconf 91' lang='lat' dir='ltr'><strong>quibus</strong></span> <span class='ocrx_word' id='word_1_210' title='bbox 2949 1624 3183 1688; x_wconf 89' lang='lat' dir='ltr'><strong>habitas,</strong></span> <span class='ocrx_word' id='word_1_211' title='bbox 3198 1622 3549 1679; x_wconf 83' lang='lat' dir='ltr'><strong>contumeliis</strong></span> <span class='ocrx_word' id='word_1_212' title='bbox 3572 1621 3863 1691; x_wconf 76' lang='lat' dir='ltr'><strong>afﬂigunt.</strong></span> 
     </span>
    </p>
   </div>
   <div class='ocr_carea' id='block_1_32' title="bbox 2310 1714 3866 1790">
    <p class='ocr_par' dir='ltr' id='par_1_32' title="bbox 2310 1714 3866 1790">
     <span class='ocr_line' id='line_1_32' title="bbox 2310 1714 3866 1790; baseline -0.005 -16"><span class='ocrx_word' id='word_1_213' title='bbox 2310 1719 2426 1776; x_wconf 87' lang='lat' dir='ltr'><strong>Nos</strong></span> <span class='ocrx_word' id='word_1_214' title='bbox 2458 1729 2630 1775; x_wconf 81' lang='lat' dir='ltr'><strong>autent</strong></span> <span class='ocrx_word' id='word_1_215' title='bbox 2656 1719 2878 1790; x_wconf 81' lang='lat' dir='ltr'><strong>papulus</strong></span> <span class='ocrx_word' id='word_1_216' title='bbox 2905 1726 3044 1785; x_wconf 88' lang='lat' dir='ltr'><strong>tuus,</strong></span> <span class='ocrx_word' id='word_1_217' title='bbox 3086 1726 3133 1770; x_wconf 89' lang='lat' dir='ltr'><strong>et</strong></span> <span class='ocrx_word' id='word_1_218' title='bbox 3166 1732 3283 1772; x_wconf 73' lang='lat' dir='ltr'><strong>ores</strong></span> <span class='ocrx_word' id='word_1_219' title='bbox 3309 1730 3527 1788; x_wconf 75' lang='lat' dir='ltr'><strong>pascua:</strong></span> <span class='ocrx_word' id='word_1_220' title='bbox 3557 1723 3683 1768; x_wconf 76' lang='lat' dir='ltr'><strong>tute.</strong></span> <span class='ocrx_word' id='word_1_221' title='bbox 3721 1714 3866 1767; x_wconf 61' lang='grc' dir='ltr'><strong>Ρτοα</strong></span> 
     </span>
    </p>
   </div>
   <div class='ocr_carea' id='block_1_33' title="bbox 538 1795 3864 1888">
    <p class='ocr_par' dir='ltr' id='par_1_33' title="bbox 538 1795 3864 1888">
     <span class='ocr_line' id='line_1_33' title="bbox 538 1795 3864 1888; baseline -0.003 -18"><span class='ocrx_word' id='word_1_222' title='bbox 538 1814 859 1885; x_wconf 78' lang='lat' dir='ltr'><strong>Eﬂ‘uderunt</strong></span> <span class='ocrx_word' id='word_1_223' title='bbox 878 1814 1182 1886; x_wconf 87' lang='lat' dir='ltr'><strong>sanguinem</strong></span> <span class='ocrx_word' id='word_1_224' title='bbox 1205 1814 1440 1888; x_wconf 85' lang='lat' dir='ltr'><strong>ipsorum</strong></span> <span class='ocrx_word' id='word_1_225' title='bbox 1464 1821 1724 1883; x_wconf 82' lang='lat' dir='ltr'><strong>tamquam</strong></span> <span class='ocrx_word' id='word_1_226' title='bbox 1744 1826 1933 1882; x_wconf 86' lang='lat' dir='ltr'><strong>aquam</strong></span> <span class='ocrx_word' id='word_1_227' title='bbox 1952 1811 2005 1864; x_wconf 91' lang='lat' dir='ltr'><strong>in</strong></span> <span class='ocrx_word' id='word_1_228' title='bbox 2031 1810 2135 1864; x_wconf 88' lang='lat' dir='ltr'><strong>cir-</strong></span> <span class='ocrx_word' id='word_1_229' title='bbox 2167 1795 2212 1856; x_wconf 83' lang='grc' dir='ltr'><strong>Β</strong></span> <span class='ocrx_word' id='word_1_230' title='bbox 2243 1821 2361 1883; x_wconf 89' lang='lat' dir='ltr'><strong>pler</strong></span> <span class='ocrx_word' id='word_1_231' title='bbox 2391 1811 2758 1867; x_wconf 84' lang='lat' dir='ltr'><strong>innocentiam</strong></span> <span class='ocrx_word' id='word_1_232' title='bbox 2790 1820 2997 1880; x_wconf 90' lang='lat' dir='ltr'><strong>autem,</strong></span> <span class='ocrx_word' id='word_1_233' title='bbox 3024 1825 3187 1880; x_wconf 90' lang='lat' dir='ltr'><strong>quam</strong></span> <span class='ocrx_word' id='word_1_234' title='bbox 3216 1818 3441 1879; x_wconf 79' lang='lat' dir='ltr'><strong>gerunt,</strong></span> <span class='ocrx_word' id='word_1_235' title='bbox 3472 1820 3612 1864; x_wconf 85' lang='lat' dir='ltr'><strong>oves</strong></span> <span class='ocrx_word' id='word_1_236' title='bbox 3643 1819 3864 1860; x_wconf 85' lang='lat' dir='ltr'><strong>vocan-</strong></span> 
     </span>
    </p>
   </div>
   <div class='ocr_carea' id='block_1_34' title="bbox 537 1902 2135 1977">
    <p class='ocr_par' dir='ltr' id='par_1_34' title="bbox 537 1902 2135 1977">
     <span class='ocr_line' id='line_1_34' title="bbox 537 1902 2135 1977; baseline -0.001 -16"><span class='ocrx_word' id='word_1_237' title='bbox 537 1907 679 1961; x_wconf 88' lang='lat' dir='ltr'><strong>cuitu</strong></span> <span class='ocrx_word' id='word_1_238' title='bbox 699 1904 1016 1973; x_wconf 79' lang='lat' dir='ltr'><strong>Jerusalem,</strong></span> <span class='ocrx_word' id='word_1_239' title='bbox 1044 1913 1093 1961; x_wconf 88' lang='lat' dir='ltr'><strong>et</strong></span> <span class='ocrx_word' id='word_1_240' title='bbox 1116 1922 1219 1960; x_wconf 89' lang='lat' dir='ltr'><strong>non</strong></span> <span class='ocrx_word' id='word_1_241' title='bbox 1240 1913 1351 1959; x_wconf 86' lang='lat' dir='ltr'><strong>erat</strong></span> <span class='ocrx_word' id='word_1_242' title='bbox 1370 1906 1461 1977; x_wconf 89' lang='lat' dir='ltr'><strong>qui</strong></span> <span class='ocrx_word' id='word_1_243' title='bbox 1486 1905 1743 1973; x_wconf 81' lang='lat' dir='ltr'><strong>sepeliret.</strong></span> <span class='ocrx_word' id='word_1_244' title='bbox 1767 1903 1894 1959; x_wconf 66' lang='lat' dir='ltr'><strong>llaec</strong></span> <span class='ocrx_word' id='word_1_245' title='bbox 1917 1902 2135 1973; x_wconf 89' lang='lat' dir='ltr'><strong>quidem</strong></span> 
     </span>
    </p>
   </div>
   <div class='ocr_carea' id='block_1_35' title="bbox 538 1993 2133 2055">
    <p class='ocr_par' dir='ltr' id='par_1_35' title="bbox 538 1993 2133 2055">
     <span class='ocr_line' id='line_1_35' title="bbox 538 1993 2133 2055; baseline -0.004 -1"><span class='ocrx_word' id='word_1_246' title='bbox 538 1997 591 2054; x_wconf 93' lang='lat' dir='ltr'><strong>in</strong></span> <span class='ocrx_word' id='word_1_247' title='bbox 621 1998 925 2055; x_wconf 85' lang='lat' dir='ltr'><strong>Jerusalem</strong></span> <span class='ocrx_word' id='word_1_248' title='bbox 972 2006 1100 2055; x_wconf 87' lang='lat' dir='ltr'><strong>ante</strong></span> <span class='ocrx_word' id='word_1_249' title='bbox 1136 1997 1431 2054; x_wconf 87' lang='lat' dir='ltr'><strong>adventum</strong></span> <span class='ocrx_word' id='word_1_250' title='bbox 1476 2005 1598 2052; x_wconf 88' lang='lat' dir='ltr'><strong>acta</strong></span> <span class='ocrx_word' id='word_1_251' title='bbox 1639 2004 1765 2052; x_wconf 89' lang='lat' dir='ltr'><strong>sunt</strong></span> <span class='ocrx_word' id='word_1_252' title='bbox 1794 1993 2091 2051; x_wconf 85' lang='lat' dir='ltr'><strong>Salvatoris</strong></span> <span class='ocrx_word' id='word_1_253' title='bbox 2121 2012 2133 2048; x_wconf 92' lang='lat'><strong>:</strong></span> 
     </span>
    </p>
   </div>
   <div class='ocr_carea' id='block_1_36' title="bbox 536 2088 2139 2162">
    <p class='ocr_par' dir='ltr' id='par_1_36' title="bbox 536 2088 2139 2162">
     <span class='ocr_line' id='line_1_36' title="bbox 536 2088 2139 2162; baseline -0.001 -15"><span class='ocrx_word' id='word_1_254' title='bbox 536 2092 633 2148; x_wconf 88' lang='lat' dir='ltr'><strong>sed</strong></span> <span class='ocrx_word' id='word_1_255' title='bbox 679 2093 992 2162; x_wconf 89' lang='lat' dir='ltr'><strong>passionem</strong></span> <span class='ocrx_word' id='word_1_256' title='bbox 1041 2091 1309 2148; x_wconf 90' lang='lat' dir='ltr'><strong>inlantum</strong></span> <span class='ocrx_word' id='word_1_257' title='bbox 1357 2091 1752 2161; x_wconf 81' lang='lat' dir='ltr'><strong>tignraverunt,</strong></span> <span class='ocrx_word' id='word_1_258' title='bbox 1804 2088 1895 2144; x_wconf 88' lang='lat' dir='ltr'><strong>ubi</strong></span> <span class='ocrx_word' id='word_1_259' title='bbox 1943 2103 2139 2145; x_wconf 90' lang='lat' dir='ltr'><strong>carnes</strong></span> 
     </span>
    </p>
   </div>
   <div class='ocr_carea' id='block_1_37' title="bbox 536 2180 2138 2254">
    <p class='ocr_par' dir='ltr' id='par_1_37' title="bbox 536 2180 2138 2254">
     <span class='ocr_line' id='line_1_37' title="bbox 536 2180 2138 2254; baseline -0.004 -15"><span class='ocrx_word' id='word_1_260' title='bbox 536 2198 727 2240; x_wconf 90' lang='lat' dir='ltr'><strong>eorum</strong></span> <span class='ocrx_word' id='word_1_261' title='bbox 757 2182 948 2240; x_wconf 89' lang='lat' dir='ltr'><strong>bestiis</strong></span> <span class='ocrx_word' id='word_1_262' title='bbox 977 2193 1142 2254; x_wconf 88' lang='lat' dir='ltr'><strong>atque</strong></span> <span class='ocrx_word' id='word_1_263' title='bbox 1174 2181 1512 2246; x_wconf 87' lang='lat' dir='ltr'><strong>volucribus,</strong></span> <span class='ocrx_word' id='word_1_264' title='bbox 1548 2182 1599 2236; x_wconf 89' lang='lat' dir='ltr'><strong>id</strong></span> <span class='ocrx_word' id='word_1_265' title='bbox 1629 2188 1733 2249; x_wconf 91' lang='lat' dir='ltr'><strong>est,</strong></span> <span class='ocrx_word' id='word_1_266' title='bbox 1770 2180 2138 2251; x_wconf 84' lang='lat' dir='ltr'><strong>persecutori-</strong></span> 
     </span>
    </p>
   </div>
   <div class='ocr_carea' id='block_1_38' title="bbox 538 2273 2138 2347">
    <p class='ocr_par' dir='ltr' id='par_1_38' title="bbox 538 2273 2138 2347">
     <span class='ocr_line' id='line_1_38' title="bbox 538 2273 2138 2347; baseline 0 -17"><span class='ocrx_word' id='word_1_267' title='bbox 538 2275 638 2330; x_wconf 85' lang='lat' dir='ltr'><strong>bus</strong></span> <span class='ocrx_word' id='word_1_268' title='bbox 669 2277 933 2347; x_wconf 64' lang='lat' dir='ltr'><strong>expositae</strong></span> <span class='ocrx_word' id='word_1_269' title='bbox 959 2285 1109 2341; x_wconf 89' lang='lat' dir='ltr'><strong>sunt,</strong></span> <span class='ocrx_word' id='word_1_270' title='bbox 1143 2285 1199 2332; x_wconf 92' lang='lat' dir='ltr'><strong>et</strong></span> <span class='ocrx_word' id='word_1_271' title='bbox 1225 2284 1375 2331; x_wconf 89' lang='lat' dir='ltr'><strong>tanta</strong></span> <span class='ocrx_word' id='word_1_272' title='bbox 1402 2274 1698 2332; x_wconf 88' lang='lat' dir='ltr'><strong>multitudo</strong></span> <span class='ocrx_word' id='word_1_273' title='bbox 1730 2273 2013 2346; x_wconf 83' lang='lat' dir='ltr'><strong>sanguinis</strong></span> <span class='ocrx_word' id='word_1_274' title='bbox 2053 2283 2138 2330; x_wconf 90' lang='lat' dir='ltr'><strong>est</strong></span> 
     </span>
    </p>
   </div>
   <div class='ocr_carea' id='block_1_39' title="bbox 536 2366 2135 2437">
    <p class='ocr_par' dir='ltr' id='par_1_39' title="bbox 536 2366 2135 2437">
     <span class='ocr_line' id='line_1_39' title="bbox 536 2366 2135 2437; baseline 0.001 -14"><span class='ocrx_word' id='word_1_275' title='bbox 536 2366 727 2430; x_wconf 75' lang='lat' dir='ltr'><strong>effusa.</strong></span> <span class='ocrx_word' id='word_1_276' title='bbox 756 2374 814 2421; x_wconf 87' lang='lat' dir='ltr'><strong>ut.</strong></span> <span class='ocrx_word' id='word_1_277' title='bbox 843 2367 935 2422; x_wconf 79' lang='lat' dir='ltr'><strong>vix</strong></span> <span class='ocrx_word' id='word_1_278' title='bbox 976 2366 1227 2423; x_wconf 91' lang='lat' dir='ltr'><strong>omnium</strong></span> <span class='ocrx_word' id='word_1_279' title='bbox 1272 2366 1495 2437; x_wconf 88' lang='lat' dir='ltr'><strong>sepeliri</strong></span> <span class='ocrx_word' id='word_1_280' title='bbox 1525 2366 1854 2437; x_wconf 90' lang='lat' dir='ltr'><strong>corpuscula</strong></span> <span class='ocrx_word' id='word_1_281' title='bbox 1889 2376 2135 2436; x_wconf 88' lang='lat' dir='ltr'><strong>possent.</strong></span> 
     </span>
    </p>
   </div>
   <div class='ocr_carea' id='block_1_40' title="bbox 536 2457 2139 2532">
    <p class='ocr_par' dir='ltr' id='par_1_40' title="bbox 536 2457 2139 2532">
     <span class='ocr_line' id='line_1_40' title="bbox 536 2457 2139 2532; baseline 0.001 -18"><span class='ocrx_word' id='word_1_282' title='bbox 536 2457 813 2515; x_wconf 89' lang='lat' dir='ltr'><strong>Circuitus</strong></span> <span class='ocrx_word' id='word_1_283' title='bbox 840 2467 1023 2515; x_wconf 84' lang='lat' dir='ltr'><strong>autem</strong></span> <span class='ocrx_word' id='word_1_284' title='bbox 1052 2459 1107 2515; x_wconf 94' lang='lat' dir='ltr'><strong>in</strong></span> <span class='ocrx_word' id='word_1_285' title='bbox 1144 2459 1529 2532; x_wconf 81' lang='lat' dir='ltr'><strong>Jerosolymis,</strong></span> <span class='ocrx_word' id='word_1_286' title='bbox 1570 2459 1839 2530; x_wconf 88' lang='lat' dir='ltr'><strong>plorantis</strong></span> <span class='ocrx_word' id='word_1_287' title='bbox 1874 2459 2139 2515; x_wconf 65' lang='lat' dir='ltr'><strong>Ecclesia:</strong></span> 
     </span>
    </p>
   </div>
   <div class='ocr_carea' id='block_1_41' title="bbox 538 2550 2140 2622">
    <p class='ocr_par' dir='ltr' id='par_1_41' title="bbox 538 2550 2140 2622">
     <span class='ocr_line' id='line_1_41' title="bbox 538 2550 2140 2622; baseline -0.001 -14"><span class='ocrx_word' id='word_1_288' title='bbox 538 2551 861 2622; x_wconf 78' lang='lat' dir='ltr'><strong>intelligitur</strong></span> <span class='ocrx_word' id='word_1_289' title='bbox 882 2551 1084 2620; x_wconf 91' lang='lat' dir='ltr'><strong>luctus,</strong></span> <span class='ocrx_word' id='word_1_290' title='bbox 1127 2551 1283 2622; x_wconf 81' lang='lat' dir='ltr'><strong>juxta</strong></span> <span class='ocrx_word' id='word_1_291' title='bbox 1332 2551 1505 2609; x_wconf 90' lang='lat' dir='ltr'><strong>illud:</strong></span> <span class='ocrx_word' id='word_1_292' title='bbox 1553 2550 1758 2608; x_wconf 84' lang='lat' dir='ltr'><strong>Rachel</strong></span> <span class='ocrx_word' id='word_1_293' title='bbox 1811 2552 2031 2622; x_wconf 87' lang='lat' dir='ltr'><strong>plorans</strong></span> <span class='ocrx_word' id='word_1_294' title='bbox 2078 2552 2140 2607; x_wconf 82' lang='grc' dir='ltr'>ιι-</span> 
     </span>
    </p>
   </div>
   <div class='ocr_carea' id='block_1_42' title="bbox 540 2643 2138 2720">
    <p class='ocr_par' dir='ltr' id='par_1_42' title="bbox 540 2643 2138 2720">
     <span class='ocr_line' id='line_1_42' title="bbox 540 2643 2138 2720; baseline 0.003 -21"><span class='ocrx_word' id='word_1_295' title='bbox 540 2643 646 2699; x_wconf 91' lang='lat' dir='ltr'><strong>lios</strong></span> <span class='ocrx_word' id='word_1_296' title='bbox 674 2658 824 2711; x_wconf 89' lang='lat' dir='ltr'><strong>suos,</strong></span> <span class='ocrx_word' id='word_1_297' title='bbox 857 2653 913 2701; x_wconf 93' lang='lat' dir='ltr'><strong>et</strong></span> <span class='ocrx_word' id='word_1_298' title='bbox 937 2644 1114 2701; x_wconf 92' lang='lat' dir='ltr'><strong>noluit</strong></span> <span class='ocrx_word' id='word_1_299' title='bbox 1140 2643 1439 2713; x_wconf 89' lang='lat' dir='ltr'><strong>consolari,</strong></span> <span class='ocrx_word' id='word_1_300' title='bbox 1470 2646 1595 2718; x_wconf 89' lang='lat' dir='ltr'><strong>quia</strong></span> <span class='ocrx_word' id='word_1_301' title='bbox 1623 2660 1729 2701; x_wconf 90' lang='lat' dir='ltr'><strong>non</strong></span> <span class='ocrx_word' id='word_1_302' title='bbox 1759 2654 1889 2702; x_wconf 91' lang='lat' dir='ltr'><strong>sunt</strong></span> <span class='ocrx_word' id='word_1_303' title='bbox 1918 2646 2138 2720; x_wconf 84' lang='lat' dir='ltr'><strong>(Jerem.</strong></span> 
     </span>
    </p>
   </div>
   <div class='ocr_carea' id='block_1_43' title="bbox 546 2734 1050 2810">
    <p class='ocr_par' dir='ltr' id='par_1_43' title="bbox 546 2734 1050 2810">
     <span class='ocr_line' id='line_1_43' title="bbox 546 2734 1050 2810; baseline 0.002 -18"><span class='ocrx_word' id='word_1_304' title='bbox 546 2751 714 2801; x_wconf 76' lang='lat' dir='ltr'><strong>xxxi;</strong></span> <span class='ocrx_word' id='word_1_305' title='bbox 745 2736 937 2792; x_wconf 76' lang='lat' dir='ltr'><strong>Matth.</strong></span> <span class='ocrx_word' id='word_1_306' title='bbox 965 2734 1050 2810; x_wconf 92' lang='grc' dir='ltr'>ιι).</span> 
     </span>
    </p>
   </div>
   <div class='ocr_carea' id='block_1_44' title="bbox 613 2827 2140 2906">
    <p class='ocr_par' dir='ltr' id='par_1_44' title="bbox 613 2827 2140 2906">
     <span class='ocr_line' id='line_1_44' title="bbox 613 2827 2140 2906; baseline 0.007 -26"><span class='ocrx_word' id='word_1_307' title='bbox 613 2827 770 2883; x_wconf 79' lang='lat' dir='ltr'><strong>Facti</strong></span> <span class='ocrx_word' id='word_1_308' title='bbox 798 2844 976 2883; x_wconf 90' lang='lat' dir='ltr'><strong>sumus</strong></span> <span class='ocrx_word' id='word_1_309' title='bbox 1021 2829 1358 2901; x_wconf 81' lang='lat' dir='ltr'><strong>opprobrium</strong></span> <span class='ocrx_word' id='word_1_310' title='bbox 1399 2832 1583 2889; x_wconf 75' lang='lat' dir='ltr'><strong>vicinis</strong></span> <span class='ocrx_word' id='word_1_311' title='bbox 1621 2834 1834 2902; x_wconf 87' lang='lat' dir='ltr'><strong>nostris,</strong></span> <span class='ocrx_word' id='word_1_312' title='bbox 1880 2843 1988 2891; x_wconf 86' lang='lat' dir='ltr'><strong>etc.</strong></span> <span class='ocrx_word' id='word_1_313' title='bbox 2031 2833 2140 2906; x_wconf 89' lang='lat' dir='ltr'><strong>Op-</strong></span> 
     </span>
    </p>
   </div>
   <div class='ocr_carea' id='block_1_45' title="bbox 548 2918 2133 2995">
    <p class='ocr_par' dir='ltr' id='par_1_45' title="bbox 548 2918 2133 2995">
     <span class='ocr_line' id='line_1_45' title="bbox 548 2918 2133 2995; baseline 0.006 -22"><span class='ocrx_word' id='word_1_314' title='bbox 548 2918 827 2990; x_wconf 85' lang='lat' dir='ltr'><strong>probrium</strong></span> <span class='ocrx_word' id='word_1_315' title='bbox 856 2920 993 2976; x_wconf 87' lang='lat' dir='ltr'><strong>liunt</strong></span> <span class='ocrx_word' id='word_1_316' title='bbox 1019 2922 1197 2977; x_wconf 81' lang='lat' dir='ltr'><strong>sancti</strong></span> <span class='ocrx_word' id='word_1_317' title='bbox 1228 2922 1313 2978; x_wconf 91' lang='lat' dir='ltr'><strong>his</strong></span> <span class='ocrx_word' id='word_1_318' title='bbox 1342 2925 1434 2995; x_wconf 93' lang='lat' dir='ltr'><strong>qui</strong></span> <span class='ocrx_word' id='word_1_319' title='bbox 1469 2925 1617 2994; x_wconf 82' lang='lat' dir='ltr'><strong>prius</strong></span> <span class='ocrx_word' id='word_1_320' title='bbox 1662 2926 1858 2983; x_wconf 82' lang='lat' dir='ltr'><strong>fratres</strong></span> <span class='ocrx_word' id='word_1_321' title='bbox 1897 2925 2133 2995; x_wconf 81' lang='lat' dir='ltr'><strong>fuerant,</strong></span> 
     </span>
    </p>
   </div>
   <div class='ocr_carea' id='block_1_46' title="bbox 543 3012 2139 3089">
    <p class='ocr_par' dir='ltr' id='par_1_46' title="bbox 543 3012 2139 3089">
     <span class='ocr_line' id='line_1_46' title="bbox 543 3012 2139 3089; baseline 0.006 -24"><span class='ocrx_word' id='word_1_322' title='bbox 543 3018 599 3065; x_wconf 92' lang='lat' dir='ltr'><strong>et</strong></span> <span class='ocrx_word' id='word_1_323' title='bbox 623 3020 751 3067; x_wconf 90' lang='lat' dir='ltr'><strong>tunc</strong></span> <span class='ocrx_word' id='word_1_324' title='bbox 775 3013 1014 3083; x_wconf 80' lang='lat' dir='ltr'><strong>separati</strong></span> <span class='ocrx_word' id='word_1_325' title='bbox 1044 3012 1114 3067; x_wconf 90' lang='lat' dir='ltr'><strong>ab</strong></span> <span class='ocrx_word' id='word_1_326' title='bbox 1144 3013 1414 3082; x_wconf 87' lang='lat' dir='ltr'><strong>Ecclesia,</strong></span> <span class='ocrx_word' id='word_1_327' title='bbox 1439 3014 1697 3072; x_wconf 89' lang='lat' dir='ltr'><strong>timentes</strong></span> <span class='ocrx_word' id='word_1_328' title='bbox 1740 3016 1907 3074; x_wconf 91' lang='lat' dir='ltr'><strong>Deum</strong></span> <span class='ocrx_word' id='word_1_329' title='bbox 1952 3033 2139 3089; x_wconf 88' lang='lat' dir='ltr'><strong>perse-</strong></span> 
     </span>
    </p>
   </div>
   <div class='ocr_carea' id='block_1_47' title="bbox 538 3104 1717 3176">
    <p class='ocr_par' dir='ltr' id='par_1_47' title="bbox 538 3104 1717 3176">
     <span class='ocr_line' id='line_1_47' title="bbox 538 3104 1717 3176; baseline 0.003 -18"><span class='ocrx_word' id='word_1_330' title='bbox 538 3112 783 3174; x_wconf 86' lang='lat' dir='ltr'><strong>quuntur</strong></span> <span class='ocrx_word' id='word_1_331' title='bbox 817 3123 829 3158; x_wconf 87' lang='lat'>:</span> <span class='ocrx_word' id='word_1_332' title='bbox 859 3104 1003 3176; x_wconf 90' lang='lat' dir='ltr'><strong>quod</strong></span> <span class='ocrx_word' id='word_1_333' title='bbox 1029 3104 1098 3161; x_wconf 88' lang='lat' dir='ltr'><strong>ad</strong></span> <span class='ocrx_word' id='word_1_334' title='bbox 1128 3105 1416 3164; x_wconf 70' lang='lat' dir='ltr'><strong>hmreticos</strong></span> <span class='ocrx_word' id='word_1_335' title='bbox 1450 3107 1717 3165; x_wconf 80' lang='lat' dir='ltr'><strong>refertur:</strong></span> 
     </span>
    </p>
   </div>
   <div class='ocr_carea' id='block_1_48' title="bbox 2241 1897 3855 1975">
    <p class='ocr_par' dir='ltr' id='par_1_48' title="bbox 2241 1897 3855 1975">
     <span class='ocr_line' id='line_1_48' title="bbox 2241 1897 3855 1975; baseline -0.006 -15"><span class='ocrx_word' id='word_1_336' title='bbox 2241 1914 2346 1971; x_wconf 88' lang='lat' dir='ltr'><strong>tur,</strong></span> <span class='ocrx_word' id='word_1_337' title='bbox 2381 1903 2466 1960; x_wconf 86' lang='lat' dir='ltr'><strong>vel</strong></span> <span class='ocrx_word' id='word_1_338' title='bbox 2505 1904 2632 1975; x_wconf 88' lang='lat' dir='ltr'><strong>quia</strong></span> <span class='ocrx_word' id='word_1_339' title='bbox 2659 1902 2937 1960; x_wconf 79' lang='lat' dir='ltr'><strong>Christum</strong></span> <span class='ocrx_word' id='word_1_340' title='bbox 2970 1912 3243 1975; x_wconf 88' lang='lat' dir='ltr'><strong>pastorem</strong></span> <span class='ocrx_word' id='word_1_341' title='bbox 3282 1900 3510 1956; x_wconf 87' lang='lat' dir='ltr'><strong>habent.</strong></span> <span class='ocrx_word' id='word_1_342' title='bbox 3551 1897 3855 1967; x_wconf 71' lang='lat' dir='ltr'><strong>Conﬁtebi-</strong></span> 
     </span>
    </p>
   </div>
   <div class='ocr_carea' id='block_1_49' title="bbox 2238 1990 3851 2068">
    <p class='ocr_par' dir='ltr' id='par_1_49' title="bbox 2238 1990 3851 2068">
     <span class='ocr_line' id='line_1_49' title="bbox 2238 1990 3851 2068; baseline -0.006 -15"><span class='ocrx_word' id='word_1_343' title='bbox 2238 2015 2354 2053; x_wconf 88' lang='lat' dir='ltr'><strong>ntur</strong></span> <span class='ocrx_word' id='word_1_344' title='bbox 2380 1998 2468 2053; x_wconf 86' lang='lat' dir='ltr'><strong>tibi</strong></span> <span class='ocrx_word' id='word_1_345' title='bbox 2501 1997 2555 2052; x_wconf 90' lang='lat' dir='ltr'><strong>in</strong></span> <span class='ocrx_word' id='word_1_346' title='bbox 2582 1995 2796 2060; x_wconf 72' lang='lat' dir='ltr'><strong>sa&#39;cula,</strong></span> <span class='ocrx_word' id='word_1_347' title='bbox 2819 2006 2866 2051; x_wconf 89' lang='lat' dir='ltr'><strong>et</strong></span> <span class='ocrx_word' id='word_1_348' title='bbox 2892 1997 2943 2050; x_wconf 88' lang='lat' dir='ltr'><strong>in</strong></span> <span class='ocrx_word' id='word_1_349' title='bbox 2969 1995 3302 2068; x_wconf 85' lang='lat' dir='ltr'><strong>generatione</strong></span> <span class='ocrx_word' id='word_1_350' title='bbox 3336 2003 3384 2047; x_wconf 89' lang='lat' dir='ltr'><strong>et</strong></span> <span class='ocrx_word' id='word_1_351' title='bbox 3426 1990 3851 2064; x_wconf 77' lang='lat' dir='ltr'><strong>generationem.</strong></span> 
     </span>
    </p>
   </div>
   <div class='ocr_carea' id='block_1_50' title="bbox 2241 2083 3857 2159">
    <p class='ocr_par' dir='ltr' id='par_1_50' title="bbox 2241 2083 3857 2159">
     <span class='ocr_line' id='line_1_50' title="bbox 2241 2083 3857 2159; baseline -0.006 -14"><span class='ocrx_word' id='word_1_352' title='bbox 2241 2090 2355 2145; x_wconf 88' lang='lat' dir='ltr'><strong>lloc</strong></span> <span class='ocrx_word' id='word_1_353' title='bbox 2382 2097 2487 2155; x_wconf 87' lang='lat' dir='ltr'><strong>est,</strong></span> <span class='ocrx_word' id='word_1_354' title='bbox 2517 2104 2547 2144; x_wconf 86' lang='lat' dir='ltr'><strong>a</strong></span> <span class='ocrx_word' id='word_1_355' title='bbox 2573 2088 2858 2157; x_wconf 81' lang='lat' dir='ltr'><strong>prophetis</strong></span> <span class='ocrx_word' id='word_1_356' title='bbox 2886 2102 3060 2159; x_wconf 90' lang='lat' dir='ltr'><strong>usque</strong></span> <span class='ocrx_word' id='word_1_357' title='bbox 3100 2087 3154 2141; x_wconf 91' lang='lat' dir='ltr'><strong>in</strong></span> <span class='ocrx_word' id='word_1_358' title='bbox 3194 2084 3519 2155; x_wconf 64' lang='lat' dir='ltr'><strong>Evangelia.</strong></span> <span class='ocrx_word' id='word_1_359' title='bbox 3547 2083 3857 2138; x_wconf 56' lang='lat' dir='ltr'><strong>Annuntiac</strong></span> 
     </span>
    </p>
   </div>
   <div class='ocr_carea' id='block_1_51' title="bbox 2240 2174 3858 2249">
    <p class='ocr_par' dir='ltr' id='par_1_51' title="bbox 2240 2174 3858 2249">
     <span class='ocr_line' id='line_1_51' title="bbox 2240 2174 3858 2249; baseline -0.006 -11"><span class='ocrx_word' id='word_1_360' title='bbox 2240 2182 2407 2238; x_wconf 87' lang='lat' dir='ltr'><strong>bimus</strong></span> <span class='ocrx_word' id='word_1_361' title='bbox 2429 2181 2635 2237; x_wconf 85' lang='lat' dir='ltr'><strong>laudent</strong></span> <span class='ocrx_word' id='word_1_362' title='bbox 2670 2191 2831 2235; x_wconf 88' lang='lat' dir='ltr'><strong>tuam.</strong></span> <span class='ocrx_word' id='word_1_363' title='bbox 2860 2179 2995 2249; x_wconf 86' lang='lat' dir='ltr'><strong>Quia</strong></span> <span class='ocrx_word' id='word_1_364' title='bbox 3026 2178 3122 2235; x_wconf 87' lang='lat' dir='ltr'><strong>tibi</strong></span> <span class='ocrx_word' id='word_1_365' title='bbox 3153 2188 3240 2235; x_wconf 91' lang='lat' dir='ltr'><strong>est</strong></span> <span class='ocrx_word' id='word_1_366' title='bbox 3280 2192 3406 2233; x_wconf 90' lang='lat' dir='ltr'><strong>cum</strong></span> <span class='ocrx_word' id='word_1_367' title='bbox 3446 2186 3664 2232; x_wconf 59' lang='lat' dir='ltr'><strong>artemo</strong></span> <span class='ocrx_word' id='word_1_368' title='bbox 3694 2174 3858 2230; x_wconf 81' lang='lat' dir='ltr'><strong>Patre</strong></span> 
     </span>
    </p>
   </div>
   <div class='ocr_carea' id='block_1_52' title="bbox 2240 2267 3861 2344">
    <p class='ocr_par' dir='ltr' id='par_1_52' title="bbox 2240 2267 3861 2344">
     <span class='ocr_line' id='line_1_52' title="bbox 2240 2267 3861 2344; baseline -0.006 -13"><span class='ocrx_word' id='word_1_369' title='bbox 2240 2283 2295 2331; x_wconf 88' lang='lat' dir='ltr'><strong>et</strong></span> <span class='ocrx_word' id='word_1_370' title='bbox 2315 2273 2519 2343; x_wconf 83' lang='lat' dir='ltr'><strong>Spiritu</strong></span> <span class='ocrx_word' id='word_1_371' title='bbox 2543 2284 2734 2329; x_wconf 90' lang='lat' dir='ltr'><strong>sancto</strong></span> <span class='ocrx_word' id='word_1_372' title='bbox 2766 2271 2943 2328; x_wconf 91' lang='lat' dir='ltr'><strong>honor</strong></span> <span class='ocrx_word' id='word_1_373' title='bbox 2963 2280 3017 2328; x_wconf 92' lang='lat' dir='ltr'><strong>et</strong></span> <span class='ocrx_word' id='word_1_374' title='bbox 3046 2270 3239 2344; x_wconf 79' lang='lat' dir='ltr'><strong>gloria,</strong></span> <span class='ocrx_word' id='word_1_375' title='bbox 3281 2268 3339 2326; x_wconf 92' lang='lat' dir='ltr'><strong>in</strong></span> <span class='ocrx_word' id='word_1_376' title='bbox 3375 2268 3584 2326; x_wconf 75' lang='lat' dir='ltr'><strong>sarcula</strong></span> <span class='ocrx_word' id='word_1_377' title='bbox 3616 2267 3861 2324; x_wconf 60' lang='lat' dir='ltr'><strong>saeculo-</strong></span> 
     </span>
    </p>
   </div>
   <div class='ocr_carea' id='block_1_53' title="bbox 2241 2369 2619 2425">
    <p class='ocr_par' dir='ltr' id='par_1_53' title="bbox 2241 2369 2619 2425">
     <span class='ocr_line' id='line_1_53' title="bbox 2241 2369 2619 2425; baseline -0.008 0"><span class='ocrx_word' id='word_1_378' title='bbox 2241 2383 2391 2425; x_wconf 91' lang='lat' dir='ltr'><strong>rum.</strong></span> <span class='ocrx_word' id='word_1_379' title='bbox 2424 2369 2619 2424; x_wconf 85' lang='lat' dir='ltr'><strong>Amen.</strong></span> 
     </span>
    </p>
   </div>
   <div class='ocr_carea' id='block_1_54' title="bbox 2732 2455 3333 2515">
    <p class='ocr_par' dir='ltr' id='par_1_54' title="bbox 2732 2455 3333 2515">
     <span class='ocr_line' id='line_1_54' title="bbox 2732 2455 3333 2515; baseline -0.003 -1"><span class='ocrx_word' id='word_1_380' title='bbox 2732 2455 3049 2515; x_wconf 72' lang='lat' dir='ltr'><strong>PSALMUS</strong></span> <span class='ocrx_word' id='word_1_381' title='bbox 3086 2455 3333 2513; x_wconf 78' lang='lat' dir='ltr'><strong>LXXIX.</strong></span> 
     </span>
    </p>
   </div>
   <div class='ocr_carea' id='block_1_55' title="bbox 2239 2547 3851 2625">
    <p class='ocr_par' dir='ltr' id='par_1_55' title="bbox 2239 2547 3851 2625">
     <span class='ocr_line' id='line_1_55' title="bbox 2239 2547 3851 2625; baseline -0.008 -15"><span class='ocrx_word' id='word_1_382' title='bbox 2239 2553 2306 2611; x_wconf 81' lang='lat' dir='ltr'><strong>In</strong></span> <span class='ocrx_word' id='word_1_383' title='bbox 2356 2555 2511 2625; x_wconf 81' lang='lat' dir='ltr'><strong>ﬁnem</strong></span> <span class='ocrx_word' id='word_1_384' title='bbox 2558 2572 2652 2622; x_wconf 88' lang='lat' dir='ltr'><strong>pro</strong></span> <span class='ocrx_word' id='word_1_385' title='bbox 2683 2554 2761 2609; x_wconf 83' lang='lat' dir='ltr'><strong>Itis</strong></span> <span class='ocrx_word' id='word_1_386' title='bbox 2800 2554 2888 2624; x_wconf 85' lang='lat' dir='ltr'><strong>qui</strong></span> <span class='ocrx_word' id='word_1_387' title='bbox 2936 2553 3430 2625; x_wconf 82' lang='lat' dir='ltr'><strong>comtnutabuntur,</strong></span> <span class='ocrx_word' id='word_1_388' title='bbox 3488 2547 3851 2625; x_wconf 71' lang='lat' dir='ltr'><strong>testimonium</strong></span> 
     </span>
    </p>
   </div>
   <div class='ocr_carea' id='block_1_56' title="bbox 2310 2618 3856 2697">
    <p class='ocr_par' dir='ltr' id='par_1_56' title="bbox 2310 2618 3856 2697">
     <span class='ocr_line' id='line_1_56' title="bbox 2310 2618 3856 2697; baseline -0.007 -14"><span class='ocrx_word' id='word_1_389' title='bbox 2310 2618 2509 2697; x_wconf 74' lang='lat' dir='ltr'><strong>Asaplt.</strong></span> <span class='ocrx_word' id='word_1_390' title='bbox 2542 2618 2649 2682; x_wconf 74' lang='lat' dir='ltr'><strong>iste</strong></span> <span class='ocrx_word' id='word_1_391' title='bbox 2675 2618 2913 2696; x_wconf 83' lang='lat' dir='ltr'><strong>psalmus</strong></span> <span class='ocrx_word' id='word_1_392' title='bbox 2936 2638 3127 2679; x_wconf 90' lang='lat' dir='ltr'><strong>vocem</strong></span> <span class='ocrx_word' id='word_1_393' title='bbox 3163 2623 3412 2697; x_wconf 70' lang='lat' dir='ltr'><strong>continet</strong></span> <span class='ocrx_word' id='word_1_394' title='bbox 3435 2621 3732 2697; x_wconf 80' lang='lat' dir='ltr'><strong>propheta:</strong></span> <span class='ocrx_word' id='word_1_395' title='bbox 3755 2618 3856 2674; x_wconf 77' lang='lat' dir='ltr'><strong>de-</strong></span> 
     </span>
    </p>
   </div>
   <div class='ocr_carea' id='block_1_57' title="bbox 2311 2693 3475 2769">
    <p class='ocr_par' dir='ltr' id='par_1_57' title="bbox 2311 2693 3475 2769">
     <span class='ocr_line' id='line_1_57' title="bbox 2311 2693 3475 2769; baseline -0.004 -18"><span class='ocrx_word' id='word_1_396' title='bbox 2311 2693 2606 2769; x_wconf 82' lang='lat' dir='ltr'><strong>precantis,</strong></span> <span class='ocrx_word' id='word_1_397' title='bbox 2636 2693 3022 2767; x_wconf 80' lang='lat' dir='ltr'><strong>narrantisque</strong></span> <span class='ocrx_word' id='word_1_398' title='bbox 3049 2693 3323 2765; x_wconf 68' lang='lat' dir='ltr'><strong>magnalia</strong></span> <span class='ocrx_word' id='word_1_399' title='bbox 3352 2693 3475 2749; x_wconf 86' lang='lat' dir='ltr'><strong>Dei.</strong></span> 
     </span>
    </p>
   </div>
   <div class='ocr_carea' id='block_1_58' title="bbox 2313 2826 3849 2909">
    <p class='ocr_par' dir='ltr' id='par_1_58' title="bbox 2313 2826 3849 2909">
     <span class='ocr_line' id='line_1_58' title="bbox 2313 2826 3849 2909; baseline -0.007 -20"><span class='ocrx_word' id='word_1_400' title='bbox 2313 2834 2416 2900; x_wconf 85' lang='lat' dir='ltr'><strong>Qui</strong></span> <span class='ocrx_word' id='word_1_401' title='bbox 2437 2836 2571 2909; x_wconf 85' lang='lat' dir='ltr'><strong>regis</strong></span> <span class='ocrx_word' id='word_1_402' title='bbox 2596 2832 2788 2897; x_wconf 89' lang='lat' dir='ltr'><strong>Israel,</strong></span> <span class='ocrx_word' id='word_1_403' title='bbox 2816 2831 3050 2886; x_wconf 87' lang='lat' dir='ltr'><strong>intende.</strong></span> <span class='ocrx_word' id='word_1_404' title='bbox 3077 2832 3119 2885; x_wconf 77' lang='grc' dir='ltr'><strong>Α</strong></span> <span class='ocrx_word' id='word_1_405' title='bbox 3150 2829 3262 2885; x_wconf 90' lang='lat' dir='ltr'><strong>Deo</strong></span> <span class='ocrx_word' id='word_1_406' title='bbox 3284 2828 3514 2900; x_wconf 81' lang='lat' dir='ltr'><strong>regitur,</strong></span> <span class='ocrx_word' id='word_1_407' title='bbox 3543 2826 3637 2898; x_wconf 88' lang='lat' dir='ltr'><strong>qui</strong></span> <span class='ocrx_word' id='word_1_408' title='bbox 3660 2832 3849 2880; x_wconf 86' lang='lat' dir='ltr'><strong>mente</strong></span> 
     </span>
    </p>
   </div>
   <div class='ocr_carea' id='block_1_59' title="bbox 2238 2918 3847 2999">
    <p class='ocr_par' dir='ltr' id='par_1_59' title="bbox 2238 2918 3847 2999">
     <span class='ocr_line' id='line_1_59' title="bbox 2238 2918 3847 2999; baseline -0.008 -13"><span class='ocrx_word' id='word_1_409' title='bbox 2238 2929 2385 2986; x_wconf 88' lang='lat' dir='ltr'><strong>videt</strong></span> <span class='ocrx_word' id='word_1_410' title='bbox 2406 2929 2599 2985; x_wconf 88' lang='lat' dir='ltr'><strong>Deum.</strong></span> <span class='ocrx_word' id='word_1_411' title='bbox 2631 2928 2775 2999; x_wconf 79' lang='lat' dir='ltr'><strong>Ergo</strong></span> <span class='ocrx_word' id='word_1_412' title='bbox 2800 2926 2946 2983; x_wconf 89' lang='lat' dir='ltr'><strong>hunc</strong></span> <span class='ocrx_word' id='word_1_413' title='bbox 2972 2924 3241 2998; x_wconf 86' lang='lat' dir='ltr'><strong>propheta</strong></span> <span class='ocrx_word' id='word_1_414' title='bbox 3270 2921 3562 2979; x_wconf 87' lang='lat' dir='ltr'><strong>intendere</strong></span> <span class='ocrx_word' id='word_1_415' title='bbox 3602 2921 3709 2976; x_wconf 90' lang='lat' dir='ltr'><strong>sibi</strong></span> <span class='ocrx_word' id='word_1_416' title='bbox 3744 2918 3847 2973; x_wconf 90' lang='lat' dir='ltr'><strong>de-</strong></span> 
     </span>
    </p>
   </div>
   <div class='ocr_carea' id='block_1_60' title="bbox 2239 3012 3846 3094">
    <p class='ocr_par' dir='ltr' id='par_1_60' title="bbox 2239 3012 3846 3094">
     <span class='ocr_line' id='line_1_60' title="bbox 2239 3012 3846 3094; baseline -0.008 -14"><span class='ocrx_word' id='word_1_417' title='bbox 2239 3024 2436 3094; x_wconf 85' lang='lat' dir='ltr'><strong>poscit.</strong></span> <span class='ocrx_word' id='word_1_418' title='bbox 2471 3022 2575 3089; x_wconf 87' lang='lat' dir='ltr'><strong>Qui</strong></span> <span class='ocrx_word' id='word_1_419' title='bbox 2622 3020 2797 3076; x_wconf 86' lang='lat' dir='ltr'><strong>educis</strong></span> <span class='ocrx_word' id='word_1_420' title='bbox 2825 3029 3091 3092; x_wconf 85' lang='lat' dir='ltr'><strong>tamquam</strong></span> <span class='ocrx_word' id='word_1_421' title='bbox 3122 3035 3237 3074; x_wconf 81' lang='lat' dir='ltr'><strong>oves</strong></span> <span class='ocrx_word' id='word_1_422' title='bbox 3266 3016 3483 3089; x_wconf 73' lang='lat' dir='ltr'><strong>Ioseph.</strong></span> <span class='ocrx_word' id='word_1_423' title='bbox 3525 3012 3650 3070; x_wconf 84' lang='lat' dir='ltr'><strong>Non</strong></span> <span class='ocrx_word' id='word_1_424' title='bbox 3689 3012 3846 3067; x_wconf 90' lang='lat' dir='ltr'><strong>illum</strong></span> 
     </span>
    </p>
   </div>
   <div class='ocr_carea' id='block_1_61' title="bbox 2183 3103 3846 3199">
    <p class='ocr_par' dir='ltr' id='par_1_61' title="bbox 2183 3103 3846 3199">
     <span class='ocr_line' id='line_1_61' title="bbox 2183 3103 3846 3199; baseline -0.01 -26"><span class='ocrx_word' id='word_1_425' title='bbox 2183 3174 2205 3199; x_wconf 42' lang='grc' dir='ltr'><strong>Ἰ</strong></span> <span class='ocrx_word' id='word_1_426' title='bbox 2237 3115 2630 3185; x_wconf 84' lang='lat' dir='ltr'><strong>Joseph,cujus</strong></span> <span class='ocrx_word' id='word_1_427' title='bbox 2658 3122 2843 3186; x_wconf 82' lang='lat' dir='ltr'><strong>typum</strong></span> <span class='ocrx_word' id='word_1_428' title='bbox 2866 3113 2917 3166; x_wconf 93' lang='lat' dir='ltr'><strong>in</strong></span> <span class='ocrx_word' id='word_1_429' title='bbox 2949 3111 3056 3166; x_wconf 89' lang='lat' dir='ltr'><strong>alio</strong></span> <span class='ocrx_word' id='word_1_430' title='bbox 3079 3110 3288 3181; x_wconf 87' lang='lat' dir='ltr'><strong>psalmo</strong></span> <span class='ocrx_word' id='word_1_431' title='bbox 3307 3107 3509 3178; x_wconf 86' lang='lat' dir='ltr'><strong>repulit</strong></span> <span class='ocrx_word' id='word_1_432' title='bbox 3529 3124 3543 3158; x_wconf 90' lang='lat'>:</span> <span class='ocrx_word' id='word_1_433' title='bbox 3563 3104 3660 3161; x_wconf 87' lang='lat' dir='ltr'><strong>sed</strong></span> <span class='ocrx_word' id='word_1_434' title='bbox 3690 3103 3846 3159; x_wconf 88' lang='lat' dir='ltr'><strong>illum</strong></span> 
     </span>
    </p>
   </div>
   <div class='ocr_carea' id='block_1_62' title="bbox 613 3182 3848 3281">
    <p class='ocr_par' dir='ltr' id='par_1_62' title="bbox 613 3182 3848 3281">
     <span class='ocr_line' id='line_1_62' title="bbox 613 3182 3848 3281; baseline -0.002 -26"><span class='ocrx_word' id='word_1_435' title='bbox 613 3199 913 3275; x_wconf 85' lang='lat' dir='ltr'><strong>Usquequo,</strong></span> <span class='ocrx_word' id='word_1_436' title='bbox 950 3200 1190 3271; x_wconf 87' lang='lat' dir='ltr'><strong>Domine,</strong></span> <span class='ocrx_word' id='word_1_437' title='bbox 1233 3205 1470 3260; x_wconf 86' lang='lat' dir='ltr'><strong>irasceris</strong></span> <span class='ocrx_word' id='word_1_438' title='bbox 1512 3206 1564 3260; x_wconf 90' lang='lat' dir='ltr'><strong>in</strong></span> <span class='ocrx_word' id='word_1_439' title='bbox 1602 3206 1781 3275; x_wconf 81' lang='lat' dir='ltr'><strong>ﬁnem,</strong></span> <span class='ocrx_word' id='word_1_440' title='bbox 1827 3207 2134 3262; x_wconf 83' lang='lat' dir='ltr'><strong>accendetur</strong></span> <span class='ocrx_word' id='word_1_441' title='bbox 2160 3182 2207 3242; x_wconf 56' lang='grc' dir='ltr'><strong>(λ</strong></span> <span class='ocrx_word' id='word_1_442' title='bbox 2237 3182 2582 3281; x_wconf 69' lang='lat' dir='ltr'><strong>qui;triginta</strong></span> <span class='ocrx_word' id='word_1_443' title='bbox 2609 3182 2883 3277; x_wconf 40' lang='lat' dir='ltr'><strong>argenteis</strong></span> <span class='ocrx_word' id='word_1_444' title='bbox 2913 3218 2945 3258; x_wconf 88' lang='lat' dir='ltr'><strong>a</strong></span> <span class='ocrx_word' id='word_1_445' title='bbox 2974 3202 3242 3273; x_wconf 90' lang='lat' dir='ltr'><strong>discipulo</strong></span> <span class='ocrx_word' id='word_1_446' title='bbox 3274 3198 3535 3255; x_wconf 87' lang='lat' dir='ltr'><strong>venditus</strong></span> <span class='ocrx_word' id='word_1_447' title='bbox 3558 3241 3573 3263; x_wconf 90' lang='lat'><strong>,</strong></span> <span class='ocrx_word' id='word_1_448' title='bbox 3617 3206 3848 3268; x_wconf 85' lang='lat' dir='ltr'><strong>paterna</strong></span> 
     </span>
    </p>
   </div>
   <div class='ocr_carea' id='block_1_63' title="bbox 538 3293 2136 3372">
    <p class='ocr_par' dir='ltr' id='par_1_63' title="bbox 538 3293 2136 3372">
     <span class='ocr_line' id='line_1_63' title="bbox 538 3293 2136 3372; baseline 0.004 -25"><span class='ocrx_word' id='word_1_449' title='bbox 538 3293 673 3348; x_wconf 68' lang='lat' dir='ltr'><strong>velut</strong></span> <span class='ocrx_word' id='word_1_450' title='bbox 718 3296 853 3366; x_wconf 86' lang='lat' dir='ltr'><strong>ignis</strong></span> <span class='ocrx_word' id='word_1_451' title='bbox 883 3295 1024 3350; x_wconf 74' lang='lat' dir='ltr'><strong>zelus</strong></span> <span class='ocrx_word' id='word_1_452' title='bbox 1051 3296 1206 3351; x_wconf 81' lang='lat' dir='ltr'><strong>tuus?</strong></span> <span class='ocrx_word' id='word_1_453' title='bbox 1238 3295 1464 3364; x_wconf 69' lang='lat' dir='ltr'><strong>E/Tunde</strong></span> <span class='ocrx_word' id='word_1_454' title='bbox 1501 3298 1645 3352; x_wconf 78' lang='lat' dir='ltr'><strong>iram</strong></span> <span class='ocrx_word' id='word_1_455' title='bbox 1673 3307 1814 3353; x_wconf 90' lang='lat' dir='ltr'><strong>tuam</strong></span> <span class='ocrx_word' id='word_1_456' title='bbox 1859 3299 1911 3353; x_wconf 90' lang='lat' dir='ltr'><strong>in</strong></span> <span class='ocrx_word' id='word_1_457' title='bbox 1960 3310 2136 3372; x_wconf 81' lang='lat' dir='ltr'><strong>gentes</strong></span> 
     </span>
    </p>
   </div>
   <div class='ocr_carea' id='block_1_64' title="bbox 534 3390 2129 3463">
    <p class='ocr_par' dir='ltr' id='par_1_64' title="bbox 534 3390 2129 3463">
     <span class='ocr_line' id='line_1_64' title="bbox 534 3390 2129 3463; baseline 0.004 -22"><span class='ocrx_word' id='word_1_458' title='bbox 534 3401 651 3457; x_wconf 77' lang='lat' dir='ltr'><strong>qua:</strong></span> <span class='ocrx_word' id='word_1_459' title='bbox 672 3395 721 3441; x_wconf 88' lang='lat' dir='ltr'><strong>te</strong></span> <span class='ocrx_word' id='word_1_460' title='bbox 750 3403 853 3441; x_wconf 90' lang='lat' dir='ltr'><strong>non</strong></span> <span class='ocrx_word' id='word_1_461' title='bbox 881 3396 1154 3455; x_wconf 85' lang='lat' dir='ltr'><strong>noverunt,</strong></span> <span class='ocrx_word' id='word_1_462' title='bbox 1178 3399 1225 3442; x_wconf 89' lang='lat' dir='ltr'><strong>et</strong></span> <span class='ocrx_word' id='word_1_463' title='bbox 1256 3390 1309 3444; x_wconf 87' lang='lat' dir='ltr'><strong>in</strong></span> <span class='ocrx_word' id='word_1_464' title='bbox 1341 3406 1502 3459; x_wconf 88' lang='lat' dir='ltr'><strong>regna</strong></span> <span class='ocrx_word' id='word_1_465' title='bbox 1529 3407 1644 3460; x_wconf 77' lang='lat' dir='ltr'><strong>qum</strong></span> <span class='ocrx_word' id='word_1_466' title='bbox 1672 3407 1880 3463; x_wconf 87' lang='lat' dir='ltr'><strong>nomen,</strong></span> <span class='ocrx_word' id='word_1_467' title='bbox 1910 3400 2019 3448; x_wconf 90' lang='lat' dir='ltr'><strong>etc.</strong></span> <span class='ocrx_word' id='word_1_468' title='bbox 2051 3391 2129 3448; x_wconf 86' lang='lat' dir='ltr'><strong>Ne</strong></span> 
     </span>
    </p>
   </div>
   <div class='ocr_carea' id='block_1_65' title="bbox 538 3477 2132 3555">
    <p class='ocr_par' dir='ltr' id='par_1_65' title="bbox 538 3477 2132 3555">
     <span class='ocr_line' id='line_1_65' title="bbox 538 3477 2132 3555; baseline 0.006 -23"><span class='ocrx_word' id='word_1_469' title='bbox 538 3477 695 3533; x_wconf 88' lang='lat' dir='ltr'><strong>nobis</strong></span> <span class='ocrx_word' id='word_1_470' title='bbox 719 3478 976 3535; x_wconf 89' lang='lat' dir='ltr'><strong>irascaris</strong></span> <span class='ocrx_word' id='word_1_471' title='bbox 1005 3495 1343 3550; x_wconf 63' lang='lat' dir='ltr'><strong>quaesumus,</strong></span> <span class='ocrx_word' id='word_1_472' title='bbox 1374 3483 1623 3550; x_wconf 89' lang='lat' dir='ltr'><strong>Domine,</strong></span> <span class='ocrx_word' id='word_1_473' title='bbox 1650 3486 1740 3555; x_wconf 87' lang='lat' dir='ltr'><strong>qui</strong></span> <span class='ocrx_word' id='word_1_474' title='bbox 1765 3493 1818 3541; x_wconf 92' lang='lat' dir='ltr'><strong>te</strong></span> <span class='ocrx_word' id='word_1_475' title='bbox 1844 3487 2132 3542; x_wconf 83' lang='lat' dir='ltr'><strong>novimus:</strong></span> 
     </span>
    </p>
   </div>
   <div class='ocr_carea' id='block_1_66' title="bbox 534 3570 2136 3650">
    <p class='ocr_par' dir='ltr' id='par_1_66' title="bbox 534 3570 2136 3650">
     <span class='ocr_line' id='line_1_66' title="bbox 534 3570 2136 3650; baseline 0.007 -25"><span class='ocrx_word' id='word_1_476' title='bbox 534 3570 630 3626; x_wconf 86' lang='lat' dir='ltr'><strong>sed</strong></span> <span class='ocrx_word' id='word_1_477' title='bbox 657 3571 708 3626; x_wconf 93' lang='lat' dir='ltr'><strong>in</strong></span> <span class='ocrx_word' id='word_1_478' title='bbox 732 3572 855 3627; x_wconf 89' lang='lat' dir='ltr'><strong>illos</strong></span> <span class='ocrx_word' id='word_1_479' title='bbox 877 3572 1055 3644; x_wconf 87' lang='lat' dir='ltr'><strong>potius</strong></span> <span class='ocrx_word' id='word_1_480' title='bbox 1084 3584 1344 3647; x_wconf 89' lang='lat' dir='ltr'><strong>retorque</strong></span> <span class='ocrx_word' id='word_1_481' title='bbox 1372 3576 1628 3634; x_wconf 81' lang='lat' dir='ltr'><strong>furorem.</strong></span> <span class='ocrx_word' id='word_1_482' title='bbox 1654 3588 1825 3646; x_wconf 89' lang='lat' dir='ltr'><strong>tuum,</strong></span> <span class='ocrx_word' id='word_1_483' title='bbox 1860 3579 1949 3650; x_wconf 92' lang='lat' dir='ltr'><strong>qui</strong></span> <span class='ocrx_word' id='word_1_484' title='bbox 1982 3579 2136 3636; x_wconf 86' lang='lat' dir='ltr'><strong>Chri-</strong></span> 
     </span>
    </p>
   </div>
   <div class='ocr_carea' id='block_1_67' title="bbox 538 3665 1165 3736">
    <p class='ocr_par' dir='ltr' id='par_1_67' title="bbox 538 3665 1165 3736">
     <span class='ocr_line' id='line_1_67' title="bbox 538 3665 1165 3736; baseline 0.005 -18"><span class='ocrx_word' id='word_1_485' title='bbox 538 3672 682 3718; x_wconf 85' lang='lat' dir='ltr'><strong>stum</strong></span> <span class='ocrx_word' id='word_1_486' title='bbox 711 3670 861 3719; x_wconf 92' lang='lat' dir='ltr'><strong>tuum</strong></span> <span class='ocrx_word' id='word_1_487' title='bbox 889 3665 1165 3736; x_wconf 77' lang='lat' dir='ltr'><strong>ignorant.</strong></span> 
     </span>
    </p>
   </div>
   <div class='ocr_carea' id='block_1_68' title="bbox 610 3754 2138 3835">
    <p class='ocr_par' dir='ltr' id='par_1_68' title="bbox 610 3754 2138 3835">
     <span class='ocr_line' id='line_1_68' title="bbox 610 3754 2138 3835; baseline 0.008 -27"><span class='ocrx_word' id='word_1_488' title='bbox 610 3754 748 3821; x_wconf 84' lang='lat' dir='ltr'><strong>Quia</strong></span> <span class='ocrx_word' id='word_1_489' title='bbox 779 3757 1107 3812; x_wconf 86' lang='lat' dir='ltr'><strong>comederunt</strong></span> <span class='ocrx_word' id='word_1_490' title='bbox 1153 3757 1342 3826; x_wconf 71' lang='lat' dir='ltr'><strong>Iacob,</strong></span> <span class='ocrx_word' id='word_1_491' title='bbox 1394 3768 1441 3815; x_wconf 89' lang='lat' dir='ltr'><strong>et</strong></span> <span class='ocrx_word' id='word_1_492' title='bbox 1496 3760 1662 3815; x_wconf 85' lang='lat' dir='ltr'><strong>locum</strong></span> <span class='ocrx_word' id='word_1_493' title='bbox 1714 3765 1829 3835; x_wconf 85' lang='lat' dir='ltr'><strong>ejus</strong></span> <span class='ocrx_word' id='word_1_494' title='bbox 1875 3763 2138 3820; x_wconf 86' lang='lat' dir='ltr'><strong>desolave-</strong></span> 
     </span>
    </p>
   </div>
   <div class='ocr_carea' id='block_1_69' title="bbox 536 3850 2101 3924">
    <p class='ocr_par' dir='ltr' id='par_1_69' title="bbox 536 3850 2101 3924">
     <span class='ocr_line' id='line_1_69' title="bbox 536 3850 2101 3924; baseline 0.007 -21"><span class='ocrx_word' id='word_1_495' title='bbox 536 3859 678 3905; x_wconf 88' lang='lat' dir='ltr'><strong>runt.</strong></span> <span class='ocrx_word' id='word_1_496' title='bbox 708 3850 861 3905; x_wconf 84' lang='lat' dir='ltr'><strong>illum</strong></span> <span class='ocrx_word' id='word_1_497' title='bbox 893 3852 1192 3920; x_wconf 86' lang='lat' dir='ltr'><strong>carnalem,</strong></span> <span class='ocrx_word' id='word_1_498' title='bbox 1221 3855 1311 3924; x_wconf 91' lang='lat' dir='ltr'><strong>qui</strong></span> <span class='ocrx_word' id='word_1_499' title='bbox 1334 3854 1592 3911; x_wconf 90' lang='lat' dir='ltr'><strong>seductus</strong></span> <span class='ocrx_word' id='word_1_500' title='bbox 1622 3865 1706 3912; x_wconf 84' lang='lat' dir='ltr'><strong>est</strong></span> <span class='ocrx_word' id='word_1_501' title='bbox 1729 3867 1849 3913; x_wconf 87' lang='lat' dir='ltr'><strong>astu</strong></span> <span class='ocrx_word' id='word_1_502' title='bbox 1876 3857 2101 3914; x_wconf 91' lang='lat' dir='ltr'><strong>inimici.</strong></span> 
     </span>
    </p>
   </div>
   <div class='ocr_carea' id='block_1_70' title="bbox 609 3943 2136 4025">
    <p class='ocr_par' dir='ltr' id='par_1_70' title="bbox 609 3943 2136 4025">
     <span class='ocr_line' id='line_1_70' title="bbox 609 3943 2136 4025; baseline 0.009 -29"><span class='ocrx_word' id='word_1_503' title='bbox 609 3943 694 3998; x_wconf 79' lang='lat' dir='ltr'><strong>Ne</strong></span> <span class='ocrx_word' id='word_1_504' title='bbox 718 3947 1009 4001; x_wconf 86' lang='lat' dir='ltr'><strong>memineris</strong></span> <span class='ocrx_word' id='word_1_505' title='bbox 1048 3948 1380 4018; x_wconf 87' lang='lat' dir='ltr'><strong>iniquitatum</strong></span> <span class='ocrx_word' id='word_1_506' title='bbox 1427 3958 1725 4006; x_wconf 85' lang='lat' dir='ltr'><strong>nostrarum</strong></span> <span class='ocrx_word' id='word_1_507' title='bbox 1757 3953 2091 4025; x_wconf 86' lang='lat' dir='ltr'><strong>antiquarum</strong></span> <span class='ocrx_word' id='word_1_508' title='bbox 2116 3970 2136 4009; x_wconf 91' lang='lat'><strong><em>:</em></strong></span> 
     </span>
    </p>
   </div>
   <div class='ocr_carea' id='block_1_71' title="bbox 535 4037 2137 4117">
    <p class='ocr_par' dir='ltr' id='par_1_71' title="bbox 535 4037 2137 4117">
     <span class='ocr_line' id='line_1_71' title="bbox 535 4037 2137 4117; baseline 0.007 -28"><span class='ocrx_word' id='word_1_509' title='bbox 535 4037 637 4089; x_wconf 83' lang='lat' dir='ltr'><strong>cito</strong></span> <span class='ocrx_word' id='word_1_510' title='bbox 684 4037 965 4109; x_wconf 82' lang='lat' dir='ltr'><strong>anticipent</strong></span> <span class='ocrx_word' id='word_1_511' title='bbox 1002 4054 1096 4093; x_wconf 86' lang='lat' dir='ltr'><strong>nos</strong></span> <span class='ocrx_word' id='word_1_512' title='bbox 1140 4040 1507 4097; x_wconf 77' lang='lat' dir='ltr'><strong>misericordia:</strong></span> <span class='ocrx_word' id='word_1_513' title='bbox 1555 4051 1679 4112; x_wconf 76' lang='lat' dir='ltr'><strong>tute,</strong></span> <span class='ocrx_word' id='word_1_514' title='bbox 1731 4043 1969 4113; x_wconf 86' lang='lat' dir='ltr'><strong>Domine,</strong></span> <span class='ocrx_word' id='word_1_515' title='bbox 2013 4048 2137 4117; x_wconf 87' lang='lat' dir='ltr'><strong>quia</strong></span> 
     </span>
    </p>
   </div>
   <div class='ocr_carea' id='block_1_72' title="bbox 539 4129 2137 4208">
    <p class='ocr_par' dir='ltr' id='par_1_72' title="bbox 539 4129 2137 4208">
     <span class='ocr_line' id='line_1_72' title="bbox 539 4129 2137 4208; baseline 0.008 -27"><span class='ocrx_word' id='word_1_516' title='bbox 539 4144 794 4200; x_wconf 85' lang='lat' dir='ltr'><strong>pauperes</strong></span> <span class='ocrx_word' id='word_1_517' title='bbox 836 4129 966 4200; x_wconf 82' lang='lat' dir='ltr'><strong>facti</strong></span> <span class='ocrx_word' id='word_1_518' title='bbox 1001 4147 1179 4186; x_wconf 88' lang='lat' dir='ltr'><strong>sumus</strong></span> <span class='ocrx_word' id='word_1_519' title='bbox 1225 4134 1400 4189; x_wconf 84' lang='lat' dir='ltr'><strong>nimis.</strong></span> <span class='ocrx_word' id='word_1_520' title='bbox 1450 4134 1757 4192; x_wconf 73' lang='lat' dir='ltr'><strong>Prmveniat</strong></span> <span class='ocrx_word' id='word_1_521' title='bbox 1797 4152 1897 4193; x_wconf 93' lang='lat' dir='ltr'><strong>nos</strong></span> <span class='ocrx_word' id='word_1_522' title='bbox 1923 4154 2137 4208; x_wconf 69' lang='lat' dir='ltr'><strong>qumsu-</strong></span> 
     </span>
    </p>
   </div>
   <div class='ocr_carea' id='block_1_73' title="bbox 539 4221 2137 4301">
    <p class='ocr_par' dir='ltr' id='par_1_73' title="bbox 539 4221 2137 4301">
     <span class='ocr_line' id='line_1_73' title="bbox 539 4221 2137 4301; baseline 0.009 -27"><span class='ocrx_word' id='word_1_523' title='bbox 539 4235 686 4288; x_wconf 89' lang='lat' dir='ltr'><strong>mus,</strong></span> <span class='ocrx_word' id='word_1_524' title='bbox 739 4221 992 4287; x_wconf 90' lang='lat' dir='ltr'><strong>Domine,</strong></span> <span class='ocrx_word' id='word_1_525' title='bbox 1046 4225 1462 4294; x_wconf 88' lang='lat' dir='ltr'><strong>misericordia,</strong></span> <span class='ocrx_word' id='word_1_526' title='bbox 1512 4243 1634 4299; x_wconf 74' lang='lat' dir='ltr'><strong>qua:</strong></span> <span class='ocrx_word' id='word_1_527' title='bbox 1684 4238 1769 4285; x_wconf 87' lang='lat' dir='ltr'><strong>est</strong></span> <span class='ocrx_word' id='word_1_528' title='bbox 1827 4229 2137 4301; x_wconf 83' lang='lat' dir='ltr'><strong>unigenitus</strong></span> 
     </span>
    </p>
   </div>
   <div class='ocr_carea' id='block_1_74' title="bbox 539 4314 2138 4392">
    <p class='ocr_par' dir='ltr' id='par_1_74' title="bbox 539 4314 2138 4392">
     <span class='ocr_line' id='line_1_74' title="bbox 539 4314 2138 4392; baseline 0.008 -25"><span class='ocrx_word' id='word_1_529' title='bbox 539 4321 688 4379; x_wconf 90' lang='lat' dir='ltr'><strong>tuus,</strong></span> <span class='ocrx_word' id='word_1_530' title='bbox 715 4324 775 4370; x_wconf 90' lang='lat' dir='ltr'><strong>ut</strong></span> <span class='ocrx_word' id='word_1_531' title='bbox 801 4316 1036 4371; x_wconf 86' lang='lat' dir='ltr'><strong>veniens</strong></span> <span class='ocrx_word' id='word_1_532' title='bbox 1068 4318 1390 4388; x_wconf 90' lang='lat' dir='ltr'><strong>propitietur</strong></span> <span class='ocrx_word' id='word_1_533' title='bbox 1416 4318 1790 4392; x_wconf 88' lang='lat' dir='ltr'><strong>iniquitatibus</strong></span> <span class='ocrx_word' id='word_1_534' title='bbox 1818 4314 2048 4391; x_wconf 85' lang='lat' dir='ltr'><strong>nostris,</strong></span> <span class='ocrx_word' id='word_1_535' title='bbox 2081 4334 2138 4380; x_wconf 88' lang='lat' dir='ltr'><strong>et</strong></span> 
     </span>
    </p>
   </div>
   <div class='ocr_carea' id='block_1_75' title="bbox 537 4408 2135 4481">
    <p class='ocr_par' dir='ltr' id='par_1_75' title="bbox 537 4408 2135 4481">
     <span class='ocr_line' id='line_1_75' title="bbox 537 4408 2135 4481; baseline 0.009 -23"><span class='ocrx_word' id='word_1_536' title='bbox 537 4413 693 4460; x_wconf 89' lang='lat' dir='ltr'><strong>eruat</strong></span> <span class='ocrx_word' id='word_1_537' title='bbox 729 4420 830 4461; x_wconf 90' lang='lat' dir='ltr'><strong>nos</strong></span> <span class='ocrx_word' id='word_1_538' title='bbox 852 4422 884 4462; x_wconf 93' lang='lat' dir='ltr'><strong>a</strong></span> <span class='ocrx_word' id='word_1_539' title='bbox 912 4408 1173 4478; x_wconf 88' lang='lat' dir='ltr'><strong>peccatis.</strong></span> <span class='ocrx_word' id='word_1_540' title='bbox 1197 4409 1470 4481; x_wconf 89' lang='lat' dir='ltr'><strong>Panperes</strong></span> <span class='ocrx_word' id='word_1_541' title='bbox 1509 4411 1656 4467; x_wconf 88' lang='lat' dir='ltr'><strong>enim</strong></span> <span class='ocrx_word' id='word_1_542' title='bbox 1695 4410 1823 4469; x_wconf 83' lang='lat' dir='ltr'><strong>facti</strong></span> <span class='ocrx_word' id='word_1_543' title='bbox 1866 4428 2055 4471; x_wconf 90' lang='lat' dir='ltr'><strong>sumus</strong></span> <span class='ocrx_word' id='word_1_544' title='bbox 2081 4416 2135 4472; x_wconf 92' lang='lat' dir='ltr'><strong>in</strong></span> 
     </span>
    </p>
   </div>
   <div class='ocr_carea' id='block_1_76' title="bbox 543 4496 1204 4569">
    <p class='ocr_par' dir='ltr' id='par_1_76' title="bbox 543 4496 1204 4569">
     <span class='ocr_line' id='line_1_76' title="bbox 543 4496 1204 4569; baseline 0.011 -19"><span class='ocrx_word' id='word_1_545' title='bbox 543 4496 748 4554; x_wconf 90' lang='lat' dir='ltr'><strong>mundo</strong></span> <span class='ocrx_word' id='word_1_546' title='bbox 781 4507 1004 4569; x_wconf 86' lang='lat' dir='ltr'><strong>propter</strong></span> <span class='ocrx_word' id='word_1_547' title='bbox 1030 4499 1204 4557; x_wconf 93' lang='lat' dir='ltr'><strong>illum.</strong></span> 
     </span>
    </p>
   </div>
   <div class='ocr_carea' id='block_1_77' title="bbox 2242 3290 3849 3364">
    <p class='ocr_par' dir='ltr' id='par_1_77' title="bbox 2242 3290 3849 3364">
     <span class='ocr_line' id='line_1_77' title="bbox 2242 3290 3849 3364; baseline -0.011 -5"><span class='ocrx_word' id='word_1_548' title='bbox 2242 3303 2439 3359; x_wconf 88' lang='lat' dir='ltr'><strong>virtute</strong></span> <span class='ocrx_word' id='word_1_549' title='bbox 2468 3316 2533 3357; x_wconf 89' lang='lat' dir='ltr'><strong>ex</strong></span> <span class='ocrx_word' id='word_1_550' title='bbox 2569 3298 2779 3355; x_wconf 86' lang='lat' dir='ltr'><strong>inferno</strong></span> <span class='ocrx_word' id='word_1_551' title='bbox 2809 3296 3074 3353; x_wconf 87' lang='lat' dir='ltr'><strong>deductus</strong></span> <span class='ocrx_word' id='word_1_552' title='bbox 3100 3303 3185 3351; x_wconf 88' lang='lat' dir='ltr'><strong>est</strong></span> <span class='ocrx_word' id='word_1_553' title='bbox 3210 3309 3331 3349; x_wconf 92' lang='lat' dir='ltr'><strong>cum</strong></span> <span class='ocrx_word' id='word_1_554' title='bbox 3358 3307 3526 3364; x_wconf 83' lang='lat' dir='ltr'><strong>grege</strong></span> <span class='ocrx_word' id='word_1_555' title='bbox 3549 3290 3849 3361; x_wconf 82' lang='lat' dir='ltr'><strong>jusmrum.</strong></span> 
     </span>
    </p>
   </div>
   <div class='ocr_carea' id='block_1_78' title="bbox 2314 3384 3853 3464">
    <p class='ocr_par' dir='ltr' id='par_1_78' title="bbox 2314 3384 3853 3464">
     <span class='ocr_line' id='line_1_78' title="bbox 2314 3384 3853 3464; baseline -0.008 -17"><span class='ocrx_word' id='word_1_556' title='bbox 2314 3395 2416 3464; x_wconf 83' lang='lat' dir='ltr'><strong>Qui</strong></span> <span class='ocrx_word' id='word_1_557' title='bbox 2439 3393 2583 3449; x_wconf 81' lang='lat' dir='ltr'><strong>sedes</strong></span> <span class='ocrx_word' id='word_1_558' title='bbox 2606 3408 2755 3464; x_wconf 85' lang='lat' dir='ltr'><strong>super</strong></span> <span class='ocrx_word' id='word_1_559' title='bbox 2775 3388 3071 3445; x_wconf 82' lang='lat' dir='ltr'><strong>Cherubim.</strong></span> <span class='ocrx_word' id='word_1_560' title='bbox 3111 3387 3287 3457; x_wconf 87' lang='lat' dir='ltr'><strong>Super</strong></span> <span class='ocrx_word' id='word_1_561' title='bbox 3314 3384 3710 3456; x_wconf 89' lang='lat' dir='ltr'><strong>plenitudinem</strong></span> <span class='ocrx_word' id='word_1_562' title='bbox 3735 3396 3853 3436; x_wconf 83' lang='lat' dir='ltr'><strong>om-</strong></span> 
     </span>
    </p>
   </div>
   <div class='ocr_carea' id='block_1_79' title="bbox 2240 3466 3853 3554">
    <p class='ocr_par' dir='ltr' id='par_1_79' title="bbox 2240 3466 3853 3554">
     <span class='ocr_line' id='line_1_79' title="bbox 2240 3466 3853 3554; baseline -0.011 -11"><span class='ocrx_word' id='word_1_563' title='bbox 2240 3486 2321 3543; x_wconf 87' lang='lat' dir='ltr'><strong>nis</strong></span> <span class='ocrx_word' id='word_1_564' title='bbox 2346 3485 2611 3543; x_wconf 83' lang='lat' dir='ltr'><strong>scientiae.</strong></span> <span class='ocrx_word' id='word_1_565' title='bbox 2639 3483 2866 3554; x_wconf 80' lang='lat' dir='ltr'><strong>Appare.</strong></span> <span class='ocrx_word' id='word_1_566' title='bbox 2903 3480 3039 3536; x_wconf 80' lang='lat' dir='ltr'><strong>Huic</strong></span> <span class='ocrx_word' id='word_1_567' title='bbox 3062 3466 3267 3535; x_wconf 80' lang='lat' dir='ltr'><strong>mundo</strong></span> <span class='ocrx_word' id='word_1_568' title='bbox 3299 3486 3350 3532; x_wconf 89' lang='lat' dir='ltr'><strong>te</strong></span> <span class='ocrx_word' id='word_1_569' title='bbox 3374 3475 3671 3532; x_wconf 90' lang='lat' dir='ltr'><strong>videndum</strong></span> <span class='ocrx_word' id='word_1_570' title='bbox 3701 3487 3853 3543; x_wconf 59' lang='lat' dir='ltr'><strong>prae.</strong></span> 
     </span>
    </p>
   </div>
   <div class='ocr_carea' id='block_1_80' title="bbox 2236 3565 3844 3651">
    <p class='ocr_par' dir='ltr' id='par_1_80' title="bbox 2236 3565 3844 3651">
     <span class='ocr_line' id='line_1_80' title="bbox 2236 3565 3844 3651; baseline -0.011 -15"><span class='ocrx_word' id='word_1_571' title='bbox 2236 3579 2328 3637; x_wconf 83' lang='lat' dir='ltr'><strong>be.</strong></span> <span class='ocrx_word' id='word_1_572' title='bbox 2359 3577 2547 3633; x_wconf 89' lang='lat' dir='ltr'><strong>Coram</strong></span> <span class='ocrx_word' id='word_1_573' title='bbox 2565 3576 2837 3651; x_wconf 79' lang='lat' dir='ltr'><strong>Epitraim,</strong></span> <span class='ocrx_word' id='word_1_574' title='bbox 2870 3583 2918 3628; x_wconf 87' lang='lat' dir='ltr'><strong>et</strong></span> <span class='ocrx_word' id='word_1_575' title='bbox 2949 3572 3246 3645; x_wconf 87' lang='lat' dir='ltr'><strong>Benjamin,</strong></span> <span class='ocrx_word' id='word_1_576' title='bbox 3287 3580 3335 3624; x_wconf 88' lang='lat' dir='ltr'><strong>et</strong></span> <span class='ocrx_word' id='word_1_577' title='bbox 3379 3568 3651 3623; x_wconf 80' lang='lat' dir='ltr'><strong>Manasse.</strong></span> <span class='ocrx_word' id='word_1_578' title='bbox 3680 3565 3844 3620; x_wconf 87' lang='lat' dir='ltr'><strong>Illum</strong></span> 
     </span>
    </p>
   </div>
   <div class='ocr_carea' id='block_1_81' title="bbox 2242 3658 3845 3740">
    <p class='ocr_par' dir='ltr' id='par_1_81' title="bbox 2242 3658 3845 3740">
     <span class='ocr_line' id='line_1_81' title="bbox 2242 3658 3845 3740; baseline -0.008 -13"><span class='ocrx_word' id='word_1_579' title='bbox 2242 3670 2499 3740; x_wconf 84' lang='lat' dir='ltr'><strong>Ephraim</strong></span> <span class='ocrx_word' id='word_1_580' title='bbox 2560 3670 2974 3736; x_wconf 84' lang='lat' dir='ltr'><strong>Manassemque</strong></span> <span class='ocrx_word' id='word_1_581' title='bbox 3031 3672 3448 3729; x_wconf 79' lang='lat' dir='ltr'><strong>commemorat,</strong></span> <span class='ocrx_word' id='word_1_582' title='bbox 3503 3676 3642 3733; x_wconf 91' lang='lat' dir='ltr'><strong>quos</strong></span> <span class='ocrx_word' id='word_1_583' title='bbox 3708 3658 3845 3714; x_wconf 84' lang='lat' dir='ltr'><strong>alibi</strong></span> 
     </span>
    </p>
   </div>
   <div class='ocr_carea' id='block_1_82' title="bbox 2240 3752 3833 3831">
    <p class='ocr_par' dir='ltr' id='par_1_82' title="bbox 2240 3752 3833 3831">
     <span class='ocr_line' id='line_1_82' title="bbox 2240 3752 3833 3831; baseline -0.008 -11"><span class='ocrx_word' id='word_1_584' title='bbox 2240 3764 2606 3820; x_wconf 80' lang='lat' dir='ltr'><strong>fortitudinem</strong></span> <span class='ocrx_word' id='word_1_585' title='bbox 2648 3763 2728 3817; x_wconf 90' lang='lat' dir='ltr'><strong>sui</strong></span> <span class='ocrx_word' id='word_1_586' title='bbox 2756 3761 2949 3831; x_wconf 84' lang='lat' dir='ltr'><strong>capitis</strong></span> <span class='ocrx_word' id='word_1_587' title='bbox 2979 3759 3133 3825; x_wconf 89' lang='lat' dir='ltr'><strong>dicit,</strong></span> <span class='ocrx_word' id='word_1_588' title='bbox 3166 3758 3220 3813; x_wconf 91' lang='lat' dir='ltr'><strong>id</strong></span> <span class='ocrx_word' id='word_1_589' title='bbox 3254 3765 3361 3824; x_wconf 89' lang='lat' dir='ltr'><strong>est,</strong></span> <span class='ocrx_word' id='word_1_590' title='bbox 3411 3756 3713 3812; x_wconf 86' lang='lat' dir='ltr'><strong>Ecclesiam</strong></span> <span class='ocrx_word' id='word_1_591' title='bbox 3741 3752 3833 3808; x_wconf 82' lang='lat' dir='ltr'><strong>vel</strong></span> 
     </span>
    </p>
   </div>
   <div class='ocr_carea' id='block_1_83' title="bbox 2240 3845 3831 3929">
    <p class='ocr_par' dir='ltr' id='par_1_83' title="bbox 2240 3845 3831 3929">
     <span class='ocr_line' id='line_1_83' title="bbox 2240 3845 3831 3929; baseline -0.01 -15"><span class='ocrx_word' id='word_1_592' title='bbox 2240 3856 2540 3929; x_wconf 82' lang='lat' dir='ltr'><strong>apostolos.</strong></span> <span class='ocrx_word' id='word_1_593' title='bbox 2574 3853 2730 3924; x_wconf 83' lang='lat' dir='ltr'><strong>Quod</strong></span> <span class='ocrx_word' id='word_1_594' title='bbox 2771 3861 2954 3910; x_wconf 88' lang='lat' dir='ltr'><strong>autem</strong></span> <span class='ocrx_word' id='word_1_595' title='bbox 2986 3850 3269 3921; x_wconf 75' lang='lat' dir='ltr'><strong>Beniamin</strong></span> <span class='ocrx_word' id='word_1_596' title='bbox 3312 3849 3366 3904; x_wconf 91' lang='lat' dir='ltr'><strong>in</strong></span> <span class='ocrx_word' id='word_1_597' title='bbox 3395 3847 3578 3920; x_wconf 71' lang='lat' dir='ltr'><strong>medio</strong></span> <span class='ocrx_word' id='word_1_598' title='bbox 3608 3845 3782 3915; x_wconf 86' lang='lat' dir='ltr'><strong>posuit</strong></span> <span class='ocrx_word' id='word_1_599' title='bbox 3811 3861 3831 3899; x_wconf 88' lang='lat'><strong>:</strong></span> 
     </span>
    </p>
   </div>
   <div class='ocr_carea' id='block_1_84' title="bbox 2247 3938 3843 4022">
    <p class='ocr_par' dir='ltr' id='par_1_84' title="bbox 2247 3938 3843 4022">
     <span class='ocr_line' id='line_1_84' title="bbox 2247 3938 3843 4022; baseline -0.009 -16"><span class='ocrx_word' id='word_1_600' title='bbox 2247 3950 2516 4022; x_wconf 77' lang='lat' dir='ltr'><strong>significat</strong></span> <span class='ocrx_word' id='word_1_601' title='bbox 2537 3947 2762 4004; x_wconf 75' lang='lat' dir='ltr'><strong>Paulum</strong></span> <span class='ocrx_word' id='word_1_602' title='bbox 2792 3944 3126 4016; x_wconf 86' lang='lat' dir='ltr'><strong>apostolum,</strong></span> <span class='ocrx_word' id='word_1_603' title='bbox 3153 3943 3248 4014; x_wconf 90' lang='lat' dir='ltr'><strong>qui</strong></span> <span class='ocrx_word' id='word_1_604' title='bbox 3278 3942 3348 3997; x_wconf 88' lang='lat' dir='ltr'><strong>de</strong></span> <span class='ocrx_word' id='word_1_605' title='bbox 3376 3942 3523 3995; x_wconf 90' lang='lat' dir='ltr'><strong>tribu</strong></span> <span class='ocrx_word' id='word_1_606' title='bbox 3554 3938 3843 4009; x_wconf 70' lang='lat' dir='ltr'><strong>Beniamin</strong></span> 
     </span>
    </p>
   </div>
   <div class='ocr_carea' id='block_1_85' title="bbox 2241 4031 3832 4108">
    <p class='ocr_par' dir='ltr' id='par_1_85' title="bbox 2241 4031 3832 4108">
     <span class='ocr_line' id='line_1_85' title="bbox 2241 4031 3832 4108; baseline -0.008 -11"><span class='ocrx_word' id='word_1_607' title='bbox 2241 4040 2542 4105; x_wconf 82' lang='lat' dir='ltr'><strong>descendit,</strong></span> <span class='ocrx_word' id='word_1_608' title='bbox 2570 4037 2782 4093; x_wconf 63' lang='lat' dir='ltr'><strong>caeteris</strong></span> <span class='ocrx_word' id='word_1_609' title='bbox 2809 4034 3076 4108; x_wconf 85' lang='lat' dir='ltr'><strong>apostolis</strong></span> <span class='ocrx_word' id='word_1_610' title='bbox 3107 4032 3425 4089; x_wconf 91' lang='lat' dir='ltr'><strong>sociandutn</strong></span> <span class='ocrx_word' id='word_1_611' title='bbox 3453 4031 3690 4103; x_wconf 80' lang='lat' dir='ltr'><strong>(Philip.</strong></span> <span class='ocrx_word' id='word_1_612' title='bbox 3723 4032 3832 4100; x_wconf 81' lang='lat' dir='ltr'><strong>ut).</strong></span> 
     </span>
    </p>
   </div>
   <div class='ocr_carea' id='block_1_86' title="bbox 2314 4124 3829 4202">
    <p class='ocr_par' dir='ltr' id='par_1_86' title="bbox 2314 4124 3829 4202">
     <span class='ocr_line' id='line_1_86' title="bbox 2314 4124 3829 4202; baseline -0.006 -14"><span class='ocrx_word' id='word_1_613' title='bbox 2314 4133 2500 4189; x_wconf 77' lang='lat' dir='ltr'><strong>Excitu</strong></span> <span class='ocrx_word' id='word_1_614' title='bbox 2531 4131 2809 4202; x_wconf 86' lang='lat' dir='ltr'><strong>potentiam</strong></span> <span class='ocrx_word' id='word_1_615' title='bbox 2836 4139 3000 4184; x_wconf 90' lang='lat' dir='ltr'><strong>tuam.</strong></span> <span class='ocrx_word' id='word_1_616' title='bbox 3054 4127 3228 4197; x_wconf 88' lang='lat' dir='ltr'><strong>Quam</strong></span> <span class='ocrx_word' id='word_1_617' title='bbox 3283 4125 3562 4198; x_wconf 67' lang='lat' dir='ltr'><strong>Egyptiis</strong></span> <span class='ocrx_word' id='word_1_618' title='bbox 3605 4141 3670 4180; x_wconf 91' lang='lat' dir='ltr'><strong>ac</strong></span> <span class='ocrx_word' id='word_1_619' title='bbox 3708 4124 3829 4180; x_wconf 77' lang='lat' dir='ltr'><strong>ﬁliis</strong></span> 
     </span>
    </p>
   </div>
   <div class='ocr_carea' id='block_1_87' title="bbox 2243 4218 3841 4290">
    <p class='ocr_par' dir='ltr' id='par_1_87' title="bbox 2243 4218 3841 4290">
     <span class='ocr_line' id='line_1_87' title="bbox 2243 4218 3841 4290; baseline -0.007 -9"><span class='ocrx_word' id='word_1_620' title='bbox 2243 4226 2406 4283; x_wconf 86' lang='lat' dir='ltr'><strong>Israel</strong></span> <span class='ocrx_word' id='word_1_621' title='bbox 2437 4223 2744 4281; x_wconf 88' lang='lat' dir='ltr'><strong>ostendisti.</strong></span> <span class='ocrx_word' id='word_1_622' title='bbox 2769 4220 2838 4276; x_wconf 86' lang='lat' dir='ltr'><strong>Et</strong></span> <span class='ocrx_word' id='word_1_623' title='bbox 2866 4222 2999 4290; x_wconf 74' lang='lat' dir='ltr'><strong>veni,</strong></span> <span class='ocrx_word' id='word_1_624' title='bbox 3030 4231 3084 4275; x_wconf 87' lang='lat' dir='ltr'><strong>ut</strong></span> <span class='ocrx_word' id='word_1_625' title='bbox 3110 4222 3278 4275; x_wconf 83' lang='lat' dir='ltr'><strong>salvos</strong></span> <span class='ocrx_word' id='word_1_626' title='bbox 3306 4222 3474 4287; x_wconf 71' lang='lat' dir='ltr'><strong>facias</strong></span> <span class='ocrx_word' id='word_1_627' title='bbox 3502 4235 3617 4273; x_wconf 85' lang='lat' dir='ltr'><strong>nos.</strong></span> <span class='ocrx_word' id='word_1_628' title='bbox 3644 4218 3713 4275; x_wconf 89' lang='lat' dir='ltr'><strong>Ut</strong></span> <span class='ocrx_word' id='word_1_629' title='bbox 3740 4218 3841 4272; x_wconf 86' lang='lat' dir='ltr'><strong>sic-</strong></span> 
     </span>
    </p>
   </div>
   <div class='ocr_carea' id='block_1_88' title="bbox 2242 4312 3832 4389">
    <p class='ocr_par' dir='ltr' id='par_1_88' title="bbox 2242 4312 3832 4389">
     <span class='ocr_line' id='line_1_88' title="bbox 2242 4312 3832 4389; baseline -0.004 -14"><span class='ocrx_word' id='word_1_630' title='bbox 2242 4328 2300 4377; x_wconf 95' lang='lat' dir='ltr'><strong>ut</strong></span> <span class='ocrx_word' id='word_1_631' title='bbox 2339 4320 2461 4375; x_wconf 87' lang='lat' dir='ltr'><strong>illos</strong></span> <span class='ocrx_word' id='word_1_632' title='bbox 2496 4317 2685 4374; x_wconf 89' lang='lat' dir='ltr'><strong>eruisti</strong></span> <span class='ocrx_word' id='word_1_633' title='bbox 2716 4316 2783 4373; x_wconf 89' lang='lat' dir='ltr'><strong>de</strong></span> <span class='ocrx_word' id='word_1_634' title='bbox 2811 4314 3067 4389; x_wconf 70' lang='lat' dir='ltr'><strong>Egypto,</strong></span> <span class='ocrx_word' id='word_1_635' title='bbox 3126 4316 3199 4370; x_wconf 89' lang='lat' dir='ltr'><strong>ita</strong></span> <span class='ocrx_word' id='word_1_636' title='bbox 3238 4328 3339 4370; x_wconf 91' lang='lat' dir='ltr'><strong>nos</strong></span> <span class='ocrx_word' id='word_1_637' title='bbox 3389 4312 3576 4369; x_wconf 87' lang='lat' dir='ltr'><strong>salves</strong></span> <span class='ocrx_word' id='word_1_638' title='bbox 3605 4328 3636 4367; x_wconf 89' lang='lat' dir='ltr'><strong>a</strong></span> <span class='ocrx_word' id='word_1_639' title='bbox 3683 4322 3832 4384; x_wconf 88' lang='lat' dir='ltr'><strong>pote-</strong></span> 
     </span>
    </p>
   </div>
   <div class='ocr_carea' id='block_1_89' title="bbox 2238 4412 2749 4471">
    <p class='ocr_par' dir='ltr' id='par_1_89' title="bbox 2238 4412 2749 4471">
     <span class='ocr_line' id='line_1_89' title="bbox 2238 4412 2749 4471; baseline -0.01 0"><span class='ocrx_word' id='word_1_640' title='bbox 2238 4422 2381 4471; x_wconf 86' lang='lat' dir='ltr'><strong>state</strong></span> <span class='ocrx_word' id='word_1_641' title='bbox 2419 4412 2749 4469; x_wconf 71' lang='lat' dir='ltr'><strong>dtemonum.</strong></span> 
     </span>
    </p>
   </div>
   <div class='ocr_carea' id='block_1_90' title="bbox 2312 4499 3830 4576">
    <p class='ocr_par' dir='ltr' id='par_1_90' title="bbox 2312 4499 3830 4576">
     <span class='ocr_line' id='line_1_90' title="bbox 2312 4499 3830 4576; baseline -0.007 -12"><span class='ocrx_word' id='word_1_642' title='bbox 2312 4509 2478 4576; x_wconf 82' lang='lat' dir='ltr'><strong>Deus,</strong></span> <span class='ocrx_word' id='word_1_643' title='bbox 2500 4515 2732 4562; x_wconf 84' lang='lat' dir='ltr'><strong>converte</strong></span> <span class='ocrx_word' id='word_1_644' title='bbox 2752 4521 2866 4560; x_wconf 82' lang='lat' dir='ltr'><strong>nos.</strong></span> <span class='ocrx_word' id='word_1_645' title='bbox 2891 4502 2974 4559; x_wconf 84' lang='lat' dir='ltr'><strong>Ad</strong></span> <span class='ocrx_word' id='word_1_646' title='bbox 3002 4513 3055 4559; x_wconf 91' lang='lat' dir='ltr'><strong>te</strong></span> <span class='ocrx_word' id='word_1_647' title='bbox 3074 4499 3538 4574; x_wconf 78' lang='lat' dir='ltr'><strong>cognoscendum.</strong></span> <span class='ocrx_word' id='word_1_648' title='bbox 3569 4499 3637 4554; x_wconf 80' lang='lat' dir='ltr'><strong>Et</strong></span> <span class='ocrx_word' id='word_1_649' title='bbox 3667 4510 3830 4556; x_wconf 87' lang='lat' dir='ltr'><strong>osten-</strong></span> 
     </span>
    </p>
   </div>
   <div class='ocr_carea' id='block_1_91' title="bbox 611 4573 3838 4675">
    <p class='ocr_par' dir='ltr' id='par_1_91' title="bbox 611 4573 3838 4675">
     <span class='ocr_line' id='line_1_91' title="bbox 611 4573 3838 4675; baseline 0.001 -29"><span class='ocrx_word' id='word_1_650' title='bbox 611 4591 814 4666; x_wconf 78' lang='lat' dir='ltr'><strong>Adjuva</strong></span> <span class='ocrx_word' id='word_1_651' title='bbox 840 4610 953 4658; x_wconf 88' lang='lat' dir='ltr'><strong>nos,</strong></span> <span class='ocrx_word' id='word_1_652' title='bbox 986 4594 1151 4667; x_wconf 85' lang='lat' dir='ltr'><strong>Deus,</strong></span> <span class='ocrx_word' id='word_1_653' title='bbox 1182 4596 1428 4653; x_wconf 87' lang='lat' dir='ltr'><strong>salutaris</strong></span> <span class='ocrx_word' id='word_1_654' title='bbox 1453 4608 1655 4668; x_wconf 84' lang='lat' dir='ltr'><strong>noster;</strong></span> <span class='ocrx_word' id='word_1_655' title='bbox 1681 4610 1893 4675; x_wconf 85' lang='lat' dir='ltr'><strong>propter</strong></span> <span class='ocrx_word' id='word_1_656' title='bbox 1914 4601 2138 4673; x_wconf 85' lang='lat' dir='ltr'><strong>gloriam</strong></span> <span class='ocrx_word' id='word_1_657' title='bbox 2163 4573 2308 4658; x_wconf 79' lang='lat' dir='ltr'><strong>Dde</strong></span> <span class='ocrx_word' id='word_1_658' title='bbox 2356 4573 2540 4672; x_wconf 78' lang='lat' dir='ltr'><strong>[aciem</strong></span> <span class='ocrx_word' id='word_1_659' title='bbox 2588 4610 2751 4667; x_wconf 81' lang='lat' dir='ltr'><strong>luant,</strong></span> <span class='ocrx_word' id='word_1_660' title='bbox 2797 4608 2844 4653; x_wconf 90' lang='lat' dir='ltr'><strong>et</strong></span> <span class='ocrx_word' id='word_1_661' title='bbox 2898 4598 3030 4654; x_wconf 79' lang='lat' dir='ltr'><strong>salui</strong></span> <span class='ocrx_word' id='word_1_662' title='bbox 3079 4573 3295 4651; x_wconf 81' lang='lat' dir='ltr'><strong>erimus.</strong></span> <span class='ocrx_word' id='word_1_663' title='bbox 3351 4592 3593 4650; x_wconf 87' lang='lat' dir='ltr'><strong>Ostende</strong></span> <span class='ocrx_word' id='word_1_664' title='bbox 3648 4594 3838 4650; x_wconf 83' lang='lat' dir='ltr'><strong>Filium</strong></span> 
     </span>
    </p>
   </div>
   <div class='ocr_carea' id='block_1_92' title="bbox 537 4687 2140 4767">
    <p class='ocr_par' dir='ltr' id='par_1_92' title="bbox 537 4687 2140 4767">
     <span class='ocr_line' id='line_1_92' title="bbox 537 4687 2140 4767; baseline 0.007 -27"><span class='ocrx_word' id='word_1_665' title='bbox 537 4687 763 4741; x_wconf 88' lang='lat' dir='ltr'><strong>nominis</strong></span> <span class='ocrx_word' id='word_1_666' title='bbox 788 4689 886 4752; x_wconf 89' lang='lat' dir='ltr'><strong>tui,</strong></span> <span class='ocrx_word' id='word_1_667' title='bbox 920 4687 1160 4758; x_wconf 89' lang='lat' dir='ltr'><strong>Domine,</strong></span> <span class='ocrx_word' id='word_1_668' title='bbox 1191 4690 1355 4747; x_wconf 89' lang='lat' dir='ltr'><strong>libera</strong></span> <span class='ocrx_word' id='word_1_669' title='bbox 1384 4710 1498 4765; x_wconf 86' lang='lat' dir='ltr'><strong>nos,</strong></span> <span class='ocrx_word' id='word_1_670' title='bbox 1525 4704 1574 4749; x_wconf 90' lang='lat' dir='ltr'><strong>et</strong></span> <span class='ocrx_word' id='word_1_671' title='bbox 1598 4697 1855 4767; x_wconf 86' lang='lat' dir='ltr'><strong>prapitius</strong></span> <span class='ocrx_word' id='word_1_672' title='bbox 1887 4704 1994 4752; x_wconf 89' lang='lat' dir='ltr'><strong>esto</strong></span> <span class='ocrx_word' id='word_1_673' title='bbox 2019 4713 2140 4766; x_wconf 88' lang='lat' dir='ltr'><strong>pec-</strong></span> 
     </span>
    </p>
   </div>
   <div class='ocr_carea' id='block_1_93' title="bbox 540 4780 2139 4859">
    <p class='ocr_par' dir='ltr' id='par_1_93' title="bbox 540 4780 2139 4859">
     <span class='ocr_line' id='line_1_93' title="bbox 540 4780 2139 4859; baseline 0.007 -27"><span class='ocrx_word' id='word_1_674' title='bbox 540 4780 669 4834; x_wconf 88' lang='lat' dir='ltr'><strong>catis</strong></span> <span class='ocrx_word' id='word_1_675' title='bbox 699 4782 910 4851; x_wconf 82' lang='lat' dir='ltr'><strong>nostris,</strong></span> <span class='ocrx_word' id='word_1_676' title='bbox 944 4792 1051 4838; x_wconf 90' lang='lat' dir='ltr'><strong>etc.</strong></span> <span class='ocrx_word' id='word_1_677' title='bbox 1082 4782 1235 4841; x_wconf 84' lang='lat' dir='ltr'><strong>Tunc</strong></span> <span class='ocrx_word' id='word_1_678' title='bbox 1266 4786 1442 4852; x_wconf 90' lang='lat' dir='ltr'><strong>uobis,</strong></span> <span class='ocrx_word' id='word_1_679' title='bbox 1478 4787 1566 4843; x_wconf 92' lang='lat' dir='ltr'><strong>vel</strong></span> <span class='ocrx_word' id='word_1_680' title='bbox 1607 4788 1856 4859; x_wconf 88' lang='lat' dir='ltr'><strong>adjuvas,</strong></span> <span class='ocrx_word' id='word_1_681' title='bbox 1889 4789 1976 4845; x_wconf 79' lang='lat' dir='ltr'><strong>vel</strong></span> <span class='ocrx_word' id='word_1_682' title='bbox 2013 4805 2139 4859; x_wconf 85' lang='lat' dir='ltr'><strong>pro-</strong></span> 
     </span>
    </p>
   </div>
   <div class='ocr_carea' id='block_1_94' title="bbox 542 4872 2136 4953">
    <p class='ocr_par' dir='ltr' id='par_1_94' title="bbox 542 4872 2136 4953">
     <span class='ocr_line' id='line_1_94' title="bbox 542 4872 2136 4953; baseline 0.008 -27"><span class='ocrx_word' id='word_1_683' title='bbox 542 4872 751 4943; x_wconf 87' lang='lat' dir='ltr'><strong>pitiaris</strong></span> <span class='ocrx_word' id='word_1_684' title='bbox 779 4893 792 4927; x_wconf 88' lang='lat'>:</span> <span class='ocrx_word' id='word_1_685' title='bbox 816 4875 861 4930; x_wconf 91' lang='lat' dir='ltr'><strong>si</strong></span> <span class='ocrx_word' id='word_1_686' title='bbox 891 4875 1115 4932; x_wconf 85' lang='lat' dir='ltr'><strong>claritas</strong></span> <span class='ocrx_word' id='word_1_687' title='bbox 1144 4877 1382 4934; x_wconf 90' lang='lat' dir='ltr'><strong>nominis</strong></span> <span class='ocrx_word' id='word_1_688' title='bbox 1404 4880 1504 4943; x_wconf 87' lang='lat' dir='ltr'><strong>tui,</strong></span> <span class='ocrx_word' id='word_1_689' title='bbox 1536 4896 1657 4950; x_wconf 72' lang='lat' dir='ltr'><strong>qua:</strong></span> <span class='ocrx_word' id='word_1_690' title='bbox 1682 4881 1734 4937; x_wconf 90' lang='lat' dir='ltr'><strong>in</strong></span> <span class='ocrx_word' id='word_1_691' title='bbox 1757 4881 2015 4953; x_wconf 79' lang='lat' dir='ltr'><strong>gentibus</strong></span> <span class='ocrx_word' id='word_1_692' title='bbox 2039 4881 2136 4939; x_wconf 86' lang='lat' dir='ltr'><strong>be-</strong></span> 
     </span>
    </p>
   </div>
   <div class='ocr_carea' id='block_1_95' title="bbox 542 4966 1804 5045">
    <p class='ocr_par' dir='ltr' id='par_1_95' title="bbox 542 4966 1804 5045">
     <span class='ocr_line' id='line_1_95' title="bbox 542 4966 1804 5045; baseline 0.007 -24"><span class='ocrx_word' id='word_1_693' title='bbox 542 4966 831 5035; x_wconf 89' lang='lat' dir='ltr'><strong>ucdicitur,</strong></span> <span class='ocrx_word' id='word_1_694' title='bbox 866 4984 966 5024; x_wconf 90' lang='lat' dir='ltr'><strong>nos</strong></span> <span class='ocrx_word' id='word_1_695' title='bbox 998 4979 1175 5027; x_wconf 88' lang='lat' dir='ltr'><strong>morte</strong></span> <span class='ocrx_word' id='word_1_696' title='bbox 1197 4987 1293 5027; x_wconf 89' lang='lat' dir='ltr'><strong>sua</strong></span> <span class='ocrx_word' id='word_1_697' title='bbox 1324 4987 1353 5026; x_wconf 93' lang='lat' dir='ltr'><strong>a</strong></span> <span class='ocrx_word' id='word_1_698' title='bbox 1388 4982 1564 5029; x_wconf 90' lang='lat' dir='ltr'><strong>morte</strong></span> <span class='ocrx_word' id='word_1_699' title='bbox 1587 4975 1804 5045; x_wconf 89' lang='lat' dir='ltr'><strong>eripiat.</strong></span> 
     </span>
    </p>
   </div>
   <div class='ocr_carea' id='block_1_96' title="bbox 612 5060 2132 5138">
    <p class='ocr_par' dir='ltr' id='par_1_96' title="bbox 612 5060 2132 5138">
     <span class='ocr_line' id='line_1_96' title="bbox 612 5060 2132 5138; baseline 0.007 -23"><span class='ocrx_word' id='word_1_700' title='bbox 612 5060 907 5132; x_wconf 86' lang='lat' dir='ltr'><strong>Nequando</strong></span> <span class='ocrx_word' id='word_1_701' title='bbox 931 5066 1105 5121; x_wconf 83' lang='lat' dir='ltr'><strong>dicant</strong></span> <span class='ocrx_word' id='word_1_702' title='bbox 1124 5077 1320 5138; x_wconf 80' lang='lat' dir='ltr'><strong>gentes,</strong></span> <span class='ocrx_word' id='word_1_703' title='bbox 1350 5067 1439 5122; x_wconf 88' lang='lat' dir='ltr'><strong>ubi</strong></span> <span class='ocrx_word' id='word_1_704' title='bbox 1470 5077 1546 5122; x_wconf 88' lang='lat' dir='ltr'><strong>est</strong></span> <span class='ocrx_word' id='word_1_705' title='bbox 1571 5067 1713 5124; x_wconf 88' lang='lat' dir='ltr'><strong>Deus</strong></span> <span class='ocrx_word' id='word_1_706' title='bbox 1744 5072 1958 5125; x_wconf 89' lang='lat' dir='ltr'><strong>eorum?</strong></span> <span class='ocrx_word' id='word_1_707' title='bbox 1976 5081 2023 5125; x_wconf 88' lang='lat' dir='ltr'><strong>et</strong></span> <span class='ocrx_word' id='word_1_708' title='bbox 2048 5072 2132 5126; x_wconf 90' lang='lat' dir='ltr'><strong>in-</strong></span> 
     </span>
    </p>
   </div>
   <div class='ocr_carea' id='block_1_97' title="bbox 538 5156 2134 5228">
    <p class='ocr_par' dir='ltr' id='par_1_97' title="bbox 538 5156 2134 5228">
     <span class='ocr_line' id='line_1_97' title="bbox 538 5156 2134 5228; baseline 0.006 -19"><span class='ocrx_word' id='word_1_709' title='bbox 538 5164 763 5209; x_wconf 85' lang='lat' dir='ltr'><strong>notescat</strong></span> <span class='ocrx_word' id='word_1_710' title='bbox 803 5156 857 5211; x_wconf 91' lang='lat' dir='ltr'><strong>in</strong></span> <span class='ocrx_word' id='word_1_711' title='bbox 897 5158 1192 5213; x_wconf 87' lang='lat' dir='ltr'><strong>nationibus</strong></span> <span class='ocrx_word' id='word_1_712' title='bbox 1222 5176 1398 5214; x_wconf 89' lang='lat' dir='ltr'><strong>corant</strong></span> <span class='ocrx_word' id='word_1_713' title='bbox 1447 5160 1612 5215; x_wconf 89' lang='lat' dir='ltr'><strong>oculis</strong></span> <span class='ocrx_word' id='word_1_714' title='bbox 1644 5164 1855 5217; x_wconf 87' lang='lat' dir='ltr'><strong>nostris.</strong></span> <span class='ocrx_word' id='word_1_715' title='bbox 1910 5161 2134 5228; x_wconf 83' lang='lat' dir='ltr'><strong>Gentes,</strong></span> 
     </span>
    </p>
   </div>
   <div class='ocr_carea' id='block_1_98' title="bbox 535 5247 2138 5326">
    <p class='ocr_par' dir='ltr' id='par_1_98' title="bbox 535 5247 2138 5326">
     <span class='ocr_line' id='line_1_98' title="bbox 535 5247 2138 5326; baseline 0.006 -24"><span class='ocrx_word' id='word_1_716' title='bbox 535 5247 657 5302; x_wconf 86' lang='lat' dir='ltr'><strong>sive</strong></span> <span class='ocrx_word' id='word_1_717' title='bbox 680 5250 953 5319; x_wconf 89' lang='lat' dir='ltr'><strong>nationes,</strong></span> <span class='ocrx_word' id='word_1_718' title='bbox 985 5260 1284 5321; x_wconf 88' lang='lat' dir='ltr'><strong>potestates</strong></span> <span class='ocrx_word' id='word_1_719' title='bbox 1309 5252 1553 5309; x_wconf 75' lang='lat' dir='ltr'><strong>adversa:</strong></span> <span class='ocrx_word' id='word_1_720' title='bbox 1580 5263 1727 5324; x_wconf 90' lang='lat' dir='ltr'><strong>sunt,</strong></span> <span class='ocrx_word' id='word_1_721' title='bbox 1753 5270 1873 5326; x_wconf 75' lang='lat' dir='ltr'><strong>qua:</strong></span> <span class='ocrx_word' id='word_1_722' title='bbox 1899 5254 2138 5311; x_wconf 84' lang='lat' dir='ltr'><strong>invales-</strong></span> 
     </span>
    </p>
   </div>
   <div class='ocr_carea' id='block_1_99' title="bbox 537 5341 2136 5413">
    <p class='ocr_par' dir='ltr' id='par_1_99' title="bbox 537 5341 2136 5413">
     <span class='ocr_line' id='line_1_99' title="bbox 537 5341 2136 5413; baseline 0.007 -19"><span class='ocrx_word' id='word_1_723' title='bbox 537 5349 670 5395; x_wconf 91' lang='lat' dir='ltr'><strong>cunt</strong></span> <span class='ocrx_word' id='word_1_724' title='bbox 698 5341 996 5398; x_wconf 86' lang='lat' dir='ltr'><strong>adversum</strong></span> <span class='ocrx_word' id='word_1_725' title='bbox 1042 5359 1163 5413; x_wconf 90' lang='lat' dir='ltr'><strong>nos,</strong></span> <span class='ocrx_word' id='word_1_726' title='bbox 1188 5343 1434 5401; x_wconf 90' lang='lat' dir='ltr'><strong>dicentes</strong></span> <span class='ocrx_word' id='word_1_727' title='bbox 1469 5364 1481 5399; x_wconf 91' lang='lat'><strong>:</strong></span> <span class='ocrx_word' id='word_1_728' title='bbox 1520 5344 1626 5403; x_wconf 83' lang='lat' dir='ltr'><strong>Ubi</strong></span> <span class='ocrx_word' id='word_1_729' title='bbox 1658 5356 1743 5402; x_wconf 90' lang='lat' dir='ltr'><strong>est</strong></span> <span class='ocrx_word' id='word_1_730' title='bbox 1785 5347 1927 5403; x_wconf 92' lang='lat' dir='ltr'><strong>Deus</strong></span> <span class='ocrx_word' id='word_1_731' title='bbox 1968 5364 2136 5405; x_wconf 88' lang='lat' dir='ltr'><strong>verax</strong></span> 
     </span>
    </p>
   </div>
   <div class='ocr_carea' id='block_1_100' title="bbox 538 5434 1994 5511">
    <p class='ocr_par' dir='ltr' id='par_1_100' title="bbox 538 5434 1994 5511">
     <span class='ocr_line' id='line_1_100' title="bbox 538 5434 1994 5511; baseline 0.008 -25"><span class='ocrx_word' id='word_1_732' title='bbox 538 5435 758 5489; x_wconf 76' lang='lat' dir='ltr'><strong>vester?</strong></span> <span class='ocrx_word' id='word_1_733' title='bbox 780 5434 932 5490; x_wconf 86' lang='lat' dir='ltr'><strong>Sicut</strong></span> <span class='ocrx_word' id='word_1_734' title='bbox 961 5437 1152 5508; x_wconf 78' lang='lat' dir='ltr'><strong>pagani</strong></span> <span class='ocrx_word' id='word_1_735' title='bbox 1176 5439 1513 5510; x_wconf 89' lang='lat' dir='ltr'><strong>martyribus</strong></span> <span class='ocrx_word' id='word_1_736' title='bbox 1538 5454 1687 5511; x_wconf 68' lang='lat' dir='ltr'><strong>saepe</strong></span> <span class='ocrx_word' id='word_1_737' title='bbox 1712 5439 1994 5497; x_wconf 88' lang='lat' dir='ltr'><strong>dicebant.</strong></span> 
     </span>
    </p>
   </div>
   <div class='ocr_carea' id='block_1_101' title="bbox 615 5523 2137 5603">
    <p class='ocr_par' dir='ltr' id='par_1_101' title="bbox 615 5523 2137 5603">
     <span class='ocr_line' id='line_1_101' title="bbox 615 5523 2137 5603; baseline 0.005 -23"><span class='ocrx_word' id='word_1_738' title='bbox 615 5523 759 5580; x_wconf 88' lang='lat' dir='ltr'><strong>Ultio</strong></span> <span class='ocrx_word' id='word_1_739' title='bbox 793 5527 1064 5598; x_wconf 88' lang='lat' dir='ltr'><strong>sanguinis</strong></span> <span class='ocrx_word' id='word_1_740' title='bbox 1101 5544 1364 5585; x_wconf 84' lang='lat' dir='ltr'><strong>servorum</strong></span> <span class='ocrx_word' id='word_1_741' title='bbox 1412 5540 1620 5586; x_wconf 88' lang='lat' dir='ltr'><strong>tuorum</strong></span> <span class='ocrx_word' id='word_1_742' title='bbox 1668 5533 1754 5603; x_wconf 89' lang='lat' dir='ltr'><strong>qui</strong></span> <span class='ocrx_word' id='word_1_743' title='bbox 1793 5532 1991 5600; x_wconf 77' lang='lat' dir='ltr'><strong>effusus</strong></span> <span class='ocrx_word' id='word_1_744' title='bbox 2041 5541 2137 5588; x_wconf 87' lang='lat' dir='ltr'><strong>est.</strong></span> 
     </span>
    </p>
   </div>
   <div class='ocr_carea' id='block_1_102' title="bbox 2247 4693 2835 4758">
    <p class='ocr_par' dir='ltr' id='par_1_102' title="bbox 2247 4693 2835 4758">
     <span class='ocr_line' id='line_1_102' title="bbox 2247 4693 2835 4758; baseline -0.009 -6"><span class='ocrx_word' id='word_1_745' title='bbox 2247 4705 2419 4758; x_wconf 90' lang='lat' dir='ltr'><strong>tuum,</strong></span> <span class='ocrx_word' id='word_1_746' title='bbox 2451 4704 2509 4748; x_wconf 93' lang='lat' dir='ltr'><strong>ut</strong></span> <span class='ocrx_word' id='word_1_747' title='bbox 2534 4693 2835 4749; x_wconf 76' lang='lat' dir='ltr'><strong>salvantur.</strong></span> 
     </span>
    </p>
   </div>
   <div class='ocr_carea' id='block_1_103' title="bbox 2316 4783 3826 4858">
    <p class='ocr_par' dir='ltr' id='par_1_103' title="bbox 2316 4783 3826 4858">
     <span class='ocr_line' id='line_1_103' title="bbox 2316 4783 3826 4858; baseline -0.001 -19"><span class='ocrx_word' id='word_1_748' title='bbox 2316 4785 2532 4839; x_wconf 87' lang='lat' dir='ltr'><strong>Domine</strong></span> <span class='ocrx_word' id='word_1_749' title='bbox 2548 4783 2687 4839; x_wconf 88' lang='lat' dir='ltr'><strong>Deus</strong></span> <span class='ocrx_word' id='word_1_750' title='bbox 2707 4786 2971 4850; x_wconf 84' lang='lat' dir='ltr'><strong>virtutum,</strong></span> <span class='ocrx_word' id='word_1_751' title='bbox 2993 4801 3263 4858; x_wconf 86' lang='lat' dir='ltr'><strong>quousque</strong></span> <span class='ocrx_word' id='word_1_752' title='bbox 3276 4788 3522 4842; x_wconf 84' lang='lat' dir='ltr'><strong>irasceris</strong></span> <span class='ocrx_word' id='word_1_753' title='bbox 3533 4803 3696 4854; x_wconf 86' lang='lat' dir='ltr'><strong>super</strong></span> <span class='ocrx_word' id='word_1_754' title='bbox 3712 4800 3826 4839; x_wconf 80' lang='lat' dir='ltr'><strong>ora-</strong></span> 
     </span>
    </p>
   </div>
   <div class='ocr_carea' id='block_1_104' title="bbox 2243 4875 3825 4949">
    <p class='ocr_par' dir='ltr' id='par_1_104' title="bbox 2243 4875 3825 4949">
     <span class='ocr_line' id='line_1_104' title="bbox 2243 4875 3825 4949; baseline -0.003 -15"><span class='ocrx_word' id='word_1_755' title='bbox 2243 4880 2431 4934; x_wconf 87' lang='lat' dir='ltr'><strong>tionem</strong></span> <span class='ocrx_word' id='word_1_756' title='bbox 2455 4876 2587 4931; x_wconf 86' lang='lat' dir='ltr'><strong>ser.i</strong></span> <span class='ocrx_word' id='word_1_757' title='bbox 2613 4876 2730 4930; x_wconf 83' lang='lat' dir='ltr'><strong>tui?</strong></span> <span class='ocrx_word' id='word_1_758' title='bbox 2758 4875 2875 4932; x_wconf 86' lang='lat' dir='ltr'><strong>Non</strong></span> <span class='ocrx_word' id='word_1_759' title='bbox 2899 4877 3042 4932; x_wconf 89' lang='lat' dir='ltr'><strong>enim</strong></span> <span class='ocrx_word' id='word_1_760' title='bbox 3073 4877 3351 4946; x_wconf 87' lang='lat' dir='ltr'><strong>irascitur,</strong></span> <span class='ocrx_word' id='word_1_761' title='bbox 3376 4878 3421 4934; x_wconf 89' lang='lat' dir='ltr'><strong>si</strong></span> <span class='ocrx_word' id='word_1_762' title='bbox 3439 4878 3709 4949; x_wconf 84' lang='lat' dir='ltr'><strong>justitiam</strong></span> <span class='ocrx_word' id='word_1_763' title='bbox 3734 4893 3825 4948; x_wconf 82' lang='lat' dir='ltr'><strong>pe—</strong></span> 
     </span>
    </p>
   </div>
   <div class='ocr_carea' id='block_1_105' title="bbox 2242 4970 3831 5043">
    <p class='ocr_par' dir='ltr' id='par_1_105' title="bbox 2242 4970 3831 5043">
     <span class='ocr_line' id='line_1_105' title="bbox 2242 4970 3831 5043; baseline -0.003 -14"><span class='ocrx_word' id='word_1_764' title='bbox 2242 4984 2457 5038; x_wconf 88' lang='lat' dir='ltr'><strong>tamus;</strong></span> <span class='ocrx_word' id='word_1_765' title='bbox 2482 4970 2579 5027; x_wconf 89' lang='lat' dir='ltr'><strong>sed</strong></span> <span class='ocrx_word' id='word_1_766' title='bbox 2606 4971 2946 5028; x_wconf 87' lang='lat' dir='ltr'><strong>conscientia</strong></span> <span class='ocrx_word' id='word_1_767' title='bbox 2981 4970 3186 5041; x_wconf 91' lang='lat' dir='ltr'><strong>delicti,</strong></span> <span class='ocrx_word' id='word_1_768' title='bbox 3235 4981 3385 5043; x_wconf 89' lang='lat' dir='ltr'><strong>putat</strong></span> <span class='ocrx_word' id='word_1_769' title='bbox 3418 4971 3585 5028; x_wconf 86' lang='lat' dir='ltr'><strong>etiam</strong></span> <span class='ocrx_word' id='word_1_770' title='bbox 3611 4971 3680 5027; x_wconf 87' lang='lat' dir='ltr'><strong>ab</strong></span> <span class='ocrx_word' id='word_1_771' title='bbox 3716 4984 3831 5025; x_wconf 84' lang='lat' dir='ltr'><strong>ora-</strong></span> 
     </span>
    </p>
   </div>
   <div class='ocr_carea' id='block_1_106' title="bbox 2241 5065 2601 5123">
    <p class='ocr_par' dir='ltr' id='par_1_106' title="bbox 2241 5065 2601 5123">
     <span class='ocr_line' id='line_1_106' title="bbox 2241 5065 2601 5123; baseline -0.008 -1"><span class='ocrx_word' id='word_1_772' title='bbox 2241 5066 2390 5123; x_wconf 90' lang='lat' dir='ltr'><strong>tione</strong></span> <span class='ocrx_word' id='word_1_773' title='bbox 2419 5065 2601 5121; x_wconf 91' lang='lat' dir='ltr'><strong>irasci.</strong></span> 
     </span>
    </p>
   </div>
   <div class='ocr_carea' id='block_1_107' title="bbox 2312 5157 3831 5230">
    <p class='ocr_par' dir='ltr' id='par_1_107' title="bbox 2312 5157 3831 5230">
     <span class='ocr_line' id='line_1_107' title="bbox 2312 5157 3831 5230; baseline -0.003 -15"><span class='ocrx_word' id='word_1_774' title='bbox 2312 5158 2513 5215; x_wconf 86' lang='lat' dir='ltr'><strong>Cibabis</strong></span> <span class='ocrx_word' id='word_1_775' title='bbox 2540 5175 2630 5213; x_wconf 89' lang='lat' dir='ltr'><strong>nos</strong></span> <span class='ocrx_word' id='word_1_776' title='bbox 2659 5173 2796 5230; x_wconf 88' lang='lat' dir='ltr'><strong>pane</strong></span> <span class='ocrx_word' id='word_1_777' title='bbox 2826 5157 3204 5228; x_wconf 81' lang='lat' dir='ltr'><strong>lacrymarum,</strong></span> <span class='ocrx_word' id='word_1_778' title='bbox 3234 5166 3282 5212; x_wconf 91' lang='lat' dir='ltr'><strong>et</strong></span> <span class='ocrx_word' id='word_1_779' title='bbox 3305 5166 3485 5227; x_wconf 88' lang='lat' dir='ltr'><strong>potum</strong></span> <span class='ocrx_word' id='word_1_780' title='bbox 3506 5158 3659 5213; x_wconf 86' lang='lat' dir='ltr'><strong>dabis</strong></span> <span class='ocrx_word' id='word_1_781' title='bbox 3690 5157 3831 5213; x_wconf 86' lang='lat' dir='ltr'><strong>nobis</strong></span> 
     </span>
    </p>
   </div>
   <div class='ocr_carea' id='block_1_108' title="bbox 2238 5248 3827 5322">
    <p class='ocr_par' dir='ltr' id='par_1_108' title="bbox 2238 5248 3827 5322">
     <span class='ocr_line' id='line_1_108' title="bbox 2238 5248 3827 5322; baseline -0.002 -17"><span class='ocrx_word' id='word_1_782' title='bbox 2238 5250 2293 5305; x_wconf 86' lang='lat' dir='ltr'><strong>in</strong></span> <span class='ocrx_word' id='word_1_783' title='bbox 2338 5250 2585 5322; x_wconf 83' lang='lat' dir='ltr'><strong>lacrymis</strong></span> <span class='ocrx_word' id='word_1_784' title='bbox 2623 5249 2678 5303; x_wconf 90' lang='lat' dir='ltr'><strong>in</strong></span> <span class='ocrx_word' id='word_1_785' title='bbox 2708 5264 2972 5303; x_wconf 88' lang='lat' dir='ltr'><strong>mensura.</strong></span> <span class='ocrx_word' id='word_1_786' title='bbox 3003 5248 3163 5318; x_wconf 59' lang='lat' dir='ltr'><strong>Saepe</strong></span> <span class='ocrx_word' id='word_1_787' title='bbox 3211 5249 3283 5304; x_wconf 85' lang='lat' dir='ltr'><strong>ob</strong></span> <span class='ocrx_word' id='word_1_788' title='bbox 3331 5250 3668 5306; x_wconf 87' lang='lat' dir='ltr'><strong>desiderium</strong></span> <span class='ocrx_word' id='word_1_789' title='bbox 3716 5249 3827 5311; x_wconf 89' lang='lat' dir='ltr'><strong>Dei,</strong></span> 
     </span>
    </p>
   </div>
   <div class='ocr_carea' id='block_1_109' title="bbox 2239 5340 3828 5416">
    <p class='ocr_par' dir='ltr' id='par_1_109' title="bbox 2239 5340 3828 5416">
     <span class='ocr_line' id='line_1_109' title="bbox 2239 5340 3828 5416; baseline -0.001 -18"><span class='ocrx_word' id='word_1_790' title='bbox 2239 5343 2355 5398; x_wconf 92' lang='lat' dir='ltr'><strong>sive</strong></span> <span class='ocrx_word' id='word_1_791' title='bbox 2402 5340 2840 5398; x_wconf 89' lang='lat' dir='ltr'><strong>recordationem</strong></span> <span class='ocrx_word' id='word_1_792' title='bbox 2880 5342 3110 5413; x_wconf 88' lang='lat' dir='ltr'><strong>peccati,</strong></span> <span class='ocrx_word' id='word_1_793' title='bbox 3145 5343 3402 5416; x_wconf 71' lang='lat' dir='ltr'><strong>lacryma&#39;:</strong></span> <span class='ocrx_word' id='word_1_794' title='bbox 3438 5343 3598 5399; x_wconf 87' lang='lat' dir='ltr'><strong>nobis</strong></span> <span class='ocrx_word' id='word_1_795' title='bbox 3643 5358 3828 5414; x_wconf 76' lang='lat' dir='ltr'><strong>panes,</strong></span> 
     </span>
    </p>
   </div>
   <div class='ocr_carea' id='block_1_110' title="bbox 2242 5434 3828 5507">
    <p class='ocr_par' dir='ltr' id='par_1_110' title="bbox 2242 5434 3828 5507">
     <span class='ocr_line' id='line_1_110' title="bbox 2242 5434 3828 5507; baseline 0.002 -21"><span class='ocrx_word' id='word_1_796' title='bbox 2242 5444 2513 5507; x_wconf 87' lang='lat' dir='ltr'><strong>potusque</strong></span> <span class='ocrx_word' id='word_1_797' title='bbox 2544 5434 2697 5489; x_wconf 86' lang='lat' dir='ltr'><strong>liuut.</strong></span> <span class='ocrx_word' id='word_1_798' title='bbox 2730 5434 2884 5501; x_wconf 92' lang='lat' dir='ltr'><strong>Quod</strong></span> <span class='ocrx_word' id='word_1_799' title='bbox 2916 5443 3100 5491; x_wconf 88' lang='lat' dir='ltr'><strong>autem</strong></span> <span class='ocrx_word' id='word_1_800' title='bbox 3149 5435 3245 5501; x_wconf 88' lang='lat' dir='ltr'><strong>ait,</strong></span> <span class='ocrx_word' id='word_1_801' title='bbox 3294 5437 3347 5490; x_wconf 86' lang='lat' dir='ltr'><strong>in</strong></span> <span class='ocrx_word' id='word_1_802' title='bbox 3400 5452 3660 5501; x_wconf 84' lang='lat' dir='ltr'><strong>mensura,</strong></span> <span class='ocrx_word' id='word_1_803' title='bbox 3706 5434 3828 5490; x_wconf 89' lang='lat' dir='ltr'><strong>illud</strong></span> 
     </span>
    </p>
   </div>
   <div class='ocr_carea' id='block_1_111' title="bbox 2242 5528 3825 5600">
    <p class='ocr_par' dir='ltr' id='par_1_111' title="bbox 2242 5528 3825 5600">
     <span class='ocr_line' id='line_1_111' title="bbox 2242 5528 3825 5600; baseline -0.001 -16"><span class='ocrx_word' id='word_1_804' title='bbox 2242 5528 2465 5595; x_wconf 87' lang='lat' dir='ltr'><strong>iudicat,</strong></span> <span class='ocrx_word' id='word_1_805' title='bbox 2510 5537 2570 5584; x_wconf 93' lang='lat' dir='ltr'><strong>ut</strong></span> <span class='ocrx_word' id='word_1_806' title='bbox 2604 5529 2656 5583; x_wconf 94' lang='lat' dir='ltr'><strong>in</strong></span> <span class='ocrx_word' id='word_1_807' title='bbox 2684 5529 2784 5583; x_wconf 86' lang='lat' dir='ltr'><strong>hac</strong></span> <span class='ocrx_word' id='word_1_808' title='bbox 2812 5528 3086 5596; x_wconf 85' lang='lat' dir='ltr'><strong>oratione,</strong></span> <span class='ocrx_word' id='word_1_809' title='bbox 3117 5529 3171 5584; x_wconf 91' lang='lat' dir='ltr'><strong>in</strong></span> <span class='ocrx_word' id='word_1_810' title='bbox 3216 5544 3322 5600; x_wconf 90' lang='lat' dir='ltr'><strong>qua</strong></span> <span class='ocrx_word' id='word_1_811' title='bbox 3365 5531 3603 5600; x_wconf 74' lang='lat' dir='ltr'><strong>peccatis</strong></span> <span class='ocrx_word' id='word_1_812' title='bbox 3631 5528 3825 5585; x_wconf 70' lang='lat' dir='ltr'><strong>absolvi</strong></span> 
     </span>
    </p>
   </div>
   <div class='ocr_carea' id='block_1_112' title="bbox 538 5617 3826 5699">
    <p class='ocr_par' dir='ltr' id='par_1_112' title="bbox 538 5617 3826 5699">
     <span class='ocr_line' id='line_1_112' title="bbox 538 5617 3826 5699; baseline 0.002 -26"><span class='ocrx_word' id='word_1_813' title='bbox 538 5617 812 5675; x_wconf 71' lang='lat' dir='ltr'><strong>Iudicium</strong></span> <span class='ocrx_word' id='word_1_814' title='bbox 863 5621 951 5676; x_wconf 91' lang='lat' dir='ltr'><strong>hic</strong></span> <span class='ocrx_word' id='word_1_815' title='bbox 982 5621 1204 5679; x_wconf 86' lang='lat' dir='ltr'><strong>invocat</strong></span> <span class='ocrx_word' id='word_1_816' title='bbox 1236 5642 1246 5675; x_wconf 96' lang='lat'>:</span> <span class='ocrx_word' id='word_1_817' title='bbox 1280 5639 1390 5695; x_wconf 89' lang='lat' dir='ltr'><strong>quo</strong></span> <span class='ocrx_word' id='word_1_818' title='bbox 1434 5628 1657 5697; x_wconf 80' lang='lat' dir='ltr'><strong>sanguis</strong></span> <span class='ocrx_word' id='word_1_819' title='bbox 1703 5637 2007 5699; x_wconf 87' lang='lat' dir='ltr'><strong>martyrum</strong></span> <span class='ocrx_word' id='word_1_820' title='bbox 2048 5641 2145 5681; x_wconf 77' lang='lat' dir='ltr'><strong>ex-</strong></span> <span class='ocrx_word' id='word_1_821' title='bbox 2242 5624 2512 5695; x_wconf 89' lang='lat' dir='ltr'><strong>cupimus,</strong></span> <span class='ocrx_word' id='word_1_822' title='bbox 2535 5625 2622 5679; x_wconf 88' lang='lat' dir='ltr'><strong>vel</strong></span> <span class='ocrx_word' id='word_1_823' title='bbox 2655 5624 2824 5680; x_wconf 90' lang='lat' dir='ltr'><strong>Deum</strong></span> <span class='ocrx_word' id='word_1_824' title='bbox 2854 5622 3041 5680; x_wconf 89' lang='lat' dir='ltr'><strong>videre</strong></span> <span class='ocrx_word' id='word_1_825' title='bbox 3085 5622 3463 5680; x_wconf 86' lang='lat' dir='ltr'><strong>desideramus</strong></span> <span class='ocrx_word' id='word_1_826' title='bbox 3494 5642 3507 5681; x_wconf 88' lang='lat'><strong>:</strong></span> <span class='ocrx_word' id='word_1_827' title='bbox 3541 5623 3715 5680; x_wconf 86' lang='lat' dir='ltr'><strong>victus</strong></span> <span class='ocrx_word' id='word_1_828' title='bbox 3755 5630 3826 5678; x_wconf 84' lang='lat' dir='ltr'><strong>te-</strong></span> 
     </span>
    </p>
   </div>
   <div class='ocr_carea' id='block_1_113' title="bbox 541 5711 2140 5787">
    <p class='ocr_par' dir='ltr' id='par_1_113' title="bbox 541 5711 2140 5787">
     <span class='ocr_line' id='line_1_113' title="bbox 541 5711 2140 5787; baseline 0.006 -25"><span class='ocrx_word' id='word_1_829' title='bbox 541 5711 790 5778; x_wconf 88' lang='lat' dir='ltr'><strong>quiratur</strong></span> <span class='ocrx_word' id='word_1_830' title='bbox 816 5727 845 5766; x_wconf 87' lang='lat' dir='ltr'><strong>a</strong></span> <span class='ocrx_word' id='word_1_831' title='bbox 880 5712 1136 5779; x_wconf 91' lang='lat' dir='ltr'><strong>Domino,</strong></span> <span class='ocrx_word' id='word_1_832' title='bbox 1158 5715 1251 5784; x_wconf 92' lang='lat' dir='ltr'><strong>qni</strong></span> <span class='ocrx_word' id='word_1_833' title='bbox 1284 5715 1335 5769; x_wconf 92' lang='lat' dir='ltr'><strong>in</strong></span> <span class='ocrx_word' id='word_1_834' title='bbox 1367 5715 1700 5787; x_wconf 82' lang='lat' dir='ltr'><strong>Apocalypsi</strong></span> <span class='ocrx_word' id='word_1_835' title='bbox 1726 5718 1831 5771; x_wconf 89' lang='lat' dir='ltr'><strong>ait:</strong></span> <span class='ocrx_word' id='word_1_836' title='bbox 1864 5716 2140 5784; x_wconf 83' lang='lat' dir='ltr'><strong>Quiescite</strong></span> 
     </span>
    </p>
   </div>
   <div class='ocr_carea' id='block_1_114' title="bbox 543 5798 2139 5874">
    <p class='ocr_par' dir='ltr' id='par_1_114' title="bbox 543 5798 2139 5874">
     <span class='ocr_line' id='line_1_114' title="bbox 543 5798 2139 5874; baseline 0.009 -24"><span class='ocrx_word' id='word_1_837' title='bbox 543 5798 839 5869; x_wconf 74' lang='lat' dir='ltr'><strong>modicum,</strong></span> <span class='ocrx_word' id='word_1_838' title='bbox 872 5801 1044 5858; x_wconf 84' lang='lat' dir='ltr'><strong>donec</strong></span> <span class='ocrx_word' id='word_1_839' title='bbox 1095 5802 1383 5874; x_wconf 86' lang='lat' dir='ltr'><strong>impleatur</strong></span> <span class='ocrx_word' id='word_1_840' title='bbox 1434 5822 1698 5865; x_wconf 87' lang='lat' dir='ltr'><strong>numerus</strong></span> <span class='ocrx_word' id='word_1_841' title='bbox 1745 5821 2139 5866; x_wconf 83' lang='lat' dir='ltr'><strong>conservorum</strong></span> 
     </span>
    </p>
   </div>
   <div class='ocr_carea' id='block_1_115' title="bbox 2245 5715 3825 5788">
    <p class='ocr_par' dir='ltr' id='par_1_115' title="bbox 2245 5715 3825 5788">
     <span class='ocr_line' id='line_1_115' title="bbox 2245 5715 3825 5788; baseline -0.002 -16"><span class='ocrx_word' id='word_1_842' title='bbox 2245 5718 2368 5773; x_wconf 88' lang='lat' dir='ltr'><strong>nuis</strong></span> <span class='ocrx_word' id='word_1_843' title='bbox 2391 5716 2706 5787; x_wconf 89' lang='lat' dir='ltr'><strong>accipiatur,</strong></span> <span class='ocrx_word' id='word_1_844' title='bbox 2735 5717 2783 5774; x_wconf 90' lang='lat' dir='ltr'><strong>si</strong></span> <span class='ocrx_word' id='word_1_845' title='bbox 2803 5717 2858 5774; x_wconf 92' lang='lat' dir='ltr'><strong>in</strong></span> <span class='ocrx_word' id='word_1_846' title='bbox 2887 5715 3224 5788; x_wconf 87' lang='lat' dir='ltr'><strong>precatione,</strong></span> <span class='ocrx_word' id='word_1_847' title='bbox 3253 5733 3367 5774; x_wconf 89' lang='lat' dir='ltr'><strong>non</strong></span> <span class='ocrx_word' id='word_1_848' title='bbox 3400 5717 3452 5774; x_wconf 90' lang='lat' dir='ltr'><strong>in</strong></span> <span class='ocrx_word' id='word_1_849' title='bbox 3493 5715 3825 5788; x_wconf 86' lang='lat' dir='ltr'><strong>multiloquio</strong></span> 
     </span>
    </p>
   </div>
   <div class='ocr_carea' id='block_1_116' title="bbox 2247 5807 2571 5879">
    <p class='ocr_par' dir='ltr' id='par_1_116' title="bbox 2247 5807 2571 5879">
     <span class='ocr_line' id='line_1_116' title="bbox 2247 5807 2571 5879; baseline -0.003 -15"><span class='ocrx_word' id='word_1_850' title='bbox 2247 5807 2571 5879; x_wconf 73' lang='lat' dir='ltr'><strong>proferatur.</strong></span> 
     </span>
    </p>
   </div>
  </div>
