  <div class='ocr_page' id='page_1' title='image "/cluster/home/n/w/nwhite01/storage/ocr_20150623/26/uva.x000826568/538.png"; bbox 0 0 4016 6334; ppageno 0'>
   <div class='ocr_carea' id='block_1_1' title="bbox 126 254 1768 337">
    <p class='ocr_par' dir='ltr' id='par_1_1' title="bbox 126 258 1768 337">
     <span class='ocr_line' id='line_1_1' title="bbox 126 258 1768 337; baseline -0.011 0"><span class='ocrx_word' id='word_1_1' title='bbox 126 278 310 337; x_wconf 69' lang='grc'><strong>1061</strong></span> <span class='ocrx_word' id='word_1_2' title='bbox 1074 264 1505 328; x_wconf 66' lang='grc' dir='ltr'><strong>ΒῐίΕνΙΑωυΜ</strong></span> <span class='ocrx_word' id='word_1_3' title='bbox 1544 261 1610 319; x_wconf 73' lang='grc' dir='ltr'><strong>ΙΝ</strong></span> <span class='ocrx_word' id='word_1_4' title='bbox 1649 258 1768 320; x_wconf 70' lang='lat' dir='ltr'><strong>PSA</strong></span> 
     </span>
    </p>
   </div>
   <div class='ocr_carea' id='block_1_2' title="bbox 1873 254 3484 337">
    <p class='ocr_par' dir='ltr' id='par_1_2' title="bbox 1873 254 3484 321">
     <span class='ocr_line' id='line_1_2' title="bbox 1873 254 3484 321; baseline 0.002 -4"><span class='ocrx_word' id='word_1_5' title='bbox 1873 256 1984 317; x_wconf 66' lang='lat' dir='ltr'><strong>EOS.</strong></span> <span class='ocrx_word' id='word_1_6' title='bbox 2028 256 2278 318; x_wconf 71' lang='lat' dir='ltr'><strong>PSALII.</strong></span> <span class='ocrx_word' id='word_1_7' title='bbox 2321 259 2557 320; x_wconf 70' lang='grc' dir='ltr'>ιιιιιιι.</span> <span class='ocrx_word' id='word_1_8' title='bbox 3305 270 3320 318; x_wconf 82' lang='lat' dir='ltr'><strong>t</strong></span> <span class='ocrx_word' id='word_1_9' title='bbox 3345 254 3484 321; x_wconf 62' lang='grc' dir='ltr'>ιοοφ</span> 
     </span>
    </p>
   </div>
   <div class='ocr_carea' id='block_1_3' title="bbox 119 374 3480 454">
    <p class='ocr_par' dir='ltr' id='par_1_3' title="bbox 119 374 3480 454">
     <span class='ocr_line' id='line_1_3' title="bbox 119 374 3480 454; baseline -0.006 -8"><span class='ocrx_word' id='word_1_10' title='bbox 119 404 401 454; x_wconf 77' lang='lat' dir='ltr'><strong>carnes,</strong></span> <span class='ocrx_word' id='word_1_11' title='bbox 460 400 567 440; x_wconf 91' lang='lat' dir='ltr'><strong>non</strong></span> <span class='ocrx_word' id='word_1_12' title='bbox 607 383 854 440; x_wconf 83' lang='lat' dir='ltr'><strong>dicamus</strong></span> <span class='ocrx_word' id='word_1_13' title='bbox 887 383 1103 451; x_wconf 86' lang='lat' dir='ltr'><strong>:Quam</strong></span> <span class='ocrx_word' id='word_1_14' title='bbox 1152 383 1293 439; x_wconf 82' lang='lat' dir='ltr'><strong>bene</strong></span> <span class='ocrx_word' id='word_1_15' title='bbox 1344 380 1501 437; x_wconf 85' lang='lat' dir='ltr'><strong>nobis</strong></span> <span class='ocrx_word' id='word_1_16' title='bbox 1546 387 1663 435; x_wconf 90' lang='lat' dir='ltr'><strong>erat</strong></span> <span class='ocrx_word' id='word_1_17' title='bbox 1720 378 1772 435; x_wconf 89' lang='lat' dir='ltr'><strong>in</strong></span> <span class='ocrx_word' id='word_1_18' title='bbox 1798 374 1857 441; x_wconf 72' lang='grc' dir='ltr'><strong>Δ</strong></span> <span class='ocrx_word' id='word_1_19' title='bbox 1880 382 2049 446; x_wconf 89' lang='lat' dir='ltr'><strong>serto,</strong></span> <span class='ocrx_word' id='word_1_20' title='bbox 2081 379 2175 437; x_wconf 76' lang='lat' dir='ltr'><strong>sed</strong></span> <span class='ocrx_word' id='word_1_21' title='bbox 2207 378 2480 441; x_wconf 72' lang='lat' dir='ltr'><strong>frumento</strong></span> <span class='ocrx_word' id='word_1_22' title='bbox 2508 378 2648 451; x_wconf 73' lang='lat' dir='ltr'><strong>quod</strong></span> <span class='ocrx_word' id='word_1_23' title='bbox 2677 377 2899 445; x_wconf 71' lang='lat' dir='ltr'><strong>cecidit,</strong></span> <span class='ocrx_word' id='word_1_24' title='bbox 2945 374 3088 449; x_wconf 86' lang='lat' dir='ltr'><strong>quod</strong></span> <span class='ocrx_word' id='word_1_25' title='bbox 3124 376 3380 432; x_wconf 73' lang='lat' dir='ltr'><strong>surrexit.</strong></span> <span class='ocrx_word' id='word_1_26' title='bbox 3415 377 3480 431; x_wconf 73' lang='lat' dir='ltr'><strong>Et</strong></span> 
     </span>
    </p>
   </div>
   <div class='ocr_carea' id='block_1_4' title="bbox 127 468 3481 553">
    <p class='ocr_par' dir='ltr' id='par_1_4' title="bbox 127 468 3481 553">
     <span class='ocr_line' id='line_1_4' title="bbox 127 468 3481 553; baseline -0.005 -15"><span class='ocrx_word' id='word_1_27' title='bbox 127 481 446 553; x_wconf 66' lang='lat' dir='ltr'><strong>Egypto,</strong></span> <span class='ocrx_word' id='word_1_28' title='bbox 478 492 603 533; x_wconf 88' lang='lat' dir='ltr'><strong>cum</strong></span> <span class='ocrx_word' id='word_1_29' title='bbox 656 473 1120 532; x_wconf 83' lang='lat' dir='ltr'><strong>manducabamus</strong></span> <span class='ocrx_word' id='word_1_30' title='bbox 1174 487 1370 529; x_wconf 85' lang='lat' dir='ltr'><strong>carnes</strong></span> <span class='ocrx_word' id='word_1_31' title='bbox 1423 472 1477 527; x_wconf 90' lang='lat' dir='ltr'><strong>in</strong></span> <span class='ocrx_word' id='word_1_32' title='bbox 1531 469 1681 535; x_wconf 86' lang='lat' dir='ltr'><strong>ollis,</strong></span> <span class='ocrx_word' id='word_1_33' title='bbox 1726 477 1784 531; x_wconf 78' lang='lat' dir='ltr'><strong>ei</strong></span> <span class='ocrx_word' id='word_1_34' title='bbox 1886 473 2075 528; x_wconf 81' lang='lat' dir='ltr'><strong>cibavit</strong></span> <span class='ocrx_word' id='word_1_35' title='bbox 2120 472 2240 531; x_wconf 80' lang='lat' dir='ltr'><strong>illos</strong></span> <span class='ocrx_word' id='word_1_36' title='bbox 2286 488 2351 529; x_wconf 73' lang='lat' dir='ltr'><strong>ea:</strong></span> <span class='ocrx_word' id='word_1_37' title='bbox 2403 472 2560 545; x_wconf 73' lang='lat' dir='ltr'><strong>adipe</strong></span> <span class='ocrx_word' id='word_1_38' title='bbox 2611 471 2877 542; x_wconf 77' lang='lat' dir='ltr'><strong>frumenti.</strong></span> <span class='ocrx_word' id='word_1_39' title='bbox 2914 468 3108 524; x_wconf 80' lang='lat' dir='ltr'><strong>Videte</strong></span> <span class='ocrx_word' id='word_1_40' title='bbox 3162 469 3481 541; x_wconf 76' lang='lat' dir='ltr'><strong>mysterium</strong></span> 
     </span>
    </p>
   </div>
   <div class='ocr_carea' id='block_1_5' title="bbox 125 560 1777 643">
    <p class='ocr_par' dir='ltr' id='par_1_5' title="bbox 125 560 1777 643">
     <span class='ocr_line' id='line_1_5' title="bbox 125 560 1777 643; baseline -0.009 -13"><span class='ocrx_word' id='word_1_41' title='bbox 125 574 319 643; x_wconf 82' lang='lat' dir='ltr'><strong>allia,</strong></span> <span class='ocrx_word' id='word_1_42' title='bbox 351 582 407 630; x_wconf 89' lang='lat' dir='ltr'><strong>et</strong></span> <span class='ocrx_word' id='word_1_43' title='bbox 438 584 759 629; x_wconf 84' lang='lat' dir='ltr'><strong>eucunteres</strong></span> <span class='ocrx_word' id='word_1_44' title='bbox 790 569 810 643; x_wconf 96' lang='lat'><strong>(</strong></span> <span class='ocrx_word' id='word_1_45' title='bbox 842 567 1005 623; x_wconf 82' lang='lat' dir='ltr'><strong>Num.</strong></span> <span class='ocrx_word' id='word_1_46' title='bbox 1033 582 1089 622; x_wconf 81' lang='lat' dir='ltr'><strong>st</strong></span> <span class='ocrx_word' id='word_1_47' title='bbox 1123 566 1164 636; x_wconf 64' lang='grc' dir='ltr'><strong>μ</strong></span> <span class='ocrx_word' id='word_1_48' title='bbox 1187 564 1283 623; x_wconf 82' lang='lat' dir='ltr'><strong>Vis</strong></span> <span class='ocrx_word' id='word_1_49' title='bbox 1312 563 1562 633; x_wconf 82' lang='lat' dir='ltr'><strong>accipere</strong></span> <span class='ocrx_word' id='word_1_50' title='bbox 1592 560 1777 621; x_wconf 87' lang='lat' dir='ltr'><strong>Domi-</strong></span> 
     </span>
    </p>
   </div>
   <div class='ocr_carea' id='block_1_6' title="bbox 125 654 1777 729">
    <p class='ocr_par' dir='ltr' id='par_1_6' title="bbox 125 654 1777 729">
     <span class='ocr_line' id='line_1_6' title="bbox 125 654 1777 729; baseline -0.008 -6"><span class='ocrx_word' id='word_1_51' title='bbox 125 668 194 723; x_wconf 89' lang='lat' dir='ltr'><strong>ni</strong></span> <span class='ocrx_word' id='word_1_52' title='bbox 260 664 480 723; x_wconf 80' lang='lat' dir='ltr'><strong>cibos?</strong></span> <span class='ocrx_word' id='word_1_53' title='bbox 525 662 623 719; x_wconf 82' lang='lat' dir='ltr'><strong>Vis</strong></span> <span class='ocrx_word' id='word_1_54' title='bbox 670 661 966 718; x_wconf 77' lang='lat' dir='ltr'><strong>comedere</strong></span> <span class='ocrx_word' id='word_1_55' title='bbox 1020 660 1198 729; x_wconf 81' lang='lat' dir='ltr'><strong>ipsum</strong></span> <span class='ocrx_word' id='word_1_56' title='bbox 1258 655 1546 713; x_wconf 83' lang='lat' dir='ltr'><strong>Dominum</strong></span> <span class='ocrx_word' id='word_1_57' title='bbox 1604 654 1777 710; x_wconf 83' lang='lat' dir='ltr'><strong>Deum</strong></span> 
     </span>
    </p>
   </div>
   <div class='ocr_carea' id='block_1_7' title="bbox 122 746 1777 822">
    <p class='ocr_par' dir='ltr' id='par_1_7' title="bbox 122 746 1777 822">
     <span class='ocr_line' id='line_1_7' title="bbox 122 746 1777 822; baseline -0.009 -7"><span class='ocrx_word' id='word_1_58' title='bbox 122 768 320 815; x_wconf 81' lang='lat' dir='ltr'><strong>tuum</strong></span> <span class='ocrx_word' id='word_1_59' title='bbox 359 767 413 816; x_wconf 88' lang='lat' dir='ltr'><strong>et</strong></span> <span class='ocrx_word' id='word_1_60' title='bbox 468 754 833 813; x_wconf 82' lang='lat' dir='ltr'><strong>salvatorem?</strong></span> <span class='ocrx_word' id='word_1_61' title='bbox 886 751 1023 808; x_wconf 80' lang='lat' dir='ltr'><strong>Audi</strong></span> <span class='ocrx_word' id='word_1_62' title='bbox 1071 749 1203 822; x_wconf 87' lang='lat' dir='ltr'><strong>quid</strong></span> <span class='ocrx_word' id='word_1_63' title='bbox 1262 746 1661 806; x_wconf 77' lang='lat' dir='ltr'><strong>dieatzDilata</strong></span> <span class='ocrx_word' id='word_1_64' title='bbox 1719 763 1777 807; x_wconf 83' lang='lat' dir='ltr'><strong>os</strong></span> 
     </span>
    </p>
   </div>
   <div class='ocr_carea' id='block_1_8' title="bbox 124 840 1779 922">
    <p class='ocr_par' dir='ltr' id='par_1_8' title="bbox 124 840 1779 922">
     <span class='ocr_line' id='line_1_8' title="bbox 124 840 1779 922; baseline -0.009 -15"><span class='ocrx_word' id='word_1_65' title='bbox 124 862 341 919; x_wconf 73' lang='lat' dir='ltr'><strong>tunsis,</strong></span> <span class='ocrx_word' id='word_1_66' title='bbox 367 858 417 905; x_wconf 86' lang='lat' dir='ltr'><strong>et</strong></span> <span class='ocrx_word' id='word_1_67' title='bbox 447 846 672 922; x_wconf 73' lang='lat' dir='ltr'><strong>implebo</strong></span> <span class='ocrx_word' id='word_1_68' title='bbox 701 845 857 902; x_wconf 80' lang='lat' dir='ltr'><strong>illud.</strong></span> <span class='ocrx_word' id='word_1_69' title='bbox 889 844 1132 901; x_wconf 87' lang='lat' dir='ltr'><strong>Dilatate</strong></span> <span class='ocrx_word' id='word_1_70' title='bbox 1151 857 1247 898; x_wconf 84' lang='lat' dir='ltr'><strong>ora</strong></span> <span class='ocrx_word' id='word_1_71' title='bbox 1277 851 1484 908; x_wconf 72' lang='lat' dir='ltr'><strong>vestra,</strong></span> <span class='ocrx_word' id='word_1_72' title='bbox 1529 840 1645 912; x_wconf 78' lang='lat' dir='ltr'><strong>ipse</strong></span> <span class='ocrx_word' id='word_1_73' title='bbox 1693 846 1779 901; x_wconf 81' lang='lat' dir='ltr'><strong>est</strong></span> 
     </span>
    </p>
   </div>
   <div class='ocr_carea' id='block_1_9' title="bbox 128 932 1773 1013">
    <p class='ocr_par' dir='ltr' id='par_1_9' title="bbox 128 932 1773 1013">
     <span class='ocr_line' id='line_1_9' title="bbox 128 932 1773 1013; baseline -0.01 -11"><span class='ocrx_word' id='word_1_74' title='bbox 128 945 460 1010; x_wconf 83' lang='lat' dir='ltr'><strong>Dominus,</strong></span> <span class='ocrx_word' id='word_1_75' title='bbox 488 953 543 998; x_wconf 90' lang='lat' dir='ltr'><strong>et</strong></span> <span class='ocrx_word' id='word_1_76' title='bbox 575 939 749 1013; x_wconf 83' lang='lat' dir='ltr'><strong>panis.</strong></span> <span class='ocrx_word' id='word_1_77' title='bbox 772 939 894 1010; x_wconf 85' lang='lat' dir='ltr'><strong>Ipse</strong></span> <span class='ocrx_word' id='word_1_78' title='bbox 916 938 1163 994; x_wconf 82' lang='lat' dir='ltr'><strong>hortatur</strong></span> <span class='ocrx_word' id='word_1_79' title='bbox 1192 951 1292 991; x_wconf 90' lang='lat' dir='ltr'><strong>nos</strong></span> <span class='ocrx_word' id='word_1_80' title='bbox 1316 943 1376 993; x_wconf 91' lang='lat' dir='ltr'><strong>ut</strong></span> <span class='ocrx_word' id='word_1_81' title='bbox 1399 932 1773 1001; x_wconf 74' lang='lat' dir='ltr'><strong>comedumus,</strong></span> 
     </span>
    </p>
   </div>
   <div class='ocr_carea' id='block_1_10' title="bbox 128 1027 1774 1109">
    <p class='ocr_par' dir='ltr' id='par_1_10' title="bbox 128 1027 1774 1109">
     <span class='ocr_line' id='line_1_10' title="bbox 128 1027 1774 1109; baseline -0.009 -13"><span class='ocrx_word' id='word_1_82' title='bbox 128 1050 209 1097; x_wconf 85' lang='lat' dir='ltr'><strong>et</strong></span> <span class='ocrx_word' id='word_1_83' title='bbox 240 1039 378 1109; x_wconf 81' lang='lat' dir='ltr'><strong>ipso</strong></span> <span class='ocrx_word' id='word_1_84' title='bbox 408 1045 596 1093; x_wconf 85' lang='lat' dir='ltr'><strong>uoster</strong></span> <span class='ocrx_word' id='word_1_85' title='bbox 624 1034 785 1091; x_wconf 81' lang='lat' dir='ltr'><strong>cibus</strong></span> <span class='ocrx_word' id='word_1_86' title='bbox 840 1042 946 1090; x_wconf 81' lang='lat' dir='ltr'><strong>est.</strong></span> <span class='ocrx_word' id='word_1_87' title='bbox 972 1032 1483 1101; x_wconf 71' lang='lat' dir='ltr'><strong>Quantumcumque</strong></span> <span class='ocrx_word' id='word_1_88' title='bbox 1509 1027 1774 1085; x_wconf 52' lang='lat' dir='ltr'><strong>dilatave.</strong></span> 
     </span>
    </p>
   </div>
   <div class='ocr_carea' id='block_1_11' title="bbox 131 1122 1771 1199">
    <p class='ocr_par' dir='ltr' id='par_1_11' title="bbox 131 1122 1771 1199">
     <span class='ocr_line' id='line_1_11' title="bbox 131 1122 1771 1199; baseline -0.008 -11"><span class='ocrx_word' id='word_1_89' title='bbox 131 1134 263 1199; x_wconf 83' lang='lat' dir='ltr'><strong>ris,</strong></span> <span class='ocrx_word' id='word_1_90' title='bbox 287 1138 510 1186; x_wconf 79' lang='lat' dir='ltr'><strong>tantum</strong></span> <span class='ocrx_word' id='word_1_91' title='bbox 539 1127 800 1198; x_wconf 78' lang='lat' dir='ltr'><strong>accipies.</strong></span> <span class='ocrx_word' id='word_1_92' title='bbox 832 1125 950 1182; x_wconf 79' lang='lat' dir='ltr'><strong>Non</strong></span> <span class='ocrx_word' id='word_1_93' title='bbox 966 1136 1046 1182; x_wconf 77' lang='lat' dir='ltr'><strong>eet</strong></span> <span class='ocrx_word' id='word_1_94' title='bbox 1070 1125 1234 1193; x_wconf 80' lang='lat' dir='ltr'><strong>igitur</strong></span> <span class='ocrx_word' id='word_1_95' title='bbox 1250 1122 1306 1183; x_wconf 78' lang='lat' dir='ltr'><strong>in</strong></span> <span class='ocrx_word' id='word_1_96' title='bbox 1332 1136 1451 1177; x_wconf 74' lang='lat' dir='ltr'><strong>mea</strong></span> <span class='ocrx_word' id='word_1_97' title='bbox 1485 1128 1771 1190; x_wconf 65' lang='lat' dir='ltr'><strong>potestate,</strong></span> 
     </span>
    </p>
   </div>
   <div class='ocr_carea' id='block_1_12' title="bbox 134 1210 1776 1285">
    <p class='ocr_par' dir='ltr' id='par_1_12' title="bbox 134 1210 1776 1285">
     <span class='ocr_line' id='line_1_12' title="bbox 134 1210 1776 1285; baseline -0.009 -5"><span class='ocrx_word' id='word_1_98' title='bbox 134 1223 256 1281; x_wconf 86' lang='lat' dir='ltr'><strong>sed</strong></span> <span class='ocrx_word' id='word_1_99' title='bbox 296 1223 359 1278; x_wconf 88' lang='lat' dir='ltr'><strong>in</strong></span> <span class='ocrx_word' id='word_1_100' title='bbox 390 1231 479 1278; x_wconf 84' lang='lat' dir='ltr'><strong>tua</strong></span> <span class='ocrx_word' id='word_1_101' title='bbox 506 1230 608 1277; x_wconf 85' lang='lat' dir='ltr'><strong>est.</strong></span> <span class='ocrx_word' id='word_1_102' title='bbox 666 1218 722 1275; x_wconf 84' lang='lat' dir='ltr'><strong>Si</strong></span> <span class='ocrx_word' id='word_1_103' title='bbox 782 1218 1044 1280; x_wconf 71' lang='lat' dir='ltr'><strong>volueris,</strong></span> <span class='ocrx_word' id='word_1_104' title='bbox 1102 1225 1272 1279; x_wconf 82' lang='lat' dir='ltr'><strong>totum</strong></span> <span class='ocrx_word' id='word_1_105' title='bbox 1301 1229 1391 1271; x_wconf 87' lang='lat' dir='ltr'><strong>me</strong></span> <span class='ocrx_word' id='word_1_106' title='bbox 1417 1211 1655 1285; x_wconf 75' lang='lat' dir='ltr'><strong>accipies</strong></span> <span class='ocrx_word' id='word_1_107' title='bbox 1682 1226 1699 1266; x_wconf 88' lang='lat'><strong>:</strong></span> <span class='ocrx_word' id='word_1_108' title='bbox 1728 1210 1776 1267; x_wconf 89' lang='lat' dir='ltr'><strong>sl</strong></span> 
     </span>
    </p>
   </div>
   <div class='ocr_carea' id='block_1_13' title="bbox 135 1311 1133 1383">
    <p class='ocr_par' dir='ltr' id='par_1_13' title="bbox 135 1311 1133 1383">
     <span class='ocr_line' id='line_1_13' title="bbox 135 1311 1133 1383; baseline -0.009 -11"><span class='ocrx_word' id='word_1_109' title='bbox 135 1314 445 1382; x_wconf 78' lang='lat' dir='ltr'><strong>nolueris,</strong></span> <span class='ocrx_word' id='word_1_110' title='bbox 477 1313 665 1383; x_wconf 80' lang='lat' dir='ltr'><strong>accipe</strong></span> <span class='ocrx_word' id='word_1_111' title='bbox 684 1311 879 1367; x_wconf 78' lang='lat' dir='ltr'><strong>saltem</strong></span> <span class='ocrx_word' id='word_1_112' title='bbox 903 1320 1133 1381; x_wconf 82' lang='lat' dir='ltr'><strong>partem.</strong></span> 
     </span>
    </p>
   </div>
   <div class='ocr_carea' id='block_1_14' title="bbox 1883 562 3484 639">
    <p class='ocr_par' dir='ltr' id='par_1_14' title="bbox 1883 562 3484 639">
     <span class='ocr_line' id='line_1_14' title="bbox 1883 562 3484 639; baseline -0.003 -19"><span class='ocrx_word' id='word_1_113' title='bbox 1883 566 2286 637; x_wconf 72' lang='lat' dir='ltr'><strong>Scripturarnm</strong></span> <span class='ocrx_word' id='word_1_114' title='bbox 2319 583 2330 619; x_wconf 91' lang='lat'>:</span> <span class='ocrx_word' id='word_1_115' title='bbox 2359 565 2440 620; x_wconf 79' lang='lat' dir='ltr'><strong>Ea:</strong></span> <span class='ocrx_word' id='word_1_116' title='bbox 2480 565 2635 639; x_wconf 82' lang='lat' dir='ltr'><strong><em>adipe</em></strong></span> <span class='ocrx_word' id='word_1_117' title='bbox 2665 564 2929 637; x_wconf 77' lang='lat' dir='ltr'><strong>frumenti.</strong></span> <span class='ocrx_word' id='word_1_118' title='bbox 2958 563 3313 619; x_wconf 86' lang='lat' dir='ltr'><strong>Frumentum</strong></span> <span class='ocrx_word' id='word_1_119' title='bbox 3366 562 3484 617; x_wconf 50' lang='lat' dir='ltr'><strong>adi»</strong></span> 
     </span>
    </p>
   </div>
   <div class='ocr_carea' id='block_1_15' title="bbox 1883 655 3484 731">
    <p class='ocr_par' dir='ltr' id='par_1_15' title="bbox 1883 655 3484 731">
     <span class='ocr_line' id='line_1_15' title="bbox 1883 655 3484 731; baseline -0.002 -16"><span class='ocrx_word' id='word_1_120' title='bbox 1883 674 1979 730; x_wconf 85' lang='lat' dir='ltr'><strong>pes</strong></span> <span class='ocrx_word' id='word_1_121' title='bbox 1998 659 2165 723; x_wconf 71' lang='lat' dir='ltr'><strong>habet</strong></span> <span class='ocrx_word' id='word_1_122' title='bbox 2195 675 2209 717; x_wconf 84' lang='lat'><strong>:</strong></span> <span class='ocrx_word' id='word_1_123' title='bbox 2242 658 2506 731; x_wconf 84' lang='lat' dir='ltr'><strong>numquid</strong></span> <span class='ocrx_word' id='word_1_124' title='bbox 2536 666 2593 715; x_wconf 85' lang='lat' dir='ltr'><strong>et</strong></span> <span class='ocrx_word' id='word_1_125' title='bbox 2619 659 2874 719; x_wconf 82' lang='lat' dir='ltr'><strong>intestina</strong></span> <span class='ocrx_word' id='word_1_126' title='bbox 2914 655 3149 713; x_wconf 84' lang='lat' dir='ltr'><strong>babuit?</strong></span> <span class='ocrx_word' id='word_1_127' title='bbox 3174 655 3284 713; x_wconf 91' lang='lat' dir='ltr'><strong>Sed</strong></span> <span class='ocrx_word' id='word_1_128' title='bbox 3314 655 3484 711; x_wconf 86' lang='lat' dir='ltr'><strong>voluit</strong></span> 
     </span>
    </p>
   </div>
   <div class='ocr_carea' id='block_1_16' title="bbox 1883 749 3483 827">
    <p class='ocr_par' dir='ltr' id='par_1_16' title="bbox 1883 749 3483 827">
     <span class='ocr_line' id='line_1_16' title="bbox 1883 749 3483 827; baseline -0.001 -20"><span class='ocrx_word' id='word_1_129' title='bbox 1883 752 2191 824; x_wconf 75' lang='lat' dir='ltr'><strong>largitatem</strong></span> <span class='ocrx_word' id='word_1_130' title='bbox 2233 760 2289 811; x_wconf 91' lang='lat' dir='ltr'><strong>et</strong></span> <span class='ocrx_word' id='word_1_131' title='bbox 2319 751 2697 827; x_wconf 70' lang='lat' dir='ltr'><strong>pinguedinem</strong></span> <span class='ocrx_word' id='word_1_132' title='bbox 2726 754 2918 824; x_wconf 70' lang='lat' dir='ltr'><strong>gratia:</strong></span> <span class='ocrx_word' id='word_1_133' title='bbox 2946 749 3245 822; x_wconf 85' lang='lat' dir='ltr'><strong>spiritualis</strong></span> <span class='ocrx_word' id='word_1_134' title='bbox 3294 756 3483 809; x_wconf 56' lang='lat' dir='ltr'><strong>esten:</strong></span> 
     </span>
    </p>
   </div>
   <div class='ocr_carea' id='block_1_17' title="bbox 1879 840 3482 921">
    <p class='ocr_par' dir='ltr' id='par_1_17' title="bbox 1879 840 3482 921">
     <span class='ocr_line' id='line_1_17' title="bbox 1879 840 3482 921; baseline -0.002 -21"><span class='ocrx_word' id='word_1_135' title='bbox 1879 844 2031 911; x_wconf 84' lang='lat' dir='ltr'><strong>dere,</strong></span> <span class='ocrx_word' id='word_1_136' title='bbox 2074 852 2130 901; x_wconf 88' lang='lat' dir='ltr'><strong>et</strong></span> <span class='ocrx_word' id='word_1_137' title='bbox 2172 843 2293 903; x_wconf 88' lang='lat' dir='ltr'><strong>ideo</strong></span> <span class='ocrx_word' id='word_1_138' title='bbox 2336 844 2522 917; x_wconf 82' lang='lat' dir='ltr'><strong>adipes</strong></span> <span class='ocrx_word' id='word_1_139' title='bbox 2577 844 2898 903; x_wconf 84' lang='lat' dir='ltr'><strong>nominavit.</strong></span> <span class='ocrx_word' id='word_1_140' title='bbox 2932 844 2997 898; x_wconf 84' lang='lat' dir='ltr'><strong>Et</strong></span> <span class='ocrx_word' id='word_1_141' title='bbox 3044 844 3109 903; x_wconf 87' lang='lat' dir='ltr'><strong>de</strong></span> <span class='ocrx_word' id='word_1_142' title='bbox 3137 852 3283 921; x_wconf 76' lang='lat' dir='ltr'><strong>petra</strong></span> <span class='ocrx_word' id='word_1_143' title='bbox 3331 840 3482 897; x_wconf 83' lang='lat' dir='ltr'><strong>melle</strong></span> 
     </span>
    </p>
   </div>
   <div class='ocr_carea' id='block_1_18' title="bbox 1878 938 3479 1011">
    <p class='ocr_par' dir='ltr' id='par_1_18' title="bbox 1878 938 3479 1011">
     <span class='ocr_line' id='line_1_18' title="bbox 1878 938 3479 1011; baseline 0 -18"><span class='ocrx_word' id='word_1_144' title='bbox 1878 940 2129 995; x_wconf 70' lang='lat' dir='ltr'><strong>saturavit</strong></span> <span class='ocrx_word' id='word_1_145' title='bbox 2170 954 2274 994; x_wconf 82' lang='lat' dir='ltr'><strong>eos.</strong></span> <span class='ocrx_word' id='word_1_146' title='bbox 2306 938 2427 1011; x_wconf 81' lang='lat' dir='ltr'><strong>ipse</strong></span> <span class='ocrx_word' id='word_1_147' title='bbox 2481 938 2809 997; x_wconf 79' lang='lat' dir='ltr'><strong>frumentum</strong></span> <span class='ocrx_word' id='word_1_148' title='bbox 2860 939 3124 1011; x_wconf 78' lang='lat' dir='ltr'><strong>estzipse</strong></span> <span class='ocrx_word' id='word_1_149' title='bbox 3182 946 3334 1009; x_wconf 82' lang='lat' dir='ltr'><strong>petra</strong></span> <span class='ocrx_word' id='word_1_150' title='bbox 3371 946 3479 1005; x_wconf 89' lang='lat' dir='ltr'><strong>est,</strong></span> 
     </span>
    </p>
   </div>
   <div class='ocr_carea' id='block_1_19' title="bbox 1878 1030 3485 1104">
    <p class='ocr_par' dir='ltr' id='par_1_19' title="bbox 1878 1030 3485 1104">
     <span class='ocr_line' id='line_1_19' title="bbox 1878 1030 3485 1104; baseline -0.001 -17"><span class='ocrx_word' id='word_1_151' title='bbox 1878 1031 1969 1103; x_wconf 91' lang='lat' dir='ltr'><strong>qui</strong></span> <span class='ocrx_word' id='word_1_152' title='bbox 1997 1030 2252 1103; x_wconf 82' lang='lat' dir='ltr'><strong>populum</strong></span> <span class='ocrx_word' id='word_1_153' title='bbox 2283 1030 2449 1097; x_wconf 79' lang='lat' dir='ltr'><strong>Israel</strong></span> <span class='ocrx_word' id='word_1_154' title='bbox 2484 1031 2706 1089; x_wconf 83' lang='lat' dir='ltr'><strong>satiavit</strong></span> <span class='ocrx_word' id='word_1_155' title='bbox 2758 1048 2894 1104; x_wconf 85' lang='lat' dir='ltr'><strong>aqua</strong></span> <span class='ocrx_word' id='word_1_156' title='bbox 2945 1032 2997 1086; x_wconf 91' lang='lat' dir='ltr'><strong>in</strong></span> <span class='ocrx_word' id='word_1_157' title='bbox 3037 1032 3275 1091; x_wconf 87' lang='lat' dir='ltr'><strong>deserto.</strong></span> <span class='ocrx_word' id='word_1_158' title='bbox 3310 1031 3485 1101; x_wconf 85' lang='lat' dir='ltr'><strong>Spiri-</strong></span> 
     </span>
    </p>
   </div>
   <div class='ocr_carea' id='block_1_20' title="bbox 1881 1122 3472 1195">
    <p class='ocr_par' dir='ltr' id='par_1_20' title="bbox 1881 1122 3472 1195">
     <span class='ocr_line' id='line_1_20' title="bbox 1881 1122 3472 1195; baseline 0.003 -19"><span class='ocrx_word' id='word_1_159' title='bbox 1881 1123 2105 1179; x_wconf 84' lang='lat' dir='ltr'><strong>tualitcr</strong></span> <span class='ocrx_word' id='word_1_160' title='bbox 2125 1122 2308 1189; x_wconf 81' lang='lat' dir='ltr'><strong>melle,</strong></span> <span class='ocrx_word' id='word_1_161' title='bbox 2339 1131 2395 1187; x_wconf 87' lang='lat' dir='ltr'><strong>et</strong></span> <span class='ocrx_word' id='word_1_162' title='bbox 2424 1138 2687 1195; x_wconf 86' lang='lat' dir='ltr'><strong>nonaqua</strong></span> <span class='ocrx_word' id='word_1_163' title='bbox 2720 1126 2989 1185; x_wconf 70' lang='lat' dir='ltr'><strong>saturavit</strong></span> <span class='ocrx_word' id='word_1_164' title='bbox 3017 1139 3140 1187; x_wconf 88' lang='lat' dir='ltr'><strong>eum</strong></span> <span class='ocrx_word' id='word_1_165' title='bbox 3164 1166 3180 1195; x_wconf 86' lang='lat'><strong>,</strong></span> <span class='ocrx_word' id='word_1_166' title='bbox 3239 1131 3299 1180; x_wconf 91' lang='lat' dir='ltr'><strong>ut</strong></span> <span class='ocrx_word' id='word_1_167' title='bbox 3352 1125 3472 1195; x_wconf 84' lang='lat' dir='ltr'><strong>qui-</strong></span> 
     </span>
    </p>
   </div>
   <div class='ocr_carea' id='block_1_21' title="bbox 1879 1214 3479 1295">
    <p class='ocr_par' dir='ltr' id='par_1_21' title="bbox 1879 1214 3479 1295">
     <span class='ocr_line' id='line_1_21' title="bbox 1879 1214 3479 1295; baseline -0.001 -22"><span class='ocrx_word' id='word_1_168' title='bbox 1879 1230 2111 1295; x_wconf 81' lang='lat' dir='ltr'><strong>cumque</strong></span> <span class='ocrx_word' id='word_1_169' title='bbox 2140 1214 2494 1275; x_wconf 87' lang='lat' dir='ltr'><strong>crediderunt</strong></span> <span class='ocrx_word' id='word_1_170' title='bbox 2522 1227 2576 1272; x_wconf 88' lang='lat' dir='ltr'><strong>et</strong></span> <span class='ocrx_word' id='word_1_171' title='bbox 2601 1226 2929 1287; x_wconf 84' lang='lat' dir='ltr'><strong>acceperunt</strong></span> <span class='ocrx_word' id='word_1_172' title='bbox 2977 1216 3181 1293; x_wconf 69' lang='lat' dir='ltr'><strong>cibum,</strong></span> <span class='ocrx_word' id='word_1_173' title='bbox 3214 1217 3318 1274; x_wconf 90' lang='lat' dir='ltr'><strong>mel</strong></span> <span class='ocrx_word' id='word_1_174' title='bbox 3353 1233 3479 1272; x_wconf 85' lang='lat' dir='ltr'><strong>sen-</strong></span> 
     </span>
    </p>
   </div>
   <div class='ocr_carea' id='block_1_22' title="bbox 231 1396 1778 1479">
    <p class='ocr_par' dir='ltr' id='par_1_22' title="bbox 231 1396 1778 1479">
     <span class='ocr_line' id='line_1_22' title="bbox 231 1396 1778 1479; baseline -0.01 -14"><span class='ocrx_word' id='word_1_175' title='bbox 231 1410 311 1465; x_wconf 77' lang='lat' dir='ltr'><strong>Et</strong></span> <span class='ocrx_word' id='word_1_176' title='bbox 355 1425 459 1464; x_wconf 78' lang='lat' dir='ltr'><strong>non</strong></span> <span class='ocrx_word' id='word_1_177' title='bbox 509 1406 710 1463; x_wconf 75' lang='lat' dir='ltr'><strong>audivit</strong></span> <span class='ocrx_word' id='word_1_178' title='bbox 754 1405 975 1479; x_wconf 77' lang='lat' dir='ltr'><strong>populus</strong></span> <span class='ocrx_word' id='word_1_179' title='bbox 1002 1410 1148 1459; x_wconf 74' lang='lat' dir='ltr'><strong>metis</strong></span> <span class='ocrx_word' id='word_1_180' title='bbox 1200 1416 1372 1456; x_wconf 63' lang='lat' dir='ltr'><strong>locum</strong></span> <span class='ocrx_word' id='word_1_181' title='bbox 1425 1414 1612 1454; x_wconf 65' lang='lat' dir='ltr'><strong>tum.</strong></span> <span class='ocrx_word' id='word_1_182' title='bbox 1664 1396 1778 1467; x_wconf 78' lang='lat' dir='ltr'><strong>Ego</strong></span> 
     </span>
    </p>
   </div>
   <div class='ocr_carea' id='block_1_23' title="bbox 140 1490 1776 1571">
    <p class='ocr_par' dir='ltr' id='par_1_23' title="bbox 140 1490 1776 1571">
     <span class='ocr_line' id='line_1_23' title="bbox 140 1490 1776 1571; baseline -0.009 -11"><span class='ocrx_word' id='word_1_183' title='bbox 140 1512 242 1560; x_wconf 80' lang='lat' dir='ltr'><strong>sto</strong></span> <span class='ocrx_word' id='word_1_184' title='bbox 280 1511 415 1557; x_wconf 85' lang='lat' dir='ltr'><strong>ante</strong></span> <span class='ocrx_word' id='word_1_185' title='bbox 439 1501 667 1564; x_wconf 87' lang='lat' dir='ltr'><strong>ostium,</strong></span> <span class='ocrx_word' id='word_1_186' title='bbox 698 1510 753 1557; x_wconf 91' lang='lat' dir='ltr'><strong>et</strong></span> <span class='ocrx_word' id='word_1_187' title='bbox 784 1499 961 1571; x_wconf 88' lang='lat' dir='ltr'><strong>pulso.</strong></span> <span class='ocrx_word' id='word_1_188' title='bbox 998 1497 1131 1553; x_wconf 75' lang='lat' dir='ltr'><strong>Volo</strong></span> <span class='ocrx_word' id='word_1_189' title='bbox 1162 1502 1221 1551; x_wconf 91' lang='lat' dir='ltr'><strong>ut</strong></span> <span class='ocrx_word' id='word_1_190' title='bbox 1245 1493 1456 1564; x_wconf 81' lang='lat' dir='ltr'><strong>aperias</strong></span> <span class='ocrx_word' id='word_1_191' title='bbox 1494 1503 1549 1549; x_wconf 90' lang='lat' dir='ltr'><strong>et</strong></span> <span class='ocrx_word' id='word_1_192' title='bbox 1597 1490 1776 1563; x_wconf 52' lang='lat' dir='ltr'><strong>ingree</strong></span> 
     </span>
    </p>
   </div>
   <div class='ocr_carea' id='block_1_24' title="bbox 138 1586 1325 1663">
    <p class='ocr_par' dir='ltr' id='par_1_24' title="bbox 138 1586 1325 1663">
     <span class='ocr_line' id='line_1_24' title="bbox 138 1586 1325 1663; baseline -0.011 -10"><span class='ocrx_word' id='word_1_193' title='bbox 138 1594 309 1661; x_wconf 88' lang='lat' dir='ltr'><strong>diar,</strong></span> <span class='ocrx_word' id='word_1_194' title='bbox 355 1604 410 1651; x_wconf 89' lang='lat' dir='ltr'><strong>et</strong></span> <span class='ocrx_word' id='word_1_195' title='bbox 440 1610 547 1650; x_wconf 89' lang='lat' dir='ltr'><strong>non</strong></span> <span class='ocrx_word' id='word_1_196' title='bbox 569 1594 654 1648; x_wconf 88' lang='lat' dir='ltr'><strong>vis</strong></span> <span class='ocrx_word' id='word_1_197' title='bbox 682 1591 944 1663; x_wconf 85' lang='lat' dir='ltr'><strong>aperire(</strong></span> <span class='ocrx_word' id='word_1_198' title='bbox 977 1591 1140 1660; x_wconf 77' lang='lat' dir='ltr'><strong>Apoc.</strong></span> <span class='ocrx_word' id='word_1_199' title='bbox 1173 1586 1325 1658; x_wconf 74' lang='lat' dir='ltr'><strong>vui).</strong></span> 
     </span>
    </p>
   </div>
   <div class='ocr_carea' id='block_1_25' title="bbox 227 1674 1776 1741">
    <p class='ocr_par' dir='ltr' id='par_1_25' title="bbox 227 1674 1776 1741">
     <span class='ocr_line' id='line_1_25' title="bbox 227 1674 1776 1741; baseline -0.006 0"><span class='ocrx_word' id='word_1_200' title='bbox 227 1685 309 1741; x_wconf 86' lang='lat' dir='ltr'><strong>Et</strong></span> <span class='ocrx_word' id='word_1_201' title='bbox 342 1685 518 1741; x_wconf 77' lang='lat' dir='ltr'><strong>Israel</strong></span> <span class='ocrx_word' id='word_1_202' title='bbox 546 1702 649 1741; x_wconf 84' lang='lat' dir='ltr'><strong>non</strong></span> <span class='ocrx_word' id='word_1_203' title='bbox 679 1684 898 1739; x_wconf 77' lang='lat' dir='ltr'><strong>intendit</strong></span> <span class='ocrx_word' id='word_1_204' title='bbox 922 1680 1149 1736; x_wconf 66' lang='lat' dir='ltr'><strong>miltiut</strong></span> <span class='ocrx_word' id='word_1_205' title='bbox 1177 1678 1350 1734; x_wconf 77' lang='lat' dir='ltr'><strong>dimisi</strong></span> <span class='ocrx_word' id='word_1_206' title='bbox 1378 1694 1465 1732; x_wconf 83' lang='lat' dir='ltr'><strong>eos</strong></span> <span class='ocrx_word' id='word_1_207' title='bbox 1491 1674 1776 1733; x_wconf 73' lang='lat' dir='ltr'><strong>secundum</strong></span> 
     </span>
    </p>
   </div>
   <div class='ocr_carea' id='block_1_26' title="bbox 1881 1308 3478 1383">
    <p class='ocr_par' dir='ltr' id='par_1_26' title="bbox 1881 1308 3478 1383">
     <span class='ocr_line' id='line_1_26' title="bbox 1881 1308 3478 1383; baseline 0.002 -20"><span class='ocrx_word' id='word_1_208' title='bbox 1881 1309 2017 1375; x_wconf 72' lang='lat' dir='ltr'><strong>tiant</strong></span> <span class='ocrx_word' id='word_1_209' title='bbox 2031 1309 2082 1369; x_wconf 86' lang='lat' dir='ltr'><strong>in</strong></span> <span class='ocrx_word' id='word_1_210' title='bbox 2094 1323 2195 1366; x_wconf 88' lang='lat' dir='ltr'><strong>ore</strong></span> <span class='ocrx_word' id='word_1_211' title='bbox 2216 1322 2335 1369; x_wconf 85' lang='lat' dir='ltr'><strong>suo.</strong></span> <span class='ocrx_word' id='word_1_212' title='bbox 2352 1308 2522 1379; x_wconf 86' lang='lat' dir='ltr'><strong>Quam</strong></span> <span class='ocrx_word' id='word_1_213' title='bbox 2541 1308 2721 1369; x_wconf 84' lang='lat' dir='ltr'><strong>dulcia</strong></span> <span class='ocrx_word' id='word_1_214' title='bbox 2736 1309 2987 1367; x_wconf 79' lang='lat' dir='ltr'><strong>faucibus</strong></span> <span class='ocrx_word' id='word_1_215' title='bbox 3006 1311 3141 1367; x_wconf 83' lang='lat' dir='ltr'><strong>meis</strong></span> <span class='ocrx_word' id='word_1_216' title='bbox 3166 1310 3478 1383; x_wconf 83' lang='lat' dir='ltr'><strong>eloquentia</strong></span> 
     </span>
    </p>
   </div>
   <div class='ocr_carea' id='block_1_27' title="bbox 1883 1402 3475 1479">
    <p class='ocr_par' dir='ltr' id='par_1_27' title="bbox 1883 1402 3475 1479">
     <span class='ocr_line' id='line_1_27' title="bbox 1883 1402 3475 1479; baseline 0.004 -24"><span class='ocrx_word' id='word_1_217' title='bbox 1883 1409 1993 1467; x_wconf 85' lang='lat' dir='ltr'><strong>tua,</strong></span> <span class='ocrx_word' id='word_1_218' title='bbox 2050 1417 2217 1479; x_wconf 77' lang='lat' dir='ltr'><strong>super</strong></span> <span class='ocrx_word' id='word_1_219' title='bbox 2269 1403 2376 1461; x_wconf 86' lang='lat' dir='ltr'><strong>mel</strong></span> <span class='ocrx_word' id='word_1_220' title='bbox 2427 1412 2481 1459; x_wconf 82' lang='lat' dir='ltr'><strong>et</strong></span> <span class='ocrx_word' id='word_1_221' title='bbox 2512 1402 2690 1463; x_wconf 80' lang='lat' dir='ltr'><strong>favum</strong></span> <span class='ocrx_word' id='word_1_222' title='bbox 2720 1403 2801 1458; x_wconf 89' lang='lat' dir='ltr'><strong>ori</strong></span> <span class='ocrx_word' id='word_1_223' title='bbox 2847 1403 3010 1477; x_wconf 88' lang='lat' dir='ltr'><strong>meo(</strong></span> <span class='ocrx_word' id='word_1_224' title='bbox 3041 1402 3191 1465; x_wconf 79' lang='lat' dir='ltr'><strong>Psal.</strong></span> <span class='ocrx_word' id='word_1_225' title='bbox 3222 1420 3385 1461; x_wconf 82' lang='lat' dir='ltr'><strong>cxvnt</strong></span> <span class='ocrx_word' id='word_1_226' title='bbox 3411 1404 3430 1472; x_wconf 89' lang='lat'><strong>)</strong></span> <span class='ocrx_word' id='word_1_227' title='bbox 3460 1406 3475 1461; x_wconf 80' lang='grc' dir='ltr'><strong>ι</strong></span> 
     </span>
    </p>
   </div>
   <div class='ocr_carea' id='block_1_28' title="bbox 1879 1494 3476 1567">
    <p class='ocr_par' dir='ltr' id='par_1_28' title="bbox 1879 1494 3476 1567">
     <span class='ocr_line' id='line_1_28' title="bbox 1879 1494 3476 1567; baseline 0.003 -17"><span class='ocrx_word' id='word_1_228' title='bbox 1879 1494 2129 1567; x_wconf 81' lang='lat' dir='ltr'><strong>Denique</strong></span> <span class='ocrx_word' id='word_1_229' title='bbox 2177 1503 2233 1561; x_wconf 85' lang='lat' dir='ltr'><strong>et</strong></span> <span class='ocrx_word' id='word_1_230' title='bbox 2278 1495 2539 1555; x_wconf 79' lang='lat' dir='ltr'><strong>Dominus</strong></span> <span class='ocrx_word' id='word_1_231' title='bbox 2596 1505 2788 1555; x_wconf 51' lang='lat' dir='ltr'><strong>noster</strong></span> <span class='ocrx_word' id='word_1_232' title='bbox 2842 1505 2963 1566; x_wconf 79' lang='lat' dir='ltr'><strong>post</strong></span> <span class='ocrx_word' id='word_1_233' title='bbox 3015 1497 3476 1559; x_wconf 66' lang='lat' dir='ltr'><strong>resurrectionem</strong></span> 
     </span>
    </p>
   </div>
   <div class='ocr_carea' id='block_1_29' title="bbox 1880 1585 3481 1661">
    <p class='ocr_par' dir='ltr' id='par_1_29' title="bbox 1880 1585 3481 1661">
     <span class='ocr_line' id='line_1_29' title="bbox 1880 1585 3481 1661; baseline 0.003 -19"><span class='ocrx_word' id='word_1_234' title='bbox 1880 1598 2167 1661; x_wconf 83' lang='lat' dir='ltr'><strong>propterea</strong></span> <span class='ocrx_word' id='word_1_235' title='bbox 2216 1585 2392 1647; x_wconf 72' lang='lat' dir='ltr'><strong>favum</strong></span> <span class='ocrx_word' id='word_1_236' title='bbox 2436 1588 2694 1656; x_wconf 84' lang='lat' dir='ltr'><strong>comedit,</strong></span> <span class='ocrx_word' id='word_1_237' title='bbox 2726 1598 2782 1644; x_wconf 87' lang='lat' dir='ltr'><strong>et</strong></span> <span class='ocrx_word' id='word_1_238' title='bbox 2812 1590 2881 1649; x_wconf 85' lang='lat' dir='ltr'><strong>de</strong></span> <span class='ocrx_word' id='word_1_239' title='bbox 2920 1599 3072 1659; x_wconf 82' lang='lat' dir='ltr'><strong>petra</strong></span> <span class='ocrx_word' id='word_1_240' title='bbox 3121 1590 3284 1651; x_wconf 83' lang='lat' dir='ltr'><strong>melle</strong></span> <span class='ocrx_word' id='word_1_241' title='bbox 3331 1601 3481 1647; x_wconf 79' lang='lat' dir='ltr'><strong>sutu-</strong></span> 
     </span>
    </p>
   </div>
   <div class='ocr_carea' id='block_1_30' title="bbox 1879 1679 3478 1755">
    <p class='ocr_par' dir='ltr' id='par_1_30' title="bbox 1879 1679 3478 1755">
     <span class='ocr_line' id='line_1_30' title="bbox 1879 1679 3478 1755; baseline 0.001 -18"><span class='ocrx_word' id='word_1_242' title='bbox 1879 1691 2030 1741; x_wconf 84' lang='lat' dir='ltr'><strong>ratus</strong></span> <span class='ocrx_word' id='word_1_243' title='bbox 2059 1679 2316 1755; x_wconf 79' lang='lat' dir='ltr'><strong>est(Lttc.</strong></span> <span class='ocrx_word' id='word_1_244' title='bbox 2347 1685 2526 1747; x_wconf 79' lang='lat' dir='ltr'><strong>ntv).</strong></span> <span class='ocrx_word' id='word_1_245' title='bbox 2562 1682 2705 1755; x_wconf 76' lang='lat' dir='ltr'><strong>Ergo</strong></span> <span class='ocrx_word' id='word_1_246' title='bbox 2756 1699 2869 1741; x_wconf 88' lang='lat' dir='ltr'><strong>rem</strong></span> <span class='ocrx_word' id='word_1_247' title='bbox 2919 1683 3043 1741; x_wconf 85' lang='lat' dir='ltr'><strong>dico</strong></span> <span class='ocrx_word' id='word_1_248' title='bbox 3093 1698 3289 1749; x_wconf 80' lang='lat' dir='ltr'><strong>novam</strong></span> <span class='ocrx_word' id='word_1_249' title='bbox 3318 1702 3329 1737; x_wconf 78' lang='grc' dir='ltr'>ε</span> <span class='ocrx_word' id='word_1_250' title='bbox 3358 1684 3478 1754; x_wconf 85' lang='lat' dir='ltr'><strong>Ipsa</strong></span> 
     </span>
    </p>
   </div>
   <div class='ocr_carea' id='block_1_31' title="bbox 143 1752 3477 1847">
    <p class='ocr_par' dir='ltr' id='par_1_31' title="bbox 143 1752 3477 1847">
     <span class='ocr_line' id='line_1_31' title="bbox 143 1752 3477 1847; baseline -0.003 -14"><span class='ocrx_word' id='word_1_251' title='bbox 143 1779 430 1834; x_wconf 78' lang='lat' dir='ltr'><strong>desiderio</strong></span> <span class='ocrx_word' id='word_1_252' title='bbox 457 1778 635 1833; x_wconf 77' lang='lat' dir='ltr'><strong>cordis</strong></span> <span class='ocrx_word' id='word_1_253' title='bbox 662 1792 862 1842; x_wconf 81' lang='lat' dir='ltr'><strong>eorum,</strong></span> <span class='ocrx_word' id='word_1_254' title='bbox 885 1784 991 1831; x_wconf 85' lang='lat' dir='ltr'><strong>etc.</strong></span> <span class='ocrx_word' id='word_1_255' title='bbox 1028 1772 1213 1828; x_wconf 77' lang='lat' dir='ltr'><strong>Infelix</strong></span> <span class='ocrx_word' id='word_1_256' title='bbox 1243 1780 1327 1827; x_wconf 86' lang='lat' dir='ltr'><strong>est</strong></span> <span class='ocrx_word' id='word_1_257' title='bbox 1354 1769 1444 1841; x_wconf 88' lang='lat' dir='ltr'><strong>qui</strong></span> <span class='ocrx_word' id='word_1_258' title='bbox 1467 1784 1499 1823; x_wconf 72' lang='grc' dir='ltr'><strong>ιι</strong></span> <span class='ocrx_word' id='word_1_259' title='bbox 1527 1768 1642 1827; x_wconf 79' lang='lat' dir='ltr'><strong>Deo</strong></span> <span class='ocrx_word' id='word_1_260' title='bbox 1664 1781 1773 1827; x_wconf 88' lang='lat' dir='ltr'><strong>non</strong></span> <span class='ocrx_word' id='word_1_261' title='bbox 1800 1752 1853 1827; x_wconf 70' lang='grc' dir='ltr'>Β</span> <span class='ocrx_word' id='word_1_262' title='bbox 1882 1784 2030 1846; x_wconf 76' lang='lat' dir='ltr'><strong>petra</strong></span> <span class='ocrx_word' id='word_1_263' title='bbox 2060 1752 2689 1847; x_wconf 20' lang='lat' dir='ltr'><strong>utelvcouteditmtpobis</strong></span> <span class='ocrx_word' id='word_1_264' title='bbox 2719 1777 2825 1833; x_wconf 87' lang='lat' dir='ltr'><strong>mel</strong></span> <span class='ocrx_word' id='word_1_265' title='bbox 2851 1776 3136 1843; x_wconf 81' lang='lat' dir='ltr'><strong>tribueret,</strong></span> <span class='ocrx_word' id='word_1_266' title='bbox 3166 1787 3220 1839; x_wconf 75' lang='grc' dir='ltr'>οι</span> <span class='ocrx_word' id='word_1_267' title='bbox 3238 1752 3477 1835; x_wconf 52' lang='lat' dir='ltr'><strong>dolendi.</strong></span> 
     </span>
    </p>
   </div>
   <div class='ocr_carea' id='block_1_32' title="bbox 142 1861 1774 1942">
    <p class='ocr_par' dir='ltr' id='par_1_32' title="bbox 142 1861 1774 1942">
     <span class='ocr_line' id='line_1_32' title="bbox 142 1861 1774 1942; baseline -0.007 -14"><span class='ocrx_word' id='word_1_268' title='bbox 142 1871 483 1941; x_wconf 79' lang='lat' dir='ltr'><strong>corripitur.</strong></span> <span class='ocrx_word' id='word_1_269' title='bbox 510 1870 566 1928; x_wconf 88' lang='lat' dir='ltr'><strong>Si</strong></span> <span class='ocrx_word' id='word_1_270' title='bbox 597 1870 720 1942; x_wconf 83' lang='lat' dir='ltr'><strong>quis</strong></span> <span class='ocrx_word' id='word_1_271' title='bbox 752 1881 983 1940; x_wconf 84' lang='lat' dir='ltr'><strong>peccans</strong></span> <span class='ocrx_word' id='word_1_272' title='bbox 1015 1881 1121 1925; x_wconf 88' lang='lat' dir='ltr'><strong>non</strong></span> <span class='ocrx_word' id='word_1_273' title='bbox 1151 1864 1470 1936; x_wconf 86' lang='lat' dir='ltr'><strong>percutitur,</strong></span> <span class='ocrx_word' id='word_1_274' title='bbox 1516 1862 1623 1919; x_wconf 87' lang='lat' dir='ltr'><strong>iste</strong></span> <span class='ocrx_word' id='word_1_275' title='bbox 1672 1861 1774 1919; x_wconf 85' lang='lat' dir='ltr'><strong>mi-</strong></span> 
     </span>
    </p>
   </div>
   <div class='ocr_carea' id='block_1_33' title="bbox 145 1954 1775 2020">
    <p class='ocr_par' dir='ltr' id='par_1_33' title="bbox 145 1954 1775 2020">
     <span class='ocr_line' id='line_1_33' title="bbox 145 1954 1775 2020; baseline -0.007 0"><span class='ocrx_word' id='word_1_276' title='bbox 145 1979 250 2020; x_wconf 82' lang='lat' dir='ltr'><strong>ser</strong></span> <span class='ocrx_word' id='word_1_277' title='bbox 304 1972 414 2018; x_wconf 83' lang='lat' dir='ltr'><strong>est.</strong></span> <span class='ocrx_word' id='word_1_278' title='bbox 462 1961 591 2017; x_wconf 87' lang='lat' dir='ltr'><strong>Ideo</strong></span> <span class='ocrx_word' id='word_1_279' title='bbox 648 1962 815 2017; x_wconf 88' lang='lat' dir='ltr'><strong>dicit:</strong></span> <span class='ocrx_word' id='word_1_280' title='bbox 847 1958 1034 2013; x_wconf 80' lang='lat' dir='ltr'><strong>Dimisi</strong></span> <span class='ocrx_word' id='word_1_281' title='bbox 1089 1974 1173 2013; x_wconf 76' lang='lat' dir='ltr'><strong>eos</strong></span> <span class='ocrx_word' id='word_1_282' title='bbox 1195 1956 1477 2012; x_wconf 68' lang='lat' dir='ltr'><strong>artandum</strong></span> <span class='ocrx_word' id='word_1_283' title='bbox 1519 1954 1775 2012; x_wconf 73' lang='lat' dir='ltr'><strong>desideria</strong></span> 
     </span>
    </p>
   </div>
   <div class='ocr_carea' id='block_1_34' title="bbox 149 2051 1773 2123">
    <p class='ocr_par' dir='ltr' id='par_1_34' title="bbox 149 2051 1773 2123">
     <span class='ocr_line' id='line_1_34' title="bbox 149 2051 1773 2123; baseline -0.004 -11"><span class='ocrx_word' id='word_1_284' title='bbox 149 2056 345 2112; x_wconf 77' lang='lat' dir='ltr'><strong>cordis</strong></span> <span class='ocrx_word' id='word_1_285' title='bbox 366 2072 568 2111; x_wconf 84' lang='lat' dir='ltr'><strong>eorum.</strong></span> <span class='ocrx_word' id='word_1_286' title='bbox 602 2054 727 2111; x_wconf 81' lang='lat' dir='ltr'><strong>ideo</strong></span> <span class='ocrx_word' id='word_1_287' title='bbox 783 2069 880 2109; x_wconf 86' lang='lat' dir='ltr'><strong>eos</strong></span> <span class='ocrx_word' id='word_1_288' title='bbox 909 2052 1090 2108; x_wconf 88' lang='lat' dir='ltr'><strong>dimisi</strong></span> <span class='ocrx_word' id='word_1_289' title='bbox 1123 2051 1413 2123; x_wconf 83' lang='lat' dir='ltr'><strong>:quoniam</strong></span> <span class='ocrx_word' id='word_1_290' title='bbox 1464 2064 1613 2121; x_wconf 66' lang='lat' dir='ltr'><strong>saepe</strong></span> <span class='ocrx_word' id='word_1_291' title='bbox 1653 2064 1773 2120; x_wconf 83' lang='lat' dir='ltr'><strong>per-</strong></span> 
     </span>
    </p>
   </div>
   <div class='ocr_carea' id='block_1_35' title="bbox 150 2141 1772 2216">
    <p class='ocr_par' dir='ltr' id='par_1_35' title="bbox 150 2141 1772 2216">
     <span class='ocr_line' id='line_1_35' title="bbox 150 2141 1772 2216; baseline -0.005 -12"><span class='ocrx_word' id='word_1_292' title='bbox 150 2147 335 2215; x_wconf 81' lang='lat' dir='ltr'><strong>cussi,</strong></span> <span class='ocrx_word' id='word_1_293' title='bbox 362 2158 418 2203; x_wconf 92' lang='lat' dir='ltr'><strong>et</strong></span> <span class='ocrx_word' id='word_1_294' title='bbox 462 2146 810 2216; x_wconf 68' lang='lat' dir='ltr'><strong>disciplinam</strong></span> <span class='ocrx_word' id='word_1_295' title='bbox 840 2160 948 2201; x_wconf 92' lang='lat' dir='ltr'><strong>non</strong></span> <span class='ocrx_word' id='word_1_296' title='bbox 990 2150 1339 2213; x_wconf 84' lang='lat' dir='ltr'><strong>receperunt.</strong></span> <span class='ocrx_word' id='word_1_297' title='bbox 1388 2141 1630 2214; x_wconf 79' lang='lat' dir='ltr'><strong>Rogavi,</strong></span> <span class='ocrx_word' id='word_1_298' title='bbox 1663 2157 1772 2196; x_wconf 83' lang='lat' dir='ltr'><strong>non</strong></span> 
     </span>
    </p>
   </div>
   <div class='ocr_carea' id='block_1_36' title="bbox 154 2234 1775 2311">
    <p class='ocr_par' dir='ltr' id='par_1_36' title="bbox 154 2234 1775 2311">
     <span class='ocr_line' id='line_1_36' title="bbox 154 2234 1775 2311; baseline -0.004 -15"><span class='ocrx_word' id='word_1_299' title='bbox 154 2242 461 2297; x_wconf 85' lang='lat' dir='ltr'><strong>audierunt</strong></span> <span class='ocrx_word' id='word_1_300' title='bbox 482 2240 777 2311; x_wconf 67' lang='lat' dir='ltr'><strong>:percussi,</strong></span> <span class='ocrx_word' id='word_1_301' title='bbox 802 2254 912 2293; x_wconf 83' lang='lat' dir='ltr'><strong>non</strong></span> <span class='ocrx_word' id='word_1_302' title='bbox 943 2243 1228 2297; x_wconf 72' lang='lat' dir='ltr'><strong>senserunt</strong></span> <span class='ocrx_word' id='word_1_303' title='bbox 1259 2235 1525 2292; x_wconf 78' lang='lat' dir='ltr'><strong>dolorem.</strong></span> <span class='ocrx_word' id='word_1_304' title='bbox 1554 2234 1775 2295; x_wconf 76' lang='lat' dir='ltr'><strong>Diutitto</strong></span> 
     </span>
    </p>
   </div>
   <div class='ocr_carea' id='block_1_37' title="bbox 154 2325 1771 2394">
    <p class='ocr_par' dir='ltr' id='par_1_37' title="bbox 154 2325 1771 2394">
     <span class='ocr_line' id='line_1_37' title="bbox 154 2325 1771 2394; baseline -0.004 -5"><span class='ocrx_word' id='word_1_305' title='bbox 154 2347 263 2389; x_wconf 86' lang='lat' dir='ltr'><strong>eos</strong></span> <span class='ocrx_word' id='word_1_306' title='bbox 294 2333 352 2387; x_wconf 90' lang='lat' dir='ltr'><strong>in</strong></span> <span class='ocrx_word' id='word_1_307' title='bbox 399 2331 773 2387; x_wconf 77' lang='lat' dir='ltr'><strong>voluntatibus</strong></span> <span class='ocrx_word' id='word_1_308' title='bbox 817 2329 951 2392; x_wconf 82' lang='lat' dir='ltr'><strong>suis.</strong></span> <span class='ocrx_word' id='word_1_309' title='bbox 983 2336 1045 2384; x_wconf 90' lang='lat' dir='ltr'><strong>ut</strong></span> <span class='ocrx_word' id='word_1_310' title='bbox 1087 2327 1313 2384; x_wconf 75' lang='lat' dir='ltr'><strong>naturali</strong></span> <span class='ocrx_word' id='word_1_311' title='bbox 1340 2325 1486 2383; x_wconf 72' lang='lat' dir='ltr'><strong>vitiis</strong></span> <span class='ocrx_word' id='word_1_312' title='bbox 1520 2327 1657 2394; x_wconf 83' lang='lat' dir='ltr'><strong>suis,</strong></span> <span class='ocrx_word' id='word_1_313' title='bbox 1686 2326 1771 2383; x_wconf 82' lang='lat' dir='ltr'><strong>vel</strong></span> 
     </span>
    </p>
   </div>
   <div class='ocr_carea' id='block_1_38' title="bbox 157 2425 867 2498">
    <p class='ocr_par' dir='ltr' id='par_1_38' title="bbox 157 2425 867 2498">
     <span class='ocr_line' id='line_1_38' title="bbox 157 2425 867 2498; baseline -0.006 -15"><span class='ocrx_word' id='word_1_314' title='bbox 157 2426 253 2484; x_wconf 77' lang='lat' dir='ltr'><strong>sic</strong></span> <span class='ocrx_word' id='word_1_315' title='bbox 274 2436 439 2498; x_wconf 87' lang='lat' dir='ltr'><strong>agant</strong></span> <span class='ocrx_word' id='word_1_316' title='bbox 469 2425 867 2497; x_wconf 71' lang='lat' dir='ltr'><strong>pmuitentiam.</strong></span> 
     </span>
    </p>
   </div>
   <div class='ocr_carea' id='block_1_39' title="bbox 237 2512 1775 2588">
    <p class='ocr_par' dir='ltr' id='par_1_39' title="bbox 237 2512 1775 2588">
     <span class='ocr_line' id='line_1_39' title="bbox 237 2512 1775 2588; baseline -0.002 -15"><span class='ocrx_word' id='word_1_317' title='bbox 237 2517 305 2574; x_wconf 88' lang='lat' dir='ltr'><strong>Si</strong></span> <span class='ocrx_word' id='word_1_318' title='bbox 330 2518 558 2588; x_wconf 77' lang='lat' dir='ltr'><strong>populus</strong></span> <span class='ocrx_word' id='word_1_319' title='bbox 589 2533 730 2571; x_wconf 78' lang='lat' dir='ltr'><strong>meus</strong></span> <span class='ocrx_word' id='word_1_320' title='bbox 758 2515 987 2571; x_wconf 75' lang='lat' dir='ltr'><strong>audisset</strong></span> <span class='ocrx_word' id='word_1_321' title='bbox 1017 2530 1117 2570; x_wconf 80' lang='lat' dir='ltr'><strong>me.</strong></span> <span class='ocrx_word' id='word_1_322' title='bbox 1149 2515 1195 2571; x_wconf 87' lang='grc'><strong>0</strong></span> <span class='ocrx_word' id='word_1_323' title='bbox 1219 2514 1642 2573; x_wconf 79' lang='lat' dir='ltr'><strong>clementissimo</strong></span> <span class='ocrx_word' id='word_1_324' title='bbox 1673 2512 1775 2573; x_wconf 79' lang='lat' dir='ltr'><strong>Pa-</strong></span> 
     </span>
    </p>
   </div>
   <div class='ocr_carea' id='block_1_40' title="bbox 162 2605 1768 2679">
    <p class='ocr_par' dir='ltr' id='par_1_40' title="bbox 162 2605 1768 2679">
     <span class='ocr_line' id='line_1_40' title="bbox 162 2605 1768 2679; baseline -0.002 -15"><span class='ocrx_word' id='word_1_325' title='bbox 162 2616 276 2678; x_wconf 86' lang='lat' dir='ltr'><strong>ter,</strong></span> <span class='ocrx_word' id='word_1_326' title='bbox 304 2623 342 2663; x_wconf 89' lang='lat' dir='ltr'><strong>o</strong></span> <span class='ocrx_word' id='word_1_327' title='bbox 374 2607 687 2665; x_wconf 86' lang='lat' dir='ltr'><strong>misericors</strong></span> <span class='ocrx_word' id='word_1_328' title='bbox 712 2608 885 2663; x_wconf 86' lang='lat' dir='ltr'><strong>Deus!</strong></span> <span class='ocrx_word' id='word_1_329' title='bbox 919 2606 1172 2679; x_wconf 66' lang='lat' dir='ltr'><strong>Rogauit,</strong></span> <span class='ocrx_word' id='word_1_330' title='bbox 1198 2617 1381 2664; x_wconf 78' lang='lat' dir='ltr'><strong>etnon</strong></span> <span class='ocrx_word' id='word_1_331' title='bbox 1413 2615 1498 2665; x_wconf 88' lang='lat' dir='ltr'><strong>est</strong></span> <span class='ocrx_word' id='word_1_332' title='bbox 1516 2605 1768 2663; x_wconf 86' lang='lat' dir='ltr'><strong>auditus:</strong></span> 
     </span>
    </p>
   </div>
   <div class='ocr_carea' id='block_1_41' title="bbox 165 2697 1772 2772">
    <p class='ocr_par' dir='ltr' id='par_1_41' title="bbox 165 2697 1772 2772">
     <span class='ocr_line' id='line_1_41' title="bbox 165 2697 1772 2772; baseline 0.001 -17"><span class='ocrx_word' id='word_1_333' title='bbox 165 2700 329 2772; x_wconf 87' lang='lat' dir='ltr'><strong>quasi</strong></span> <span class='ocrx_word' id='word_1_334' title='bbox 385 2702 556 2756; x_wconf 85' lang='lat' dir='ltr'><strong>iratus</strong></span> <span class='ocrx_word' id='word_1_335' title='bbox 609 2699 836 2756; x_wconf 77' lang='lat' dir='ltr'><strong>dimittit</strong></span> <span class='ocrx_word' id='word_1_336' title='bbox 884 2699 1056 2761; x_wconf 84' lang='lat' dir='ltr'><strong>lilium</strong></span> <span class='ocrx_word' id='word_1_337' title='bbox 1110 2698 1515 2756; x_wconf 80' lang='lat' dir='ltr'><strong>lasrivientem.</strong></span> <span class='ocrx_word' id='word_1_338' title='bbox 1572 2697 1772 2757; x_wconf 70' lang='lat' dir='ltr'><strong>lterum</strong></span> 
     </span>
    </p>
   </div>
   <div class='ocr_carea' id='block_1_42' title="bbox 162 2791 1774 2866">
    <p class='ocr_par' dir='ltr' id='par_1_42' title="bbox 162 2791 1774 2866">
     <span class='ocr_line' id='line_1_42' title="bbox 162 2791 1774 2866; baseline -0.002 -15"><span class='ocrx_word' id='word_1_339' title='bbox 162 2794 317 2852; x_wconf 74' lang='lat' dir='ltr'><strong>videt</strong></span> <span class='ocrx_word' id='word_1_340' title='bbox 341 2794 541 2866; x_wconf 80' lang='lat' dir='ltr'><strong>perire,</strong></span> <span class='ocrx_word' id='word_1_341' title='bbox 567 2805 620 2851; x_wconf 90' lang='lat' dir='ltr'><strong>et</strong></span> <span class='ocrx_word' id='word_1_342' title='bbox 643 2795 813 2858; x_wconf 86' lang='lat' dir='ltr'><strong>dolet,</strong></span> <span class='ocrx_word' id='word_1_343' title='bbox 840 2795 966 2866; x_wconf 94' lang='lat' dir='ltr'><strong>quia</strong></span> <span class='ocrx_word' id='word_1_344' title='bbox 1004 2793 1161 2865; x_wconf 89' lang='lat' dir='ltr'><strong>perit.</strong></span> <span class='ocrx_word' id='word_1_345' title='bbox 1182 2794 1253 2849; x_wconf 79' lang='lat' dir='ltr'><strong>Et</strong></span> <span class='ocrx_word' id='word_1_346' title='bbox 1277 2793 1408 2865; x_wconf 88' lang='lat' dir='ltr'><strong>quid</strong></span> <span class='ocrx_word' id='word_1_347' title='bbox 1430 2791 1774 2851; x_wconf 82' lang='lat' dir='ltr'><strong>dicit:lsrael</strong></span> 
     </span>
    </p>
   </div>
   <div class='ocr_carea' id='block_1_43' title="bbox 166 2885 1775 2959">
    <p class='ocr_par' dir='ltr' id='par_1_43' title="bbox 166 2885 1775 2959">
     <span class='ocr_line' id='line_1_43' title="bbox 166 2885 1775 2959; baseline 0.001 -15"><span class='ocrx_word' id='word_1_348' title='bbox 166 2887 290 2944; x_wconf 78' lang='lat' dir='ltr'><strong>siin</strong></span> <span class='ocrx_word' id='word_1_349' title='bbox 321 2888 417 2942; x_wconf 69' lang='lat' dir='ltr'><strong>riis</strong></span> <span class='ocrx_word' id='word_1_350' title='bbox 466 2888 592 2943; x_wconf 78' lang='lat' dir='ltr'><strong>meis</strong></span> <span class='ocrx_word' id='word_1_351' title='bbox 639 2888 974 2955; x_wconf 66' lang='lat' dir='ltr'><strong>audatasset,</strong></span> <span class='ocrx_word' id='word_1_352' title='bbox 1008 2903 1102 2959; x_wconf 81' lang='lat' dir='ltr'><strong>pro</strong></span> <span class='ocrx_word' id='word_1_353' title='bbox 1129 2886 1317 2955; x_wconf 68' lang='lat' dir='ltr'><strong>nihilo,</strong></span> <span class='ocrx_word' id='word_1_354' title='bbox 1365 2895 1474 2943; x_wconf 84' lang='lat' dir='ltr'><strong>etc.</strong></span> <span class='ocrx_word' id='word_1_355' title='bbox 1502 2885 1775 2957; x_wconf 81' lang='lat' dir='ltr'><strong>Numquid</strong></span> 
     </span>
    </p>
   </div>
   <div class='ocr_carea' id='block_1_44' title="bbox 168 2978 1774 3053">
    <p class='ocr_par' dir='ltr' id='par_1_44' title="bbox 168 2978 1774 3053">
     <span class='ocr_line' id='line_1_44' title="bbox 168 2978 1774 3053; baseline -0.001 -18"><span class='ocrx_word' id='word_1_356' title='bbox 168 2979 378 3053; x_wconf 84' lang='lat' dir='ltr'><strong>grande</strong></span> <span class='ocrx_word' id='word_1_357' title='bbox 403 2981 535 3035; x_wconf 88' lang='lat' dir='ltr'><strong>mihi</strong></span> <span class='ocrx_word' id='word_1_358' title='bbox 568 2989 688 3037; x_wconf 81' lang='lat' dir='ltr'><strong>erat</strong></span> <span class='ocrx_word' id='word_1_359' title='bbox 730 2980 969 3043; x_wconf 83' lang='lat' dir='ltr'><strong>liberare</strong></span> <span class='ocrx_word' id='word_1_360' title='bbox 996 2987 1050 3037; x_wconf 90' lang='lat' dir='ltr'><strong>te</strong></span> <span class='ocrx_word' id='word_1_361' title='bbox 1075 2979 1148 3037; x_wconf 83' lang='lat' dir='ltr'><strong>de</strong></span> <span class='ocrx_word' id='word_1_362' title='bbox 1188 2979 1575 3037; x_wconf 78' lang='lat' dir='ltr'><strong>tribulatione?</strong></span> <span class='ocrx_word' id='word_1_363' title='bbox 1602 2978 1774 3035; x_wconf 81' lang='lat' dir='ltr'><strong>Nutu-</strong></span> 
     </span>
    </p>
   </div>
   <div class='ocr_carea' id='block_1_45' title="bbox 170 3072 1773 3146">
    <p class='ocr_par' dir='ltr' id='par_1_45' title="bbox 170 3072 1773 3146">
     <span class='ocr_line' id='line_1_45' title="bbox 170 3072 1773 3146; baseline 0.001 -18"><span class='ocrx_word' id='word_1_364' title='bbox 170 3073 303 3145; x_wconf 85' lang='lat' dir='ltr'><strong>quid</strong></span> <span class='ocrx_word' id='word_1_365' title='bbox 358 3090 467 3130; x_wconf 91' lang='lat' dir='ltr'><strong>nou</strong></span> <span class='ocrx_word' id='word_1_366' title='bbox 522 3082 764 3146; x_wconf 85' lang='lat' dir='ltr'><strong>poteram</strong></span> <span class='ocrx_word' id='word_1_367' title='bbox 809 3072 1147 3146; x_wconf 73' lang='lat' dir='ltr'><strong>maiestatem</strong></span> <span class='ocrx_word' id='word_1_368' title='bbox 1206 3090 1382 3135; x_wconf 79' lang='lat' dir='ltr'><strong>nteant</strong></span> <span class='ocrx_word' id='word_1_369' title='bbox 1434 3074 1667 3141; x_wconf 75' lang='lat' dir='ltr'><strong>mittere,</strong></span> <span class='ocrx_word' id='word_1_370' title='bbox 1717 3082 1773 3133; x_wconf 90' lang='lat' dir='ltr'><strong>et</strong></span> 
     </span>
    </p>
   </div>
   <div class='ocr_carea' id='block_1_46' title="bbox 1877 1867 3480 1943">
    <p class='ocr_par' dir='ltr' id='par_1_46' title="bbox 1877 1867 3480 1943">
     <span class='ocr_line' id='line_1_46' title="bbox 1877 1867 3480 1943; baseline 0.003 -19"><span class='ocrx_word' id='word_1_371' title='bbox 1877 1883 2024 1937; x_wconf 87' lang='lat' dir='ltr'><strong>nem,</strong></span> <span class='ocrx_word' id='word_1_372' title='bbox 2046 1876 2107 1935; x_wconf 82' lang='lat' dir='ltr'><strong>ut</strong></span> <span class='ocrx_word' id='word_1_373' title='bbox 2123 1870 2212 1940; x_wconf 85' lang='lat' dir='ltr'><strong>qui</strong></span> <span class='ocrx_word' id='word_1_374' title='bbox 2240 1870 2294 1927; x_wconf 86' lang='lat' dir='ltr'><strong>in</strong></span> <span class='ocrx_word' id='word_1_375' title='bbox 2317 1867 2460 1941; x_wconf 83' lang='lat' dir='ltr'><strong>Lege</strong></span> <span class='ocrx_word' id='word_1_376' title='bbox 2488 1871 2734 1929; x_wconf 78' lang='lat' dir='ltr'><strong>biberant</strong></span> <span class='ocrx_word' id='word_1_377' title='bbox 2763 1872 3063 1943; x_wconf 76' lang='lat' dir='ltr'><strong>myrrham,</strong></span> <span class='ocrx_word' id='word_1_378' title='bbox 3084 1871 3189 1929; x_wconf 83' lang='lat' dir='ltr'><strong>hoc</strong></span> <span class='ocrx_word' id='word_1_379' title='bbox 3204 1881 3309 1941; x_wconf 77' lang='lat' dir='ltr'><strong>est.</strong></span> <span class='ocrx_word' id='word_1_380' title='bbox 3331 1887 3480 1935; x_wconf 79' lang='lat' dir='ltr'><strong>ama-</strong></span> 
     </span>
    </p>
   </div>
   <div class='ocr_carea' id='block_1_47' title="bbox 1876 1961 3477 2037">
    <p class='ocr_par' dir='ltr' id='par_1_47' title="bbox 1876 1961 3477 2037">
     <span class='ocr_line' id='line_1_47' title="bbox 1876 1961 3477 2037; baseline 0.002 -20"><span class='ocrx_word' id='word_1_381' title='bbox 1876 1961 2168 2025; x_wconf 81' lang='lat' dir='ltr'><strong>ritudinem</strong></span> <span class='ocrx_word' id='word_1_382' title='bbox 2191 1982 2204 2019; x_wconf 92' lang='lat'><strong>:</strong></span> <span class='ocrx_word' id='word_1_383' title='bbox 2229 1972 2417 2035; x_wconf 77' lang='lat' dir='ltr'><strong>postea</strong></span> <span class='ocrx_word' id='word_1_384' title='bbox 2448 1963 2502 2021; x_wconf 87' lang='lat' dir='ltr'><strong>in</strong></span> <span class='ocrx_word' id='word_1_385' title='bbox 2527 1964 2821 2037; x_wconf 75' lang='lat' dir='ltr'><strong>Erangelio</strong></span> <span class='ocrx_word' id='word_1_386' title='bbox 2851 1965 3140 2021; x_wconf 75' lang='lat' dir='ltr'><strong>comedent</strong></span> <span class='ocrx_word' id='word_1_387' title='bbox 3162 1966 3268 2022; x_wconf 89' lang='lat' dir='ltr'><strong>mel</strong></span> <span class='ocrx_word' id='word_1_388' title='bbox 3301 1966 3477 2025; x_wconf 62' lang='lat' dir='ltr'><strong>Evauo</strong></span> 
     </span>
    </p>
   </div>
   <div class='ocr_carea' id='block_1_48' title="bbox 1872 2053 3366 2125">
    <p class='ocr_par' dir='ltr' id='par_1_48' title="bbox 1872 2053 3366 2125">
     <span class='ocr_line' id='line_1_48' title="bbox 1872 2053 3366 2125; baseline 0.001 -16"><span class='ocrx_word' id='word_1_389' title='bbox 1872 2053 1999 2125; x_wconf 79' lang='lat' dir='ltr'><strong>gulii</strong></span> <span class='ocrx_word' id='word_1_390' title='bbox 2028 2072 2042 2107; x_wconf 90' lang='lat'><strong>:</strong></span> <span class='ocrx_word' id='word_1_391' title='bbox 2071 2054 2154 2117; x_wconf 78' lang='lat' dir='ltr'><strong>cui</strong></span> <span class='ocrx_word' id='word_1_392' title='bbox 2184 2062 2269 2119; x_wconf 82' lang='lat' dir='ltr'><strong>est</strong></span> <span class='ocrx_word' id='word_1_393' title='bbox 2295 2055 2467 2125; x_wconf 88' lang='lat' dir='ltr'><strong>gloria</strong></span> <span class='ocrx_word' id='word_1_394' title='bbox 2497 2056 2550 2115; x_wconf 87' lang='lat' dir='ltr'><strong>io</strong></span> <span class='ocrx_word' id='word_1_395' title='bbox 2578 2055 2776 2117; x_wconf 78' lang='lat' dir='ltr'><strong>srccula</strong></span> <span class='ocrx_word' id='word_1_396' title='bbox 2804 2056 3147 2117; x_wconf 60' lang='lat' dir='ltr'><strong>seculorum.</strong></span> <span class='ocrx_word' id='word_1_397' title='bbox 3173 2054 3366 2117; x_wconf 85' lang='lat' dir='ltr'><strong>Amen.</strong></span> 
     </span>
    </p>
   </div>
   <div class='ocr_carea' id='block_1_49' title="bbox 2364 2168 2979 2227">
    <p class='ocr_par' dir='ltr' id='par_1_49' title="bbox 2364 2168 2979 2227">
     <span class='ocr_line' id='line_1_49' title="bbox 2364 2168 2979 2227; baseline -0.002 -2"><span class='ocrx_word' id='word_1_398' title='bbox 2364 2169 2686 2227; x_wconf 71' lang='lat' dir='ltr'><strong>PSALMUS</strong></span> <span class='ocrx_word' id='word_1_399' title='bbox 2738 2168 2979 2226; x_wconf 74' lang='grc' dir='ltr'>ιιιιχι.</span> 
     </span>
    </p>
   </div>
   <div class='ocr_carea' id='block_1_50' title="bbox 1875 2257 3476 2332">
    <p class='ocr_par' dir='ltr' id='par_1_50' title="bbox 1875 2257 3476 2332">
     <span class='ocr_line' id='line_1_50' title="bbox 1875 2257 3476 2332; baseline 0.003 -19"><span class='ocrx_word' id='word_1_400' title='bbox 1875 2257 2131 2332; x_wconf 65' lang='lat' dir='ltr'><strong>Psalmus</strong></span> <span class='ocrx_word' id='word_1_401' title='bbox 2153 2260 2351 2332; x_wconf 64' lang='lat' dir='ltr'><strong>supr.</strong></span> <span class='ocrx_word' id='word_1_402' title='bbox 2384 2260 2494 2317; x_wconf 83' lang='lat' dir='ltr'><strong>iste</strong></span> <span class='ocrx_word' id='word_1_403' title='bbox 2525 2261 2768 2328; x_wconf 77' lang='lat' dir='ltr'><strong>psalmus</strong></span> <span class='ocrx_word' id='word_1_404' title='bbox 2816 2265 3085 2331; x_wconf 85' lang='lat' dir='ltr'><strong>hortatur,</strong></span> <span class='ocrx_word' id='word_1_405' title='bbox 3121 2272 3182 2321; x_wconf 89' lang='lat' dir='ltr'><strong>ut</strong></span> <span class='ocrx_word' id='word_1_406' title='bbox 3217 2262 3267 2318; x_wconf 84' lang='lat' dir='ltr'><strong>si</strong></span> <span class='ocrx_word' id='word_1_407' title='bbox 3320 2262 3476 2318; x_wconf 61' lang='lat' dir='ltr'><strong>voluo</strong></span> 
     </span>
    </p>
   </div>
   <div class='ocr_carea' id='block_1_51' title="bbox 1945 2330 3474 2407">
    <p class='ocr_par' dir='ltr' id='par_1_51' title="bbox 1945 2330 3474 2407">
     <span class='ocr_line' id='line_1_51' title="bbox 1945 2330 3474 2407; baseline 0.003 -20"><span class='ocrx_word' id='word_1_408' title='bbox 1945 2346 2068 2387; x_wconf 85' lang='lat' dir='ltr'><strong>mus</strong></span> <span class='ocrx_word' id='word_1_409' title='bbox 2096 2330 2396 2407; x_wconf 71' lang='lat' dir='ltr'><strong>Dominum</strong></span> <span class='ocrx_word' id='word_1_410' title='bbox 2451 2331 2704 2407; x_wconf 75' lang='lat' dir='ltr'><strong>habitare</strong></span> <span class='ocrx_word' id='word_1_411' title='bbox 2764 2330 3078 2405; x_wconf 85' lang='lat' dir='ltr'><strong>uobiscum,</strong></span> <span class='ocrx_word' id='word_1_412' title='bbox 3130 2350 3197 2395; x_wconf 85' lang='lat' dir='ltr'><strong>ea</strong></span> <span class='ocrx_word' id='word_1_413' title='bbox 3256 2348 3474 2407; x_wconf 81' lang='lat' dir='ltr'><strong>semper</strong></span> 
     </span>
    </p>
   </div>
   <div class='ocr_carea' id='block_1_52' title="bbox 1943 2401 2889 2474">
    <p class='ocr_par' dir='ltr' id='par_1_52' title="bbox 1943 2401 2889 2474">
     <span class='ocr_line' id='line_1_52' title="bbox 1943 2401 2889 2474; baseline 0.003 -15"><span class='ocrx_word' id='word_1_414' title='bbox 1943 2417 2065 2474; x_wconf 77' lang='lat' dir='ltr'><strong>quae</strong></span> <span class='ocrx_word' id='word_1_415' title='bbox 2094 2401 2168 2457; x_wconf 89' lang='lat' dir='ltr'><strong>illi</strong></span> <span class='ocrx_word' id='word_1_416' title='bbox 2192 2412 2321 2461; x_wconf 89' lang='lat' dir='ltr'><strong>sunt</strong></span> <span class='ocrx_word' id='word_1_417' title='bbox 2348 2402 2571 2474; x_wconf 84' lang='lat' dir='ltr'><strong>placita,</strong></span> <span class='ocrx_word' id='word_1_418' title='bbox 2603 2404 2889 2462; x_wconf 76' lang='lat' dir='ltr'><strong>faciamus.</strong></span> 
     </span>
    </p>
   </div>
   <div class='ocr_carea' id='block_1_53' title="bbox 1945 2511 3477 2590">
    <p class='ocr_par' dir='ltr' id='par_1_53' title="bbox 1945 2511 3477 2590">
     <span class='ocr_line' id='line_1_53' title="bbox 1945 2511 3477 2590; baseline 0.004 -23"><span class='ocrx_word' id='word_1_419' title='bbox 1945 2511 2086 2577; x_wconf 70' lang='lat' dir='ltr'><strong>Deus</strong></span> <span class='ocrx_word' id='word_1_420' title='bbox 2106 2514 2243 2577; x_wconf 78' lang='lat' dir='ltr'><strong>stetit</strong></span> <span class='ocrx_word' id='word_1_421' title='bbox 2272 2515 2328 2573; x_wconf 81' lang='lat' dir='ltr'><strong>in</strong></span> <span class='ocrx_word' id='word_1_422' title='bbox 2355 2532 2620 2590; x_wconf 72' lang='lat' dir='ltr'><strong>synagoga</strong></span> <span class='ocrx_word' id='word_1_423' title='bbox 2665 2517 2898 2574; x_wconf 83' lang='lat' dir='ltr'><strong>deorum.</strong></span> <span class='ocrx_word' id='word_1_424' title='bbox 2932 2517 3095 2575; x_wconf 77' lang='lat' dir='ltr'><strong>Multa</strong></span> <span class='ocrx_word' id='word_1_425' title='bbox 3140 2526 3271 2577; x_wconf 84' lang='lat' dir='ltr'><strong>sunt</strong></span> <span class='ocrx_word' id='word_1_426' title='bbox 3317 2522 3477 2575; x_wconf 83' lang='lat' dir='ltr'><strong>sche-</strong></span> 
     </span>
    </p>
   </div>
   <div class='ocr_carea' id='block_1_54' title="bbox 1874 2606 3471 2679">
    <p class='ocr_par' dir='ltr' id='par_1_54' title="bbox 1874 2606 3471 2679">
     <span class='ocr_line' id='line_1_54' title="bbox 1874 2606 3471 2679; baseline 0.003 -19"><span class='ocrx_word' id='word_1_427' title='bbox 1874 2616 2039 2665; x_wconf 84' lang='lat' dir='ltr'><strong>mata.</strong></span> <span class='ocrx_word' id='word_1_428' title='bbox 2076 2606 2415 2679; x_wconf 70' lang='lat' dir='ltr'><strong>Frequenter</strong></span> <span class='ocrx_word' id='word_1_429' title='bbox 2438 2609 2584 2668; x_wconf 87' lang='lat' dir='ltr'><strong>euitn</strong></span> <span class='ocrx_word' id='word_1_430' title='bbox 2611 2611 2864 2673; x_wconf 82' lang='lat' dir='ltr'><strong>sedemus</strong></span> <span class='ocrx_word' id='word_1_431' title='bbox 2885 2653 2900 2676; x_wconf 88' lang='lat'><strong><em>.</em></strong></span> <span class='ocrx_word' id='word_1_432' title='bbox 2935 2609 3216 2673; x_wconf 79' lang='lat' dir='ltr'><strong>interdum</strong></span> <span class='ocrx_word' id='word_1_433' title='bbox 3244 2617 3471 2678; x_wconf 79' lang='lat' dir='ltr'><strong>stamus,</strong></span> 
     </span>
    </p>
   </div>
   <div class='ocr_carea' id='block_1_55' title="bbox 1873 2698 3474 2773">
    <p class='ocr_par' dir='ltr' id='par_1_55' title="bbox 1873 2698 3474 2773">
     <span class='ocr_line' id='line_1_55' title="bbox 1873 2698 3474 2773; baseline 0.002 -18"><span class='ocrx_word' id='word_1_434' title='bbox 1873 2698 2145 2761; x_wconf 85' lang='lat' dir='ltr'><strong>interdum</strong></span> <span class='ocrx_word' id='word_1_435' title='bbox 2186 2702 2434 2773; x_wconf 73' lang='lat' dir='ltr'><strong>iacemus</strong></span> <span class='ocrx_word' id='word_1_436' title='bbox 2459 2744 2475 2770; x_wconf 93' lang='lat'><strong>,</strong></span> <span class='ocrx_word' id='word_1_437' title='bbox 2517 2703 2791 2765; x_wconf 80' lang='lat' dir='ltr'><strong>interdum</strong></span> <span class='ocrx_word' id='word_1_438' title='bbox 2843 2705 3144 2773; x_wconf 84' lang='lat' dir='ltr'><strong>currimus,</strong></span> <span class='ocrx_word' id='word_1_439' title='bbox 3199 2705 3474 2763; x_wconf 84' lang='lat' dir='ltr'><strong>interdum</strong></span> 
     </span>
    </p>
   </div>
   <div class='ocr_carea' id='block_1_56' title="bbox 1873 2794 3474 2868">
    <p class='ocr_par' dir='ltr' id='par_1_56' title="bbox 1873 2794 3474 2868">
     <span class='ocr_line' id='line_1_56' title="bbox 1873 2794 3474 2868; baseline 0.001 -16"><span class='ocrx_word' id='word_1_440' title='bbox 1873 2794 2240 2859; x_wconf 75' lang='lat' dir='ltr'><strong>ambulamus.</strong></span> <span class='ocrx_word' id='word_1_441' title='bbox 2284 2795 2357 2857; x_wconf 75' lang='lat' dir='ltr'><strong>ita</strong></span> <span class='ocrx_word' id='word_1_442' title='bbox 2406 2802 2464 2853; x_wconf 79' lang='lat' dir='ltr'><strong>et</strong></span> <span class='ocrx_word' id='word_1_443' title='bbox 2505 2795 2651 2853; x_wconf 82' lang='lat' dir='ltr'><strong>Deus</strong></span> <span class='ocrx_word' id='word_1_444' title='bbox 2707 2797 3038 2855; x_wconf 79' lang='lat' dir='ltr'><strong>describitur</strong></span> <span class='ocrx_word' id='word_1_445' title='bbox 3070 2813 3168 2868; x_wconf 89' lang='lat' dir='ltr'><strong>pro</strong></span> <span class='ocrx_word' id='word_1_446' title='bbox 3209 2800 3474 2855; x_wconf 78' lang='lat' dir='ltr'><strong>varietate</strong></span> 
     </span>
    </p>
   </div>
   <div class='ocr_carea' id='block_1_57' title="bbox 1874 2888 3472 2960">
    <p class='ocr_par' dir='ltr' id='par_1_57' title="bbox 1874 2888 3472 2960">
     <span class='ocr_line' id='line_1_57' title="bbox 1874 2888 3472 2960; baseline 0.001 -14"><span class='ocrx_word' id='word_1_447' title='bbox 1874 2889 2177 2956; x_wconf 73' lang='lat' dir='ltr'><strong>hominum.</strong></span> <span class='ocrx_word' id='word_1_448' title='bbox 2216 2896 2274 2947; x_wconf 77' lang='lat' dir='ltr'><strong>et</strong></span> <span class='ocrx_word' id='word_1_449' title='bbox 2317 2897 2494 2945; x_wconf 83' lang='lat' dir='ltr'><strong>status</strong></span> <span class='ocrx_word' id='word_1_450' title='bbox 2550 2888 2722 2960; x_wconf 78' lang='lat' dir='ltr'><strong>ipsius</strong></span> <span class='ocrx_word' id='word_1_451' title='bbox 2772 2889 3021 2956; x_wconf 75' lang='lat' dir='ltr'><strong>diversus</strong></span> <span class='ocrx_word' id='word_1_452' title='bbox 3067 2891 3360 2947; x_wconf 90' lang='lat' dir='ltr'><strong>inducitur.</strong></span> <span class='ocrx_word' id='word_1_453' title='bbox 3415 2893 3472 2951; x_wconf 89' lang='lat' dir='ltr'><strong>Si</strong></span> 
     </span>
    </p>
   </div>
   <div class='ocr_carea' id='block_1_58' title="bbox 1874 2981 3469 3053">
    <p class='ocr_par' dir='ltr' id='par_1_58' title="bbox 1874 2981 3469 3053">
     <span class='ocr_line' id='line_1_58' title="bbox 1874 2981 3469 3053; baseline 0 -13"><span class='ocrx_word' id='word_1_454' title='bbox 1874 2981 2051 3041; x_wconf 84' lang='lat' dir='ltr'><strong>sancti</strong></span> <span class='ocrx_word' id='word_1_455' title='bbox 2070 2995 2282 3045; x_wconf 84' lang='lat' dir='ltr'><strong>sumus.</strong></span> <span class='ocrx_word' id='word_1_456' title='bbox 2308 2990 2364 3041; x_wconf 85' lang='lat' dir='ltr'><strong>et</strong></span> <span class='ocrx_word' id='word_1_457' title='bbox 2387 2995 2576 3045; x_wconf 82' lang='lat' dir='ltr'><strong>sumus</strong></span> <span class='ocrx_word' id='word_1_458' title='bbox 2595 2981 2802 3041; x_wconf 77' lang='lat' dir='ltr'><strong>similes</strong></span> <span class='ocrx_word' id='word_1_459' title='bbox 2827 2982 3019 3053; x_wconf 75' lang='lat' dir='ltr'><strong>Moysi,</strong></span> <span class='ocrx_word' id='word_1_460' title='bbox 3039 2982 3237 3041; x_wconf 89' lang='lat' dir='ltr'><strong>dicitur</strong></span> <span class='ocrx_word' id='word_1_461' title='bbox 3252 2983 3319 3039; x_wconf 89' lang='lat' dir='ltr'><strong>ad</strong></span> <span class='ocrx_word' id='word_1_462' title='bbox 3340 2999 3469 3040; x_wconf 86' lang='lat' dir='ltr'><strong>nos:</strong></span> 
     </span>
    </p>
   </div>
   <div class='ocr_carea' id='block_1_59' title="bbox 1874 3072 3474 3147">
    <p class='ocr_par' dir='ltr' id='par_1_59' title="bbox 1874 3072 3474 3147">
     <span class='ocr_line' id='line_1_59' title="bbox 1874 3072 3474 3147; baseline 0 -17"><span class='ocrx_word' id='word_1_463' title='bbox 1874 3074 1957 3130; x_wconf 84' lang='lat' dir='ltr'><strong>Tu</strong></span> <span class='ocrx_word' id='word_1_464' title='bbox 1986 3087 2117 3131; x_wconf 85' lang='lat' dir='ltr'><strong>vero</strong></span> <span class='ocrx_word' id='word_1_465' title='bbox 2140 3073 2228 3129; x_wconf 87' lang='lat' dir='ltr'><strong>hic</strong></span> <span class='ocrx_word' id='word_1_466' title='bbox 2250 3082 2334 3135; x_wconf 80' lang='lat' dir='ltr'><strong>sta</strong></span> <span class='ocrx_word' id='word_1_467' title='bbox 2364 3089 2577 3135; x_wconf 81' lang='lat' dir='ltr'><strong>mecum</strong></span> <span class='ocrx_word' id='word_1_468' title='bbox 2603 3072 2810 3147; x_wconf 68' lang='lat' dir='ltr'><strong>(Exod.</strong></span> <span class='ocrx_word' id='word_1_469' title='bbox 2831 3089 2939 3135; x_wconf 79' lang='lat' dir='ltr'><strong>xvu</strong></span> <span class='ocrx_word' id='word_1_470' title='bbox 2959 3073 2998 3144; x_wconf 90' lang='lat'><strong>).</strong></span> <span class='ocrx_word' id='word_1_471' title='bbox 3028 3074 3145 3130; x_wconf 82' lang='lat' dir='ltr'><strong>Hoc</strong></span> <span class='ocrx_word' id='word_1_472' title='bbox 3164 3075 3310 3133; x_wconf 87' lang='lat' dir='ltr'><strong>enim</strong></span> <span class='ocrx_word' id='word_1_473' title='bbox 3337 3076 3474 3133; x_wconf 78' lang='lat' dir='ltr'><strong>dixit</strong></span> 
     </span>
    </p>
   </div>
   <div class='ocr_carea' id='block_1_60' title="bbox 172 3132 3469 3240">
    <p class='ocr_par' dir='ltr' id='par_1_60' title="bbox 172 3132 3469 3240">
     <span class='ocr_line' id='line_1_60' title="bbox 172 3132 3469 3240; baseline -0.001 -15"><span class='ocrx_word' id='word_1_474' title='bbox 172 3132 368 3226; x_wconf 75' lang='lat' dir='ltr'><strong>eruere</strong></span> <span class='ocrx_word' id='word_1_475' title='bbox 398 3178 451 3224; x_wconf 87' lang='lat' dir='ltr'><strong>te</strong></span> <span class='ocrx_word' id='word_1_476' title='bbox 579 3169 861 3240; x_wconf 70' lang='lat' dir='ltr'><strong>periculo?</strong></span> <span class='ocrx_word' id='word_1_477' title='bbox 890 3132 999 3226; x_wconf 54' lang='grc' dir='ltr'><strong>ἀθά</strong></span> <span class='ocrx_word' id='word_1_478' title='bbox 1025 3168 1150 3239; x_wconf 86' lang='lat' dir='ltr'><strong>quia</strong></span> <span class='ocrx_word' id='word_1_479' title='bbox 1177 3132 1355 3224; x_wconf 81' lang='lat' dir='ltr'><strong>dimisi</strong></span> <span class='ocrx_word' id='word_1_480' title='bbox 1385 3178 1439 3224; x_wconf 89' lang='lat' dir='ltr'><strong>te</strong></span> <span class='ocrx_word' id='word_1_481' title='bbox 1484 3132 1666 3225; x_wconf 75' lang='lat' dir='ltr'><strong>libero</strong></span> <span class='ocrx_word' id='word_1_482' title='bbox 1684 3183 1774 3224; x_wconf 84' lang='lat' dir='ltr'><strong>ar-</strong></span> <span class='ocrx_word' id='word_1_483' title='bbox 1798 3132 1853 3212; x_wconf 65' lang='lat' dir='ltr'><strong>Cl</strong></span> <span class='ocrx_word' id='word_1_484' title='bbox 1878 3168 2020 3227; x_wconf 83' lang='lat' dir='ltr'><strong>Deus</strong></span> <span class='ocrx_word' id='word_1_485' title='bbox 2046 3167 2116 3223; x_wconf 78' lang='lat' dir='ltr'><strong>ad</strong></span> <span class='ocrx_word' id='word_1_486' title='bbox 2143 3132 2774 3239; x_wconf 33' lang='lat' dir='ltr'><strong>Moysen-.“Stabat‘enim</strong></span> <span class='ocrx_word' id='word_1_487' title='bbox 2804 3132 3022 3240; x_wconf 71' lang='lat' dir='ltr'><strong>Iloyses</strong></span> <span class='ocrx_word' id='word_1_488' title='bbox 3046 3181 3212 3237; x_wconf 81' lang='lat' dir='ltr'><strong>super</strong></span> <span class='ocrx_word' id='word_1_489' title='bbox 3238 3178 3469 3239; x_wconf 82' lang='lat' dir='ltr'><strong>petram,</strong></span> 
     </span>
    </p>
   </div>
   <div class='ocr_carea' id='block_1_61' title="bbox 170 3261 1770 3334">
    <p class='ocr_par' dir='ltr' id='par_1_61' title="bbox 170 3261 1770 3334">
     <span class='ocr_line' id='line_1_61' title="bbox 170 3261 1770 3334; baseline -0.001 -16"><span class='ocrx_word' id='word_1_490' title='bbox 170 3262 357 3330; x_wconf 89' lang='lat' dir='ltr'><strong>bitrio,</strong></span> <span class='ocrx_word' id='word_1_491' title='bbox 388 3272 445 3317; x_wconf 83' lang='lat' dir='ltr'><strong>et</strong></span> <span class='ocrx_word' id='word_1_492' title='bbox 482 3264 718 3318; x_wconf 85' lang='lat' dir='ltr'><strong>stadium</strong></span> <span class='ocrx_word' id='word_1_493' title='bbox 763 3262 860 3318; x_wconf 85' lang='lat' dir='ltr'><strong>tibi</strong></span> <span class='ocrx_word' id='word_1_494' title='bbox 891 3261 1169 3334; x_wconf 85' lang='lat' dir='ltr'><strong>proposui,</strong></span> <span class='ocrx_word' id='word_1_495' title='bbox 1200 3270 1257 3317; x_wconf 90' lang='lat' dir='ltr'><strong>et</strong></span> <span class='ocrx_word' id='word_1_496' title='bbox 1305 3276 1412 3318; x_wconf 86' lang='lat' dir='ltr'><strong>nou</strong></span> <span class='ocrx_word' id='word_1_497' title='bbox 1454 3271 1770 3327; x_wconf 71' lang='lat' dir='ltr'><strong>coronatur,</strong></span> 
     </span>
    </p>
   </div>
   <div class='ocr_carea' id='block_1_62' title="bbox 172 3352 1773 3426">
    <p class='ocr_par' dir='ltr' id='par_1_62' title="bbox 172 3352 1773 3426">
     <span class='ocr_line' id='line_1_62' title="bbox 172 3352 1773 3426; baseline 0 -17"><span class='ocrx_word' id='word_1_498' title='bbox 172 3354 278 3409; x_wconf 89' lang='lat' dir='ltr'><strong>nisi</strong></span> <span class='ocrx_word' id='word_1_499' title='bbox 308 3353 397 3423; x_wconf 82' lang='lat' dir='ltr'><strong>qui</strong></span> <span class='ocrx_word' id='word_1_500' title='bbox 430 3354 771 3424; x_wconf 83' lang='lat' dir='ltr'><strong>pugnaverit,</strong></span> <span class='ocrx_word' id='word_1_501' title='bbox 797 3362 1087 3426; x_wconf 84' lang='lat' dir='ltr'><strong>propterea</strong></span> <span class='ocrx_word' id='word_1_502' title='bbox 1110 3353 1395 3411; x_wconf 75' lang='lat' dir='ltr'><strong>victoriam</strong></span> <span class='ocrx_word' id='word_1_503' title='bbox 1428 3361 1522 3409; x_wconf 90' lang='lat' dir='ltr'><strong>tuo</strong></span> <span class='ocrx_word' id='word_1_504' title='bbox 1542 3352 1773 3411; x_wconf 88' lang='lat' dir='ltr'><strong>arbitrio</strong></span> 
     </span>
    </p>
   </div>
   <div class='ocr_carea' id='block_1_63' title="bbox 173 3444 906 3518">
    <p class='ocr_par' dir='ltr' id='par_1_63' title="bbox 173 3444 906 3518">
     <span class='ocr_line' id='line_1_63' title="bbox 173 3444 906 3518; baseline -0.003 -14"><span class='ocrx_word' id='word_1_505' title='bbox 173 3446 490 3516; x_wconf 75' lang='lat' dir='ltr'><strong>derelinquo</strong></span> <span class='ocrx_word' id='word_1_506' title='bbox 517 3447 537 3518; x_wconf 95' lang='lat'>(</span> <span class='ocrx_word' id='word_1_507' title='bbox 571 3446 612 3501; x_wconf 90' lang='grc' dir='ltr'><strong>ιι</strong></span> <span class='ocrx_word' id='word_1_508' title='bbox 644 3444 780 3502; x_wconf 80' lang='lat' dir='ltr'><strong>Tim.</strong></span> <span class='ocrx_word' id='word_1_509' title='bbox 812 3448 906 3517; x_wconf 86' lang='grc' dir='ltr'>ιι).</span> 
     </span>
    </p>
   </div>
   <div class='ocr_carea' id='block_1_64' title="bbox 248 3535 1771 3595">
    <p class='ocr_par' dir='ltr' id='par_1_64' title="bbox 248 3535 1771 3595">
     <span class='ocr_line' id='line_1_64' title="bbox 248 3535 1771 3595; baseline 0.004 -6"><span class='ocrx_word' id='word_1_510' title='bbox 248 3535 453 3591; x_wconf 81' lang='lat' dir='ltr'><strong>Inimici</strong></span> <span class='ocrx_word' id='word_1_511' title='bbox 476 3536 686 3593; x_wconf 77' lang='lat' dir='ltr'><strong>Domini</strong></span> <span class='ocrx_word' id='word_1_512' title='bbox 709 3539 905 3594; x_wconf 78' lang='lat' dir='ltr'><strong>urentiti</strong></span> <span class='ocrx_word' id='word_1_513' title='bbox 932 3546 1052 3593; x_wconf 83' lang='lat' dir='ltr'><strong>sunt</strong></span> <span class='ocrx_word' id='word_1_514' title='bbox 1089 3537 1154 3594; x_wconf 80' lang='lat' dir='ltr'><strong>ei.</strong></span> <span class='ocrx_word' id='word_1_515' title='bbox 1188 3537 1247 3594; x_wconf 81' lang='lat' dir='ltr'><strong>lu</strong></span> <span class='ocrx_word' id='word_1_516' title='bbox 1278 3536 1549 3595; x_wconf 80' lang='lat' dir='ltr'><strong>Hebraico</strong></span> <span class='ocrx_word' id='word_1_517' title='bbox 1578 3537 1771 3595; x_wconf 76' lang='lat' dir='ltr'><strong>ntelius</strong></span> 
     </span>
    </p>
   </div>
   <div class='ocr_carea' id='block_1_65' title="bbox 175 3627 1765 3705">
    <p class='ocr_par' dir='ltr' id='par_1_65' title="bbox 175 3627 1765 3705">
     <span class='ocr_line' id='line_1_65' title="bbox 175 3627 1765 3705; baseline -0.001 -19"><span class='ocrx_word' id='word_1_518' title='bbox 175 3629 339 3686; x_wconf 85' lang='lat' dir='ltr'><strong>habet</strong></span> <span class='ocrx_word' id='word_1_519' title='bbox 356 3647 370 3684; x_wconf 90' lang='lat'><strong>:</strong></span> <span class='ocrx_word' id='word_1_520' title='bbox 387 3629 593 3684; x_wconf 82' lang='lat' dir='ltr'><strong>Inimici</strong></span> <span class='ocrx_word' id='word_1_521' title='bbox 622 3627 833 3688; x_wconf 77' lang='lat' dir='ltr'><strong>Domini</strong></span> <span class='ocrx_word' id='word_1_522' title='bbox 853 3632 1110 3705; x_wconf 67' lang='lat' dir='ltr'><strong>negabunt</strong></span> <span class='ocrx_word' id='word_1_523' title='bbox 1139 3648 1276 3700; x_wconf 80' lang='lat' dir='ltr'><strong>eum,</strong></span> <span class='ocrx_word' id='word_1_524' title='bbox 1310 3631 1415 3688; x_wconf 88' lang='lat' dir='ltr'><strong>hoc</strong></span> <span class='ocrx_word' id='word_1_525' title='bbox 1428 3639 1535 3696; x_wconf 85' lang='lat' dir='ltr'><strong>est,</strong></span> <span class='ocrx_word' id='word_1_526' title='bbox 1555 3629 1765 3687; x_wconf 71' lang='lat' dir='ltr'><strong>Judaei:</strong></span> 
     </span>
    </p>
   </div>
   <div class='ocr_carea' id='block_1_66' title="bbox 176 3721 1766 3802">
    <p class='ocr_par' dir='ltr' id='par_1_66' title="bbox 176 3721 1766 3802">
     <span class='ocr_line' id='line_1_66' title="bbox 176 3721 1766 3802; baseline 0 -24"><span class='ocrx_word' id='word_1_527' title='bbox 176 3721 378 3778; x_wconf 81' lang='lat' dir='ltr'><strong>inimici</strong></span> <span class='ocrx_word' id='word_1_528' title='bbox 402 3722 546 3778; x_wconf 89' lang='lat' dir='ltr'><strong>enim</strong></span> <span class='ocrx_word' id='word_1_529' title='bbox 578 3722 749 3793; x_wconf 85' lang='lat' dir='ltr'><strong>ipsius</strong></span> <span class='ocrx_word' id='word_1_530' title='bbox 771 3730 1106 3794; x_wconf 83' lang='lat' dir='ltr'><strong>negaverunt</strong></span> <span class='ocrx_word' id='word_1_531' title='bbox 1128 3738 1276 3780; x_wconf 82' lang='lat' dir='ltr'><strong>eum.</strong></span> <span class='ocrx_word' id='word_1_532' title='bbox 1309 3722 1416 3802; x_wconf 80' lang='lat' dir='ltr'><strong>Sed</strong></span> <span class='ocrx_word' id='word_1_533' title='bbox 1445 3721 1537 3779; x_wconf 82' lang='lat' dir='ltr'><strong>isti</strong></span> <span class='ocrx_word' id='word_1_534' title='bbox 1562 3722 1766 3781; x_wconf 84' lang='lat' dir='ltr'><strong>inimici</strong></span> 
     </span>
    </p>
   </div>
   <div class='ocr_carea' id='block_1_67' title="bbox 176 3815 1767 3890">
    <p class='ocr_par' dir='ltr' id='par_1_67' title="bbox 176 3815 1767 3890">
     <span class='ocr_line' id='line_1_67' title="bbox 176 3815 1767 3890; baseline 0.002 -22"><span class='ocrx_word' id='word_1_535' title='bbox 176 3815 265 3886; x_wconf 87' lang='lat' dir='ltr'><strong>qui</strong></span> <span class='ocrx_word' id='word_1_536' title='bbox 294 3815 535 3886; x_wconf 80' lang='lat' dir='ltr'><strong>negaturi</strong></span> <span class='ocrx_word' id='word_1_537' title='bbox 557 3824 686 3871; x_wconf 83' lang='lat' dir='ltr'><strong>sunt</strong></span> <span class='ocrx_word' id='word_1_538' title='bbox 715 3831 862 3882; x_wconf 79' lang='lat' dir='ltr'><strong>etim,</strong></span> <span class='ocrx_word' id='word_1_539' title='bbox 900 3830 1033 3889; x_wconf 80' lang='lat' dir='ltr'><strong>ergo</strong></span> <span class='ocrx_word' id='word_1_540' title='bbox 1061 3817 1309 3890; x_wconf 81' lang='lat' dir='ltr'><strong>perierit?</strong></span> <span class='ocrx_word' id='word_1_541' title='bbox 1337 3832 1471 3886; x_wconf 68' lang='lat' dir='ltr'><strong>ergo</strong></span> <span class='ocrx_word' id='word_1_542' title='bbox 1522 3816 1767 3886; x_wconf 75' lang='lat' dir='ltr'><strong>reliquire</strong></span> 
     </span>
    </p>
   </div>
   <div class='ocr_carea' id='block_1_68' title="bbox 177 3907 1768 3980">
    <p class='ocr_par' dir='ltr' id='par_1_68' title="bbox 177 3907 1768 3980">
     <span class='ocr_line' id='line_1_68' title="bbox 177 3907 1768 3980; baseline -0.001 -15"><span class='ocrx_word' id='word_1_543' title='bbox 177 3923 282 3965; x_wconf 90' lang='lat' dir='ltr'><strong>nou</strong></span> <span class='ocrx_word' id='word_1_544' title='bbox 311 3910 506 3964; x_wconf 81' lang='lat' dir='ltr'><strong>erunt?</strong></span> <span class='ocrx_word' id='word_1_545' title='bbox 531 3908 600 3966; x_wconf 80' lang='lat' dir='ltr'><strong>Et</strong></span> <span class='ocrx_word' id='word_1_546' title='bbox 628 3909 904 3980; x_wconf 87' lang='lat' dir='ltr'><strong>quomodo</strong></span> <span class='ocrx_word' id='word_1_547' title='bbox 922 3910 1116 3980; x_wconf 68' lang='lat' dir='ltr'><strong>iurasti</strong></span> <span class='ocrx_word' id='word_1_548' title='bbox 1175 3907 1431 3977; x_wconf 76' lang='lat' dir='ltr'><strong>Abrahae,</strong></span> <span class='ocrx_word' id='word_1_549' title='bbox 1485 3907 1656 3975; x_wconf 80' lang='lat' dir='ltr'><strong>Isaac.</strong></span> <span class='ocrx_word' id='word_1_550' title='bbox 1711 3915 1768 3965; x_wconf 90' lang='lat' dir='ltr'><strong>et</strong></span> 
     </span>
    </p>
   </div>
   <div class='ocr_carea' id='block_1_69' title="bbox 177 3999 1766 4077">
    <p class='ocr_par' dir='ltr' id='par_1_69' title="bbox 177 3999 1766 4077">
     <span class='ocr_line' id='line_1_69' title="bbox 177 3999 1766 4077; baseline -0.001 -19"><span class='ocrx_word' id='word_1_551' title='bbox 177 4000 341 4058; x_wconf 69' lang='lat' dir='ltr'><strong>Iacob</strong></span> <span class='ocrx_word' id='word_1_552' title='bbox 371 4019 383 4054; x_wconf 88' lang='lat'><strong>:</strong></span> <span class='ocrx_word' id='word_1_553' title='bbox 415 4000 674 4072; x_wconf 86' lang='lat' dir='ltr'><strong>quoniam</strong></span> <span class='ocrx_word' id='word_1_554' title='bbox 725 4016 914 4058; x_wconf 79' lang='lat' dir='ltr'><strong>seuseu</strong></span> <span class='ocrx_word' id='word_1_555' title='bbox 970 4002 1212 4071; x_wconf 87' lang='lat' dir='ltr'><strong>ipsorum</strong></span> <span class='ocrx_word' id='word_1_556' title='bbox 1262 4002 1333 4058; x_wconf 83' lang='lat' dir='ltr'><strong>sit</strong></span> <span class='ocrx_word' id='word_1_557' title='bbox 1384 4002 1539 4077; x_wconf 69' lang='lat' dir='ltr'><strong>quasi</strong></span> <span class='ocrx_word' id='word_1_558' title='bbox 1590 3999 1766 4059; x_wconf 73' lang='lat' dir='ltr'><strong>stellae</strong></span> 
     </span>
    </p>
   </div>
   <div class='ocr_carea' id='block_1_70' title="bbox 177 4092 1761 4164">
    <p class='ocr_par' dir='ltr' id='par_1_70' title="bbox 177 4092 1761 4164">
     <span class='ocr_line' id='line_1_70' title="bbox 177 4092 1761 4164; baseline -0.001 -14"><span class='ocrx_word' id='word_1_559' title='bbox 177 4093 295 4150; x_wconf 75' lang='lat' dir='ltr'><strong>cmli</strong></span> <span class='ocrx_word' id='word_1_560' title='bbox 320 4102 376 4150; x_wconf 86' lang='lat' dir='ltr'><strong>et</strong></span> <span class='ocrx_word' id='word_1_561' title='bbox 403 4094 545 4149; x_wconf 86' lang='lat' dir='ltr'><strong>sicut</strong></span> <span class='ocrx_word' id='word_1_562' title='bbox 560 4108 726 4154; x_wconf 81' lang='lat' dir='ltr'><strong>arena</strong></span> <span class='ocrx_word' id='word_1_563' title='bbox 748 4092 948 4153; x_wconf 85' lang='lat' dir='ltr'><strong>maris?</strong></span> <span class='ocrx_word' id='word_1_564' title='bbox 972 4093 1152 4164; x_wconf 86' lang='lat' dir='ltr'><strong>Quare</strong></span> <span class='ocrx_word' id='word_1_565' title='bbox 1177 4093 1473 4164; x_wconf 83' lang='lat' dir='ltr'><strong>promisisti</strong></span> <span class='ocrx_word' id='word_1_566' title='bbox 1495 4093 1761 4164; x_wconf 84' lang='lat' dir='ltr'><strong>patribus,</strong></span> 
     </span>
    </p>
   </div>
   <div class='ocr_carea' id='block_1_71' title="bbox 177 4186 1758 4261">
    <p class='ocr_par' dir='ltr' id='par_1_71' title="bbox 177 4186 1758 4261">
     <span class='ocr_line' id='line_1_71' title="bbox 177 4186 1758 4261; baseline -0.002 -15"><span class='ocrx_word' id='word_1_567' title='bbox 177 4197 361 4246; x_wconf 85' lang='lat' dir='ltr'><strong>etnon</strong></span> <span class='ocrx_word' id='word_1_568' title='bbox 411 4188 595 4246; x_wconf 81' lang='lat' dir='ltr'><strong>reddis</strong></span> <span class='ocrx_word' id='word_1_569' title='bbox 633 4188 793 4244; x_wconf 86' lang='lat' dir='ltr'><strong>liliis?</strong></span> <span class='ocrx_word' id='word_1_570' title='bbox 825 4186 1037 4249; x_wconf 71' lang='lat' dir='ltr'><strong>Inimici</strong></span> <span class='ocrx_word' id='word_1_571' title='bbox 1064 4187 1275 4251; x_wconf 70' lang='lat' dir='ltr'><strong>Domini</strong></span> <span class='ocrx_word' id='word_1_572' title='bbox 1324 4188 1582 4261; x_wconf 77' lang='lat' dir='ltr'><strong>negabunt</strong></span> <span class='ocrx_word' id='word_1_573' title='bbox 1618 4204 1758 4246; x_wconf 82' lang='lat' dir='ltr'><strong>eum.</strong></span> 
     </span>
    </p>
   </div>
   <div class='ocr_carea' id='block_1_72' title="bbox 179 4278 1759 4352">
    <p class='ocr_par' dir='ltr' id='par_1_72' title="bbox 179 4278 1759 4352">
     <span class='ocr_line' id='line_1_72' title="bbox 179 4278 1759 4352; baseline 0.001 -15"><span class='ocrx_word' id='word_1_574' title='bbox 179 4278 282 4337; x_wconf 89' lang='lat' dir='ltr'><strong>Sed</strong></span> <span class='ocrx_word' id='word_1_575' title='bbox 320 4280 445 4352; x_wconf 91' lang='lat' dir='ltr'><strong>quid</strong></span> <span class='ocrx_word' id='word_1_576' title='bbox 478 4280 652 4336; x_wconf 83' lang='lat' dir='ltr'><strong>dicit?</strong></span> <span class='ocrx_word' id='word_1_577' title='bbox 706 4280 772 4334; x_wconf 73' lang='lat' dir='ltr'><strong>Et</strong></span> <span class='ocrx_word' id='word_1_578' title='bbox 807 4280 905 4335; x_wconf 83' lang='lat' dir='ltr'><strong>erit</strong></span> <span class='ocrx_word' id='word_1_579' title='bbox 942 4288 1136 4351; x_wconf 69' lang='lat' dir='ltr'><strong>tmpus</strong></span> <span class='ocrx_word' id='word_1_580' title='bbox 1173 4296 1353 4339; x_wconf 76' lang='lat' dir='ltr'><strong>eorum</strong></span> <span class='ocrx_word' id='word_1_581' title='bbox 1394 4280 1453 4345; x_wconf 58' lang='lat' dir='ltr'><strong>in</strong></span> <span class='ocrx_word' id='word_1_582' title='bbox 1491 4280 1759 4343; x_wconf 68' lang='lat' dir='ltr'><strong>manium.</strong></span> 
     </span>
    </p>
   </div>
   <div class='ocr_carea' id='block_1_73' title="bbox 180 4373 1762 4445">
    <p class='ocr_par' dir='ltr' id='par_1_73' title="bbox 180 4373 1762 4445">
     <span class='ocr_line' id='line_1_73' title="bbox 180 4373 1762 4445; baseline -0.001 -14"><span class='ocrx_word' id='word_1_583' title='bbox 180 4375 304 4431; x_wconf 85' lang='lat' dir='ltr'><strong>Cum</strong></span> <span class='ocrx_word' id='word_1_584' title='bbox 327 4374 595 4432; x_wconf 79' lang='lat' dir='ltr'><strong>introierit</strong></span> <span class='ocrx_word' id='word_1_585' title='bbox 627 4373 910 4445; x_wconf 74' lang='lat' dir='ltr'><strong>plenitudo</strong></span> <span class='ocrx_word' id='word_1_586' title='bbox 937 4374 1200 4445; x_wconf 80' lang='lat' dir='ltr'><strong>gentium,</strong></span> <span class='ocrx_word' id='word_1_587' title='bbox 1242 4381 1368 4431; x_wconf 81' lang='lat' dir='ltr'><strong>tunc</strong></span> <span class='ocrx_word' id='word_1_588' title='bbox 1390 4373 1568 4431; x_wconf 86' lang='lat' dir='ltr'><strong>omnis</strong></span> <span class='ocrx_word' id='word_1_589' title='bbox 1594 4373 1762 4435; x_wconf 81' lang='lat' dir='ltr'><strong>Israel</strong></span> 
     </span>
    </p>
   </div>
   <div class='ocr_carea' id='block_1_74' title="bbox 1873 3259 3474 3333">
    <p class='ocr_par' dir='ltr' id='par_1_74' title="bbox 1873 3259 3474 3333">
     <span class='ocr_line' id='line_1_74' title="bbox 1873 3259 3474 3333; baseline 0.001 -16"><span class='ocrx_word' id='word_1_590' title='bbox 1873 3268 2162 3332; x_wconf 73' lang='lat' dir='ltr'><strong>propterea</strong></span> <span class='ocrx_word' id='word_1_591' title='bbox 2214 3272 2270 3321; x_wconf 89' lang='lat' dir='ltr'><strong>et</strong></span> <span class='ocrx_word' id='word_1_592' title='bbox 2314 3259 2579 3319; x_wconf 86' lang='lat' dir='ltr'><strong>Dominus</strong></span> <span class='ocrx_word' id='word_1_593' title='bbox 2632 3261 2815 3323; x_wconf 81' lang='lat' dir='ltr'><strong>stabat</strong></span> <span class='ocrx_word' id='word_1_594' title='bbox 2869 3260 2968 3321; x_wconf 86' lang='lat' dir='ltr'><strong>illi.</strong></span> <span class='ocrx_word' id='word_1_595' title='bbox 3026 3260 3084 3317; x_wconf 91' lang='lat' dir='ltr'><strong>Si</strong></span> <span class='ocrx_word' id='word_1_596' title='bbox 3132 3275 3264 3318; x_wconf 89' lang='lat' dir='ltr'><strong>vero</strong></span> <span class='ocrx_word' id='word_1_597' title='bbox 3320 3262 3474 3333; x_wconf 83' lang='lat' dir='ltr'><strong>prius</strong></span> 
     </span>
    </p>
   </div>
   <div class='ocr_carea' id='block_1_75' title="bbox 1870 3350 3473 3423">
    <p class='ocr_par' dir='ltr' id='par_1_75' title="bbox 1870 3350 3473 3423">
     <span class='ocr_line' id='line_1_75' title="bbox 1870 3350 3473 3423; baseline 0 -13"><span class='ocrx_word' id='word_1_598' title='bbox 1870 3352 2043 3410; x_wconf 88' lang='lat' dir='ltr'><strong>sancti</strong></span> <span class='ocrx_word' id='word_1_599' title='bbox 2072 3350 2362 3421; x_wconf 74' lang='lat' dir='ltr'><strong>fuerimus,</strong></span> <span class='ocrx_word' id='word_1_600' title='bbox 2388 3360 2444 3411; x_wconf 89' lang='lat' dir='ltr'><strong>et</strong></span> <span class='ocrx_word' id='word_1_601' title='bbox 2471 3361 2664 3421; x_wconf 83' lang='lat' dir='ltr'><strong>postea</strong></span> <span class='ocrx_word' id='word_1_602' title='bbox 2685 3360 3005 3423; x_wconf 81' lang='lat' dir='ltr'><strong>peccatores</strong></span> <span class='ocrx_word' id='word_1_603' title='bbox 3022 3352 3158 3422; x_wconf 86' lang='lat' dir='ltr'><strong>:jam</strong></span> <span class='ocrx_word' id='word_1_604' title='bbox 3183 3367 3292 3415; x_wconf 74' lang='lat' dir='ltr'><strong>nun</strong></span> <span class='ocrx_word' id='word_1_605' title='bbox 3316 3352 3473 3410; x_wconf 88' lang='lat' dir='ltr'><strong>nobis</strong></span> 
     </span>
    </p>
   </div>
   <div class='ocr_carea' id='block_1_76' title="bbox 1868 3445 3473 3515">
    <p class='ocr_par' dir='ltr' id='par_1_76' title="bbox 1868 3445 3473 3515">
     <span class='ocr_line' id='line_1_76' title="bbox 1868 3445 3473 3515; baseline -0.002 -10"><span class='ocrx_word' id='word_1_606' title='bbox 1868 3458 1977 3506; x_wconf 85' lang='lat' dir='ltr'><strong>stat</strong></span> <span class='ocrx_word' id='word_1_607' title='bbox 2025 3447 2193 3515; x_wconf 78' lang='lat' dir='ltr'><strong>Deus,</strong></span> <span class='ocrx_word' id='word_1_608' title='bbox 2244 3446 2341 3507; x_wconf 82' lang='lat' dir='ltr'><strong>sed</strong></span> <span class='ocrx_word' id='word_1_609' title='bbox 2386 3445 2665 3504; x_wconf 81' lang='lat' dir='ltr'><strong>ambulat:</strong></span> <span class='ocrx_word' id='word_1_610' title='bbox 2698 3445 2803 3503; x_wconf 87' lang='lat' dir='ltr'><strong>hoc</strong></span> <span class='ocrx_word' id='word_1_611' title='bbox 2841 3454 2948 3512; x_wconf 79' lang='lat' dir='ltr'><strong>est.</strong></span> <span class='ocrx_word' id='word_1_612' title='bbox 2978 3454 3227 3502; x_wconf 79' lang='lat' dir='ltr'><strong>movetur</strong></span> <span class='ocrx_word' id='word_1_613' title='bbox 3251 3445 3322 3509; x_wconf 82' lang='lat' dir='ltr'><strong>de</strong></span> <span class='ocrx_word' id='word_1_614' title='bbox 3352 3446 3473 3501; x_wconf 91' lang='lat' dir='ltr'><strong>loco</strong></span> 
     </span>
    </p>
   </div>
   <div class='ocr_carea' id='block_1_77' title="bbox 1869 3539 3469 3613">
    <p class='ocr_par' dir='ltr' id='par_1_77' title="bbox 1869 3539 3469 3613">
     <span class='ocr_line' id='line_1_77' title="bbox 1869 3539 3469 3613; baseline -0.003 -15"><span class='ocrx_word' id='word_1_615' title='bbox 1869 3557 1992 3608; x_wconf 76' lang='lat' dir='ltr'><strong>suo,</strong></span> <span class='ocrx_word' id='word_1_616' title='bbox 2024 3541 2118 3613; x_wconf 83' lang='lat' dir='ltr'><strong>qui</strong></span> <span class='ocrx_word' id='word_1_617' title='bbox 2158 3541 2318 3601; x_wconf 82' lang='lat' dir='ltr'><strong>nobis</strong></span> <span class='ocrx_word' id='word_1_618' title='bbox 2360 3550 2490 3599; x_wconf 84' lang='lat' dir='ltr'><strong>ante</strong></span> <span class='ocrx_word' id='word_1_619' title='bbox 2533 3549 2780 3597; x_wconf 86' lang='lat' dir='ltr'><strong>steterat.</strong></span> <span class='ocrx_word' id='word_1_620' title='bbox 2841 3539 3135 3611; x_wconf 79' lang='lat' dir='ltr'><strong>Postquam</strong></span> <span class='ocrx_word' id='word_1_621' title='bbox 3189 3555 3289 3596; x_wconf 85' lang='lat' dir='ltr'><strong>nos</strong></span> <span class='ocrx_word' id='word_1_622' title='bbox 3336 3540 3469 3597; x_wconf 82' lang='lat' dir='ltr'><strong>moti</strong></span> 
     </span>
    </p>
   </div>
   <div class='ocr_carea' id='block_1_78' title="bbox 1868 3631 3475 3704">
    <p class='ocr_par' dir='ltr' id='par_1_78' title="bbox 1868 3631 3475 3704">
     <span class='ocr_line' id='line_1_78' title="bbox 1868 3631 3475 3704; baseline -0.001 -13"><span class='ocrx_word' id='word_1_623' title='bbox 1868 3634 2157 3701; x_wconf 80' lang='lat' dir='ltr'><strong>fuerimus,</strong></span> <span class='ocrx_word' id='word_1_624' title='bbox 2181 3640 2239 3690; x_wconf 89' lang='lat' dir='ltr'><strong>et</strong></span> <span class='ocrx_word' id='word_1_625' title='bbox 2258 3633 2376 3703; x_wconf 89' lang='lat' dir='ltr'><strong>ipse</strong></span> <span class='ocrx_word' id='word_1_626' title='bbox 2402 3632 2693 3691; x_wconf 87' lang='lat' dir='ltr'><strong>uobiscum</strong></span> <span class='ocrx_word' id='word_1_627' title='bbox 2713 3633 2919 3704; x_wconf 85' lang='lat' dir='ltr'><strong>pariter</strong></span> <span class='ocrx_word' id='word_1_628' title='bbox 2931 3641 3203 3697; x_wconf 79' lang='lat' dir='ltr'><strong>movetur.</strong></span> <span class='ocrx_word' id='word_1_629' title='bbox 3229 3631 3475 3704; x_wconf 86' lang='lat' dir='ltr'><strong>Denique</strong></span> 
     </span>
    </p>
   </div>
   <div class='ocr_carea' id='block_1_79' title="bbox 1867 3723 3467 3797">
    <p class='ocr_par' dir='ltr' id='par_1_79' title="bbox 1867 3723 3467 3797">
     <span class='ocr_line' id='line_1_79' title="bbox 1867 3723 3467 3797; baseline -0.002 -13"><span class='ocrx_word' id='word_1_630' title='bbox 1867 3736 1924 3784; x_wconf 90' lang='lat' dir='ltr'><strong>et</strong></span> <span class='ocrx_word' id='word_1_631' title='bbox 1969 3723 2144 3785; x_wconf 80' lang='lat' dir='ltr'><strong>Adam</strong></span> <span class='ocrx_word' id='word_1_632' title='bbox 2201 3724 2463 3797; x_wconf 80' lang='lat' dir='ltr'><strong>quamdiu</strong></span> <span class='ocrx_word' id='word_1_633' title='bbox 2514 3726 2568 3781; x_wconf 88' lang='lat' dir='ltr'><strong>in</strong></span> <span class='ocrx_word' id='word_1_634' title='bbox 2599 3726 2853 3796; x_wconf 81' lang='lat' dir='ltr'><strong>paradiso</strong></span> <span class='ocrx_word' id='word_1_635' title='bbox 2895 3725 3015 3795; x_wconf 77' lang='lat' dir='ltr'><strong>fuit,</strong></span> <span class='ocrx_word' id='word_1_636' title='bbox 3053 3736 3108 3789; x_wconf 82' lang='lat' dir='ltr'><strong>et</strong></span> <span class='ocrx_word' id='word_1_637' title='bbox 3154 3726 3467 3789; x_wconf 82' lang='lat' dir='ltr'><strong>mandatum</strong></span> 
     </span>
    </p>
   </div>
   <div class='ocr_carea' id='block_1_80' title="bbox 1868 3816 3473 3890">
    <p class='ocr_par' dir='ltr' id='par_1_80' title="bbox 1868 3816 3473 3890">
     <span class='ocr_line' id='line_1_80' title="bbox 1868 3816 3473 3890; baseline -0.001 -15"><span class='ocrx_word' id='word_1_638' title='bbox 1868 3819 2130 3885; x_wconf 85' lang='lat' dir='ltr'><strong>servavit,</strong></span> <span class='ocrx_word' id='word_1_639' title='bbox 2155 3818 2329 3875; x_wconf 84' lang='lat' dir='ltr'><strong>stabat</strong></span> <span class='ocrx_word' id='word_1_640' title='bbox 2356 3816 2407 3875; x_wconf 91' lang='lat' dir='ltr'><strong>ei</strong></span> <span class='ocrx_word' id='word_1_641' title='bbox 2431 3816 2594 3875; x_wconf 84' lang='lat' dir='ltr'><strong>Deus.</strong></span> <span class='ocrx_word' id='word_1_642' title='bbox 2616 3816 2911 3888; x_wconf 83' lang='lat' dir='ltr'><strong>Postquam</strong></span> <span class='ocrx_word' id='word_1_643' title='bbox 2937 3831 3073 3879; x_wconf 78' lang='lat' dir='ltr'><strong>vero</strong></span> <span class='ocrx_word' id='word_1_644' title='bbox 3096 3826 3473 3890; x_wconf 83' lang='lat' dir='ltr'><strong>transgressus</strong></span> 
     </span>
    </p>
   </div>
   <div class='ocr_carea' id='block_1_81' title="bbox 1866 3909 3468 3979">
    <p class='ocr_par' dir='ltr' id='par_1_81' title="bbox 1866 3909 3468 3979">
     <span class='ocr_line' id='line_1_81' title="bbox 1866 3909 3468 3979; baseline -0.001 -10"><span class='ocrx_word' id='word_1_645' title='bbox 1866 3920 1953 3969; x_wconf 90' lang='lat' dir='ltr'><strong>est</strong></span> <span class='ocrx_word' id='word_1_646' title='bbox 1983 3928 1999 3968; x_wconf 89' lang='lat'><strong>:</strong></span> <span class='ocrx_word' id='word_1_647' title='bbox 2026 3910 2234 3969; x_wconf 87' lang='lat' dir='ltr'><strong>audivit</strong></span> <span class='ocrx_word' id='word_1_648' title='bbox 2270 3925 2464 3969; x_wconf 88' lang='lat' dir='ltr'><strong>vocem</strong></span> <span class='ocrx_word' id='word_1_649' title='bbox 2496 3910 2590 3966; x_wconf 89' lang='lat' dir='ltr'><strong>Dei</strong></span> <span class='ocrx_word' id='word_1_650' title='bbox 2624 3909 2951 3969; x_wconf 80' lang='lat' dir='ltr'><strong>ambulantis</strong></span> <span class='ocrx_word' id='word_1_651' title='bbox 2981 3909 3034 3967; x_wconf 92' lang='lat' dir='ltr'><strong>in</strong></span> <span class='ocrx_word' id='word_1_652' title='bbox 3067 3910 3339 3979; x_wconf 81' lang='lat' dir='ltr'><strong>paradiso.</strong></span> <span class='ocrx_word' id='word_1_653' title='bbox 3372 3909 3468 3967; x_wconf 80' lang='lat' dir='ltr'><strong>Vis</strong></span> 
     </span>
    </p>
   </div>
   <div class='ocr_carea' id='block_1_82' title="bbox 1865 4002 3464 4077">
    <p class='ocr_par' dir='ltr' id='par_1_82' title="bbox 1865 4002 3464 4077">
     <span class='ocr_line' id='line_1_82' title="bbox 1865 4002 3464 4077; baseline -0.001 -14"><span class='ocrx_word' id='word_1_654' title='bbox 1865 4007 2008 4063; x_wconf 89' lang='lat' dir='ltr'><strong>scire</strong></span> <span class='ocrx_word' id='word_1_655' title='bbox 2027 4007 2150 4077; x_wconf 86' lang='lat' dir='ltr'><strong>quia</strong></span> <span class='ocrx_word' id='word_1_656' title='bbox 2178 4004 2492 4065; x_wconf 85' lang='lat' dir='ltr'><strong>ambulabat</strong></span> <span class='ocrx_word' id='word_1_657' title='bbox 2522 4002 2577 4061; x_wconf 90' lang='lat' dir='ltr'><strong>ei</strong></span> <span class='ocrx_word' id='word_1_658' title='bbox 2604 4004 2781 4067; x_wconf 85' lang='lat' dir='ltr'><strong>Deus?</strong></span> <span class='ocrx_word' id='word_1_659' title='bbox 2813 4003 2951 4074; x_wconf 82' lang='lat' dir='ltr'><strong>Quid</strong></span> <span class='ocrx_word' id='word_1_660' title='bbox 2983 4004 3032 4063; x_wconf 90' lang='lat' dir='ltr'><strong>ei</strong></span> <span class='ocrx_word' id='word_1_661' title='bbox 3054 4005 3230 4067; x_wconf 71' lang='lat' dir='ltr'><strong>dixit?</strong></span> <span class='ocrx_word' id='word_1_662' title='bbox 3269 4004 3464 4073; x_wconf 81' lang='lat' dir='ltr'><strong>Adam,</strong></span> 
     </span>
    </p>
   </div>
   <div class='ocr_carea' id='block_1_83' title="bbox 1867 4097 3468 4172">
    <p class='ocr_par' dir='ltr' id='par_1_83' title="bbox 1867 4097 3468 4172">
     <span class='ocr_line' id='line_1_83' title="bbox 1867 4097 3468 4172; baseline -0.001 -16"><span class='ocrx_word' id='word_1_663' title='bbox 1867 4100 1955 4156; x_wconf 89' lang='lat' dir='ltr'><strong>ubi</strong></span> <span class='ocrx_word' id='word_1_664' title='bbox 1981 4100 2083 4156; x_wconf 89' lang='lat' dir='ltr'><strong>es?</strong></span> <span class='ocrx_word' id='word_1_665' title='bbox 2128 4098 2231 4167; x_wconf 85' lang='lat' dir='ltr'><strong>Qui</strong></span> <span class='ocrx_word' id='word_1_666' title='bbox 2255 4108 2386 4155; x_wconf 89' lang='lat' dir='ltr'><strong>ante</strong></span> <span class='ocrx_word' id='word_1_667' title='bbox 2415 4106 2647 4157; x_wconf 83' lang='lat' dir='ltr'><strong>stantem</strong></span> <span class='ocrx_word' id='word_1_668' title='bbox 2673 4097 2846 4157; x_wconf 86' lang='lat' dir='ltr'><strong>Deum</strong></span> <span class='ocrx_word' id='word_1_669' title='bbox 2880 4113 2989 4159; x_wconf 85' lang='lat' dir='ltr'><strong>non</strong></span> <span class='ocrx_word' id='word_1_670' title='bbox 3015 4098 3248 4172; x_wconf 83' lang='lat' dir='ltr'><strong>fugerat,</strong></span> <span class='ocrx_word' id='word_1_671' title='bbox 3277 4107 3468 4172; x_wconf 85' lang='lat' dir='ltr'><strong>postea</strong></span> 
     </span>
    </p>
   </div>
   <div class='ocr_carea' id='block_1_84' title="bbox 1864 4188 3465 4265">
    <p class='ocr_par' dir='ltr' id='par_1_84' title="bbox 1864 4188 3465 4265">
     <span class='ocr_line' id='line_1_84' title="bbox 1864 4188 3465 4265; baseline -0.001 -16"><span class='ocrx_word' id='word_1_672' title='bbox 1864 4192 2233 4249; x_wconf 88' lang='lat' dir='ltr'><strong>ambulantem</strong></span> <span class='ocrx_word' id='word_1_673' title='bbox 2290 4189 2425 4264; x_wconf 76' lang='lat' dir='ltr'><strong>fugit</strong></span> <span class='ocrx_word' id='word_1_674' title='bbox 2475 4188 2655 4263; x_wconf 83' lang='lat' dir='ltr'><strong>(Gen.</strong></span> <span class='ocrx_word' id='word_1_675' title='bbox 2706 4208 2738 4247; x_wconf 87' lang='lat' dir='ltr'><strong>v</strong></span> <span class='ocrx_word' id='word_1_676' title='bbox 2768 4195 2811 4265; x_wconf 70' lang='lat'><strong>),</strong></span> <span class='ocrx_word' id='word_1_677' title='bbox 2833 4191 3079 4253; x_wconf 74' lang='lat' dir='ltr'><strong>Diximus</strong></span> <span class='ocrx_word' id='word_1_678' title='bbox 3131 4192 3203 4253; x_wconf 85' lang='lat' dir='ltr'><strong>de</strong></span> <span class='ocrx_word' id='word_1_679' title='bbox 3253 4200 3465 4262; x_wconf 84' lang='lat' dir='ltr'><strong>stante,</strong></span> 
     </span>
    </p>
   </div>
   <div class='ocr_carea' id='block_1_85' title="bbox 1864 4282 3469 4357">
    <p class='ocr_par' dir='ltr' id='par_1_85' title="bbox 1864 4282 3469 4357">
     <span class='ocr_line' id='line_1_85' title="bbox 1864 4282 3469 4357; baseline -0.002 -14"><span class='ocrx_word' id='word_1_680' title='bbox 1864 4286 2107 4345; x_wconf 78' lang='lat' dir='ltr'><strong>diximus</strong></span> <span class='ocrx_word' id='word_1_681' title='bbox 2131 4284 2199 4343; x_wconf 91' lang='lat' dir='ltr'><strong>de</strong></span> <span class='ocrx_word' id='word_1_682' title='bbox 2215 4285 2552 4352; x_wconf 74' lang='lat' dir='ltr'><strong>ambulante,</strong></span> <span class='ocrx_word' id='word_1_683' title='bbox 2586 4282 2831 4345; x_wconf 84' lang='lat' dir='ltr'><strong>dicamus</strong></span> <span class='ocrx_word' id='word_1_684' title='bbox 2852 4284 2923 4343; x_wconf 88' lang='lat' dir='ltr'><strong>de</strong></span> <span class='ocrx_word' id='word_1_685' title='bbox 2942 4284 3188 4349; x_wconf 83' lang='lat' dir='ltr'><strong>sedente.</strong></span> <span class='ocrx_word' id='word_1_686' title='bbox 3209 4284 3469 4357; x_wconf 81' lang='lat' dir='ltr'><strong>Quando-</strong></span> 
     </span>
    </p>
   </div>
   <div class='ocr_carea' id='block_1_86' title="bbox 1863 4377 3460 4450">
    <p class='ocr_par' dir='ltr' id='par_1_86' title="bbox 1863 4377 3460 4450">
     <span class='ocr_line' id='line_1_86' title="bbox 1863 4377 3460 4450; baseline 0 -14"><span class='ocrx_word' id='word_1_687' title='bbox 1863 4394 2095 4450; x_wconf 85' lang='lat' dir='ltr'><strong>cumque</strong></span> <span class='ocrx_word' id='word_1_688' title='bbox 2122 4377 2319 4441; x_wconf 80' lang='lat' dir='ltr'><strong>sedens</strong></span> <span class='ocrx_word' id='word_1_689' title='bbox 2346 4377 2623 4441; x_wconf 86' lang='lat' dir='ltr'><strong>inducitur</strong></span> <span class='ocrx_word' id='word_1_690' title='bbox 2650 4377 2816 4450; x_wconf 85' lang='lat' dir='ltr'><strong>Deus,</strong></span> <span class='ocrx_word' id='word_1_691' title='bbox 2840 4377 3136 4450; x_wconf 85' lang='lat' dir='ltr'><strong>dupliciter</strong></span> <span class='ocrx_word' id='word_1_692' title='bbox 3165 4377 3460 4439; x_wconf 86' lang='lat' dir='ltr'><strong>inducitur.</strong></span> 
     </span>
    </p>
   </div>
   <div class='ocr_carea' id='block_1_87' title="bbox 180 4465 3465 4545">
    <p class='ocr_par' dir='ltr' id='par_1_87' title="bbox 180 4465 3465 4545">
     <span class='ocr_line' id='line_1_87' title="bbox 180 4465 3465 4545; baseline 0.001 -18"><span class='ocrx_word' id='word_1_693' title='bbox 180 4470 353 4527; x_wconf 88' lang='lat' dir='ltr'><strong>salvus</strong></span> <span class='ocrx_word' id='word_1_694' title='bbox 378 4468 516 4540; x_wconf 84' lang='lat' dir='ltr'><strong>iiet(</strong></span> <span class='ocrx_word' id='word_1_695' title='bbox 548 4467 701 4524; x_wconf 80' lang='lat' dir='ltr'><strong>Rom.</strong></span> <span class='ocrx_word' id='word_1_696' title='bbox 725 4465 831 4540; x_wconf 80' lang='lat' dir='ltr'><strong>xl).</strong></span> <span class='ocrx_word' id='word_1_697' title='bbox 872 4466 926 4522; x_wconf 94' lang='lat' dir='ltr'><strong>In</strong></span> <span class='ocrx_word' id='word_1_698' title='bbox 963 4466 1147 4525; x_wconf 75' lang='lat' dir='ltr'><strong>futuro</strong></span> <span class='ocrx_word' id='word_1_699' title='bbox 1175 4466 1420 4534; x_wconf 73' lang='lat' dir='ltr'><strong>credent.</strong></span> <span class='ocrx_word' id='word_1_700' title='bbox 1465 4466 1625 4525; x_wconf 82' lang='lat' dir='ltr'><strong>modo</strong></span> <span class='ocrx_word' id='word_1_701' title='bbox 1651 4483 1761 4524; x_wconf 90' lang='lat' dir='ltr'><strong>non</strong></span> <span class='ocrx_word' id='word_1_702' title='bbox 1788 4515 1845 4545; x_wconf 62' lang='grc' dir='ltr'>,η</span> <span class='ocrx_word' id='word_1_703' title='bbox 1870 4473 1975 4531; x_wconf 81' lang='lat' dir='ltr'><strong>Aut</strong></span> <span class='ocrx_word' id='word_1_704' title='bbox 2008 4472 2164 4545; x_wconf 69' lang='lat' dir='ltr'><strong>quasi</strong></span> <span class='ocrx_word' id='word_1_705' title='bbox 2196 4487 2312 4540; x_wconf 69' lang='lat' dir='ltr'><strong>rex,</strong></span> <span class='ocrx_word' id='word_1_706' title='bbox 2359 4473 2628 4544; x_wconf 84' lang='lat' dir='ltr'><strong>autquasi</strong></span> <span class='ocrx_word' id='word_1_707' title='bbox 2651 4472 2844 4543; x_wconf 81' lang='lat' dir='ltr'><strong>judex-</strong></span> <span class='ocrx_word' id='word_1_708' title='bbox 2882 4471 2943 4531; x_wconf 86' lang='lat' dir='ltr'><strong>Si</strong></span> <span class='ocrx_word' id='word_1_709' title='bbox 2974 4474 3128 4544; x_wconf 85' lang='lat' dir='ltr'><strong>quasi</strong></span> <span class='ocrx_word' id='word_1_710' title='bbox 3158 4488 3276 4541; x_wconf 80' lang='lat' dir='ltr'><strong>rex,</strong></span> <span class='ocrx_word' id='word_1_711' title='bbox 3310 4472 3465 4533; x_wconf 68' lang='lat' dir='ltr'><strong>vidc-</strong></span> 
     </span>
    </p>
   </div>
   <div class='ocr_carea' id='block_1_88' title="bbox 181 4515 3467 4635">
    <p class='ocr_par' dir='ltr' id='par_1_88' title="bbox 181 4515 3467 4635">
     <span class='ocr_line' id='line_1_88' title="bbox 181 4515 3467 4635; baseline 0 -15"><span class='ocrx_word' id='word_1_712' title='bbox 181 4515 1621 4620; x_wconf 56' lang='grc' dir='ltr'><strong>ἑῖὲὶιῖἷιὲιιὶςὶ.”ἱέὶὶἑιὲ’ᾘεέὲήξῖιῗ’Ξιὶἁεὶῦἒῗ“ἐ‹ἶίέἔὶ</strong></span> <span class='ocrx_word' id='word_1_713' title='bbox 1651 4515 1762 4617; x_wconf 44' lang='lat' dir='ltr'><strong>iis&quot;:</strong></span> <span class='ocrx_word' id='word_1_714' title='bbox 1786 4515 1851 4595; x_wconf 64' lang='grc' dir='ltr'><strong><em>υ</em></strong></span> <span class='ocrx_word' id='word_1_715' title='bbox 2008 4515 2164 4629; x_wconf 55' lang='lat' dir='ltr'><strong>an?</strong></span> <span class='ocrx_word' id='word_1_716' title='bbox 2196 4515 2943 4629; x_wconf 43' lang='lat' dir='ltr'><strong>stetitstetit...“</strong></span> <span class='ocrx_word' id='word_1_717' title='bbox 2957 4515 3276 4621; x_wconf 64' lang='grc' dir='ltr'><strong>εέἷὶζιὲιέἷιῖ</strong></span> <span class='ocrx_word' id='word_1_718' title='bbox 3301 4515 3467 4635; x_wconf 61' lang='grc' dir='ltr'>ιἰἶιῖἔὲ</span> 
     </span>
    </p>
   </div>
   <div class='ocr_carea' id='block_1_89' title="bbox 181 4649 1768 4728">
    <p class='ocr_par' dir='ltr' id='par_1_89' title="bbox 181 4649 1768 4728">
     <span class='ocr_line' id='line_1_89' title="bbox 181 4649 1768 4728; baseline -0.003 -16"><span class='ocrx_word' id='word_1_719' title='bbox 181 4652 523 4728; x_wconf 84' lang='lat' dir='ltr'><strong>applaudere,</strong></span> <span class='ocrx_word' id='word_1_720' title='bbox 555 4663 609 4709; x_wconf 88' lang='lat' dir='ltr'><strong>et</strong></span> <span class='ocrx_word' id='word_1_721' title='bbox 636 4649 819 4715; x_wconf 76' lang='lat' dir='ltr'><strong>dicere</strong></span> <span class='ocrx_word' id='word_1_722' title='bbox 845 4670 856 4706; x_wconf 90' lang='lat'>:</span> <span class='ocrx_word' id='word_1_723' title='bbox 886 4649 955 4713; x_wconf 78' lang='lat' dir='ltr'><strong>Et</strong></span> <span class='ocrx_word' id='word_1_724' title='bbox 974 4652 1072 4707; x_wconf 81' lang='lat' dir='ltr'><strong>erit</strong></span> <span class='ocrx_word' id='word_1_725' title='bbox 1092 4658 1291 4720; x_wconf 59' lang='lat' dir='ltr'><strong>“mnus</strong></span> <span class='ocrx_word' id='word_1_726' title='bbox 1339 4666 1515 4713; x_wconf 69' lang='lat' dir='ltr'><strong>eorum</strong></span> <span class='ocrx_word' id='word_1_727' title='bbox 1537 4652 1591 4713; x_wconf 77' lang='lat' dir='ltr'><strong>in</strong></span> <span class='ocrx_word' id='word_1_728' title='bbox 1620 4661 1768 4707; x_wconf 78' lang='lat' dir='ltr'><strong>teter-</strong></span> 
     </span>
    </p>
   </div>
   <div class='ocr_carea' id='block_1_90' title="bbox 184 4743 1766 4813">
    <p class='ocr_par' dir='ltr' id='par_1_90' title="bbox 184 4743 1766 4813">
     <span class='ocr_line' id='line_1_90' title="bbox 184 4743 1766 4813; baseline -0.001 -10"><span class='ocrx_word' id='word_1_729' title='bbox 184 4763 329 4804; x_wconf 69' lang='lat' dir='ltr'><strong>num.</strong></span> <span class='ocrx_word' id='word_1_730' title='bbox 354 4745 469 4803; x_wconf 85' lang='lat' dir='ltr'><strong>Nos</strong></span> <span class='ocrx_word' id='word_1_731' title='bbox 498 4745 768 4813; x_wconf 83' lang='lat' dir='ltr'><strong>dicamus,</strong></span> <span class='ocrx_word' id='word_1_732' title='bbox 800 4760 989 4803; x_wconf 80' lang='lat' dir='ltr'><strong>verum</strong></span> <span class='ocrx_word' id='word_1_733' title='bbox 1009 4753 1095 4803; x_wconf 85' lang='lat' dir='ltr'><strong>est</strong></span> <span class='ocrx_word' id='word_1_734' title='bbox 1124 4761 1136 4798; x_wconf 90' lang='lat'>:</span> <span class='ocrx_word' id='word_1_735' title='bbox 1168 4743 1423 4805; x_wconf 73' lang='lat' dir='ltr'><strong>credituri</strong></span> <span class='ocrx_word' id='word_1_736' title='bbox 1454 4744 1601 4807; x_wconf 82' lang='lat' dir='ltr'><strong>enim</strong></span> <span class='ocrx_word' id='word_1_737' title='bbox 1636 4751 1766 4801; x_wconf 85' lang='lat' dir='ltr'><strong>sunt</strong></span> 
     </span>
    </p>
   </div>
   <div class='ocr_carea' id='block_1_91' title="bbox 182 4836 1760 4912">
    <p class='ocr_par' dir='ltr' id='par_1_91' title="bbox 182 4836 1760 4912">
     <span class='ocr_line' id='line_1_91' title="bbox 182 4836 1760 4912; baseline -0.005 -12"><span class='ocrx_word' id='word_1_738' title='bbox 182 4843 248 4900; x_wconf 87' lang='lat' dir='ltr'><strong>de</strong></span> <span class='ocrx_word' id='word_1_739' title='bbox 271 4840 490 4900; x_wconf 61' lang='lat' dir='ltr'><strong>ludatis.</strong></span> <span class='ocrx_word' id='word_1_740' title='bbox 515 4839 758 4912; x_wconf 88' lang='lat' dir='ltr'><strong>Denique</strong></span> <span class='ocrx_word' id='word_1_741' title='bbox 781 4838 1009 4912; x_wconf 83' lang='lat' dir='ltr'><strong>legimus</strong></span> <span class='ocrx_word' id='word_1_742' title='bbox 1039 4838 1091 4901; x_wconf 89' lang='lat' dir='ltr'><strong>in</strong></span> <span class='ocrx_word' id='word_1_743' title='bbox 1134 4836 1459 4911; x_wconf 79' lang='lat' dir='ltr'><strong>Apocalypsi</strong></span> <span class='ocrx_word' id='word_1_744' title='bbox 1511 4838 1760 4905; x_wconf 81' lang='lat' dir='ltr'><strong>Joannis,</strong></span> 
     </span>
    </p>
   </div>
   <div class='ocr_carea' id='block_1_92' title="bbox 185 4930 1759 5006">
    <p class='ocr_par' dir='ltr' id='par_1_92' title="bbox 185 4930 1759 5006">
     <span class='ocr_line' id='line_1_92' title="bbox 185 4930 1759 5006; baseline -0.003 -14"><span class='ocrx_word' id='word_1_745' title='bbox 185 4934 449 4993; x_wconf 85' lang='lat' dir='ltr'><strong>duodecim</strong></span> <span class='ocrx_word' id='word_1_746' title='bbox 474 4933 640 4991; x_wconf 83' lang='lat' dir='ltr'><strong>millia</strong></span> <span class='ocrx_word' id='word_1_747' title='bbox 665 4933 737 4990; x_wconf 87' lang='lat' dir='ltr'><strong>de</strong></span> <span class='ocrx_word' id='word_1_748' title='bbox 756 4932 986 5006; x_wconf 80' lang='lat' dir='ltr'><strong>singulis</strong></span> <span class='ocrx_word' id='word_1_749' title='bbox 1002 4930 1274 5000; x_wconf 79' lang='lat' dir='ltr'><strong>tribubus,</strong></span> <span class='ocrx_word' id='word_1_750' title='bbox 1300 4931 1405 4993; x_wconf 87' lang='lat' dir='ltr'><strong>hoc</strong></span> <span class='ocrx_word' id='word_1_751' title='bbox 1421 4940 1524 4999; x_wconf 80' lang='lat' dir='ltr'><strong>est,</strong></span> <span class='ocrx_word' id='word_1_752' title='bbox 1540 4940 1759 4993; x_wconf 81' lang='lat' dir='ltr'><strong>centum</strong></span> 
     </span>
    </p>
   </div>
   <div class='ocr_carea' id='block_1_93' title="bbox 185 5024 1759 5102">
    <p class='ocr_par' dir='ltr' id='par_1_93' title="bbox 185 5024 1759 5102">
     <span class='ocr_line' id='line_1_93' title="bbox 185 5024 1759 5102; baseline -0.003 -15"><span class='ocrx_word' id='word_1_753' title='bbox 185 5030 521 5102; x_wconf 83' lang='lat' dir='ltr'><strong>quadraginta</strong></span> <span class='ocrx_word' id='word_1_754' title='bbox 552 5035 783 5100; x_wconf 84' lang='lat' dir='ltr'><strong>quatuor</strong></span> <span class='ocrx_word' id='word_1_755' title='bbox 812 5027 980 5085; x_wconf 86' lang='lat' dir='ltr'><strong>millia</strong></span> <span class='ocrx_word' id='word_1_756' title='bbox 1011 5026 1308 5094; x_wconf 74' lang='lat' dir='ltr'><strong>creditura,</strong></span> <span class='ocrx_word' id='word_1_757' title='bbox 1338 5034 1398 5082; x_wconf 85' lang='lat' dir='ltr'><strong>et</strong></span> <span class='ocrx_word' id='word_1_758' title='bbox 1426 5026 1530 5091; x_wconf 81' lang='lat' dir='ltr'><strong>hoc</strong></span> <span class='ocrx_word' id='word_1_759' title='bbox 1558 5024 1759 5093; x_wconf 76' lang='lat' dir='ltr'><strong>dicitur</strong></span> 
     </span>
    </p>
   </div>
   <div class='ocr_carea' id='block_1_94' title="bbox 185 5120 1759 5197">
    <p class='ocr_par' dir='ltr' id='par_1_94' title="bbox 185 5120 1759 5197">
     <span class='ocr_line' id='line_1_94' title="bbox 185 5120 1759 5197; baseline -0.004 -17"><span class='ocrx_word' id='word_1_760' title='bbox 185 5122 434 5197; x_wconf 78' lang='lat' dir='ltr'><strong>virginum</strong></span> <span class='ocrx_word' id='word_1_761' title='bbox 464 5137 606 5180; x_wconf 72' lang='lat' dir='ltr'><strong>esse.</strong></span> <span class='ocrx_word' id='word_1_762' title='bbox 653 5121 755 5180; x_wconf 82' lang='lat' dir='ltr'><strong>Ubi</strong></span> <span class='ocrx_word' id='word_1_763' title='bbox 783 5129 964 5179; x_wconf 81' lang='lat' dir='ltr'><strong>autem</strong></span> <span class='ocrx_word' id='word_1_764' title='bbox 995 5120 1258 5190; x_wconf 69' lang='lat' dir='ltr'><strong>virginum</strong></span> <span class='ocrx_word' id='word_1_765' title='bbox 1289 5128 1469 5175; x_wconf 87' lang='lat' dir='ltr'><strong>tantus</strong></span> <span class='ocrx_word' id='word_1_766' title='bbox 1499 5132 1759 5177; x_wconf 83' lang='lat' dir='ltr'><strong>numerus</strong></span> 
     </span>
    </p>
   </div>
   <div class='ocr_carea' id='block_1_95' title="bbox 188 5212 1759 5288">
    <p class='ocr_par' dir='ltr' id='par_1_95' title="bbox 188 5212 1759 5288">
     <span class='ocr_line' id='line_1_95' title="bbox 188 5212 1759 5288; baseline -0.004 -14"><span class='ocrx_word' id='word_1_767' title='bbox 188 5217 298 5282; x_wconf 85' lang='lat' dir='ltr'><strong>erit,</strong></span> <span class='ocrx_word' id='word_1_768' title='bbox 320 5232 427 5276; x_wconf 88' lang='lat' dir='ltr'><strong>non</strong></span> <span class='ocrx_word' id='word_1_769' title='bbox 448 5216 719 5288; x_wconf 74' lang='lat' dir='ltr'><strong>virginum</strong></span> <span class='ocrx_word' id='word_1_770' title='bbox 742 5224 978 5286; x_wconf 67' lang='lat' dir='ltr'><strong>quantus</strong></span> <span class='ocrx_word' id='word_1_771' title='bbox 1004 5215 1146 5277; x_wconf 78' lang='lat' dir='ltr'><strong>erit?</strong></span> <span class='ocrx_word' id='word_1_772' title='bbox 1168 5215 1377 5286; x_wconf 80' lang='lat' dir='ltr'><strong>Ergoet</strong></span> <span class='ocrx_word' id='word_1_773' title='bbox 1398 5227 1496 5269; x_wconf 88' lang='lat' dir='ltr'><strong>uos</strong></span> <span class='ocrx_word' id='word_1_774' title='bbox 1515 5212 1759 5277; x_wconf 79' lang='lat' dir='ltr'><strong>dicamus</strong></span> 
     </span>
    </p>
   </div>
   <div class='ocr_carea' id='block_1_96' title="bbox 188 5306 1750 5378">
    <p class='ocr_par' dir='ltr' id='par_1_96' title="bbox 188 5306 1750 5378">
     <span class='ocr_line' id='line_1_96' title="bbox 188 5306 1750 5378; baseline -0.007 -10"><span class='ocrx_word' id='word_1_775' title='bbox 188 5309 390 5378; x_wconf 75' lang='lat' dir='ltr'><strong>ludteis,</strong></span> <span class='ocrx_word' id='word_1_776' title='bbox 437 5316 493 5367; x_wconf 84' lang='lat' dir='ltr'><strong>et</strong></span> <span class='ocrx_word' id='word_1_777' title='bbox 532 5324 641 5364; x_wconf 85' lang='lat' dir='ltr'><strong>non</strong></span> <span class='ocrx_word' id='word_1_778' title='bbox 690 5307 794 5364; x_wconf 89' lang='lat' dir='ltr'><strong>erit</strong></span> <span class='ocrx_word' id='word_1_779' title='bbox 848 5317 1059 5378; x_wconf 85' lang='lat' dir='ltr'><strong>tempus</strong></span> <span class='ocrx_word' id='word_1_780' title='bbox 1113 5313 1351 5365; x_wconf 75' lang='lat' dir='ltr'><strong>vestrum</strong></span> <span class='ocrx_word' id='word_1_781' title='bbox 1382 5306 1437 5363; x_wconf 83' lang='lat' dir='ltr'><strong>iu</strong></span> <span class='ocrx_word' id='word_1_782' title='bbox 1465 5314 1750 5373; x_wconf 75' lang='lat' dir='ltr'><strong>teternum,</strong></span> 
     </span>
    </p>
   </div>
   <div class='ocr_carea' id='block_1_97' title="bbox 187 5397 1759 5471">
    <p class='ocr_par' dir='ltr' id='par_1_97' title="bbox 187 5397 1759 5471">
     <span class='ocr_line' id='line_1_97' title="bbox 187 5397 1759 5471; baseline -0.003 -11"><span class='ocrx_word' id='word_1_783' title='bbox 187 5402 282 5461; x_wconf 89' lang='lat' dir='ltr'><strong>hoc</strong></span> <span class='ocrx_word' id='word_1_784' title='bbox 311 5412 413 5470; x_wconf 88' lang='lat' dir='ltr'><strong>est,</strong></span> <span class='ocrx_word' id='word_1_785' title='bbox 468 5403 525 5461; x_wconf 83' lang='lat' dir='ltr'><strong>iu</strong></span> <span class='ocrx_word' id='word_1_786' title='bbox 582 5402 764 5460; x_wconf 82' lang='lat' dir='ltr'><strong>futuro</strong></span> <span class='ocrx_word' id='word_1_787' title='bbox 810 5400 1030 5461; x_wconf 77' lang='lat' dir='ltr'><strong>saeculo.</strong></span> <span class='ocrx_word' id='word_1_788' title='bbox 1085 5399 1189 5465; x_wconf 76' lang='lat' dir='ltr'><strong>Sed</strong></span> <span class='ocrx_word' id='word_1_789' title='bbox 1232 5398 1299 5455; x_wconf 83' lang='lat' dir='ltr'><strong>ad</strong></span> <span class='ocrx_word' id='word_1_790' title='bbox 1359 5407 1410 5453; x_wconf 87' lang='lat' dir='ltr'><strong>te</strong></span> <span class='ocrx_word' id='word_1_791' title='bbox 1451 5398 1547 5471; x_wconf 73' lang='lat' dir='ltr'><strong>qui,</strong></span> <span class='ocrx_word' id='word_1_792' title='bbox 1595 5397 1759 5463; x_wconf 83' lang='lat' dir='ltr'><strong>hodie</strong></span> 
     </span>
    </p>
   </div>
   <div class='ocr_carea' id='block_1_98' title="bbox 187 5492 1757 5567">
    <p class='ocr_par' dir='ltr' id='par_1_98' title="bbox 187 5492 1757 5567">
     <span class='ocr_line' id='line_1_98' title="bbox 187 5492 1757 5567; baseline -0.005 -11"><span class='ocrx_word' id='word_1_793' title='bbox 187 5513 280 5556; x_wconf 88' lang='lat' dir='ltr'><strong>non</strong></span> <span class='ocrx_word' id='word_1_794' title='bbox 322 5497 519 5564; x_wconf 78' lang='lat' dir='ltr'><strong>credis,</strong></span> <span class='ocrx_word' id='word_1_795' title='bbox 549 5496 675 5567; x_wconf 81' lang='lat' dir='ltr'><strong>quid</strong></span> <span class='ocrx_word' id='word_1_796' title='bbox 734 5494 995 5566; x_wconf 83' lang='lat' dir='ltr'><strong>pertinet?</strong></span> <span class='ocrx_word' id='word_1_797' title='bbox 1025 5492 1093 5550; x_wconf 82' lang='lat' dir='ltr'><strong>Et</strong></span> <span class='ocrx_word' id='word_1_798' title='bbox 1121 5492 1213 5548; x_wconf 76' lang='lat' dir='ltr'><strong>erit</strong></span> <span class='ocrx_word' id='word_1_799' title='bbox 1262 5502 1458 5565; x_wconf 75' lang='lat' dir='ltr'><strong>tempus</strong></span> <span class='ocrx_word' id='word_1_800' title='bbox 1503 5508 1678 5553; x_wconf 78' lang='lat' dir='ltr'><strong>eorum</strong></span> <span class='ocrx_word' id='word_1_801' title='bbox 1703 5494 1757 5548; x_wconf 88' lang='lat' dir='ltr'><strong>in</strong></span> 
     </span>
    </p>
   </div>
   <div class='ocr_carea' id='block_1_99' title="bbox 189 5584 1573 5657">
    <p class='ocr_par' dir='ltr' id='par_1_99' title="bbox 189 5584 1573 5657">
     <span class='ocr_line' id='line_1_99' title="bbox 189 5584 1573 5657; baseline -0.004 -12"><span class='ocrx_word' id='word_1_802' title='bbox 189 5589 435 5646; x_wconf 67' lang='lat' dir='ltr'><strong>saeculum.</strong></span> <span class='ocrx_word' id='word_1_803' title='bbox 489 5587 833 5645; x_wconf 81' lang='lat' dir='ltr'><strong>lnimicormu</strong></span> <span class='ocrx_word' id='word_1_804' title='bbox 877 5587 976 5647; x_wconf 85' lang='lat' dir='ltr'><strong>Dei</strong></span> <span class='ocrx_word' id='word_1_805' title='bbox 1004 5585 1162 5657; x_wconf 73' lang='lat' dir='ltr'><strong>quale</strong></span> <span class='ocrx_word' id='word_1_806' title='bbox 1193 5594 1409 5655; x_wconf 78' lang='lat' dir='ltr'><strong>tempus</strong></span> <span class='ocrx_word' id='word_1_807' title='bbox 1447 5584 1573 5647; x_wconf 78' lang='lat' dir='ltr'><strong>erit.</strong></span> 
     </span>
    </p>
   </div>
   <div class='ocr_carea' id='block_1_100' title="bbox 252 5675 1754 5750">
    <p class='ocr_par' dir='ltr' id='par_1_100' title="bbox 252 5675 1754 5750">
     <span class='ocr_line' id='line_1_100' title="bbox 252 5675 1754 5750; baseline -0.001 -17"><span class='ocrx_word' id='word_1_808' title='bbox 252 5677 311 5734; x_wconf 87' lang='lat' dir='ltr'><strong>Et</strong></span> <span class='ocrx_word' id='word_1_809' title='bbox 337 5678 518 5735; x_wconf 68' lang='lat' dir='ltr'><strong>cibari:</strong></span> <span class='ocrx_word' id='word_1_810' title='bbox 572 5693 656 5733; x_wconf 79' lang='lat' dir='ltr'><strong>eos</strong></span> <span class='ocrx_word' id='word_1_811' title='bbox 698 5695 760 5735; x_wconf 69' lang='lat' dir='ltr'><strong>ea:</strong></span> <span class='ocrx_word' id='word_1_812' title='bbox 804 5679 958 5750; x_wconf 69' lang='lat' dir='ltr'><strong>adipe</strong></span> <span class='ocrx_word' id='word_1_813' title='bbox 986 5678 1253 5749; x_wconf 56' lang='lat' dir='ltr'><strong>frustrati.</strong></span> <span class='ocrx_word' id='word_1_814' title='bbox 1311 5675 1524 5737; x_wconf 73' lang='lat' dir='ltr'><strong>biduxit</strong></span> <span class='ocrx_word' id='word_1_815' title='bbox 1558 5691 1652 5733; x_wconf 84' lang='lat' dir='ltr'><strong>eos</strong></span> <span class='ocrx_word' id='word_1_816' title='bbox 1702 5676 1754 5732; x_wconf 91' lang='lat' dir='ltr'><strong>iu</strong></span> 
     </span>
    </p>
   </div>
   <div class='ocr_carea' id='block_1_101' title="bbox 192 5765 1753 5842">
    <p class='ocr_par' dir='ltr' id='par_1_101' title="bbox 192 5765 1753 5842">
     <span class='ocr_line' id='line_1_101' title="bbox 192 5765 1753 5842; baseline 0 -11"><span class='ocrx_word' id='word_1_817' title='bbox 192 5777 369 5834; x_wconf 81' lang='lat' dir='ltr'><strong>terram</strong></span> <span class='ocrx_word' id='word_1_818' title='bbox 402 5769 839 5842; x_wconf 79' lang='lat' dir='ltr'><strong>repromissionis</strong></span> <span class='ocrx_word' id='word_1_819' title='bbox 874 5769 1111 5835; x_wconf 82' lang='lat' dir='ltr'><strong>:cibavit</strong></span> <span class='ocrx_word' id='word_1_820' title='bbox 1134 5783 1243 5831; x_wconf 85' lang='lat' dir='ltr'><strong>non</strong></span> <span class='ocrx_word' id='word_1_821' title='bbox 1267 5783 1465 5829; x_wconf 85' lang='lat' dir='ltr'><strong>manna</strong></span> <span class='ocrx_word' id='word_1_822' title='bbox 1492 5775 1554 5839; x_wconf 80' lang='lat' dir='ltr'><strong>ut</strong></span> <span class='ocrx_word' id='word_1_823' title='bbox 1582 5766 1636 5837; x_wconf 74' lang='lat' dir='ltr'><strong>in</strong></span> <span class='ocrx_word' id='word_1_824' title='bbox 1661 5765 1753 5831; x_wconf 75' lang='lat' dir='ltr'><strong>de</strong></span> 
     </span>
    </p>
   </div>
   <div class='ocr_carea' id='block_1_102' title="bbox 1869 4653 3466 4726">
    <p class='ocr_par' dir='ltr' id='par_1_102' title="bbox 1869 4653 3466 4726">
     <span class='ocr_line' id='line_1_102' title="bbox 1869 4653 3466 4726; baseline -0.003 -9"><span class='ocrx_word' id='word_1_825' title='bbox 1869 4659 2124 4724; x_wconf 73' lang='lat' dir='ltr'><strong>thronum</strong></span> <span class='ocrx_word' id='word_1_826' title='bbox 2154 4656 2429 4715; x_wconf 81' lang='lat' dir='ltr'><strong>excelsum</strong></span> <span class='ocrx_word' id='word_1_827' title='bbox 2462 4664 2515 4713; x_wconf 89' lang='lat' dir='ltr'><strong>et</strong></span> <span class='ocrx_word' id='word_1_828' title='bbox 2567 4654 2838 4721; x_wconf 79' lang='lat' dir='ltr'><strong>elevatum</strong></span> <span class='ocrx_word' id='word_1_829' title='bbox 2869 4653 3035 4726; x_wconf 83' lang='lat' dir='ltr'><strong>(Isai.</strong></span> <span class='ocrx_word' id='word_1_830' title='bbox 3066 4654 3172 4724; x_wconf 83' lang='lat' dir='ltr'><strong>vt).</strong></span> <span class='ocrx_word' id='word_1_831' title='bbox 3207 4655 3284 4710; x_wconf 76' lang='grc' dir='ltr'><strong>1ὺί</strong></span> <span class='ocrx_word' id='word_1_832' title='bbox 3310 4655 3466 4725; x_wconf 77' lang='lat' dir='ltr'><strong>qtiasi</strong></span> 
     </span>
    </p>
   </div>
   <div class='ocr_carea' id='block_1_103' title="bbox 1866 4747 3466 4823">
    <p class='ocr_par' dir='ltr' id='par_1_103' title="bbox 1866 4747 3466 4823">
     <span class='ocr_line' id='line_1_103' title="bbox 1866 4747 3466 4823; baseline -0.004 -14"><span class='ocrx_word' id='word_1_833' title='bbox 1866 4768 1961 4809; x_wconf 80' lang='lat' dir='ltr'><strong>rex</strong></span> <span class='ocrx_word' id='word_1_834' title='bbox 1989 4765 2226 4823; x_wconf 76' lang='lat' dir='ltr'><strong>regnans</strong></span> <span class='ocrx_word' id='word_1_835' title='bbox 2252 4749 2546 4807; x_wconf 85' lang='lat' dir='ltr'><strong>inducitur.</strong></span> <span class='ocrx_word' id='word_1_836' title='bbox 2574 4747 2801 4818; x_wconf 74' lang='lat' dir='ltr'><strong>Quando</strong></span> <span class='ocrx_word' id='word_1_837' title='bbox 2827 4761 2958 4808; x_wconf 82' lang='lat' dir='ltr'><strong>vero</strong></span> <span class='ocrx_word' id='word_1_838' title='bbox 2986 4748 3145 4820; x_wconf 79' lang='lat' dir='ltr'><strong>quasi</strong></span> <span class='ocrx_word' id='word_1_839' title='bbox 3186 4747 3355 4815; x_wconf 79' lang='lat' dir='ltr'><strong>iudex</strong></span> <span class='ocrx_word' id='word_1_840' title='bbox 3382 4747 3466 4803; x_wconf 87' lang='lat' dir='ltr'><strong>in-</strong></span> 
     </span>
    </p>
   </div>
   <div class='ocr_carea' id='block_1_104' title="bbox 1865 4838 3464 4914">
    <p class='ocr_par' dir='ltr' id='par_1_104' title="bbox 1865 4838 3464 4914">
     <span class='ocr_line' id='line_1_104' title="bbox 1865 4838 3464 4914; baseline -0.006 -12"><span class='ocrx_word' id='word_1_841' title='bbox 1865 4845 2086 4903; x_wconf 81' lang='lat' dir='ltr'><strong>ducitur</strong></span> <span class='ocrx_word' id='word_1_842' title='bbox 2115 4862 2130 4900; x_wconf 88' lang='lat'><strong>:</strong></span> <span class='ocrx_word' id='word_1_843' title='bbox 2164 4842 2341 4903; x_wconf 80' lang='lat' dir='ltr'><strong>tltmni</strong></span> <span class='ocrx_word' id='word_1_844' title='bbox 2372 4840 2535 4914; x_wconf 86' lang='lat' dir='ltr'><strong>positi</strong></span> <span class='ocrx_word' id='word_1_845' title='bbox 2565 4848 2724 4908; x_wconf 80' lang='lat' dir='ltr'><strong>sunt,</strong></span> <span class='ocrx_word' id='word_1_846' title='bbox 2747 4849 2802 4897; x_wconf 91' lang='lat' dir='ltr'><strong>et</strong></span> <span class='ocrx_word' id='word_1_847' title='bbox 2832 4838 2954 4903; x_wconf 82' lang='lat' dir='ltr'><strong>libri</strong></span> <span class='ocrx_word' id='word_1_848' title='bbox 3011 4839 3185 4911; x_wconf 79' lang='lat' dir='ltr'><strong>aperti</strong></span> <span class='ocrx_word' id='word_1_849' title='bbox 3216 4847 3370 4906; x_wconf 88' lang='lat' dir='ltr'><strong>sunt,</strong></span> <span class='ocrx_word' id='word_1_850' title='bbox 3406 4849 3464 4899; x_wconf 88' lang='lat' dir='ltr'><strong>ut</strong></span> 
     </span>
    </p>
   </div>
   <div class='ocr_carea' id='block_1_105' title="bbox 1864 4929 3457 5007">
    <p class='ocr_par' dir='ltr' id='par_1_105' title="bbox 1864 4929 3457 5007">
     <span class='ocr_line' id='line_1_105' title="bbox 1864 4929 3457 5007; baseline -0.004 -12"><span class='ocrx_word' id='word_1_851' title='bbox 1864 4938 1920 4997; x_wconf 92' lang='lat' dir='ltr'><strong>in</strong></span> <span class='ocrx_word' id='word_1_852' title='bbox 1951 4935 2177 4995; x_wconf 82' lang='lat' dir='ltr'><strong>Dauiele</strong></span> <span class='ocrx_word' id='word_1_853' title='bbox 2203 4935 2461 5007; x_wconf 83' lang='lat' dir='ltr'><strong>scriptum</strong></span> <span class='ocrx_word' id='word_1_854' title='bbox 2492 4931 2765 5005; x_wconf 82' lang='lat' dir='ltr'><strong>est:Quid</strong></span> <span class='ocrx_word' id='word_1_855' title='bbox 2792 4929 3030 4989; x_wconf 86' lang='lat' dir='ltr'><strong>dicitur?</strong></span> <span class='ocrx_word' id='word_1_856' title='bbox 3060 4930 3266 4995; x_wconf 76' lang='lat' dir='ltr'><strong>Ibroni</strong></span> <span class='ocrx_word' id='word_1_857' title='bbox 3293 4931 3457 5002; x_wconf 87' lang='lat' dir='ltr'><strong>positi</strong></span> 
     </span>
    </p>
   </div>
   <div class='ocr_carea' id='block_1_106' title="bbox 1864 5021 3464 5098">
    <p class='ocr_par' dir='ltr' id='par_1_106' title="bbox 1864 5021 3464 5098">
     <span class='ocr_line' id='line_1_106' title="bbox 1864 5021 3464 5098; baseline -0.006 -10"><span class='ocrx_word' id='word_1_858' title='bbox 1864 5038 2014 5094; x_wconf 85' lang='lat' dir='ltr'><strong>sunt.</strong></span> <span class='ocrx_word' id='word_1_859' title='bbox 2042 5034 2101 5085; x_wconf 88' lang='lat' dir='ltr'><strong>et</strong></span> <span class='ocrx_word' id='word_1_860' title='bbox 2126 5025 2253 5084; x_wconf 90' lang='lat' dir='ltr'><strong>libri</strong></span> <span class='ocrx_word' id='word_1_861' title='bbox 2282 5027 2454 5098; x_wconf 87' lang='lat' dir='ltr'><strong>aperti</strong></span> <span class='ocrx_word' id='word_1_862' title='bbox 2507 5022 2828 5097; x_wconf 83' lang='lat' dir='ltr'><strong>suut(Dan.</strong></span> <span class='ocrx_word' id='word_1_863' title='bbox 2876 5038 2952 5081; x_wconf 85' lang='lat' dir='ltr'><strong>vn</strong></span> <span class='ocrx_word' id='word_1_864' title='bbox 2982 5022 3045 5094; x_wconf 90' lang='lat'><strong>):</strong></span> <span class='ocrx_word' id='word_1_865' title='bbox 3079 5022 3180 5078; x_wconf 86' lang='lat' dir='ltr'><strong>hoc</strong></span> <span class='ocrx_word' id='word_1_866' title='bbox 3205 5030 3310 5089; x_wconf 83' lang='lat' dir='ltr'><strong>est,</strong></span> <span class='ocrx_word' id='word_1_867' title='bbox 3357 5021 3464 5083; x_wconf 82' lang='lat' dir='ltr'><strong>Do-</strong></span> 
     </span>
    </p>
   </div>
   <div class='ocr_carea' id='block_1_107' title="bbox 1865 5115 3460 5193">
    <p class='ocr_par' dir='ltr' id='par_1_107' title="bbox 1865 5115 3460 5193">
     <span class='ocr_line' id='line_1_107' title="bbox 1865 5115 3460 5193; baseline -0.004 -14"><span class='ocrx_word' id='word_1_868' title='bbox 1865 5122 2044 5179; x_wconf 84' lang='lat' dir='ltr'><strong>minus</strong></span> <span class='ocrx_word' id='word_1_869' title='bbox 2073 5119 2227 5193; x_wconf 88' lang='lat' dir='ltr'><strong>quasi</strong></span> <span class='ocrx_word' id='word_1_870' title='bbox 2271 5118 2444 5189; x_wconf 82' lang='lat' dir='ltr'><strong>judex</strong></span> <span class='ocrx_word' id='word_1_871' title='bbox 2502 5133 2773 5185; x_wconf 81' lang='lat' dir='ltr'><strong>sessurus,</strong></span> <span class='ocrx_word' id='word_1_872' title='bbox 2818 5125 2875 5175; x_wconf 84' lang='lat' dir='ltr'><strong>et</strong></span> <span class='ocrx_word' id='word_1_873' title='bbox 2903 5115 3143 5181; x_wconf 83' lang='lat' dir='ltr'><strong>omnium</strong></span> <span class='ocrx_word' id='word_1_874' title='bbox 3170 5130 3332 5186; x_wconf 88' lang='lat' dir='ltr'><strong>opera</strong></span> <span class='ocrx_word' id='word_1_875' title='bbox 3374 5132 3460 5174; x_wconf 77' lang='lat' dir='ltr'><strong>rc-</strong></span> 
     </span>
    </p>
   </div>
   <div class='ocr_carea' id='block_1_108' title="bbox 1863 5208 3470 5285">
    <p class='ocr_par' dir='ltr' id='par_1_108' title="bbox 1863 5208 3470 5285">
     <span class='ocr_line' id='line_1_108' title="bbox 1863 5208 3470 5285; baseline -0.002 -15"><span class='ocrx_word' id='word_1_876' title='bbox 1863 5214 2123 5273; x_wconf 78' lang='lat' dir='ltr'><strong>lecturus.</strong></span> <span class='ocrx_word' id='word_1_877' title='bbox 2177 5210 2325 5269; x_wconf 81' lang='lat' dir='ltr'><strong>Libri</strong></span> <span class='ocrx_word' id='word_1_878' title='bbox 2375 5211 2464 5285; x_wconf 90' lang='lat' dir='ltr'><strong>qui</strong></span> <span class='ocrx_word' id='word_1_879' title='bbox 2519 5210 2681 5267; x_wconf 86' lang='lat' dir='ltr'><strong>modo</strong></span> <span class='ocrx_word' id='word_1_880' title='bbox 2743 5208 3059 5279; x_wconf 76' lang='lat' dir='ltr'><strong>complicati</strong></span> <span class='ocrx_word' id='word_1_881' title='bbox 3115 5216 3277 5276; x_wconf 87' lang='lat' dir='ltr'><strong>sunt,</strong></span> <span class='ocrx_word' id='word_1_882' title='bbox 3335 5217 3470 5267; x_wconf 79' lang='lat' dir='ltr'><strong>tunc</strong></span> 
     </span>
    </p>
   </div>
   <div class='ocr_carea' id='block_1_109' title="bbox 1862 5301 3467 5378">
    <p class='ocr_par' dir='ltr' id='par_1_109' title="bbox 1862 5301 3467 5378">
     <span class='ocr_line' id='line_1_109' title="bbox 1862 5301 3467 5378; baseline -0.006 -13"><span class='ocrx_word' id='word_1_883' title='bbox 1862 5306 2196 5378; x_wconf 81' lang='lat' dir='ltr'><strong>aperientur.</strong></span> <span class='ocrx_word' id='word_1_884' title='bbox 2248 5304 2425 5362; x_wconf 86' lang='lat' dir='ltr'><strong>Omne</strong></span> <span class='ocrx_word' id='word_1_885' title='bbox 2470 5304 2615 5377; x_wconf 88' lang='lat' dir='ltr'><strong>quod</strong></span> <span class='ocrx_word' id='word_1_886' title='bbox 2668 5303 2915 5371; x_wconf 75' lang='lat' dir='ltr'><strong>facimus,</strong></span> <span class='ocrx_word' id='word_1_887' title='bbox 2973 5302 3120 5376; x_wconf 85' lang='lat' dir='ltr'><strong>quod</strong></span> <span class='ocrx_word' id='word_1_888' title='bbox 3164 5301 3467 5375; x_wconf 66' lang='lat' dir='ltr'><strong>loquimur,</strong></span> 
     </span>
    </p>
   </div>
   <div class='ocr_carea' id='block_1_110' title="bbox 1862 5392 3462 5476">
    <p class='ocr_par' dir='ltr' id='par_1_110' title="bbox 1862 5392 3462 5476">
     <span class='ocr_line' id='line_1_110' title="bbox 1862 5392 3462 5476; baseline -0.003 -18"><span class='ocrx_word' id='word_1_889' title='bbox 1862 5399 2011 5476; x_wconf 84' lang='lat' dir='ltr'><strong>quod</strong></span> <span class='ocrx_word' id='word_1_890' title='bbox 2065 5399 2393 5474; x_wconf 81' lang='lat' dir='ltr'><strong>cogitamus,</strong></span> <span class='ocrx_word' id='word_1_891' title='bbox 2443 5398 2607 5461; x_wconf 81' lang='lat' dir='ltr'><strong>etiam</strong></span> <span class='ocrx_word' id='word_1_892' title='bbox 2654 5398 2721 5454; x_wconf 90' lang='lat' dir='ltr'><strong>de</strong></span> <span class='ocrx_word' id='word_1_893' title='bbox 2772 5394 2953 5459; x_wconf 77' lang='lat' dir='ltr'><strong>OliOSO</strong></span> <span class='ocrx_word' id='word_1_894' title='bbox 3001 5394 3168 5453; x_wconf 61' lang='lat' dir='ltr'><strong>verbo</strong></span> <span class='ocrx_word' id='word_1_895' title='bbox 3196 5392 3462 5455; x_wconf 87' lang='lat' dir='ltr'><strong>reddituri</strong></span> 
     </span>
    </p>
   </div>
   <div class='ocr_carea' id='block_1_111' title="bbox 1859 5487 3462 5563">
    <p class='ocr_par' dir='ltr' id='par_1_111' title="bbox 1859 5487 3462 5563">
     <span class='ocr_line' id='line_1_111' title="bbox 1859 5487 3462 5563; baseline -0.006 -11"><span class='ocrx_word' id='word_1_896' title='bbox 1859 5510 2048 5552; x_wconf 87' lang='lat' dir='ltr'><strong>sumus</strong></span> <span class='ocrx_word' id='word_1_897' title='bbox 2085 5493 2376 5553; x_wconf 79' lang='lat' dir='ltr'><strong>rationem.</strong></span> <span class='ocrx_word' id='word_1_898' title='bbox 2407 5491 2682 5563; x_wconf 75' lang='lat' dir='ltr'><strong>Scriptum</strong></span> <span class='ocrx_word' id='word_1_899' title='bbox 2712 5489 2876 5547; x_wconf 87' lang='lat' dir='ltr'><strong>estin</strong></span> <span class='ocrx_word' id='word_1_900' title='bbox 2930 5488 3090 5545; x_wconf 84' lang='lat' dir='ltr'><strong>libris</strong></span> <span class='ocrx_word' id='word_1_901' title='bbox 3136 5488 3255 5546; x_wconf 89' lang='lat' dir='ltr'><strong>Dei.</strong></span> <span class='ocrx_word' id='word_1_902' title='bbox 3301 5487 3462 5552; x_wconf 79' lang='lat' dir='ltr'><strong>Putat;</strong></span> 
     </span>
    </p>
   </div>
   <div class='ocr_carea' id='block_1_112' title="bbox 1858 5580 3458 5658">
    <p class='ocr_par' dir='ltr' id='par_1_112' title="bbox 1858 5580 3458 5658">
     <span class='ocr_line' id='line_1_112' title="bbox 1858 5580 3458 5658; baseline -0.003 -17"><span class='ocrx_word' id='word_1_903' title='bbox 1858 5586 2060 5658; x_wconf 85' lang='lat' dir='ltr'><strong>aliquis</strong></span> <span class='ocrx_word' id='word_1_904' title='bbox 2091 5584 2263 5645; x_wconf 81' lang='lat' dir='ltr'><strong>libros</strong></span> <span class='ocrx_word' id='word_1_905' title='bbox 2285 5597 2413 5642; x_wconf 86' lang='lat' dir='ltr'><strong>esse</strong></span> <span class='ocrx_word' id='word_1_906' title='bbox 2458 5581 2514 5639; x_wconf 91' lang='lat' dir='ltr'><strong>in</strong></span> <span class='ocrx_word' id='word_1_907' title='bbox 2557 5582 2719 5649; x_wconf 68' lang='lat' dir='ltr'><strong>coelo,</strong></span> <span class='ocrx_word' id='word_1_908' title='bbox 2752 5580 2840 5637; x_wconf 90' lang='lat' dir='ltr'><strong>ubi</strong></span> <span class='ocrx_word' id='word_1_909' title='bbox 2870 5580 3187 5641; x_wconf 85' lang='lat' dir='ltr'><strong>scribuntur</strong></span> <span class='ocrx_word' id='word_1_910' title='bbox 3238 5591 3458 5650; x_wconf 82' lang='lat' dir='ltr'><strong>peccata</strong></span> 
     </span>
    </p>
   </div>
   <div class='ocr_carea' id='block_1_113' title="bbox 1859 5672 3460 5749">
    <p class='ocr_par' dir='ltr' id='par_1_113' title="bbox 1859 5672 3460 5749">
     <span class='ocr_line' id='line_1_113' title="bbox 1859 5672 3460 5749; baseline -0.005 -14"><span class='ocrx_word' id='word_1_911' title='bbox 1859 5686 2051 5735; x_wconf 83' lang='lat' dir='ltr'><strong>nostra</strong></span> <span class='ocrx_word' id='word_1_912' title='bbox 2083 5696 2094 5732; x_wconf 94' lang='lat'><strong>:</strong></span> <span class='ocrx_word' id='word_1_913' title='bbox 2123 5676 2241 5749; x_wconf 87' lang='lat' dir='ltr'><strong>Ego</strong></span> <span class='ocrx_word' id='word_1_914' title='bbox 2266 5674 2436 5739; x_wconf 77' lang='lat' dir='ltr'><strong>libros</strong></span> <span class='ocrx_word' id='word_1_915' title='bbox 2465 5681 2594 5748; x_wconf 86' lang='lat' dir='ltr'><strong>puto</strong></span> <span class='ocrx_word' id='word_1_916' title='bbox 2618 5672 2984 5735; x_wconf 78' lang='lat' dir='ltr'><strong>conscientias</strong></span> <span class='ocrx_word' id='word_1_917' title='bbox 3039 5681 3283 5743; x_wconf 86' lang='lat' dir='ltr'><strong>nostras,</strong></span> <span class='ocrx_word' id='word_1_918' title='bbox 3338 5687 3460 5740; x_wconf 75' lang='lat' dir='ltr'><strong>qua:</strong></span> 
     </span>
    </p>
   </div>
   <div class='ocr_carea' id='block_1_114' title="bbox 1859 5762 3454 5844">
    <p class='ocr_par' dir='ltr' id='par_1_114' title="bbox 1859 5762 3454 5844">
     <span class='ocr_line' id='line_1_114' title="bbox 1859 5762 3454 5844; baseline -0.006 -17"><span class='ocrx_word' id='word_1_919' title='bbox 1859 5775 1988 5837; x_wconf 77' lang='lat' dir='ltr'><strong>tunc</strong></span> <span class='ocrx_word' id='word_1_920' title='bbox 2013 5766 2350 5844; x_wconf 70' lang='lat' dir='ltr'><strong>aperientur,</strong></span> <span class='ocrx_word' id='word_1_921' title='bbox 2383 5762 2661 5829; x_wconf 68' lang='lat' dir='ltr'><strong>stridebit</strong></span> <span class='ocrx_word' id='word_1_922' title='bbox 2712 5765 3080 5836; x_wconf 80' lang='lat' dir='ltr'><strong>unusquisque</strong></span> <span class='ocrx_word' id='word_1_923' title='bbox 3121 5763 3264 5837; x_wconf 90' lang='lat' dir='ltr'><strong>quod</strong></span> <span class='ocrx_word' id='word_1_924' title='bbox 3311 5763 3454 5821; x_wconf 81' lang='lat' dir='ltr'><strong>fecit.</strong></span> 
     </span>
    </p>
   </div>
  </div>
