4010 6342
557 233 694 290 1063

1353 233 1697 292 APPENDIX
1734 234 1827 292 AD
1865 234 2105 293 TOMUM
2145 235 2498 297 SEPTIMUM
2540 238 2596 296 S.
2639 235 3042 296 HIERONYSII.

3727 239 3875 300 {064

543 379 628 436 Nil
658 378 929 434 occultum
957 379 1100 450 quod
1121 392 1223 434 non
1249 379 1600 436 revelabitur.
1636 380 1932 451 Propterea
1958 382 2130 437 thron?

2251 363 2410 422 modo
2438 363 2528 434 qui
2557 372 3037 434 snntpeccatores,
3058 363 3109 418 in
3131 363 3366 433 peccatis
3384 362 3593 420 habent
3610 365 3870 422 diversas
3929 362 3963 460 If

542 473 704 542 positi
731 483 874 538 sunt,
903 481 954 527 et
980 471 1104 526 libri
1127 472 1297 542 aperti
1321 480 1464 526 sunt.
1489 473 1700 540 Quanta
1723 475 1922 545 scripta
1941 488 2065 529 sunt
2093 473 2144 529 in

539 563 679 620 libro
694 581 833 630 meo,
865 575 918 620 et
941 579 1008 619 ne
1032 565 1182 619 l'ratri
1206 565 1420 636 quidem
1453 581 1600 630 meo,
1633 582 1807 638 neque
1837 568 2013 623 amico
2029 584 2148 623 meo

542 658 718 714 audeo
763 657 1030 714 conﬁteri.
1088 659 1277 715 Sciunt
1314 660 1492 731 angeli
1519 661 1646 730 quid
1698 659 1938 725 fecerim.
1969 662 2150 717 sciunt

539 748 768 816 Throni,
800 750 978 804 sciunt
999 750 1316 820 Seraphim;
1362 751 1464 807 scit
1511 751 1694 817 Pater,
1741 763 1796 807 et
1846 752 2042 820 Filius,
2094 762 2149 808 et

541 844 782 914 Spiritus
816 855 1056 901 sanctus.
1116 845 1363 901 Diximus
1395 847 1464 902 de
1493 847 1622 914 Deo,
1677 849 1820 918 quod
1849 850 1973 904 aliis
2019 858 2146 916 stet,

539 936 659 992 aliis
690 937 957 1002 ambulet,
991 938 1115 992 aliis
1139 953 1268 994 vero
1299 939 1487 996 sedeat
1515 958 1528 994 :
1564 949 1657 995 aut
1687 943 1840 1011 quasi
1874 941 2010 1007 Rex,
2056 951 2148 997 aut

538 1029 881 1100 quasijudex
918 1048 931 1085 :
961 1031 1088 1086 aliis
1115 1047 1248 1087 vero
1277 1031 1500 1088 dormit.
1535 1033 1591 1090 Si
1617 1032 1837 1104 quando
1867 1049 1966 1089 nos
1991 1033 2149 1090 dere-

540 1121 736 1191 linquit
760 1123 1173 1190 tentationibns,
1202 1124 1328 1180 licet
1351 1125 1520 1180 simus
1543 1127 1714 1181 sancti
1747 1145 1757 1178 :
1781 1135 1959 1182 tamen
1980 1127 2148 1182 relin-

548 1216 762 1287 quimur
821 1217 1216 1273 tentationibus
1286 1227 1344 1272 ιιι
1393 1218 1691 1289 probemur
1730 1234 1840 1275 :eo
1900 1229 2146 1290 tempore

541 1307 703 1363 nobis
727 1308 931 1362 dormit
948 1307 1229 1363 Dominus.
1259 1310 1501 1379 Denique
1529 1311 1655 1381 quid
1676 1311 1804 1366 dicit
1823 1312 2140 1366 Psalmista:

537 1398 804 1470 Exsurge,
833 1409 892 1454 ut
919 1399 1048 1471 quid
1079 1400 1369 1466 dormitas,
1403 1400 1824 1472 Domine(Psal.
1850 1417 1979 1456 xuu
2002 1401 2058 1473 )?
2080 1402 2148 1456 Et

537 1491 796 1560 apostoli,
849 1493 1068 1562 quando
1118 1502 1277 1548 erant
1330 1493 1382 1548 in
1417 1494 1564 1560 navi,
1615 1503 1669 1549 et
1693 1494 1843 1548 navis
1890 1493 2147 1549 fluctibus

539 1582 891 1650 tundebatur,
917 1583 1232 1640 dormiebat
1253 1586 1336 1640 eis
1369 1585 1629 1639 Dominus
1650 1602 1662 1638 :
1680 1585 1974 1656 Propterea
2000 1586 2144 1641 enim

536 1675 690 1728 navis
736 1671 994 1730 ﬂuctibus
1043 1675 1396 1731 tundebatur.
1427 1677 1670 1746 Denique
1715 1676 1953 1733 excitam
1977 1693 2142 1745 eum,

2254 471 2545 528 personas,
2581 455 2660 510 sic
2693 455 3000 512 econtrario
3029 455 3120 526 qui
3153 457 3324 511 sancti
3355 465 3515 524 sunt,
3566 457 3783 514 habent
3819 472 3870 514 et

2253 551 2354 620 ipsi
2397 549 2645 605 diversas
2673 563 2952 617 personas,
2973 548 3067 604 sed
3085 548 3140 602 in
3161 547 3322 604 bono.
3351 549 3589 618 Quando
3620 551 3870 607 elcemo-

2251 658 2440 713 synam
2463 642 2622 709 facio,
2638 640 2811 697 habeo
2834 655 3118 712 personam
3131 642 3280 710 quasi
3305 641 3867 712 elementis.Qnando

2251 750 2381 789 vero
2395 733 2745 803 benejndico,
2763 733 2935 790 habeo
2953 748 3236 802 personam
3253 733 3375 789 boni
3389 733 3613 804 judicis.
3632 736 3866 804 Quando

2251 842 2382 881 vero
2398 826 2646 897 injmiam
2665 825 2862 896 patior,
2886 835 2942 881 et
2958 825 3179 880 humilis
3201 841 3341 895 sum,
3357 826 3531 883 habeo
3566 843 3860 899 personam

2252 919 2494 974 humilis.
2535 918 2728 974 Infelix
2773 930 2886 987 est,
2921 918 3011 989 qui
3043 919 3225 989 plures
3257 919 3309 974 in
3359 921 3502 976 malo
3537 921 3711 978 habet
3743 938 3861 993 per-

2250 1025 2434 1066 sonas.
2471 1010 2622 1065 Felix
2643 1012 2850 1081 est,qui
2872 1010 3112 1066 diversas
3135 1026 3395 1082 personas
3418 1012 3581 1069 habet
3604 1015 3658 1068 in
3693 1015 3858 1072 bono.

2323 1101 2639 1157 Nescicrunt
2670 1118 2832 1173 neque
2867 1101 3266 1170 intellexerunt,
3309 1104 3360 1157 in
3404 1105 3632 1160 tenebris
3673 1107 3861 1162 anaba-

2252 1194 2384 1248 lant.
2419 1193 2560 1260 Qui?
2606 1193 2731 1248 Mali
2773 1193 3011 1264 judices.
3040 1195 3190 1261 Quos
3233 1209 3337 1266 ego
3377 1195 3514 1252 deos
3553 1199 3857 1266 vocabam,

2254 1287 2392 1341 vitio
2424 1300 2525 1341 suo
2554 1285 2681 1340 mali
2711 1285 2968 1357 appellati
3001 1295 3148 1342 sunt.
3178 1285 3505 1343 Nescierunt
3532 1305 3640 1356 me,
3674 1306 3861 1362 neque

2250 1377 2642 1432 intellexerunt
2663 1378 2932 1448 judicium
2959 1395 3138 1435 meum
3164 1397 3175 1432 :
3199 1380 3250 1434 in
3277 1381 3526 1437 tenebris
3547 1382 3855 1439 ambulant.

2249 1471 2385 1538 Quia
2439 1470 2848 1542 dereliquerunt
2897 1471 3074 1527 lucem
3112 1490 3126 1526 :
3161 1483 3453 1544 propterea
3505 1475 3557 1529 in
3605 1476 3857 1533 tenebris

2249 1565 2550 1618 anibulant.
2586 1563 2702 1636 Ego
2725 1564 2839 1620 dixi
2865 1584 2878 1617 :
2913 1579 3008 1620 vos
3036 1566 3169 1622 estis
3193 1565 3284 1621 lux
3309 1567 3520 1636 mundi,
3549 1580 3607 1624 et
3637 1584 3740 1623 vos
3760 1569 3853 1626 de-

2249 1657 2490 1712 clinastis
2519 1673 2546 1710 a
2579 1656 2717 1723 luce,
2739 1668 2793 1712 ct
2816 1658 2941 1714 facti
2967 1659 3100 1714 estis
3124 1659 3386 1714 tenebrtn.
3415 1658 3553 1728 Quia
3585 1675 3722 1733 ergo
3749 1661 3852 1718 hoc

535 1773 592 1820 et
625 1765 867 1836 evigilat,
895 1773 952 1822 et
981 1767 1167 1822 statim
1203 1775 1498 1839 tempestas
1523 1745 1752 1839 quiescit
1785 1769 1990 1842 (Marc.
2021 1787 2071 1825 tv
2098 1771 2138 1842 ),
2177 1745 2222 1806 Β
2249 1753 2516 1816 fecerunt,
2543 1752 2824 1807 videamus
2845 1753 2974 1823 quid
3005 1752 3270 1823 sequitur.
3299 1753 3650 1808 .llovebuntnr
3673 1759 3848 1811 omnia

538 1856 784 1912 Diximus
813 1859 881 1914 de
904 1869 1138 1928 quatuor
1168 1860 1538 1916 schematibus
1571 1863 1663 1918 Dei
1687 1881 1700 1917 :
1727 1866 1852 1933 quia
1871 1863 1992 1918 aliis
2008 1872 2136 1930 stet,

537 1951 658 2006 aliis
696 1951 959 2018 ambulet,
992 1953 1113 2008 aliis
1143 1954 1353 2020 sedeat,
1396 1963 1448 2009 et
1489 1954 1614 2009 aliis
1657 1957 1810 2026 quasi
1861 1957 2136 2012 dormiat:

533 2042 657 2099 aliis
676 2059 810 2100 vero
833 2045 1052 2116 evigilat
1069 2054 1124 2100 et
1144 2047 1442 2116 consurgit.
1477 2045 1620 2102 Deus
1640 2049 1776 2102 stetit
1803 2050 1854 2102 iu
1876 2065 2139 2121 synagoga

532 2137 766 2191 deorum.
798 2137 936 2205 Quia
965 2136 1038 2193 dii
1065 2145 1249 2204 erant,
1279 2149 1574 2209 propterea
1599 2140 1777 2195 stabat
1799 2141 1848 2195 ei
1883 2140 2046 2196 Deus.
2079 2140 2137 2196 lu

531 2247 637 2301 qua
666 2245 940 2302 synagoga
973 2241 1179 2300 nostra,
1211 2229 1424 2287 diversa
1451 2232 1594 2288 Deus
1629 2232 1793 2288 habet
1817 2233 2092 2290 schemata
2119 2248 2134 2290 :

532 2325 656 2380 aliis
684 2333 814 2393 stat,
847 2325 970 2379 aliis
990 2325 1164 2391 sedet,
1189 2325 1309 2380 aliis
1331 2326 1591 2391 ambulat,
1615 2326 1738 2382 aliis
1751 2326 1968 2382 dormit.
2001 2328 2136 2384 Cum

532 2415 651 2484 ipse
688 2416 756 2471 sit
788 2415 1164 2483 immutabilis,
1196 2432 1298 2487 pro
1353 2427 1538 2473 nostra
1563 2419 1829 2474 varietate
1872 2429 2131 2475 mutatur.

529 2507 670 2563 Vide
702 2507 940 2562 hominis
969 2507 1308 2578 dignitatem.
1343 2507 1482 2564 Deus
1506 2509 1641 2564 stetit
1673 2510 1726 2563 in
1752 2526 2016 2581 synagoga
2042 2511 2134 2566 de-

531 2615 700 2654 orum.
722 2599 974 2670 Largitur
995 2600 1152 2656 nobis
1174 2616 1394 2670 nomen,
1416 2612 1474 2657 ut
1496 2601 1754 2674 largiatur
1783 2611 1836 2658 et
1857 2607 2131 2658 meritum.

528 2690 596 2748 In
643 2693 810 2748 medio
836 2705 1010 2748 autem
1046 2693 1168 2748 deos
1208 2693 1489 2764 dijudicat.
1539 2695 1703 2762 Quasi
1759 2696 2055 2767 imperator
2082 2698 2134 2752 in

531 2785 716 2842 medio
744 2786 1019 2843 exercitus
1041 2787 1321 2858 dijudicat.
1373 2789 1518 2844 Deus
1548 2788 1682 2845 deos
1705 2789 1988 2860 dijudicat.
2028 2789 2136 2846 Res

527 2877 914 2945 formidabilis,
947 2894 1038 2936 res
1074 2880 1303 2935 terroris
1349 2879 1534 2950 plena.
1586 2881 1642 2937 Si
1691 2882 1824 2938 deos
1853 2882 2133 2953 diiudicat,

529 2970 597 3026 de
632 2981 921 3042 peccatore
950 2971 1078 3043 quid
1109 2971 1278 3028 facit?
1307 2973 1452 3028 Duos
1474 2973 1609 3029 istos
1650 2973 1952 3031 versiculos
1982 2976 2133 3045 quasi

523 3063 786 3134 propheta
818 3063 999 3128 dixit;
1027 3065 1131 3120 hoc
1157 3079 1284 3119 vero
1308 3064 1450 3135 quod
1481 3064 1758 3135 sequitur:

2245 1846 2580 1916 [initiamenta
2611 1855 2780 1900 terraz.
2799 1845 3009 1915 Videte,
3037 1847 3318 1918 principes
3344 1849 3474 1903 mali
3507 1849 3729 1920 qualem
3759 1850 3852 1906 ha-

2244 1939 2371 1993 bent
2390 1937 2823 1994 retributionem.
2845 1939 3069 2009 Propter
3093 1942 3264 1996 malos
3281 1940 3514 2012 judices,
3547 1950 3707 1999 terra:
3732 1943 3851 1999 fun-

2241 2029 2492 2087 damenta
2535 2031 2873 2102 quatiuntur.
2923 2031 3035 2087 Hoc
3070 2033 3283 2090 interim
3331 2033 3570 2090 diximus
3613 2037 3848 2107 primum

2241 2122 2538 2178 secundum
2570 2124 2803 2179 litteram
2835 2141 2849 2177 :
2885 2125 3139 2194 quoniam
3173 2127 3338 2182 totius
3377 2126 3530 2182 orbis
3559 2131 3848 2184 concussio

2243 2227 2463 2287 propter
2493 2217 2668 2272 malos
2691 2219 2962 2288 principes
2980 2219 3144 2275 venit.
3168 2219 3425 2276 Dicamus
3453 2231 3640 2278 autem
3663 2232 3718 2278 et
3744 2224 3850 2278 ali-

2244 2322 2324 2366 ter
2356 2329 2368 2364 :
2402 2310 2744 2366 Morebuntur
2765 2313 2939 2366 omnia
2967 2315 3303 2384 fundamenta
3326 2325 3500 2370 terrm.
3527 2316 3644 2388 Ego
3673 2316 3846 2373 malos

2235 2403 2473 2475 judices,
2496 2404 2585 2476 qui
2615 2403 2964 2461 fundamenta
2999 2415 3296 2476 posuerunt
3321 2408 3374 2463 in
3396 2417 3620 2475 terram,
3653 2418 3708 2465 et
3735 2426 3842 2467 non

2240 2496 2293 2553 in
2324 2499 2522 2555 coelum
2542 2540 2555 2560 ,
2586 2497 2895 2554 subvertam
2926 2515 2940 2552 :
2969 2499 3061 2570 qui
3092 2499 3398 2555 debuerunt
3424 2501 3841 2558 fundamentum

2241 2590 2445 2648 habere
2464 2590 2767 2660 Christum,
2786 2607 2948 2662 quem
2968 2593 3142 2662 posuit
3168 2592 3497 2649 architectus
3520 2593 3722 2650 Paulus
3745 2613 3759 2648 :
3787 2605 3843 2651 et

2240 2686 2552 2752 noluerunt,
2580 2685 2674 2741 sed
2697 2686 2750 2740 in
2776 2695 2980 2741 terram
3003 2697 3302 2756 posuerunt
3337 2687 3690 2744 fundamenta
3719 2705 3838 2744 sua.

2311 2776 2425 2850 Ego
2456 2779 2567 2834 dixi
2581 2819 2596 2846 ,
2638 2777 2715 2831 dii
2754 2778 2908 2845 estis,
2949 2787 2997 2832 et
3036 2777 3136 2847 ﬁlii
3173 2778 3362 2833 excelsi
3401 2797 3596 2836 omnes.
3639 2782 3841 2837 Audiat

2240 2871 2560 2937 Ennomius,
2583 2871 2766 2926 audiat
2790 2872 2972 2942 Arius,
3001 2873 3092 2943 qui
3118 2872 3306 2929 dicunt
3327 2873 3524 2930 Filium
3555 2876 3650 2932 Dei
3672 2875 3833 2931 simi-

2238 2965 2364 3020 liter
2389 2981 2512 3021 csse
2538 2966 2726 3033 lilium,
2758 2974 2816 3020 ut
2845 2980 2946 3022 nos
2973 2980 3181 3022 sumus.
3205 2966 3360 3035 Quod
3391 2967 3464 3023 dii
3492 2983 3704 3037 sumus,
3728 2985 3837 3026 non

2237 3068 2321 3115 cst
2349 3069 2578 3125 naturae,
2611 3058 2705 3114 sed
2737 3061 2947 3128 gratia).
2981 3059 3258 3131 Quotquot
3287 3060 3433 3115 enim
3463 3075 3587 3116 eum
3613 3076 3841 3132 recepe-

595 3154 868 3228 Usqueqao
889 3157 1146 3228 judicatis
1172 3158 1536 3229 iniquitatem?
1566 3159 1685 3228 Ipse
1721 3158 1862 3215 Deus
1889 3159 2130 3230 loquitur

2240 3158 2398 3219 runt,
2437 3151 2591 3208 dedit
2623 3151 2706 3207 eis
2733 3161 3063 3222 potestatem
3094 3152 3236 3207 filios
3265 3151 3362 3208 Dei
3393 3152 3508 3208 ﬁeri
3540 3152 3723 3226 (Joan.
3757 3156 3835 3225 ι).

518 3247 585 3304 ad
604 3248 838 3318 judices,
855 3251 956 3306 hoc
974 3261 1079 3322 est,
1101 3249 1166 3306 ad
1182 3250 1454 3322 principes
1477 3252 1681 3322 populi.
1710 3252 2028 3321 Specialiter
2043 3253 2132 3310 isti

521 3341 786 3398 versiculi
813 3343 907 3413 qui
937 3353 1263 3414 sequuntur,
1294 3344 1362 3398 ad
1387 3344 1598 3414 judiccs
1631 3344 1909 3402 dicuntur.
1943 3346 1999 3402 Si
2029 3361 2133 3402 sa:-

523 3437 632 3492 culi
669 3435 904 3507 judices,
933 3438 1281 3493 manifestum
1311 3448 1414 3494 est.
1448 3439 1506 3496 Si
1528 3455 1657 3496 vero
1688 3439 1947 3497 Ecclesia:
1985 3441 2130 3511 judi-

531 3529 768 3598 ces,‘de
828 3531 1099 3600 episcopis
1139 3532 1502 3602 intelligamus
1556 3541 1719 3605 atque
1772 3535 2124 3606 presbyteris.

532 3621 806 3693 Usquequo
836 3622 1094 3695 judicatis
1138 3623 1625 3693 iniquitatem?Qui
1670 3626 1877 3695 judicat
1928 3627 2128 3698 iniqui-

526 3724 714 3785 tatem,
734 3713 902 3786 judex
919 3714 1222 3786 iniquitatis
1241 3727 1342 3772 est.
1366 3717 1461 3773 llle
1481 3728 1596 3774 erat
1616 3718 1783 3787 judex
1808 3719 2126 3790 iniquitatis,

515 3807 583 3863 de
610 3822 717 3878 quo
743 3805 940 3863 dicitur
969 3807 1021 3862 in
1046 3807 1345 3881 Evangelio
1381 3825 1393 3862 :
1426 3809 1520 3881 qui
1570 3810 1856 3866 Dominum
1905 3828 2010 3866 non
2065 3815 2128 3868 ti-

519 3900 728 3967 mebat,
759 3912 814 3956 et
869 3901 1144 3957 hominem
1180 3917 1287 3958 non
1330 3903 1704 3959 reverebatur.
1744 3903 2018 3975 Usquequo
2034 3907 2126 3977 ju-

514 3995 701 4049 dicatis
731 3995 1097 4066 iniquitatem?
1124 3996 1259 4054 Dedi
1287 3997 1444 4053 vobis
1472 4007 1798 4068 potestatem
1824 4000 1876 4054 in
1905 4016 2122 4072 gregem

512 4104 726 4155 meum,
759 4096 819 4144 ct
842 4089 894 4143 in
920 4089 1176 4159 populum
1204 4091 1296 4146 Dei
1323 4107 1337 4144 :
1362 4089 1574 4147 debetis
1600 4091 1812 4162 judices
1871 4109 2018 4162 esse,
2071 4103 2126 4150 et

513 4199 622 4239 non
653 4184 782 4254 lupi.
814 4181 882 4237 Et
902 4183 1063 4254 facies
1085 4195 1411 4255 peccatorum
1437 4185 1661 4241 sumitis.
1691 4184 1940 4240 Ita/irate
1966 4205 2122 4258 egeno

514 4287 561 4330 et
590 4277 791 4349 pupillo
821 4317 835 4344 ,
857 4276 1106 4330 humilem
1149 4286 1197 4332 et
1227 4294 1507 4350 pauperem
1548 4278 1862 4349 justi/Scuto.
1919 4279 2123 4352 Eripite

517 4384 826 4441 pauperem,
882 4378 929 4422 et
973 4385 1204 4439 egenum,
1250 4377 1356 4424 etc.
1396 4369 1624 4438 Quando
1683 4371 1983 4426 veneritad
2028 4388 2122 4430 vos

511 4458 798 4530 judicium,
826 4475 934 4515 non
964 4460 1322 4517 consideratis
1347 4477 1586 4529 causam,
1623 4479 1729 4518 non
1760 4463 2120 4520 consideratis

507 4550 792 4622 judicium,
827 4552 923 4609 sed
949 4568 1250 4623 personnas
1275 4569 1462 4610 eorum
1479 4554 1574 4626 qui
1596 4553 2020 4612 babentcausas.
2046 4557 2124 4613 Ac
2145 4533 2201 4595 D

508 4645 554 4700 si
578 4643 753 4701 dicat:
774 4645 833 4703 Si
870 4645 1083 4702 venerit
1114 4662 1338 4719 pauper,
1367 4647 1575 4705 habens
1592 4649 1796 4720 justum
1822 4651 2120 4721 negotium,

515 4748 569 4795 et
593 4740 804 4796 venerit
825 4739 1000 4809 dives,
1027 4739 1236 4798 habens
1266 4743 1465 4798 malum
1510 4744 1785 4814 negotium
1815 4761 1830 4798 ;
1857 4758 1954 4798 vos
2001 4759 2124 4815 per-

510 4846 701 4890 sonam
745 4835 1021 4906 aspicitis,
1071 4851 1182 4892 non
1241 4838 1536 4908 negotium.
1601 4837 1714 4892 lloc
1771 4833 1995 4894 interim'
2035 4855 2125 4896 se-

513 4927 752 4984 cundum
780 4944 942 4984 unam
968 4929 1493 4999 interpretationem.
1525 4927 1794 4987 Caeterum
1826 4941 1909 4988 est
1940 4933 2120 4989 etalia

513 5019 894 5091 interpretatio
936 5022 1219 5076 sacratior.
1258 5020 1408 5078 Solet
1439 5022 1489 5076 in
1529 5022 1751 5080 theatris
1785 5042 1920 5080 unus
1953 5025 2117 5082 homo

507 5110 822 5185 frequenter
845 5113 1090 5170 diversas
1114 5113 1318 5171 habere
1341 5131 1599 5186 personas
1621 5134 1794 5174 :nnnc
1821 5119 2118 5190 ingreditur

511 5203 565 5260 in
595 5206 903 5273 mulierem,
929 5221 1074 5262 nunc
1102 5206 1156 5262 in
1187 5207 1386 5276 virum,
1422 5225 1568 5265 nunc
1596 5210 1652 5265 in
1690 5227 1902 5283 regem,
1931 5223 1985 5268 et
2023 5213 2114 5284 qui

506 5296 561 5352 in
596 5313 776 5368 regem
805 5308 1169 5370 processerat,
1189 5317 1401 5358 rursum
1424 5303 1475 5358 in
1505 5319 1664 5360 servo
1692 5307 1955 5376 procedit.
1997 5307 2112 5362 Dixi

505 5391 812 5462 exemplmn
832 5435 846 5461 ,
869 5391 1007 5448 utde
1027 5393 1233 5449 carnali
1252 5395 1438 5450 venire
1453 5396 1720 5466 possimus
1733 5397 1796 5452 ad
1809 5397 2110 5468 spirituale.

502 5481 576 5538 Et
612 5497 712 5537 nos
739 5480 987 5539 diversas
1028 5498 1290 5554 personas
1329 5486 1646 5558 accipimus.
1693 5489 1921 5556 Quando
1964 5491 2111 5547 enim

506 5579 736 5648 irascor,
767 5595 1058 5652 personam
1078 5581 1253 5636 leonis
1281 5597 1519 5637 assumo.
1553 5583 1779 5648 Quando
1795 5599 1882 5638 res
1904 5583 2112 5639 alienas

504 5672 680 5741 rapio,
714 5672 825 5742 lnpi
851 5687 1138 5741 pchonam
1158 5687 1395 5728 assumo.
1451 5673 1678 5741 Quando
1703 5689 1834 5730 vero
1873 5673 2108 5729 crudelis

504 5776 622 5817 sum
646 5769 700 5816 et
725 5762 1012 5832 intcrlicio,
1033 5778 1250 5820 assumo
1274 5781 1560 5836 personam
1583 5766 1952 5826 crudelis.Sed
1977 5783 2107 5838 quo-

2238 3247 2533 3317 l’ropterea
2566 3246 2666 3302 ieci
2698 3245 2999 3313 hominem,
3034 3255 3089 3300 ut
3120 3246 3190 3302 dc
3221 3245 3536 3302 hominibus
3563 3247 3637 3302 dii
3680 3247 3834 3302 fiant.

2236 3337 2350 3410 Ego
2377 3339 2509 3405 dixi,
2536 3339 2611 3392 dii
2638 3339 2783 3408 estis,
2817 3347 2865 3393 et
2885 3339 2984 3409 [itii
3014 3339 3202 3393 excelsi
3231 3355 3423 3394 omnes.
3443 3339 3638 3396 Videte
3661 3357 3837 3412 quan-

2237 3440 2289 3486 ta
2321 3431 2391 3486 sit
2425 3431 2695 3501 dignitas,
2725 3440 2779 3487 et
2807 3431 2880 3486 dii
2908 3446 3168 3487 vocamur
3203 3439 3259 3486 et
3294 3431 3414 3486 ﬁlii.
3448 3431 3562 3501 Ego
3603 3433 3704 3489 feci
3735 3448 3837 3490 vos

2233 3525 2390 3590 deos,
2418 3524 2556 3579 sicut
2581 3523 2686 3580 feci
2711 3525 2930 3596 Moysen
2957 3523 3259 3579 Pharaonis
3283 3524 3454 3580 Deum
3482 3523 3680 3595 (Exod.
3700 3524 3834 3598 vn):

2233 3627 2293 3674 ut
2322 3626 2608 3688 postquam
2634 3617 2709 3672 dii
2741 3617 2978 3682 fueritis,
3007 3616 3163 3688 digni
3194 3616 3515 3673 efﬁciamini
3560 3618 3656 3672 lilii
3697 3619 3831 3674 mei.

2231 3707 2593 3765 Considerate
2624 3709 2962 3780 Scripturam
2993 3709 3228 3764 divinam
3257 3725 3275 3764 :
3301 3709 3418 3765 Non
3447 3719 3532 3765 est
3562 3727 3835 3781 persona-

2230 3818 2348 3858 rum
2379 3803 2624 3873 acceptio
2655 3801 2799 3872 apud
2831 3803 3025 3858 Demn.
3057 3801 3178 3858 Non
3207 3802 3346 3858 dixit
3379 3820 3393 3856 :
3431 3802 3542 3875 Ego
3575 3805 3722 3874 dixi,
3755 3807 3831 3859 dii

2231 3898 2370 3963 estis,
2395 3911 2554 3968 rcges
2575 3905 2628 3952 et
2651 3896 2945 3967 principes,
2971 3897 3065 3952 sed
3096 3912 3291 3952 omnes
3320 3896 3521 3966 quibus
3545 3899 3830 3968 :nqualiter

2231 4006 2429 4061 Corpus
2467 3989 2616 4056 dedi,
2641 3999 2696 4046 et
2721 3988 2984 4056 animam,
3014 3999 3070 4046 et
3095 3989 3347 4060 spiritum
3384 4008 3394 4043 :
3427 3992 3714 4062 arqualiter
3733 3992 3830 4048 do-

2230 4085 2374 4156 navi,
2408 4096 2462 4140 et
2489 4084 2772 4154 deitatem,
2805 4096 2858 4141 et
2886 4085 3260 4156 adoptionem.
3291 4084 3606 4157 Aﬂqualiter
3633 4101 3823 4142 omnes

2231 4180 2529 4247 nascimur,
2554 4189 2610 4237 et
2635 4181 3013 4251 imperatores,
3040 4189 3095 4236 et
3123 4195 3392 4251 pauperes
3418 4199 3430 4234 :
3465 4181 3753 4252 aequaliter
3773 4191 3823 4238 et

2230 4274 2516 4330 morimur.
2541 4273 2793 4346 Equalis
2813 4275 2958 4330 cnim
2984 4272 3232 4330 conditio
3261 4283 3367 4330 est.

2303 4367 2409 4423 Vos
2438 4379 2610 4423 autem
2652 4369 2784 4422 sicut
2827 4367 3060 4422 homines
3096 4367 3416 4421 moriemini.
3450 4365 3664 4423 Videtis
3697 4383 3822 4438 ergo

2228 4464 2485 4534 quoniam
2517 4463 2609 4535 qui
2642 4465 2803 4520 homo
2826 4471 2930 4532 cst,
2958 4463 3210 4518 moritur.
3239 4461 3379 4516 Deus
3401 4461 3549 4518 enim
3575 4477 3684 4516 non
3712 4477 3822 4515 mo-

2231 4556 2388 4611 ritur.
2432 4557 2500 4611 Et
2540 4554 2715 4611 Adam
2757 4553 3016 4626 quamdiu
3063 4553 3315 4611 servabat
3365 4563 3727 4624 praeceptum,
3768 4561 3821 4608 et

2228 4649 2372 4706 Deus
2402 4648 2526 4715 fuit,
2553 4665 2661 4704 non
2693 4657 2937 4704 mortuus
2963 4656 3066 4704 est.
3090 4647 3386 4719 Postquam
3419 4662 3552 4703 vero
3580 4646 3818 4716 gustavit

2226 4743 2295 4798 de
2316 4743 2515 4799 arbore
2541 4742 2756 4811 illicita,
2786 4743 2972 4799 statim
2996 4751 3243 4798 mortuus
3269 4751 3377 4798 est.
3414 4742 3660 4813 Denique
3686 4741 3815 4796 dicit

2223 4837 2270 4890 ei
2305 4835 2485 4891 Deus:
2517 4834 2572 4890 In
2603 4851 2948 4907 quacumque
2985 4835 3072 4891 die
3113 4835 3455 4906 gustaveris,
3489 4844 3669 4892 morte
3705 4849 3816 4890 mo-

2223 4927 2380 4982 rieris
2411 4925 2565 5000 (Gen.
2589 4927 2673 4998 ιι).
2699 4927 2890 4983 Melius
2922 4927 3086 4984 habet
3111 4928 3164 4982 in
3197 4928 3429 4984 Hebrteo
3457 4943 3472 4982 :
3515 4927 3616 4984 Vos
3645 4938 3815 4982 autem

2221 5024 2354 5077 sicut
2383 5021 2548 5076 Adam
2577 5022 2893 5077 moriemini.
2926 5022 3081 5078 Sicut
3125 5021 3218 5077 ille
3255 5021 3466 5092 ejectus
3496 5031 3583 5078 est
3619 5021 3689 5077 de
3725 5035 3815 5091 pa-

2222 5119 2438 5185 radiso,
2480 5117 2561 5172 sic
2607 5126 2662 5174 et
2719 5132 2817 5172 nos
2858 5116 3019 5187 ejecti
3063 5130 3276 5172 sumus.
3315 5115 3382 5170 Et
3415 5117 3550 5169 sicut
3583 5131 3718 5168 unus
3751 5115 3814 5167 de

2220 5211 2542 5282 principibus
2557 5211 2773 5266 cadetis.
2788 5211 3053 5281 Quoniam
3068 5209 3283 5266 dixerat
3301 5228 3314 5266 :
3339 5208 3471 5265 Filii
3497 5210 3688 5265 excelsi
3708 5226 3814 5263 om-

2218 5322 2309 5360 nes
2337 5348 2351 5372 ,
2383 5321 2488 5360 non
2523 5313 2701 5376 potest
2728 5305 2870 5360 tilius
2899 5319 3020 5362 esse
3047 5304 3286 5371 excelsi,
3319 5305 3422 5361 nisi
3473 5312 3528 5360 et
3576 5303 3695 5373 ipse
3721 5317 3811 5358 cx—

2218 5401 2396 5456 celsus
2427 5400 2612 5454 fuerit.
2653 5399 2770 5471 Ego
2795 5399 2946 5464 dixi,
2981 5407 3040 5454 ut
3068 5412 3263 5454 omnes
3291 5412 3389 5452 vos
3426 5394 3628 5453 excelsi
3657 5395 3806 5459 sitis,

2216 5501 2274 5545 ut
2301 5508 2402 5563 ego
2431 5493 2680 5548 excelsus
2701 5506 2842 5547 sum.
2878 5491 2976 5547 Vos
3005 5507 3120 5547 vero
3149 5494 3283 5546 sicut
3312 5507 3448 5546 unus
3475 5489 3540 5544 de
3559 5488 3808 5560 principi-

2217 5588 2311 5640 bus
2333 5584 2550 5640 cadetis.
2577 5584 2847 5653 Quoniam
2879 5583 3081 5641 excelsi
3113 5599 3362 5651 eramus,
3406 5589 3696 5653 propterea
3722 5594 3810 5634 ce-

2217 5678 2418 5734 cidisse
2447 5678 2700 5734 dicimur.
2733 5678 2836 5735 Ubi
2866 5687 2993 5734 sunt.
3020 5679 3110 5750 qui
3141 5677 3328 5734 dicunt.
3359 5675 3662 5741 diabolum,
3695 5672 3808 5728 dia-

2215 5770 2400 5826 bolum
2431 5786 2553 5828 cssc
2584 5771 2825 5827 factum?
2852 5770 2951 5829 Ubi
2975 5779 3100 5827 sunt
3120 5772 3208 5844 qui
3241 5771 3431 5826 dicunt
3468 5769 3664 5824 malam
3707 5781 3804 5822 na-
