4016 6334
203 238 356 295 1065

1125 241 1556 301 BBEVIARIUM
1595 241 1662 300 IN
1699 237 2036 299 PSALMOS.
2077 239 2324 300 PSALM.
2367 240 2606 300 LXXXI.

3362 251 3500 310 1066

204 359 389 406 turam
415 365 442 404 a
474 352 590 407 Deo
610 354 895 410 creatam?
923 353 1232 412 Secundum
1264 359 1551 415 Hebraeum
1581 358 1668 414 hic
1697 358 1803 414 duo
1829 361 1882 420 Α
1907 357 1954 413 si
1979 359 2378 428 judicaverint,
2412 377 2518 416 non
2549 370 2777 431 possunt
2806 363 3080 430 misereri,
3111 367 3235 437 quia
3270 383 3498 427 exsecu-

203 442 506 498 diCUnlur:
545 445 647 501 Vos
691 456 865 502 autem
909 451 1041 503 sicut
1085 450 1254 503 Adam
1295 453 1602 506 moriemini.
1649 451 1799 508 Sicut

200 532 374 590 Pater
397 546 581 592 vester
602 539 776 593 noluit
796 539 986 595 audire
1014 555 1349 613 praeceptum
1375 543 1612 612 Domini,
1638 553 1692 600 et
1713 559 1800 600 ce-

201 627 344 683 cidit
375 647 385 682 :
423 629 494 684 ita
523 641 577 686 et
598 647 695 686 vos
720 634 1053 689 moriemini.
1085 635 1229 705 Ergo
1261 637 1391 692 illttd
1420 637 1488 692 de
1515 637 1685 693 Adam
1718 639 1800 694 di-

200 730 355 779 ctum
381 731 484 778 est.
517 724 632 781 Hoc
662 740 797 780 vero
826 727 972 796 quod
1001 730 1250 800 sequitur
1279 749 1290 782 :
1323 731 1392 784 Et
1417 733 1546 785 sicut
1577 747 1713 786 unus
1739 733 1801 787 de

202 815 532 887 principibus
556 817 772 886 cadetis,
805 803 925 889 quis
952 829 1038 876 est
1064 821 1168 877 iste
1193 837 1338 876 unus
1367 821 1438 878 de
1463 823 1800 894 principibus

201 909 300 980 qui
338 910 572 967 cecidit?
600 911 656 969 Si
688 913 928 969 volueris
958 913 1140 971 dicere
1169 915 1365 984 Adam,
1393 917 1506 987 jam
1549 916 1603 972 in
1637 933 1800 988 supe-

200 1006 449 1062 rioribus
504 1007 797 1063 versiculis
849 1007 1053 1064 dictum
1108 1017 1194 1066 est
1235 1027 1248 1066 :
1295 1010 1402 1064 Vos
1451 1019 1622 1066 autem
1668 1013 1799 1066 sicut

202 1099 386 1155 Adam
437 1101 744 1155 moriemini.
806 1101 1090 1173 Simulque
1145 1103 1324 1161 videte
1379 1105 1797 1176 signiﬁcantiam

202 1193 364 1248 verbi
402 1212 413 1246 :
453 1193 556 1248 Vos
596 1204 770 1250 autem
812 1197 944 1250 sicut
981 1196 1150 1250 Adam
1188 1198 1498 1253 moriemini.
1531 1197 1798 1268 Quoniam

201 1283 384 1341 Adam
429 1295 676 1340 mortuus
703 1297 822 1354 est,
854 1295 912 1342 et
942 1302 1041 1342 nos
1071 1288 1353 1344 morimur.
1390 1290 1643 1344 Diabolus
1667 1305 1798 1346 vero

201 1379 300 1449 qui
337 1379 590 1450 princeps
620 1379 720 1434 fuit
748 1387 802 1434 et
827 1380 1047 1447 cecidit,
1077 1397 1185 1436 non
1215 1391 1461 1437 mortuus
1483 1390 1583 1437 est.
1613 1381 1800 1452 Neque

200 1470 354 1523 enim
389 1477 572 1540 pmest
598 1469 842 1541 angelica
872 1470 1108 1541 dignitas
1139 1481 1373 1529 mortem
1403 1475 1672 1544 recipere,
1703 1473 1799 1529 sed

202 1569 418 1617 tantum
456 1562 692 1617 ruinam.
722 1561 937 1619 Idcirco
960 1563 1096 1619 dixit
1127 1584 1138 1616 :
1171 1565 1318 1621 Sicut
1349 1583 1482 1621 unus
1512 1566 1574 1619 de
1607 1566 1800 1638 princi-

201 1655 360 1729 pibus
417 1656 631 1710 cadetis.
677 1656 971 1725 Quomodo
1018 1657 1218 1713 cecidit
1266 1658 1460 1713 lucifer
1500 1657 1592 1729 qui
1640 1674 1800 1714 mane

1904 458 2048 506 tores
2075 461 2203 508 sunt
2224 455 2508 510 sententiae
2535 464 2659 511 tuae.
2685 454 2765 510 Tu
2793 471 2925 512 vero
2953 459 2998 512 si
3023 458 3378 530 judicaveris,
3405 480 3499 534 po-

1902 546 2035 602 teris
2066 547 2184 617 ipse
2214 549 2481 604 misereri.
2520 549 2711 622 Surge,
2733 549 2909 620 Deus,
2935 553 3120 622 judico
3150 564 3358 612 terram.
3394 555 3500 611 lm-

1902 647 2122 706 perator
2151 649 2331 709 potest
2370 655 2523 696 suam
2558 650 2770 697 mutare
2797 643 3124 698 sententiam
3161 664 3172 697 :
3209 645 3501 714 praefectus

1902 743 2008 784 non
2038 739 2237 800 potest.
2268 732 2562 802 Propterea
2603 741 2657 788 te.
2681 732 2922 801 judicent
2973 735 3357 805 deprecamur,
3392 752 3500 793 non

1903 832 2350 891 contemnentes,
2406 826 2502 880 sed
2549 835 2857 896 precantes.
2894 828 3154 884 llomines
3195 831 3401 885 etenim
3448 839 3505 886 et

1902 915 2082 985 angeli
2111 915 2180 970 ad
2207 918 2668 987 comparationem
2700 919 2778 975 tui
2807 919 3060 977 crudeles
3082 923 3328 979 sunt.Tu
3354 924 3502 979 solus

1901 1007 2221 1064 mitissimus
2244 1008 2418 1077 judex
2447 1025 2531 1066 es.
2554 1010 2734 1068 Vultis
2763 1012 2907 1069 scire
2939 1015 3196 1085 quoniam
3224 1015 3367 1070 Deus
3397 1016 3506 1072 cle-

1901 1113 2055 1156 mens
2087 1111 2172 1156 est
2216 1100 2380 1170 judex
2404 1143 2419 1169 ,
2454 1111 2509 1159 et
2537 1106 2716 1161 omnis
2749 1105 2912 1161 homo
2942 1108 3178 1164 crudelis
3224 1110 3340 1165 est?
3368 1110 3505 1166 Dor-

1902 1192 2106 1246 miente
2130 1193 2519 1260 patret‘amilias
2544 1195 2800 1252 inimicus
2826 1196 2988 1253 homo
3010 1200 3219 1254 zizauia
3248 1216 3503 1271 superse-

1903 1284 2146 1339 minavit.
2182 1284 2340 1340 Servi
2385 1287 2576 1343 volunt
2616 1289 2885 1355 evellere,
2919 1300 2974 1345 et
3015 1291 3147 1347 dicit
3193 1293 3506 1363 paterfami-

1900 1375 2000 1432 lias
2045 1394 2056 1430 :
2099 1377 2365 1434 Dimittite
2405 1389 2464 1434 ut
2501 1380 2668 1436 simul
2705 1390 2996 1439 crescant:
3027 1400 3095 1440 ne
3133 1401 3256 1441 cum
3299 1389 3504 1442 zizauia

1901 1467 1968 1523 de
1999 1471 2272 1525 frumento
2314 1471 2574 1538 evellitis,
2613 1474 2906 1530 eradicetis
2959 1477 3120 1531 simul
3163 1486 3218 1533 et
3259 1477 3500 1535 triticum

1903 1563 2085 1633 (Matt.
2110 1566 2252 1635 xm).
2280 1567 2545 1633 Quoniam
2573 1579 2630 1624 tu
2651 1569 2978 1627 hareditabis
3001 1573 3054 1626 in
3078 1573 3316 1629 omnibus
3338 1578 3505 1645 genti-

1901 1657 2014 1712 bus.
2034 1658 2328 1730 Propterea
2359 1672 2410 1717 te
2427 1661 2664 1733 judicem
2687 1664 3070 1734 deprecamur,
3090 1668 3216 1737 quia
3241 1667 3502 1724 omnibus

201 1750 492 1806 oriebatur
521 1767 534 1804 :
568 1751 637 1806 Et
663 1765 824 1819 ecce,
857 1758 911 1806 et
953 1751 1042 1805 hic
1087 1750 1316 1817 cecidit,
1366 1759 1424 1806 et
1453 1750 1526 1805 ibi
1574 1751 1796 1807 cecidit.
1827 1737 1875 1799 Β
1903 1754 2156 1823 gentibus
2185 1755 2442 1812 misertus
2468 1773 2548 1813 es.
2573 1757 2754 1826 Quare
2783 1775 2888 1815 non
2919 1759 3075 1824 dixit,
3109 1769 3164 1814 tu
3189 1761 3502 1831 possidebis

201 1839 506 1911 PrOpterea
536 1841 756 1906 cecidit,
789 1841 914 1912 quia
945 1856 1162 1911 semper
1192 1842 1247 1896 in
1273 1842 1587 1898 ccelestibus
1612 1857 1798 1898 versa-

199 1934 389 1992 batur.
419 1935 528 1991 lste
554 1946 637 1992 est
667 1937 753 1991 cui
785 1935 983 1991 dicitur
1021 1937 1080 1992 in
1125 1937 1380 1992 Ezechiel
1415 1957 1428 1994 :
1462 1938 1544 1992 Tu
1571 1953 1630 1994 es
1660 1938 1800 1993 resi-

199 2027 496 2100 gnaculum
534 2027 907 2083 similitudinis
939 2026 1154 2099 (Ezeclt.
1186 2030 1398 2100 xxvm).
1431 2027 1629 2084 Videte
1672 2028 1799 2099 quid

198 2120 394 2177 dicat:
424 2121 847 2192 Resignaculum
876 2122 1274 2177 similitudinis.
1303 2122 1422 2178 Non
1450 2121 1587 2176 dixit
1617 2141 1627 2173 :
1658 2131 1712 2176 tu
1742 2135 1800 2177 es

201 2213 549 2285 signaculum
594 2214 974 2270 similitudinis
1006 2234 1017 2267 :
1049 2216 1145 2270 sed
1177 2214 1578 2285 resignaculum
1607 2213 1801 2269 simili-

201 2307 431 2363 tudinis.
458 2308 781 2379 Signaverat
806 2317 880 2373 te,
909 2309 1076 2376 Deus,
1105 2319 1157 2362 et
1183 2308 1419 2364 similem
1443 2307 1544 2362 sibi
1574 2307 1796 2364 fecerat.

201 2398 288 2456 Tu
331 2416 461 2456 vero
503 2411 689 2470 postea
731 2401 1020 2472 resignasti
1067 2409 1121 2456 te
1165 2401 1232 2456 ad
1284 2399 1701 2456 similitudinem
1745 2410 1802 2456 et

203 2491 498 2563 imaginem
524 2491 643 2561 Dei,
676 2499 732 2548 et
760 2499 816 2546 tu
841 2493 1097 2548 conditus
1128 2507 1208 2548 es.
1233 2491 1484 2564 Denique
1512 2492 1717 2548 dicitur
1743 2493 1798 2548 in

201 2585 326 2657 ipsa
371 2587 654 2658 prophetia
690 2606 700 2640 :
745 2585 806 2644 In
853 2587 1034 2644 medio
1069 2587 1369 2644 Cherubim
1412 2589 1653 2643 nutritus
1690 2603 1750 2643 es
1784 2607 1796 2640 :

203 2679 352 2737 inter
380 2679 587 2752 lapides
611 2680 842 2752 jaspidis
868 2693 924 2737 et.
945 2682 1260 2738 carbunculi
1284 2680 1435 2738 fuisti
1459 2681 1512 2736 in
1545 2681 1800 2752 paradiso

203 2771 338 2839 Dei,
363 2783 416 2827 et
446 2771 726 2840 cecidisti,
758 2773 966 2844 inquit,
996 2784 1052 2830 et
1079 2790 1108 2830 a
1142 2782 1327 2831 monte
1357 2774 1455 2830 Dei
1485 2775 1800 2831 vulneratus

204 2879 288 2922 es.
318 2865 423 2923 lste
441 2875 528 2923 est
550 2869 802 2939 princeps
821 2868 952 2941 Tyri
974 2884 1040 2926 ex
1062 2884 1130 2926 eo
1154 2879 1404 2940 tempore
1430 2885 1537 2941 quo
1563 2857 1796 2935 cecidit;

203 2958 475 3029 siquidem
521 2960 700 3030 Tyrus
744 2961 927 3033 lingua
963 2962 1195 3018 Hebrma
1234 2961 1441 3018 dicitur
1470 2962 1576 3018 Sor
1604 2962 1746 3034 (“2)
1785 2980 1796 3013 :

203 3058 314 3115 hoc
342 3071 457 3127 est,
494 3059 783 3114 tribulatio.
816 3056 962 3127 Ergo
993 3066 1044 3114 et
1079 3056 1183 3112 iste
1211 3057 1473 3129 princeps
1503 3055 1594 3126 qui
1619 3057 1800 3127 primo

202 3161 327 3210 erat
358 3153 410 3207 in
453 3153 594 3208 cado
624 3171 635 3205 :
668 3167 811 3207 nunc
854 3151 1026 3207 tactus
1074 3160 1158 3207 est
1203 3151 1460 3221 princeps
1486 3148 1652 3220 Tyri,
1695 3147 1798 3203 hoc

203 3253 293 3299 est
314 3242 680 3299 tribulationis
708 3243 864 3299 istius
896 3243 1100 3299 saeculi.
1136 3241 1288 3299 Sicut
1328 3259 1462 3297 unus
1505 3241 1570 3296 de
1605 3241 1800 3312 princi-

203 3335 358 3406 pibus
389 3335 607 3390 cadetis.
637 3335 866 3404 Quando
891 3336 1041 3403 dicit,
1066 3338 1199 3391 sicut
1222 3353 1375 3404 unus,
1407 3334 1648 3391 ostendit
1677 3348 1798 3390 esse

203 3437 260 3486 et
291 3428 447 3483 alios.
476 3428 664 3500 Legite
694 3429 1088 3501 Apocalypsim
1126 3429 1352 3484 Joannis
1383 3446 1395 3481 :
1429 3429 1602 3483 Draco
1627 3442 1798 3498 quan-

205 3521 278 3579 do
301 3521 371 3578 de
397 3521 540 3578 ccelo
571 3522 793 3587 cecidit,
829 3522 1042 3578 tertiam
1067 3531 1277 3592 partem
1311 3521 1589 3576 stellarum
1613 3535 1797 3576 secum

205 3615 366 3670 duxit
392 3616 578 3687 (Apoc.
614 3614 733 3683 xu).
767 3614 1058 3686 ﬂuensque
1091 3615 1232 3670 Deus
1258 3613 1472 3670 locutus
1494 3620 1579 3669 est
1603 3612 1669 3668 ad
1701 3612 1801 3668 ho-

203 3708 406 3773 mines,
431 3717 486 3764 et
514 3723 728 3764 rursum
756 3722 854 3778 per
878 3707 1201 3780 prophetam
1227 3707 1490 3777 loquitur.

280 3798 484 3872 Surge,
517 3798 692 3865 Deus,
733 3799 924 3873 judica
967 3810 1177 3854 terram.
1225 3799 1430 3870 Surge,
1471 3799 1598 3870 quia
1645 3798 1800 3855 navis

206 3903 398 3950 nostra
423 3893 682 3949 ﬂuctibus
712 3894 976 3948 tunditur.
1021 3894 1234 3965 Surge':
1263 3892 1402 3947 Deus
1425 3934 1439 3960 ,
1473 3893 1664 3963 judico
1691 3901 1796 3946 ter-

207 4003 323 4042 ram
353 4002 370 4040 :
401 3987 658 4058 quoniam
684 3986 810 4042 mali
836 3986 1050 4057 judices
1080 4002 1187 4041 non
1210 3985 1478 4058 jttdicaut,
1509 3987 1606 4042 sed
1636 4001 1795 4042 ever-

208 4088 332 4136 tunt
362 4079 534 4150 legem
565 4089 708 4134 tuam
728 4120 743 4146 ,
775 4087 827 4134 et
858 4094 1056 4148 pecora
1087 4087 1176 4134 tua
1208 4079 1469 4134 lacerant.
1499 4078 1578 4134 Tu
1611 4093 1795 4148 surge,

204 4176 299 4245 qui
331 4188 497 4229 verus
533 4172 702 4243 iudex
743 4187 823 4228 es.
848 4171 982 4240 Quia
1029 4187 1158 4242 ergo
1189 4171 1314 4227 mali
1359 4171 1570 4241 judices
1600 4171 1797 4226 mortui

207 4276 338 4324 sunt
363 4267 504 4322 sicut
537 4267 709 4322 Adam
738 4273 795 4320 et
819 4263 1135 4320 ceciderunt
1159 4265 1304 4320 sicut
1331 4280 1474 4320 unus
1501 4264 1572 4320 de
1598 4263 1800 4335 princi-

208 4359 372 4430 pibus
399 4377 410 4411 ε
445 4367 735 4430 propterea
765 4366 820 4413 tu
849 4372 1031 4427 surge,
1063 4368 1116 4411 tu
1147 4356 1350 4425 judica,
1383 4365 1437 4411 tu
1466 4357 1609 4411 salva
1645 4371 1799 4411 erea-

207 4459 383 4506 turam
415 4460 584 4506 tuam.
611 4450 982 4507 Mercenarius
1009 4449 1157 4504 enim
1193 4463 1315 4504 cum
1355 4449 1544 4519 lupum
1574 4449 1794 4517 viderit,

1904 1862 2093 1904 omnes
2119 1859 2306 1920 gentes
2337 1867 2352 1909 ;
2379 1851 2495 1918 sed,
2532 1864 2587 1906 tu
2617 1852 2988 1908 hwreditabis?
3015 1853 3358 1926 Ubicumque
3387 1855 3505 1911 hae-

1903 1939 2109 1996 reditas
2138 1941 2379 2011 ponitur,
2413 1943 2485 1998 ibi
2517 1958 2664 2000 mors
2708 1953 2836 2001 ante
2865 1947 3166 2015 princessit.
3202 1947 3502 2018 Propterea

1903 2029 2152 2089 haeredes
2180 2043 2234 2088 et
2263 2033 2584 2093 cobmredes
2611 2035 2866 2092 dicimur.
2895 2036 3154 2093 llreredes
3181 2037 3320 2093 dixit
3350 2038 3504 2093 Citri-

1902 2124 1994 2188 sti,
2021 2125 2144 2194 quia
2177 2140 2276 2195 pro
2296 2126 2452 2181 nobis
2472 2136 2722 2183 mortuus
2749 2137 2852 2184 est.
2877 2128 3230 2196 Cohmredes,
3253 2131 3379 2200 quia
3407 2146 3505 2187 no-

1902 2216 2112 2272 biscum
2138 2229 2464 2289 regnaturus
2491 2229 2595 2275 est.
2632 2219 2709 2274 Tu
2740 2221 3070 2278 hcereditabis
3094 2240 3112 2276 :
3140 2224 3333 2279 Misisti
3358 2225 3504 2280 enim

1903 2323 2102 2366 servos
2128 2321 2274 2381 tuos,
2310 2323 2656 2369 revertamur
2687 2315 2754 2369 ad
2788 2316 3094 2385 apostolos,
3129 2317 3296 2372 alium
3326 2319 3378 2373 in
3406 2319 3515 2374 cir-

1902 2401 2322 2476 cumcisionem,
2347 2403 2514 2459 alium
2547 2405 2601 2459 in
2626 2413 2840 2476 gentes.
2867 2407 3134 2475 Quamdiu
3163 2407 3384 2480 Moysen
3414 2410 3510 2464 mi-

1902 2506 2077 2560 seras,
2097 2493 2361 2564 quamdiu
2384 2494 2604 2562 Isaiam,
2629 2496 2886 2564 quamdiu
2910 2498 3228 2565 Jeremiam,
3251 2500 3511 2570 quamdiu

1902 2584 2040 2640 alios
2064 2587 2362 2658 prophetas
2393 2605 2405 2642 :
2431 2598 2594 2645 notus
2623 2597 2744 2646 erat
2774 2591 2826 2644 in
2858 2590 3042 2646 Iudaea
3064 2592 3232 2658 Deus,
3255 2593 3306 2647 in
3337 2592 3509 2650 Israel

1903 2693 2160 2763 magnum
2202 2696 2400 2738 nomen
2443 2680 2584 2752 ejus.
2625 2681 2685 2738 In
2721 2684 2932 2740 modica
2970 2694 3113 2741 terra
3144 2687 3380 2742 nominis
3411 2686 3506 2743 Dei

1901 2774 2097 2830 notitia
2126 2775 2426 2831 ferebatur.
2450 2777 2638 2831 Misisti
2672 2777 2891 2832 Petrum
2923 2777 3276 2848 piscatorem,
3313 2781 3400 2852 qui
3430 2780 3511 2836 di-

1900 2867 2125 2923 miserat
2153 2876 2296 2934 rete,
2316 2868 2407 2938 qui
2429 2867 2497 2923 ab
2527 2883 2694 2938 opere
2714 2869 2969 2924 callosum
2996 2869 3234 2926 habebat
3257 2887 3502 2928 manum.

1901 2956 2016 3012 Non
2058 2958 2260 3013 misisti
2299 2967 2570 3014 oratorem
2597 3000 2614 3027 ,
2664 2975 2773 3014 non
2816 2960 3013 3016 misisti
3061 2961 3447 3032 philosophum
3491 2984 3506 3022 :

1901 3048 2093 3104 Misisti
2157 3049 2432 3106 hominem
2500 3051 2868 3118 rusticanum,
2935 3053 3210 3109 hominem
3270 3056 3507 3126 piscato-

1903 3159 2039 3199 rem.
2090 3143 2202 3213 Iste
2253 3145 2515 3215 piscator,
2569 3145 2673 3200 iste
2714 3146 3020 3202 rusticanus
3057 3147 3128 3204 de
3165 3149 3502 3216 Jerosolyma

1905 3240 2147 3310 perrexit
2183 3239 2435 3307 Romam,
2467 3249 2522 3296 et
2566 3242 2879 3296 rusticanus
2913 3242 3060 3310 cepit
3090 3242 3315 3297 Romam
3343 3261 3505 3315 quam

1901 3335 2224 3404 eloquentes
2290 3348 2486 3404 capere
2548 3348 2654 3389 non
2719 3340 3034 3404 potuerunt.
3104 3335 3338 3391 Rursum
3409 3337 3510 3393 ivit

1901 3426 2100 3482 Paulus
2162 3427 2472 3498 apostolus,
2541 3436 2596 3482 et
2654 3426 2724 3484 de
2784 3427 3125 3501 Jerosolyma
3185 3431 3508 3501 praedicavit

1901 3534 2073 3590 usque
2120 3519 2172 3574 in
2225 3519 2498 3591 Illyricum
2534 3561 2547 3587 ,
2599 3527 2654 3574 et
2692 3519 3043 3589 praedicavit,
3103 3521 3192 3577 ubi
3239 3532 3508 3579 non.erat

1901 3610 2253 3682 praedicatum
2297 3609 2656 3680 Evangelium
2683 3651 2698 3676 ,
2733 3627 2804 3667 ue
2845 3625 3014 3682 super
3041 3610 3277 3667 alienum
3310 3614 3502 3670 tunda-

1901 3715 2141 3761 mentum
2171 3713 2403 3775 poneret
2433 3703 2722 3760 mdiiicium
2757 3704 2937 3776 (Rom.
2967 3706 3084 3773 xv).
3120 3706 3323 3760 Deinde
3346 3707 3498 3775 dicit,

1901 3799 2043 3870 quod
2074 3797 2140 3853 de
2173 3798 2309 3852 urbe
2331 3797 2504 3853 Roma
2536 3797 2646 3853 iret
2669 3796 2735 3852 ad
2764 3797 3104 3867 Hispaniam.
3137 3796 3329 3854 Videte
3359 3799 3503 3854 Pau-

1902 3891 2014 3946 lum
2045 3902 2481 3957 persecutorem,
2514 3893 2604 3962 qui
2635 3892 2686 3946 in
2717 3890 2901 3947 Juda-a
2947 3893 3122 3948 fuerat
3159 3906 3505 3962 persecutor,

1902 3983 2168 4054 praedicat
2207 3984 2485 4054 gentibus.
2513 3982 2618 4038 Ubi
2662 3993 2792 4038 sunt
2819 3985 2907 4054 qui
2939 3984 3238 4054 praedicant
3265 3987 3508 4042 Alexan-

1901 4074 2060 4130 drunt
2101 4074 2347 4146 Magnum
2387 4073 2741 4130 Macedonum
2789 4074 3212 4146 imperatorem,
3250 4079 3394 4148 quod
3446 4079 3501 4136 in

1901 4166 2056 4223 brevi
2087 4167 2264 4237 spatio
2289 4165 2482 4221 vicerit
2505 4174 2684 4222 tantas
2707 4175 2896 4237 gentes
2913 4168 2937 4220 ?
2953 4167 3152 4223 llabuit
3173 4171 3501 4236 exercitum,

1902 4259 2095 4315 habuit
2121 4269 2174 4315 et
2199 4260 2452 4329 ingentes
2485 4259 2694 4328 turbas,
2721 4268 2775 4314 et
2805 4274 2911 4314 non
2943 4259 3051 4316 tale
3072 4261 3273 4330 aliquid
3302 4264 3500 4331 potuit,

1903 4353 1997 4408 sed
2041 4351 2316 4406 modicum
2349 4351 2624 4422 quiddam.
2665 4351 2775 4407 Iste
2821 4367 2954 4408 vero
2995 4352 3195 4409 Paulus
3224 4354 3498 4423 quondam

1905 4451 2224 4513 perseeutor
2250 4443 2374 4512 fuit,
2393 4445 2485 4514 qui
2506 4443 2726 4500 dicebat
2753 4463 2764 4496 :
2789 4445 2856 4500 Et
2877 4444 2922 4500 si
2947 4444 3229 4515 imperitus
3249 4462 3368 4502 sum
3393 4464 3508 4504 ser-

208 4543 347 4613 iugit
375 4540 566 4612 (Joau.
613 4557 648 4595 x
669 4542 708 4609 ),
742 4541 1004 4612 relinquit
1032 4557 1164 4597 oves
1203 4561 1214 4594 :
1257 4557 1365 4596 non
1394 4512 1571 4610 potest
1598 4542 1672 4596 ita
1701 4512 1797 4596 do;
1823 4512 1878 4573 D
1904 4512 2084 4606 mone,
2112 4551 2218 4590 non
2242 4512 2424 4590 tamen
2442 4535 2672 4590 scientia
2699 4534 2741 4605 (Ι
2765 4535 2885 4590 Cor.
2911 4537 3011 4606 xl).
3037 4537 3138 4602 Qui
3162 4538 3505 4596 solmeismos

207 4637 328 4694 lere
357 4633 562 4699 alieno,
589 4633 868 4703 quomodo
897 4621 1214 4705 dolet-patri
1246 4642 1301 4688 et
1331 4633 1514 4688 matri.
1553 4632 1800 4689 Dicamus

210 4740 269 4788 et
291 4730 452 4786 aliter
490 4747 500 4780 :
537 4728 733 4798 Surge,
763 4731 851 4797 qui
885 4743 983 4799 pro
1013 4728 1172 4784 nobis
1194 4743 1384 4798 passus
1412 4743 1494 4795 es,
1517 4742 1616 4798 pro
1643 4726 1800 4783 nobis

211 4831 458 4879 mortuus
495 4834 556 4876 es
588 4838 599 4873 :
635 4834 818 4890 surge,
864 4830 921 4875 et
965 4819 1112 4874 salva
1148 4835 1268 4875 nos.
1303 4819 1556 4875 Dicamus
1585 4819 1745 4877 aliter
1783 4839 1794 4874 :

211 4912 313 4981 Qui
334 4911 528 4968 veniin
551 4911 776 4966 humilis
791 4911 1362 4982 etcontemptus,veni
1386 4913 1718 4982 quasijudex
1744 4924 1798 4970 et

212 5004 424 5060 vindica
453 5018 574 5061 nos.
606 5004 807 5076 Surge,
843 5001 984 5060 Deus
1003 5046 1018 5072 ,
1037 5006 1224 5078 judica
1251 5015 1472 5063 terram.
1501 5007 1696 5062 Videte
1720 5008 1799 5062 si-

213 5098 578 5172 gniﬁcandam
610 5100 1076 5170 pr0prietatesque
1105 5114 1444 5155 sermonum.
1471 5099 1586 5154 Non
1619 5099 1756 5154 dixit
1787 5119 1798 5154 ε

210 5195 390 5268 judica
412 5195 635 5263 cmlum,
662 5195 758 5251 sed
783 5203 1004 5250 terram.
1038 5194 1182 5266 Ergo
1213 5202 1352 5251 terra
1378 5193 1673 5264 judicatur,
1694 5209 1801 5249 non

213 5290 433 5346 caelum.
462 5290 521 5347 Si
550 5305 680 5362 ergo
711 5299 852 5345 terra
876 5288 1170 5359 iudicatur,
1197 5297 1248 5344 et
1277 5303 1383 5342 non
1413 5287 1635 5351 coelum,
1674 5303 1804 5359 ergo

215 5385 270 5443 in
302 5385 440 5442 ctelo
465 5392 680 5457 peccata
713 5398 817 5440 non
851 5383 1014 5448 ﬁunt;
1053 5382 1098 5437 si
1130 5390 1309 5438 autem
1345 5382 1539 5438 ﬁerent
1568 5381 1622 5436 in
1659 5381 1801 5439 caelo

1904 4627 2031 4684 facit
2062 4629 2113 4683 in
2136 4627 2435 4698 loquendo,
2456 4641 2670 4682 crucem
2693 4623 2895 4680 Christi
2924 4636 3124 4696 portat,
3149 4637 3204 4683 et
3223 4632 3373 4696 quasi
3407 4633 3507 4687 tri-

1901 4722 2171 4792 umphans
2193 4736 2382 4776 omnes
2401 4719 2567 4789 capit.
2586 4718 2781 4774 Totum
2804 4719 2989 4772 orbem
3013 4720 3224 4789 subegit
3245 4722 3312 4775 ab
3332 4722 3503 4778 Ocea-

1901 4830 1971 4870 no
1985 4831 2152 4886 usque
2173 4815 2226 4869 in
2247 4827 2394 4868 mare
2410 4811 2679 4866 Rubrum.
2696 4810 2847 4864 Dicat
2861 4809 3058 4880 aliquis
3081 4829 3092 4862 :
3113 4812 3214 4865 hoc
3229 4821 3397 4867 totum
3420 4815 3502 4869 lu-

1899 4909 1982 4965 cri
2005 4923 2166 4964 causa
2198 4907 2464 4963 fecerunt.
2485 4905 2598 4960 Hoc
2617 4903 2761 4958 enim
2782 4901 2914 4958 dicit
2933 4901 3269 4973 Porphyrius
3287 4921 3299 4956 :
3317 4903 3500 4962 llomi-

1903 5017 2002 5058 nes
2018 4999 2280 5055 rusticani
2295 5007 2348 5054 et
2369 4996 2911 5069 pauperes,quoniam
2936 4993 3069 5048 nihil
3090 4994 3379 5065 habebant,
3395 5015 3504 5053 tua-

1904 5091 2036 5163 gicis
2062 5092 2273 5150 artibus
2300 5089 2507 5159 operati
2531 5098 2659 5144 sunt
2677 5087 2925 5158 qumdam
2954 5085 3127 5156 signa.
3152 5085 3268 5141 Non
3293 5099 3374 5140 ρει
3402 5105 3502 5143 au-

1908 5197 2016 5242 tem
2040 5184 2243 5257 grande
2268 5184 2448 5248 facere
2468 5183 2638 5256 signa.
2656 5182 2791 5238 Nam
2819 5180 3000 5236 fecere
3022 5181 3172 5250 signa
3191 5179 3242 5234 in
3266 5179 3504 5253 Egypto

1908 5281 2048 5350 magi
2070 5286 2257 5332 contra
2284 5275 2506 5345 Moysen
2536 5273 2732 5342 (Exod.
2759 5273 2876 5344 ru).
2902 5271 3470 5341 FecitetApollonius
3488 5317 3503 5346 ,

1908 5373 2036 5429 fecit
2055 5379 2110 5426 et
2129 5369 2406 5440 Apuleius.
2428 5367 2626 5423 Intiniti
2652 5369 2805 5439 signa
2829 5367 3093 5422 fecerunt.
3110 5364 3360 5421 Concedo
3383 5366 3504 5435 tibi,

215 5489 434 5554 peccata
455 5521 470 5546 ν
511 5480 724 5536 (ᾕρει-ει
754 5497 764 5532 ε
800 5477 970 5550 surge
990 5520 1005 5546 ν
1040 5475 1214 5542 Πρω,
1256 5475 1445 5548 judica
1493 5487 1712 5541 terram,
1747 5484 1804 5532 et
1905 5463 2210 5535 Porpltyri,
2236 5461 2458 5533 magicis
2480 5461 2686 5516 artibus
2711 5461 2862 5532 signa
2893 5459 3170 5527 iecerunt,
3201 5467 3260 5554 ut
3283 5458 3505 5515 divitias

216 5572 438 5631 ctelum.
473 5570 542 5626 Et
568 5571 754 5626 videte
783 5568 1126 5626 clementiam
1151 5566 1475 5639 pr0phetiae.
1499 5565 1616 5621 Non
1643 5565 1803 5627 dixit.

218 5667 464 5725 interlice
488 5674 685 5719 terram
711 5682 724 5715 :
747 5662 840 5718 sed
868 5663 1071 5732 judica,
1101 5669 1156 5717 et
1183 5660 1349 5716 salva.
1382 5659 1499 5715 Non
1531 5659 1689 5725 dixit,
1720 5657 1808 5728 ju-

219 5759 338 5820 dica
366 5770 463 5829 per
488 5755 730 5825 angelos,
757 5753 934 5824 jodica
959 5770 1057 5824 per
1084 5751 1360 5810 ministros
1384 5761 1526 5810 tuos.
1550 5751 1635 5808 llli
1661 5751 1808 5808 enim

507 5849 782 5920 PATROL.
831 5846 1066 5909 XXVI.

1906 5558 2220 5630 acciperent
2247 5573 2275 5611 a
2303 5555 2564 5611 divitibus
2587 5554 2950 5623 mulierculis,
2974 5569 3107 5625 quas
3139 5553 3468 5609 induxerant
3494 5574 3506 5609 :

1912 5652 2015 5708 hoc
2043 5651 2188 5708 enim
2214 5659 2269 5704 tu
2294 5649 2448 5703 dicis.
2481 5647 2664 5714 Quare
2693 5647 2892 5702 mortui
2920 5646 3081 5702 sunt?
3113 5646 3292 5714 Quare
3322 5647 3500 5702 cruci-

1914 5745 2043 5803 ﬁxi?
2065 5743 2340 5822 Fecerunt
2368 5749 2424 5798 et
2448 5739 2542 5797 alii
2572 5741 2723 5812 signa
2760 5739 2987 5811 magicis
3016 5738 3249 5807 artibus,
3281 5737 3378 5794 sed
3411 5753 3510 5809 pro
