4016 6376
481 240 622 308 1007

1280 221 1624 286 APPENDIX
1664 220 1757 277 AD
1793 215 2040 275 TOMUM
2077 210 2425 274 SEPTIMUM
2466 208 2522 271 S.
2565 202 2973 268 HIERONYMI.

3689 187 3913 255 {068

483 361 710 420 homine
733 360 952 412 mortuo
979 362 1088 405 non
1111 350 1240 402 sunt
1265 340 1491 407 mortui,
1522 353 1619 408 pro
1650 334 1873 391 homine
1899 328 2079 388 cruci—
2105 334 2155 401 Α
2184 337 2422 386 tuerunt.
2450 327 2810 383 Tabernacula
2838 319 3339 381 ldunmbruthon
3360 315 3909 376 habentdomus

490 455 600 511 fixo
639 464 747 506 non
786 453 913 501 sunt
951 436 1217 497 cruciﬁxi.
1256 432 1449 489 Sciunt
1495 429 1583 484 isti
1637 426 1915 483 hominem
1962 437 2084 478 esse

491 555 790 605 mortuum,
809 546 863 593 et
884 532 1196 589 moriuntur
1218 525 1338 580 sine
1356 535 1522 577 causa
1535 521 1557 574 ?
1570 519 1723 574 Felix
1743 531 1877 589 ergo
1897 522 2085 580 nostra

490 634 746 698 victoria,
779 643 900 701 qua:
931 627 986 680 in
1018 619 1283 691 sanguine
1313 613 1686 686 apostolorum
1706 610 1954 668 dedicata
1981 615 2084 701 est.

493 730 657 788 Fides
695 700 877 780 nostra
908 731 1019 772 non
1051 712 1335 786 probatur,
1361 707 1467 765 nisi
1496 722 1594 778 per
1620 705 1838 761 illorum
1867 700 2091 773 sangui-

495 834 641 879 nem.
666 806 1072 874 Benedicamus
1101 820 1234 876 ergo
1265 804 1463 869 Deum,
1487 803 1576 856 cui
1598 805 1684 856 cst
1710 797 1879 870 gloria
1912 796 1967 850 in
1995 808 2093 850 sa:-

2187 422 2622 487 lundamentutn,
2636 419 2733 477 sed
2755 419 3097 475 tabernacula
3112 433 3230 490 qua:
3249 415 3357 473 cito
3369 426 3601 486 pertran
3614 427 3717 468 se
3730 416 3903 465 unt.

2185 514 2419 571 ldumasa
2454 510 2745 583 dupliciter
2772 512 3187 581 interpretatur,-
3234 516 3324 563 aut
3351 507 3725 579 sanguinea,
3776 498 3908 556 aut

2188 617 2414 662 terrena.
2465 605 2658 662 Videte
2713 618 2847 676 ergo
2899 602 2993 675 qui
3051 606 3290 674 pugnant
3338 598 3621 656 adversus
3722 607 3907 650 san-

2190 707 2329 757 ctos.
2377 696 2740 753 Tabernacula
2783 692 3169 761 ldumatorum,
3239 690 3441 748 terreni
3494 688 3552 746 et
3590 687 3906 744 [smac-

2192 795 2307 851 littc
2339 796 2790 864 interpretantur,
2834 789 3125 845 obedientes
3154 772 3287 856 sibi,
3326 783 3434 840 hoc
3466 782 3595 851 est,
3638 778 3902 853 quod-

493 875 615 973 cula
635 907 986 968 saeculorum.
1021 875 1214 957 Amen.
2194 903 2430 960 cumque
2478 900 2576 943 cur
2622 886 2908 952 habuerit,
2961 890 3017 941 et
3054 881 3199 939 maia
3248 879 3514 973 cogitatio
3533 920 3582 973 ,Δ
3614 875 3898 973 ξωιίιξῑ

977 989 1297 1051 PSALMUS
1334 984 1601 1044 LXXXII.
2196 979 2423 1035 faciunt.
2453 978 2751 1048 Propterea
2778 975 2981 1032 dicitur
3009 975 3064 1029 in
3098 972 3393 1029 Ezechiele
3424 989 3438 1024 :
3472 968 3587 1027 Fili
3628 968 3901 1025 homi-

501 1096 777 1154 Canticum
825 1087 1014 1156 psalmi
1068 1081 1266 1156 Asaph.
1293 1081 1420 1156 iste
1443 1075 1691 1156 psalmus
1721 1084 1916 1156 vocem
1966 1080 2096 1139 pro-
2199 1073 2305 1140 nis,
2333 1071 2555 1141 loquere
2584 1069 2848 1125 adversus
2878 1064 3176 1140 prophetas
3199 1107 3214 1130 ,
3238 1065 3330 1136 qui
3364 1072 3903 1156 sequuntur-goat

596 1143 777 1239 phelli
808 1143 1061 1218 continet
1089 1143 1457 1210 collaudantis
1480 1148 1673 1202 Deum.
1706 1143 1798 1197 Ait
1823 1156 1953 1211 ergo
1984 1157 1996 1192 :
2199 1179 2393 1231 suum,
2440 1171 2494 1219 et
2530 1161 2913 1233 quodcumque
2960 1158 3196 1230 impelli,
3244 1157 3539 1228 cognatio,
3597 1153 3897 1209 facim"

580 1281 721 1335 Deus
744 1317 759 1343 ,
783 1276 903 1346 quis
923 1269 1109 1327 similis
1135 1268 1233 1321 erit
1265 1264 1396 1320 tibi?
1420 1260 1557 1328 Quia
1580 1256 1759 1313 nullus
1787 1263 1871 1346 est
1900 1251 2099 1346 similis
2204 1255 2422 1330 (Eucti.
2455 1251 2596 1327 sui).
2626 1253 2735 1310 Nos
2765 1260 2947 1308 autem
2980 1266 3086 1346 non
3116 1249 3383 1306 debemus
3403 1246 3573 1346 sequi
3600 1244 3901 1346 cogita-

510 1365 588 1428 iui
621 1390 632 1424 :
663 1337 873 1425 nullum
904 1362 1071 1417 alium
1094 1365 1376 1413 auctorem
1397 1391 1414 1419 ,
1449 1350 1550 1407 nisi
1575 1357 1629 1404 te
1666 1345 1985 1418 quaerimus.
2018 1340 2102 1397 Ne

2241 1351 2413 1405 ionem
2451 1354 2727 1415 nostram,
2777 1360 2878 1401 nec
2908 1343 3017 1400 dici
3047 1341 3367 1408 lsmaelitte,
3403 1340 3508 1395 hoc
3548 1346 3643 1395 est
3702 1337 3891 1391 obe-

509 1472 712 1526 taceas,
734 1470 901 1527 neque
918 1449 1288 1524 compescaris,
1317 1445 1473 1499 Deus.
1497 1442 1606 1498 Nos
1635 1448 1899 1506 tacemus,
1924 1443 1981 1490 tu
2004 1444 2103 1504 pro

2244 1441 2418 1497 ientes
2447 1440 2586 1504 sibi,
2616 1440 2714 1496 sed
2744 1438 2938 1493 ismaei
2957 1479 2972 1503 ,
3015 1437 3119 1493 hoc
3149 1443 3268 1503 est,
3305 1432 3634 1490 obedientes
3690 1431 3884 1487 Deo.

512 1556 674 1612 nobis
702 1523 961 1622 loquere.
986 1544 1125 1602 Justi
1158 1557 1263 1597 vox
1291 1546 1377 1595 est
1399 1551 1519 1608 quae
1550 1534 1723 1590 dicit:
1759 1530 1943 1602 Neque
1964 1544 2105 1583 com-
2210 1532 2400 1601 Moab,
2438 1548 2504 1587 eo;
2536 1540 2684 1603 patre
2705 1572 2721 1598 ,
2761 1531 2863 1588 hoc
2895 1536 3010 1593 est,
3056 1526 3378 1619 recedentes
3409 1541 3438 1580 s
3467 1523 3769 1622 Deo_P.:st
3778 1539 3881 1578 rc.

514 1615 965 1719 pascaris,-Detts.
1008 1636 1087 1691 De
1110 1630 1321 1704 iustitia
1346 1644 1440 1684 sua
1462 1639 1689 1683 securus
1712 1632 1818 1681 est.
2210 1622 2469 1695 Agareni,
2521 1619 2791 1693 proselgti.
2823 1619 2926 1688 Qui
2970 1632 3093 1675 cum
3126 1618 3394 1674 deberent
3430 1631 3557 1672 esse
3599 1615 3890 1670 habita-—

591 1735 854 1802 Quoniam
881 1745 997 1785 ecce
1023 1725 1222 1782 inimici
1253 1723 1329 1777 tui
1356 1727 1661 1776 sonuerunt.
1702 1716 2000 1772 Possumus
2023 1728 2103 1767 se-
2142 1710 2183 1786 ἢ
2215 1725 2363 1772 tores
2391 1715 2514 1780 Dei,
2554 1713 2975 1785 proseiyti'lacti
3008 1722 3157 1767 sunt.
3189 1710 3352 1766 Gebal
3390 1709 3876 1779 interpretatur,

521 1800 759 1885 cundum
789 1819 1150 1892 tr0poiogiam
1172 1815 1243 1871 de
1270 1811 1517 1869 Ecclesia
1546 1806 1893 1879 interpretari
1923 1811 1979 1860 et
1998 1803 2108 1857 lue-
2211 1810 2367 1865 uallis
2383 1824 2537 1864 uana.
2570 1807 2675 1875 Ge,
2705 1807 2906 1863 dicitur
2931 1806 3102 1861 uallis.
3121 1800 3222 1860 Bal
3239 1810 3369 1860 vero
3391 1803 3879 1874 interpretatur,

522 1918 756 1975 resibus.
789 1915 1084 1970 Possumus
1112 1914 1294 1962 autem
1326 1900 1623 1958 secundum
1656 1899 1894 1953 litteram
1935 1894 2107 1950 inter-
2212 1921 2364 1959 υαηα,
2395 1903 2486 1957 [sti
2525 1918 2657 1974 ergo
2688 1901 2781 1972 qui
2812 1908 3000 1957 contra
3044 1897 3140 1955 Dei
3182 1898 3446 1969 populum
3490 1904 3656 1962 sum,
3732 1896 3876 1950 mm

521 2010 726 2082 pretari
753 2008 823 2062 de
854 2004 1052 2076 populo
1074 2000 1408 2061 Judmorum,
1428 2002 1484 2050 et
1507 1993 1578 2049 de
1600 1990 1813 2048 caeteris
1831 1988 2108 2060 gentibus,

2246 2004 2342 2051 unt
2371 1996 2438 2051 de
2469 2003 2676 2063 monte,
2709 1992 2807 2049 sed
2836 1993 2903 2048 de
2934 1984 3075 2048 valle
3100 2006 3261 2046 vana.
3288 1989 3356 2046 Et
3373 1990 3614 2045 Ammon
3650 1989 3878 2043 inter-

519 2117 640 2173 qua:
678 2102 732 2155 in
777 2096 1004 2155 circuitu
1041 2095 1360 2161 expugnant
1386 2086 1651 2143 .ludteam.
1697 2082 1960 2149 Quoniam
1999 2094 2112 2133 ecce

520 2170 720 2248 inimici
751 2189 827 2244 tui
846 2191 1157 2244 sonuerunt.
1180 2180 1383 2237 Vocem
1419 2186 1476 2233 et
1497 2176 1890 2233 detractionem
1916 2170 2113 2226 adver-

521 2285 788 2340 sariorum
810 2280 1049 2336 sonitum
1072 2274 1243 2331 voluit
1263 2271 1565 2343 appellare.
1593 2266 1856 2333 Quoniam
1876 2280 1989 2319 ecce
2012 2263 2115 2317 ini—

522 2376 644 2430 mici
684 2374 761 2427 tui
804 2377 1112 2426 sonuerunt.
1147 2364 1335 2420 Videte
1383 2361 1512 2433 quid
1552 2361 1743 2415 dicat:
1779 2356 2110 2422 Souuerunt,

2217 2096 2498 2159 prctatur,
2533 2085 2758 2159 papulas
2803 2084 3076 2141 turbidus:
3111 2083 3213 2139 huc
3245 2091 3363 2152 est,
3398 2084 3488 2152 qui
3529 2080 3871 2137 conﬁdunt

2216 2181 2269 2235 in
2299 2178 2676 2246 multitudine,
2708 2187 2764 2234 et
2798 2193 2904 2232 non
2959 2177 3011 2232 in"
3036 2176 3409 2247 simplicitate.
3441 2174 3702 2239 Amalec,
3764 2175 3870 2228 in-

2218 2277 2547 2342 terpretatur
2575 2270 2775 2342 (ingens
2792 2278 3006 2324 terram.
3036 2268 3379 2339 Quicumque
3405 2267 3553 2323 enim
3572 2264 3867 2337 pugnant

2216 2363 2477 2420 adversus
2515 2363 2773 2433 populum
2828 2363 2959 2430 Dei,
3018 2377 3125 2417 non
3182 2361 3480 2418 comedunt
3528 2361 3862 2417 cteiestem

527 2468 631 2524 hoc
661 2474 774 2532 est,
821 2463 973 2534 quasi
1018 2457 1331 2531 cymbalum
1376 2453 1646 2515 tinuiens,
1686 2452 1766 2506 sic
1813 2453 2118 2504 sonuerunt

2241 2471 2447 2522 tanem,
2481 2456 2579 2511 sed
2625 2455 2840 2527 lingunt
2867 2465 3067 2511 terram
3107 2456 3249 2511 sicut
3274 2460 3521 2526 serpens.
3557 2452 3863 2524 Alienige-

529 2561 755 2618 auribus
806 2556 962 2613 meis-
994 2554 1173 2611 Sonus
1214 2549 1437 2623 proprie
1474 2546 1696 2607 dicitur.
1738 2557 1861 2597 cum
1900 2539 2119 2599 auditur
2218 2568 2318 2606 nte.
2345 2549 2449 2606 Ubi
2478 2550 2700 2617 dicitur,
2731 2551 3076 2623 alienigenae,
3124 2551 3180 2604 in
3207 2549 3441 2605 Hebraeo
3479 2549 3646 2603 habet
3690 2545 3859 2600 Plii-

528 2650 906 2711 tantummodo
948 2661 1151 2712 sonus,
1194 2652 1252 2699 et
1293 2658 1408 2698 vox
1437 2655 1543 2695 non
1586 2634 1929 2706 intelligitur.
1973 2632 2119 2705 Ergo
2221 2642 2419 2698 listiim.
2460 2642 2756 2699 Philistiitn
2790 2658 2921 2699 vero
2968 2642 3427 2713 interpretantur,
3456 2643 3710 2695 cadentes
3738 2654 3857 2709 po-

527 2744 675 2818 quod
702 2743 866 2807 dicit,
902 2739 1005 2794 hoc
1051 2744 1179 2793 est:
1224 2735 1305 2791 liii
1350 2731 1572 2803 quidem
1628 2722 2123 2818 loquebantur,'et

2245 2741 2364 2794 ione
2391 2754 2408 2791 :
2431 2737 2535 2793 hoc
2562 2744 2641 2793 est
2664 2778 2678 2803 ,
2711 2738 2801 2807 qui
2829 2736 3081 2793 inebriati
3121 2747 3247 2792 sunt
3281 2735 3350 2790 de
3378 2734 3549 2790 calice
3578 2733 3808 2789 diaboli
3836 2772 3853 2796 ,

462 2822 473 2829 Ι
528 2816 682 2908 lium
708 2833 967 2888 νοίθυθῐη
997 2843 1082 2883 me
1112 2840 1345 2898 “Silere
1372 2843 1385 2878 ε
1415 2832 1673 2879 οίεῑθτυηι
1705 2835 1808 2891 ⁸80
1838 2833 1944 2874 ηοη
1969 2816 2123 2889 quasi
2226 2840 2282 2887 et
2324 2831 2579 2887 inebriati
2624 2830 2965 2887 ceciderunt:
3015 2829 3144 2885 Cum
3200 2828 3554 2884 habitantibus
3605 2826 3852 2898 Tyrum.

531 2944 718 2985 vocem
744 2967 760 2993 ,
793 2922 891 2980 sed
925 2921 1078 2993 quasi
1112 2932 1302 2974 sonum
1335 2914 1647 2970 audiebam.
1681 2910 1753 2966 Et
1780 2912 1871 2983 qui
1906 2910 2124 2964 oderunt
2229 2921 2398 2994 Tyra,
2431 2922 2618 2994 lingua
2656 2923 2884 2980 Hebrum
2930 2921 3126 2978 dicitur
3166 2922 3290 2995 δον,
3325 2920 3470 2993 quod
3502 2921 3856 2991 ίηιετρτειο-

532 3031 602 3092 te,
628 3017 1105 3083 extuleruntcaput.
1126 3010 1317 3066 Videte
1338 3007 1467 3081 quid
1490 3006 1639 3063 dicat
1660 3005 1830 3076 :Ergo
1843 3002 1934 3075 qui
1949 3003 2126 3059 elevat

2241 3024 2346 3079 tur,
2379 3014 2646 3069 tribulatio
2676 3023 2727 3069 et
2749 3014 3012 3086 angustia.
3043 3014 3144 3083 Qui
3170 3010 3477 3071 debuerant
3512 3028 3637 3070 esse
3669 3028 3854 3083 pere-

536 3120 721 3183 caput,
763 3108 879 3164 odit
916 3103 1106 3161 De'um.
1145 3100 1409 3173 Superhis
1438 3100 1582 3154 enim
1607 3096 1862 3152 Dominus
1886 3093 2120 3150 resistit:

2241 3104 2371 3177 grini
2403 3106 2455 3160 in
2489 3107 2594 3161 isto
2620 3107 2826 3163 smculo
2846 3149 2860 3172 ,
2892 3106 3018 3163 facti
3046 3106 3173 3162 sunt
3197 3106 3555 3162 habitatores.
3580 3105 3674 3161 Isti
3699 3118 3851 3177 ergo

542 3182 834 3262 humilibus
864 3206 1043 3255 autem
1074 3195 1167 3250 dat
1195 3192 1419 3265 gratiam
1445 3189 1650 3264 (Iacob.
1675 3204 1749 3254 tv,
1778 3197 1823 3242 et
1848 3186 1865 3239 l
1889 3182 2119 3257 Petr.v).

540 3296 609 3352 Et
638 3297 724 3366 qui
752 3295 972 3350 oderunt
1003 3300 1073 3356 te,
1095 3284 1394 3343 extulerunt
1417 3292 1596 3353 caput.
1622 3281 1679 3338 Si
1710 3295 1928 3336 causam
1959 3278 2128 3334 habes

540 3398 729 3446 contra
757 3387 993 3458 aliquem
1021 3400 1033 3434 :
1065 3381 1113 3435 si
1142 3378 1237 3434 tibi
1258 3376 1501 3433 detrahit
1531 3373 1696 3430 frater
1716 3381 1872 3439 tuus,
1906 3379 1962 3426 et
1990 3379 2046 3424 tu
2070 3382 2130 3424 es

540 3481 762 3538 humilis
790 3492 889 3547 pro
910 3474 1162 3535 Christo,
1189 3478 1245 3525 et
1271 3469 1364 3525 ille
1394 3466 1659 3538 superbus
1691 3472 1911 3536 propter
1936 3462 2130 3518 diabo-

540 3575 652 3630 lum
674 3614 689 3638 ,
716 3565 1026 3624 tuimitaris
1056 3578 1183 3619 eum
1214 3562 1305 3631 qui
1339 3560 1471 3614 dicit
1507 3577 1520 3611 :
1556 3559 1756 3612 Discite
1786 3572 1816 3610 a
1855 3570 1973 3618 me,
2003 3554 2131 3631 quia

543 3663 692 3719 mitis
719 3673 836 3714 sum
861 3664 918 3712 et
942 3652 1168 3707 humilis
1185 3649 1347 3704 corde
1375 3646 1555 3720 (Matt.
1580 3644 1681 3716 ιι).
1713 3646 1808 3700 ille
1829 3653 2010 3700 autem
2040 3640 2133 3713 qui

546 3752 794 3823 erigitur,
828 3746 984 3801 illum
1014 3744 1259 3798 imitatur
1280 3740 1375 3809 qui
1401 3738 1535 3793 dicit
1563 3754 1575 3790 :
1616 3736 1673 3791 ln
1704 3735 1902 3791 caelum
1933 3749 2133 3790 ascen-

550 3848 699 3909 dam,
732 3855 896 3911 super
923 3836 1111 3892 sidera
1130 3833 1253 3889 eteii
1287 3847 1482 3899 ponam
1515 3831 1772 3883 thronum
1803 3842 2009 3894 meum,
2042 3841 2137 3881 ero

549 3937 747 3995 similis
773 3930 1053 3987 Altissimo
1085 3925 1243 3998 (Isai.
1274 3922 1408 3996 rm).
1439 3920 1503 3977 Et
1527 3922 1615 3993 qui
1648 3919 1868 3976 oderunt
1899 3926 2139 3986 te,extu-

550 4030 720 4084 lerunt
748 4031 921 4094 caput.
1016 4094 1017 4101 γ

634 4118 803 4189 Super
856 4108 1111 4184 populum
1177 4118 1324 4160 tuum
1375 4106 1787 4183 ntalignauerunt
1839 4104 2137 4160 consilium.

548 4209 761 4270 Sul'licit
785 4192 947 4261 alicui
969 4246 984 4270 ,
1025 4200 1071 4256 si
1112 4190 1345 4271 populus
1385 4197 1481 4252 Dei
1516 4203 1606 4252 sit.
1638 4195 2012 4269 Cogitaverunt
2041 4196 2140 4250 ad-

555 4319 729 4358 versus
749 4309 957 4356 sanctos
986 4306 1120 4350 tuos.
1153 4293 1265 4348 Hoc
1303 4292 1753 4361 interpretatione
1775 4307 1882 4347 non
1913 4291 2137 4363 indiget.

559 4392 808 4463 Legisse,
842 4386 1187 4443 intellexisse
1216 4392 1320 4440 est.

2231 3198 2324 3269 qui
2356 3206 2678 3269 expugnant
2718 3200 2976 3272 populum
3013 3200 3139 3268 Dei,
3174 3199 3425 3257 habitant
3463 3201 3521 3256 in
3562 3199 3690 3267 Sor,
3730 3200 3854 3257 hoc

2231 3299 2354 3359 est,
2404 3290 2456 3344 in
2507 3293 2756 3362 angustia
2791 3301 2847 3347 et
2886 3291 3239 3348 tribulatione
3288 3292 3488 3348 animas
3527 3306 3662 3348 suae.
3708 3293 3850 3348 Ista:

2232 3398 2362 3454 ergo
2394 3392 2557 3437 tantm
2594 3396 2784 3455 gentes
2810 3400 2934 3457 qute
2977 3394 3221 3458 pugnant
3245 3386 3513 3443 adversus
3541 3394 3805 3444 Sanctum
3828 3428 3845 3453 ,

2236 3475 2515 3530 videamus
2547 3490 2706 3547 quem
2739 3477 2938 3533 habent
2971 3478 3311 3549 principem:
3346 3477 3721 3548 Salvatorem,
3765 3490 3845 3533 an

2233 3567 2532 3624 diabolum.
2563 3570 2701 3635 Quid
2746 3571 3026 3640 sequitur?
3070 3567 3281 3625 Etenim
3322 3569 3490 3626 Assur
3538 3569 3670 3626 venit
3713 3584 3847 3624 cum

2234 3659 2361 3714 illis.
2392 3659 2576 3729 Assur,
2616 3660 3125 3718 Nabuchodonosor
3172 3661 3523 3719 adversarius
3565 3663 3694 3729 Dei,
3745 3663 3844 3734 qui

2237 3752 2498 3823 populum
2543 3753 2640 3807 Dei
2672 3752 2830 3809 duxit
2860 3753 2912 3809 in
2944 3754 3314 3823 captivitatem
3344 3773 3357 3808 :
3413 3756 3543 3812 licet
3580 3755 3843 3812 videatur

2238 3854 2428 3915 gentes
2454 3845 2660 3902 habere
2692 3846 2957 3917 plurimas
2992 3862 3091 3920 pro
3133 3863 3195 3904 se
3228 3848 3559 3904 dimicantes
3590 3864 3604 3903 :
3652 3857 3839 3905 tamen

2242 3938 2538 4008 principem
2572 3936 2781 3993 habent
2817 3942 3010 4005 Assur,
3034 3939 3140 3996 hoc
3169 3949 3250 3996 est
3273 3985 3287 4009 ,
3336 3941 3636 4003 diabolum.
3681 3940 3841 3995 Facti

2240 4038 2360 4083 sunt
2390 4029 2445 4083 in
2486 4030 2810 4102 adjutorium
2848 4033 2975 4102 ﬁliis
3004 4032 3122 4086 Lat.
3159 4032 3291 4102 Lot,
3326 4034 3718 4106 interpretatur
3744 4036 3838 4089 de-

2243 4120 2461 4176 clinans.
2516 4121 2803 4179 Da-mones
2841 4134 2967 4180 ante
3006 4123 3227 4182 luerunt
3276 4127 3487 4198 angeli,
3540 4138 3596 4183 et
3647 4138 3835 4198 postea

2243 4225 2368 4268 cum
2392 4211 2610 4270 diabolo
2637 4216 2985 4285 ceciderunt,
3015 4230 3071 4272 et
3102 4218 3225 4275 facti
3257 4229 3385 4274 sunt
3409 4219 3676 4277 satellites
3696 4220 3832 4290 ejus,

2244 4302 2385 4358 sicut
2430 4305 2694 4374 scriptum
2736 4317 2821 4363 est
2876 4309 2931 4363 in
2986 4308 3321 4383 Apocalypsi
3373 4312 3605 4367 Joannis
3644 4332 3659 4369 ε
3704 4311 3837 4380 Qui:

2248 4394 2412 4452 draco
2440 4397 2677 4466 cecidit,
2701 4409 2757 4455 et
2784 4402 2953 4456 traxit
2978 4417 3163 4458 secum
3198 4404 3417 4459 tertiani
3451 4414 3666 4475 partem
3705 4405 3839 4461 stci-J

630 4481 891 4538 Dixerunt
911 4523 925 4547 ,
951 4466 1115 4533 venite
1141 4486 1189 4531 et
1216 4473 1580 4545 disperdat!!!“
1620 4490 1708 4559 ϐοᾷ
1749 4475 1814 4528 de
1851 4483 2022 4547 genle-
2075 4476 2144 4530 Ει
2173 4488 2227 4561 ῃ
2249 4487 2424 4543 larum
2456 4489 2642 4562 (Apoc.
2672 4490 2792 4561 xu).
2818 4491 2967 4564 Ergo
2986 4493 3115 4564 quid
3146 4493 3315 4551 dicit?
3338 4495 3429 4551 isn
3452 4466 3549 4565 qui
3576 4492 3842 4553 venerunt

560 4594 667 4636 non
693 4579 765 4633 sit
791 4589 956 4647 gens,
984 4573 1111 4643 quia
1143 4571 1377 4651 populus
1412 4569 1507 4625 Dei
1534 4578 1637 4625 est.
1672 4569 1741 4624 Et
1771 4585 1874 4622 non
1902 4585 2151 4624 memore-

559 4685 644 4729 tur
686 4686 873 4727 nomen
922 4660 1092 4723 Israel
1124 4665 1283 4720 ultra.
1344 4662 1460 4719 Non
1518 4670 1853 4718 memoretur
1890 4663 2009 4729 hic,
2059 4664 2151 4734 qui

559 4781 723 4824 sensu
750 4763 935 4820 videat
959 4748 1153 4815 Deum.

633 4856 895 4924 Quoniam
940 4853 1291 4925 cogitaverunt
1341 4847 1658 4905 unanimiter
1696 4848 1872 4902 simul.
1903 4846 2156 4904 Infelices

565 4967 666 5009 nos
694 4971 707 5004 :
738 4949 932 5005 Infelix
957 4944 1189 5017 pupuius
1218 4944 1334 5008 Dei,
1366 4957 1477 4996 non
1501 4949 1683 5013 potest
1704 4940 1756 4996 in
1775 4942 1920 4997 bono
1948 4950 2151 4997 tantam

564 5047 771 5101 habere
791 5037 1144 5098 concordiam
1169 5077 1185 5104 ,
1216 5042 1475 5107 quautam
1508 5034 1636 5087 mali
1671 5022 1875 5089 habent
1903 5035 1954 5089 in
1986 5034 2152 5089 maio.

564 5138 823 5193 Adversus
879 5143 927 5187 te
974 5137 1337 5186 testamentum
1395 5126 1764 5196 disposuerunt
1818 5125 2157 5181 tabernacula

560 5214 920 5285 Nummorum
948 5230 996 5278 et
1028 5220 1313 5277 Ismaelita:
1342 5234 1361 5273 :
1391 5210 1551 5272 Moab
1595 5219 1838 5289 Agareni,
1887 5218 2073 5283 Gebal,
2110 5226 2158 5273 et

562 5323 730 5376 Aman
752 5327 799 5373 et
823 5315 1054 5383 Amalec,
1075 5313 1381 5382 alienigena:
1409 5326 1523 5364 cum
1541 5306 1897 5365 habiiautibus
1921 5309 2158 5381 Tyrum:

564 5415 750 5468 etenim
781 5411 948 5465 Assur
972 5408 1107 5463 venit
1140 5422 1257 5459 cum
1287 5402 1425 5471 illis,
1458 5403 1581 5473 facti
1608 5411 1726 5457 sunt
1753 5404 1806 5457 in
1837 5404 2161 5477 adjutorium

569 5506 687 5561 Lot.
716 5500 976 5560 Undecim
1022 5507 1148 5554 sunt
1192 5497 1285 5569 qui
1316 5504 1557 5567 pugnant
1584 5486 1847 5551 adversus
1884 5504 2155 5552 sanctum.

567 5597 838 5667 Quoniam
856 5610 986 5667 ergo
999 5598 1379 5666 pugnaverunt
1396 5600 1583 5647 contra
1603 5600 1842 5657 sanctos,
1859 5590 1922 5645 ad
1946 5574 2159 5661 perlec-
2184 5665 2205 5672 ο

562 5699 676 5747 mm
707 5690 1015 5757 numerum,
1049 5686 1103 5745 id
1132 5695 1247 5758 est,
1278 5682 1657 5742 duodecimum
1680 5727 1694 5755 ,
1724 5685 1910 5743 venire
1937 5699 2043 5741 non
2061 5698 2159 5755 ρος

2250 4593 2373 4635 cum
2422 4584 2592 4636 tantis
2634 4583 2927 4652 gentibus,
2979 4574 3033 4639 et
3089 4596 3544 4658 expugnaverunt
3588 4588 3838 4658 populum

2253 4679 2438 4741 tuum,
2470 4681 2527 4729 et
2565 4674 2712 4729 venit
2742 4690 2864 4731 cum
2893 4676 2973 4733 eis
3004 4679 3195 4741 Assur,
3227 4686 3283 4733 et
3312 4678 3618 4749 principem
3649 4679 3843 4735 habent

2255 4763 2566 4832 diabolum,
2614 4764 2744 4822 facti
2789 4776 2918 4823 sunt
2954 4768 3008 4823 in
3039 4768 3371 4839 adjutorium
3413 4770 3540 4827 ﬁliis
3575 4770 3713 4838 Lor,
3745 4772 3841 4826 hoc

2254 4864 2339 4912 est
2363 4896 2379 4921 ,
2411 4855 2752 4912 daemonibus
2775 4899 2788 4916 .
2823 4859 2924 4927 Qui
2957 4875 2988 4914 a
3019 4868 3072 4917 te
3099 4861 3547 4929 declinaverunt,
3579 4863 3688 4920 hoc
3716 4879 3838 4935 ope-

2255 4958 2447 5004 rantur
2486 4950 2629 5020 quod
2678 4959 2733 5005 et
2761 4950 3061 5009 da-mones.
3099 4954 3305 5010 Videtis
3354 4955 3482 5027 quia
3531 4956 3839 5014 difficillima

2256 5039 2379 5095 ioca
2410 5048 2539 5096 sunt
2568 5057 2584 5100 :
2614 5041 2810 5098 videtis
2839 5046 2965 5114 quia
2993 5046 3224 5101 obscura
3266 5057 3430 5117 sunt,
3459 5057 3516 5105 et
3541 5049 3595 5105 in
3624 5049 3841 5122 singulis

2260 5135 2607 5191 sermonibus
2636 5152 2833 5207 magna
2863 5146 2992 5194 sunt
3018 5148 3390 5209 sacramenta,
3436 5150 3493 5198 et
3519 5143 3841 5200 necessitate

2216 5288 2221 5293 ,
2258 5228 2640 5297 compellimur
2673 5232 2725 5283 in
2774 5230 2955 5285 verbis
2996 5232 3277 5288 Hebraicis
3301 5275 3316 5301 ,
3359 5244 3415 5291 et
3440 5235 3619 5305 plenis
3652 5247 3839 5309 mystc-

2259 5317 2358 5374 riis
2389 5322 2596 5378 diutius
2624 5323 2928 5379 immorari.
2960 5324 3146 5397 Neque
3171 5328 3317 5383 enim
3345 5344 3489 5384 nunc
3516 5329 3836 5387 rhetoricum

2239 5410 2441 5467 .locum
2482 5414 2877 5483 eventiiamus,
2928 5417 3023 5473 sed
3071 5417 3127 5473 id
3158 5419 3304 5488 quod
3360 5436 3393 5476 a
3419 5420 3627 5492 Spiritu
3667 5429 3837 5479 sancto

2259 5502 2469 5559 dictum
2500 5516 2615 5577 est,
2668 5507 3012 5578 interpretari
3057 5509 3301 5567 nitimur.
3333 5511 3451 5569 Nisi
3479 5514 3625 5571 enim
3657 5515 3736 5570 sic
3770 5514 3837 5569 ia-

2262 5603 2612 5665 terpretetur,
2675 5607 2737 5653 ut
2807 5599 3073 5668 diximus,
3127 5601 3254 5671 quid
3313 5603 3543 5674 prodest
3592 5605 3836 5663 Ecclesiis

2259 5683 2462 5744 Christi
2489 5688 2671 5760 legero
2695 5688 3037 5748 tabernacula
3070 5691 3435 5753 Nummorum
3462 5703 3521 5755 et
3540 5696 3833 5767 llmsslitc,

566 6262 577 6263 ὲ
598 6264 619 6265 ἡ
752 6262 777 6265 77
800 6262 823 6265 ﬁ
860 6262 869 6263 ὲ
884 6262 937 6265 hi
980 6264 985 6265 7
1573 6247 1587 6258 .
3766 6246 3822 6254 5—-
3856 6212 3984 6246 Η

684 6264 697 6267 ᾉ
1006 6266 1037 6267 7,
1078 6268 1083 6269 γ
1110 6268 1121 6271 _
1194 6268 1209 6269 κ
1334 6268 1397 6271 κγῘ
1436 6268 1451 6271 ᾖ
1480 6266 1527 6271 ἡ
1590 6268 1613 6271 _.
1666 6270 1669 6271 ν
1780 6268 1787 6269 γ
1818 6268 1849 6285 θ,
2066 6276 2075 6279 ς
2380 6270 2383 6271 ν
2410 6272 2425 6275 Α
2480 6270 2485 6271 γ
2577 6269 2626 6280 --ρ
2657 6271 2672 6278 ._
3038 6262 3059 6265 Α
3114 6258 3256 6268 ὴ-

1218 6288 1225 6289 7
1454 6286 1465 6289 Δ
1568 6308 1573 6311 ,
1756 6285 2230 6312 V_-.-;IRA.—“."M_
2271 6285 2534 6302 —"-—'--~-—

608 6336 613 6337 ⁷
1024 6326 1029 6327 7
1046 6318 1141 6327 VVVM-r“
1246 6316 1251 6319 Ι
1285 6341 1290 6344 _
1491 6331 1534 6342 ς
1551 6329 1608 6336 νή.
1681 6329 1694 6334 --

770 6364 773 6365 ,
884 6356 937 6365 ,Ax
972 6358 981 6359 κ
998 6354 1007 6361 r
1036 6350 1163 6361 7F‘*'“‘
1182 6350 1197 6353 '
1254 6346 1261 6351 '
1318 6348 1321 6349 ⁷

662 6366 823 6376 ηρ-Ἵ--ᾉμμ
838 6366 851 6367 κ
