4010 6326
209 232 375 333 ioco

1118 257 1548 334 mevtsnwu
1586 273 1655 333 ιιι
1694 254 2026 334 psstuos‘.
2067 270 2318 335 psam.
2359 260 2643 333 cxxxiii.

3386 274 3527 338 {-070

212 399 276 443 et
310 386 510 444 (uetera
527 370 1069 459 nominalQuoniam
1096 406 1224 463 ergo
1240 405 1501 449 venerunt
1528 401 1714 449 contra
1734 408 1819 464 po-
1855 380 1900 454 Ᾰ
1934 396 2173 449 mentum
2194 436 2211 462 ,
2243 393 2368 462 scd,
2418 392 2699 467 stipulam;
2730 392 2874 462 quod
2929 391 3101 460 dicit,
3128 391 3236 449 hoc
3278 401 3363 451 est
3412 411 3425 447 :
3479 399 3524 449 si

210 479 417 552 pulum
438 479 893 548 tuum,videamus
922 481 1050 553 quid
1064 484 1143 538 eis
1166 483 1496 555 imprecetur
1513 484 1816 540 Psalmista.

299 572 419 630 Fac
452 575 559 630 illis
586 574 722 632 sicut
764 574 985 632 Madian
1014 587 1062 633 et
1092 579 1291 635 Sisartc
1310 620 1325 646 ,
1354 579 1487 634 sicut
1515 572 1695 633 Jabiu.
1725 578 1825 634 Lc-

213 668 385 744 gistis
411 660 465 726 in
492 668 740 727 Judicum
774 662 915 727 libro
941 691 952 725 :
987 670 1095 729 Iste
1115 683 1194 729 est
1227 670 1440 728 Madian‘
1469 680 1629 743 quem
1654 687 1824 743 expu-

217 750 416 835 gnavit
443 760 665 818 Gedeon
698 759 901 834 (Judic.
925 779 999 818 vtt
1018 773 1066 819 et
1094 763 1234 836 vnn).
1262 758 1438 832 Jabiu,
1459 773 1514 819 et
1539 763 1722 820 Sisara
1738 764 1824 821 isti

215 838 381 937 sunt,
403 868 540 925 quos
561 853 900 925 expugnavit
923 842 1170 912 Debbora
1186 865 1243 911 et
1260 850 1469 913 Barach
1493 854 1697 929 (ludia.
1724 855 1821 928 tv).

217 941 297 1000 In
332 954 561 1001 torrente
609 940 765 1001 Cis‘on
812 947 1105 1018 disperiunt
1151 950 1205 1003 in
1245 946 1447 1005 Endor.
1496 940 1740 1005 Debbora
1771 958 1845 1006 et'

217 1037 443 1127 l'iarach
495 1026 892 1097 interfecerunt
934 1041 1176 1097 Sisaram
1235 1041 1535 1113 principem
1594 1042 1821 1099 militia).

220 1130 381 1207 Ergo
408 1133 549 1204 quod
582 1128 742 1198 dicit.
778 1132 957 1190 videte
988 1133 1117 1205 quid
1146 1136 1213 1190 sit
1242 1154 1253 1189 :
1285 1135 1533 1203 Domine,
1566 1145 1823 1205 quantam

220 1210 438 1280 habent
497 1222 854 1296 superbiam!
905 1218 1167 1295 quoniam
1216 1233 1339 1283 cum
1398 1235 1551 1283 tanto
1599 1226 1825 1282 veniunt

218 1323 477 1380 exercitu
498 1364 514 1389 ,
543 1324 800 1394 quoniam
839 1323 1343 1381 Nabuchodonosor
1384 1324 1585 1379 habent
1615 1320 1824 1395 princi-

224 1433 361 1490 pem
410 1417 757 1492 Assyriorum
802 1439 813 1473 :
853 1414 1108 1490 quoniam
1147 1418 1272 1477 facti
1337 1414 1466 1479 sunt
1508 1418 1559 1477 in
1613 1418 1828 1492 adjuto-

222 1512 374 1569 rium
415 1511 540 1568 ﬁliis
580 1511 681 1568 Lot
737 1530 751 1568 :
791 1513 1045 1585 quoniam
1088 1512 1190 1570 hoc
1244 1523 1409 1586 agunt
1467 1510 1608 1584 quod
1664 1504 1828 1585 agunt

222 1604 553 1660 damones:
600 1604 855 1674 quoniam
899 1606 1151 1677 superbia
1189 1606 1429 1677 ipsorum
1460 1621 1632 1677 usque
1669 1605 1734 1660 ad
1776 1615 1828 1661 te

222 1682 441 1753 elevata
469 1704 582 1752 est:
608 1708 892 1770 propterea
920 1709 970 1753 te
993 1699 1275 1769 deprecor.
1298 1710 1355 1753 ut
1383 1684 1449 1754 ad
1474 1698 1824 1771 ignominiam

1926 482 2046 557 quis
2070 494 2156 541 est
2179 486 2231 539 in
2260 487 2340 541 eis
2361 484 2558 556 stipula
2581 495 2635 541 et
2663 484 2834 555 palea,
2869 495 3079 557 pereat.
3106 486 3253 542 Sicut
3275 488 3410 559 ignis
3437 489 3526 559 qui

1926 578 2176 632 comburit
2210 577 2416 633 silvam.
2450 574 2566 635 Non
2595 576 2760 648 dixit,
2795 579 3019 636 arbores
3052 578 3371 652 frugiferas;
3404 582 3522 652 sed,

1927 668 2132 740 silvam,
2175 685 2297 740 qua:
2326 682 2434 724 non
2469 667 2636 726 habet
2677 668 2878 742 fruges.
2914 669 2971 728 Si
3008 671 3131 743 quis
3160 686 3290 743 ergo
3326 673 3524 743 stipula

1925 766 2041 823 est,
2081 769 2134 814 et
2165 770 2271 814 non
2305 758 2468 816 habet
2495 758 2829 817 frumentum
2868 779 2878 815 :
2912 762 2959 817 si
2990 766 3113 832 quis
3154 762 3292 819 silva
3323 775 3437 830 est,
3473 768 3529 820 et

1928 860 2036 905 non
2079 848 2242 907 habet
2266 850 2483 921 fruges,
2513 851 2603 906 hic
2646 863 2855 919 pereat.
2889 852 3038 909 Sicut
3083 856 3298 925 ﬂamma
3319 856 3529 911 combu-

1927 958 2047 998 rens
2068 952 2287 998 montes.
2320 944 2581 1013 Superbia
2614 944 2667 999 in
2699 945 2777 1000 eis
2806 950 3011 1015 pereat.

1970 1033 1997 1088 ι
2006 1040 2057 1088 ta
2071 1037 2387 1106 persequeris
2397 1035 2514 1091 illos
2528 1036 2580 1091 in
2594 1040 2890 1108 tempestate
2904 1046 3012 1105 tua,
3027 1048 3071 1094 et
3082 1039 3137 1093 in
3150 1040 3227 1094 ira
3238 1041 3489 1110 tua.Quid
3505 1041 3528 1094 ἲ

1928 1122 2155 1180 Occides
2173 1118 2300 1181 eos?
2320 1124 2436 1181 Non
2456 1143 2468 1179 :
2493 1126 2613 1194 sed,
2639 1125 2892 1183 Turbabis
2912 1144 3017 1184 eos.
3050 1128 3120 1186 Ut
3140 1131 3435 1188 salv'entur.

2004 1216 2175 1287 Imple
2204 1216 2366 1290 facies
2396 1228 2570 1274 eorum
2612 1219 2917 1291 ignominia.
2981 1221 3048 1279 Ut
3095 1212 3523 1281 confandantur.

1930 1304 2109 1377 Quare
2133 1308 2272 1366 hoc?
2307 1307 2377 1365 Ut
2401 1316 2637 1381 qutertmt
2662 1314 2849 1366 nomen
2879 1323 3054 1380 tuum,
3089 1312 3329 1372 Domine.
3364 1316 3525 1374 Vide-

1931 1401 1998 1457 tis
2017 1416 2147 1474 ergo
2163 1402 2286 1473 quia
2304 1418 2409 1457 non
2423 1413 2608 1458 contra
2625 1408 2742 1469 eos,
2764 1404 2857 1459 Sed
2879 1418 2976 1475 pro
2992 1405 3165 1463 salute
3182 1410 3415 1478 ipsorum
3433 1410 3528 1466 de-

1933 1490 2207 1559 precatur.
2234 1493 2478 1567 Denique
2497 1495 2614 1550 etin
2636 1497 2987 1564 sequentibus
3003 1496 3179 1555 videte
3200 1500 3324 1571 quid
3337 1500 3477 1557 dicat
3501 1518 3515 1555 :

2005 1585 2327 1642 Erubescant
2371 1597 2420 1642 et
2471 1586 2845 1644 conturbantur
2888 1590 2944 1644 in
2967 1590 3213 1645 secutum
3244 1592 3457 1662 stt-culi,
3482 1604 3531 1650 et

1934 1678 2323 1750 confundantur
2347 1690 2392 1733 et
2414 1688 2646 1751 pereant.
2669 1680 2903 1736 Pereant
2934 1681 3231 1737 secundum
3257 1682 3360 1739 hoc
3382 1684 3527 1755 quod

224 1800 426 1855 suam,
464 1803 570 1843 non
603 1804 634 1845 a
680 1789 795 1845 viro
835 1778 1137 1854 vincantur.
1179 1790 1276 1847 sed
1308 1806 1337 1845 a
1366 1790 1614 1846 muliere.
1672 1782 1828 1843 Facti

1957 1770 2062 1825 nali
2090 1778 2250 1841 sunt,
2276 1776 2333 1827 et
2359 1772 2604 1828 salvetur
2624 1772 2766 1842 quod
2798 1772 2998 1828 bo’ntmt
3030 1783 3132 1829 eet.
3172 1774 3413 1847 Denique
3443 1776 3526 1831 vi-

223 1892 352 1937 sunt
379 1891 435 1937 ut
461 1891 656 1937 stercus
672 1893 841 1938 teme.
866 1883 1003 1950 Qui?
1020 1876 1257 1947 Madian,
1283 1894 1333 1937 et
1352 1882 1552 1947 Sisara,
1570 1891 1623 1939 et
1643 1876 1823 1937 Jabiu.

224 1972 327 2030 Isti
355 1983 465 2030 tres
495 1976 617 2029 lacti
645 1984 802 2044 sunt,
849 1976 987 2030 sicut
1025 1983 1234 2030 stercus
1275 1983 1455 2030 terrae.
1499 1973 1711 2029 Madiau
1744 1971 1826 2028 in-

226 2073 568 2138 terpretatur
596 2066 888 2140 relinquens
904 2068 1167 2141 judicium
1198 2085 1215 2123 :
1247 2069 1590 2140 Quicumque
1625 2077 1829 2141 pugnat

227 2167 425 2215 contra
459 2158 713 2230 p0pulum
744 2175 943 2227 meum,
974 2177 1078 2215 non
1103 2160 1309 2232 cogitat
1328 2160 1569 2215 futurum
1593 2176 1713 2215 esse
1736 2160 1825 2231 ju-

228 2251 455 2307 dicium.
500 2249 685 2307 Sisara
729 2254 1119 2323 interpretatur
1159 2254 1273 2325 equi
1312 2255 1457 2309 uisio.
1499 2253 1586 2309 Isti
1611 2255 1699 2324 qui
1734 2272 1831 2323 pu-

228 2352 404 2414 gnant
423 2354 618 2399 contra
639 2344 902 2415 populum
933 2356 1079 2400 tuum
1102 2385 1119 2409 .
1150 2361 1256 2401 non
1282 2356 1404 2400 sunt
1431 2346 1500 2401 de
1521 2361 1685 2416 grege
1708 2356 1825 2415 tuo,

231 2444 288 2511 et
314 2433 385 2491 de
416 2435 706 2504 pecoribus
751 2438 857 2492 tuis
880 2480 895 2505 ,
938 2436 1033 2493 sed
1063 2435 1132 2492 de
1156 2438 1311 2506 equis
1340 2437 1431 2508 qui
1458 2437 1735 2492 insaniunt
1776 2438 1828 2492 iti

231 2510 486 2582 feminas.
532 2510 622 2581 isti
669 2542 799 2599 ergo
835 2520 959 2598 equi
1002 2543 1219 2599 semper
1272 2527 1448 2600 parati
1484 2528 1535 2582 in
1585 2530 1829 2599 praelium

233 2630 386 2676 sunt.
441 2620 592 2675 Sicut
639 2606 816 2675 Jabin.
868 2612 1026 2676 Jabin
1075 2608 1467 2691 interpret-itur
1525 2619 1830 2677 intellectus.

233 2700 340 2861 Eni
369 2711 472 2768 sibi
503 2712 557 2767 in
586 2714 679 2767 sua
705 2713 976 2783 sapientia
996 2714 1279 2769 confidunt
1301 2756 1316 2782 ,
1350 2725 1406 2771 et
1433 2732 1540 2770 non
1574 2717 1627 2771 in
1659 2714 1832 2786 gloria

283 2804 356 2861 ei.
383 2801 540 2860 Facti
560 2817 676 2860 sunt
702 2816 758 2860 ut
800 2814 993 2860 stercus
1023 2817 1193 2861 terrcc.
1224 2798 1309 2861 illi
1331 2808 1422 2861 oui
1460 2796 1832 2861 uloriabantur

283 2804 356 2862 ei.
383 2801 540 2860 Facti
560 2817 676 2860 sunt
702 2816 758 2860 ut
800 2814 993 2860 stercus
1023 2817 1193 2862 term.
1224 2798 1309 2863 illi
1331 2808 1422 2879 qui
1460 2796 1836 2878 gloriabantur

234 2894 292 2951 in
320 2895 562 2952 exercitu
589 2939 603 2965 ,
638 2895 729 2968 qui
757 2894 1029 2952 habebant
1055 2898 1353 2968 principem
1381 2898 1580 2965 Assur,
1604 2908 1658 2955 et
1685 2897 1834 2955 dice-

234 2982 376 3043 bant
416 3005 428 3043 :
481 2986 539 3042 ln
579 2988 776 3043 cmlum
828 2990 1151 3055 ascendam,
1193 3006 1299 3045 non
1326 2991 1502 3046 solum
1536 2991 1589 3046 in
1630 3000 1833 3047 terram

237 3078 586 3165 ceciderunt,
618 3082 711 3138 sed
739 3081 793 3137 in
827 3090 974 3137 terra
999 3094 1213 3138 stercus
1244 3084 1369 3139 facti
1398 3095 1543 3139 sunt.

308 3156 458 3229 Pone
472 3174 728 3246 principes
752 3190 948 3228 eorum.
966 3170 1241 3240 Quorum?
1263 3174 1364 3243 Qui
1380 3183 1624 3246 pugnant
1645 3184 1834 3230 contra
1863 3156 1909 3223 CI

236 3264 496 3337 populum
524 3277 695 3325 tuum.
721 3266 867 3323 Sicut
887 3265 1017 3321 Oreb
1033 3279 1078 3320 et
1101 3265 1279 3337 Zeb,et
1297 3266 1541 3334 Zrbee,et
1559 3267 1834 3322 Solmaua.

240 3354 429 3415 Omnes
451 3358 706 3431 principes
727 3375 926 3413 eorum.
952 3357 1170 3430 Legisse
1194 3372 1291 3413 vos
1313 3367 1439 3428 puto
1465 3356 1749 3413 historiam
1782 3358 1834 3413 in

235 3438 488 3510 Judicum
514 3450 656 3508 Ιιιπο
688 3471 699 3506 :
729 3450 983 3523 quoniam
1015 3451 1236 3507 Gedeon
1263 3451 1352 3522 qui
1376 3464 1600 3507 vocatur
1618 3451 1724 3505 alio
1746 3465 1835 3507 no-

235 3543 384 3601 mine
431 3522 685 3601 ierobaal
708 3589 722 3614 ,
750 3522 859 3615 pro
888 3544 1094 3616 populo
1125 3528 1221 3601 Dei
1250 3560 1537 3617 pugnans,
1561 3543 1663 3599 hos
1702 3560 1837 3615 qua-

233 3645 359 3693 tuor
388 3651 542 3706 reges
566 3635 757 3692 vicerit
788 3635 1197 3693 etinterlecerit
1223 3652 1318 3692 eos
1340 3634 1539 3708 (Judic.
1570 3652 1621 3691 \‘i
1641 3642 1687 3691 et
1713 3635 1830 3708 vn).

309 3720 501 3784 Videte
540 3727 729 3798 quales
756 3739 882 3782 sunt
928 3726 1205 3799 principes
1232 3726 1650 3784 Madianitarum
1679 3771 1694 3795 ,
1740 3728 1833 3798 qui

233 3818 574 3891 reliquerunt
597 3816 860 3888 judicium
892 3817 985 3873 Dei
1018 3837 1032 3874 :
1070 3818 1202 3875 Orcb
1222 3860 1237 3886 ,
1270 3829 1317 3875 et
1340 3817 1468 3886 Zeb,
1492 3827 1537 3875 et
1569 3817 1753 3887 Zebee,
1785 3825 1834 3873 et

235 3908 510 3967 Salmana.
541 3902 674 3977 Quis
716 3918 869 3980 putat
919 3909 971 3964 in
1011 3909 1131 3964 istis
1172 3904 1353 3965 verbis
1400 3925 1525 3966 esse
1570 3909 1831 3981 mysteria

232 3998 573 4058 Salvatoris?
615 4000 824 4071 Legum
852 4003 953 4055 hoc
986 3996 1327 4072 philosophi,
1362 4011 1419 4056 et
1447 4002 1694 4057 irrident.
1728 4001 1830 4058 Le—

234 4086 670 4163 guntrhetores,
704 4101 759 4146 et
784 4100 976 4161 putant
1004 4108 1128 4148 esse
1167 4092 1549 4149 deliramenta.
1582 4093 1703 4149 Non
1734 4110 1828 4149 so-

232 4182 346 4240 lum
383 4191 565 4238 autem
592 4178 840 4237 rhetores
861 4227 874 4251 ,
917 4181 1014 4237 sed
1055 4176 1109 4238 ei
1138 4183 1309 4239 Judzei
1335 4202 1445 4240 non
1477 4184 1677 4241 habent
1717 4185 1829 4240 cla-

232 4272 355 4333 vem
383 4266 626 4330 scientia:
669 4291 682 4326 :
731 4272 986 4346 quoniam
1019 4273 1263 4329 velamen
1309 4275 1544 4344 positum
1587 4285 1673 4333 est
1704 4284 1829 4333 ante

234 4356 425 4425 oculos
469 4380 678 4421 eorum.
719 4364 866 4421 Oreb
912 4367 1304 4437 interpretatur
1332 4368 1595 4437 foramen,
1625 4369 1677 4451 in
1719 4383 1827 4437 quo

233 4458 463 4518 coluber
499 4458 819 4531 ingreditur.
843 4458 954 4515 Zeb
997 4460 1386 4529 interpretatur
1412 4463 1585 4530 lupus.
1631 4454 1824 4516 Videte

1892 1921 1905 1927 _
1932 1860 2091 1926 dete,
2125 1862 2383 1933 quoniam
2432 1863 2665 1931 perditio
2690 1862 2777 1918 hic
2804 1878 2911 1919 nou
2944 1863 3302 1921 abolitionem
3332 1875 3522 1936 sonat,

1934 1950 2027 2008 sed
2054 1954 2301 2007 salutem.
2330 1953 2430 2022 Qui
2462 1954 2726 2023 sequitur.

2011 2043 2074 2099 Et
2104 2057 2416 2116 cognoscant
2441 2046 2565 2117 quia
2604 2050 2789 2101 nomen
2824 2046 2916 2101 tibi
2946 2047 3203 2102 Dominus
3233 2065 3253 2103 :
3283 2060 3337 2102 tu
3382 2048 3526 2105 solus

1935 2135 2233 2191 Altissimus
2258 2139 2313 2191 in
2344 2140 2485 2193 omni
2508 2146 2666 2193 terra.
2693 2136 2877 2209 Erigat
2908 2152 2968 2194 se
2999 2140 3089 2211 qui
3121 2140 3235 2196 vult
3265 2153 3317 2195 ut
3350 2142 3527 2213 eriga-

1937 2236 2043 2282 tur.
2070 2227 2179 2284 Nos
2200 2227 2447 2284 dicamus
2469 2246 2481 2281 :
2502 2228 2583 2284 Tu
2605 2230 2752 2285 solus
2781 2226 3090 2286 Altissimus
3109 2231 3162 2286 in
3182 2230 3330 2287 omni
3362 2241 3526 2288 terra.

1935 2320 2295 2390 Quantumvis
2323 2321 2517 2393 aliquis
2550 2323 2840 2387 exaltetur,
2878 2338 2976 2378 nos
3008 2323 3304 2380 habeamus
3336 2327 3527 2392 Deum,

1936 2412 2023 2466 ’cui
2055 2411 2321 2468 excelsius
2344 2422 2541 2469 nomen
2570 2422 2675 2477 est,
2706 2414 2792 2469 cui
2817 2420 2904 2469 est
2930 2415 3103 2485 gloria
3133 2415 3187 2470 iu
3220 2418 3416 2473 smcula
3441 2432 3534 2474 sai-

1937 2505 2203 2560 culorum.
2231 2507 2425 2560 Amen.
2664 2508 2667 2513 ’

2404 2594 2733 2663 ΡΞΑΙιΜΙΙΞ,
2763 2595 3055 2652 LXXXIII.

1938 2685 2004 2741 In
2033 2686 2139 2757 ﬁne
2167 2702 2262 2757 pro
2290 2685 2641 2741 torcularibus
2666 2687 2794 2755 ﬁliis
2827 2688 2977 2754 Core,
3020 2696 3071 2743 et
3096 2686 3362 2744 Psalmus.
3396 2690 3530 2746 'l‘res

2008 2767 2134 2811 sunt
2176 2759 2369 2827 psalmi
2422 2758 2514 2828 qui
2546 2773 2642 2826 pro
2674 2757 3023 2813 torcularibus
3059 2761 3527 2829 praescribuntur,

2009 2836 2256 2893 octavus,
2287 2838 2343 2883 et
2380 2829 2768 2899 octogesimus,
2802 2838 2858 2899 et
2901 2828 3269 2899 octogesimus
3318 2831 3527 2887 tertius.

2009 2899 2249 2970 Octavus,
2289 2899 2663 2970 prmscrihitur
2714 2898 2937 2970 David:
2979 2898 3347 2970 oetogesimus
3402 2919 3531 2958 vero

2011 2968 2383 3036 prtescribltur
2412 2968 2595 3037 Asaph
2629 2986 2640 3020 :
2673 2967 3039 3037 octogesimus
3069 2967 3198 3025 vero
3240 2975 3437 3027 tertius
3468 2974 3529 3027 ii-

2011 3039 2099 3093 liis
2125 3037 2283 3109 Core.
2319 3039 2395 3093 Do
2435 3036 2588 3109 vobis
2614 3036 2850 3107 aliquam
2881 3040 3143 3109 regulam,
3175 3053 3234 3095 ut
3258 3046 3441 3099 sciatis
3473 3046 3526 3098 in

2008 3108 2306 3179 Scripturis
2355 3108 2484 3179 quid
2534 3108 2827 3164 observare
2870 3108 3136 3166 debeatis.
3190 3112 3528 3180 Quicumque

2012 3180 2253 3304 psalmus
2302 3180 2674 3250 praescribitur
2710 3180 2940 3235 filiorum
2993 3180 3153 3250 Core,
3197 3180 3326 3235 nihil
3375 3183 3528 3240 triste

2053 3252 2198 3304 abet.
2229 3254 2323 3304 sed
2355 3265 2571 3304 semner
2600 3250 2719 3304 lu-ta
2751 3251 3038 3304 siunilicat.
3083 3250 3347 3304 Ouoniam
3380 3258 3524 3304 enim

2053 3252 2198 3317 abet,
2229 3254 2323 3305 sed
2355 3265 2571 3314 semper
2600 3250 2719 3304 lu-ta
2742 3251 3038 3320 Asignilicat.
3083 3250 3347 3320 Quoniam
3380 3258 3524 3308 enim

2010 3323 2171 3383 Core.
2206 3331 2261 3376 et
2292 3320 2524 3393 Dathan,
2559 3329 2609 3375 et
2652 3318 2853 3393 Ahiruu
2886 3318 3136 3393 fecerunt
3164 3334 3351 3376 contra
3382 3324 3525 3393 Moy-

2010 3407 2132 3459 sen,
2177 3403 2230 3446 et
2256 3407 2291 3446 a
2324 3392 2563 3463 Domino
2592 3390 2763 3460 puniti
2794 3404 2919 3445 sunt
2954 3410 2967 3442 :
3003 3392 3097 3445 lilii
3129 3393 3268 3450 Core
3295 3395 3388 3463 qui
3418 3390 3525 3450 non

2011 3471 2139 3517 sunt
2164 3462 2333 3535 secuti
2353 3472 2574 3535 patrem
2596 3478 2773 3535 suum!
2798 3472 3003 3535 aeterno
3025 3465 3225 3535 gaudio
3252 3462 3525 3535 benedicti

2008 3544 2155 3588 sunt.
2189 3530 2455 3601 Quoniam
2504 3541 2686 3587 autem
2731 3532 2869 3587 Core
2911 3530 3303 3602 interpretatur
3334 3533 3524 3588 Calva-

2007 3604 2107 3669 ria,
2137 3612 2188 3659 et
2233 3605 2574 3657 manifestum
2608 3611 2723 3670 cst,
2774 3604 2918 3671 quod
2966 3606 3207 3658 (IaIVaria
3253 3605 3525 3671 significet

2008 3675 2188 3745 locum
2220 3674 2640 3730 resurrectionis
2673 3691 2687 3745 ξ
2718 3679 3046 3745 quicumque
3075 3675 3218 3729 ﬁlius
3255 3674 3396 3731 Core
3421 3687 3526 3741 est,

2006 3740 2155 3801 ﬁlius
2185 3753 2271 3801 est
2302 3740 2761 3809 resurrectionis;
2792 3740 3121 3814 quicumque
3168 3755 3348 3801 autem
3381 3740 3525 3801 illius

2004 3816 2428 3872 resurrectionis
2459 3823 2583 3883 est,
2636 3813 2768 3869 nihil
2808 3813 2987 3886 potest
3019 3815 3222 3874 habere
3252 3816 3395 3886 quod
3429 3817 3523 3872 tri.

2001 3895 2087 3943 Sle
2110 3896 2212 3943 est.

2004 4000 2175 4066 Quam
2216 3997 2409 4054 dilecta
2450 3996 2785 4053 tabernacula
2825 4008 2933 4065 tua,
2977 3994 3201 4056 Domine
3240 3997 3526 4056 uirtutum!

1928 4093 2248 4165 concupiscit
2303 4103 2349 4146 et
2395 4093 2569 4163 deﬁcst
2612 4092 2790 4146 anima
2838 4109 2953 4146 mea
3006 4093 3060 4146 in
3110 4092 3247 4147 atria
3287 4091 3521 4147 Domini.

1929 4182 2136 4240 Deinde
2166 4183 2363 4239 dicitur
2391 4201 2402 4238 :
2438 4181 2591 4237 Beati
2612 4183 2700 4251 qui
2728 4180 2965 4237 habitant
2990 4183 3041 4235 in
3064 4183 3218 4237 domo
3240 4194 3352 4236 tua.
3382 4182 3519 4238 Vide

1927 4275 2029 4330 tria
2057 4290 2177 4331 esse
2202 4270 2577 4339 tabernacula,
2612 4281 2667 4328 et
2696 4273 2857 4340 atria,
2891 4285 2944 4329 et
2984 4273 3050 4328 ad
3081 4283 3386 4329 extremum
3413 4264 3512 4329 do-

1925 4370 2095 4424 mum.
2131 4368 2301 4434 Quam
2342 4368 2531 4423 dilecta
2571 4367 2908 4423 tabernacula
2940 4378 3065 4434 tua,
3094 4368 3321 4424 Domine
3348 4369 3518 4423 virtu-

1926 4460 2071 4514 tum!
2095 4461 2227 4528 Quae
2252 4469 2381 4515 sunt
2402 4463 2501 4516 ista
2537 4462 2930 4543 tabernacula?
2953 4463 3246 4520 Videamus
3275 4467 3521 4537 Evange-

233 4553 453 4611 nomina
508 4524 816 4622 principum
869 4524 1311 4606 adversariorum
1359 4524 1586 4606 Christi.
1613 4548 1823 4617 Zebee,
1852 4524 1905 4587 ῃ
1930 4551 2058 4606 lium
2198 4544 2353 4605 nobis
2390 4552 2631 4621 aliquam
2669 4539 3086 4623 signiﬁcantium
3119 4534 3377 4624 pra-beat;
3411 4524 3519 4612 ίοά

238 4645 419 4717 hostia,
448 4646 551 4701 hoc
579 4653 684 4707 est,
712 4659 845 4713 quos
864 4642 1021 4715 lupus
1060 4642 1427 4699 suil'ocaverit.
1458 4643 1523 4698 Et
1543 4640 1822 4711 Salmana,

238 4737 448 4810 perfecti
470 4737 523 4791 in
547 4734 767 4790 malitia.
784 4720 975 4792 Videte
1000 4752 1130 4807 ergo
1154 4734 1432 4791 nominum
1460 4740 1824 4790 sacramenta.

308 4816 411 4896 Qui
438 4824 678 4884 dixerunt
709 4843 725 4881 :
751 4824 1054 4883 [accreditate
1086 4825 1442 4902 possideamus
1470 4825 1823 4882 sunctuarluut

240 4896 352 4974 Dei.
384 4904 687 4987 Dixerunt,
720 4917 815 4975 sed
847 4928 953 4974 non
987 4896 1333 4990 perl‘ecerunt
1366 4938 1377 4972 :
1410 4919 1533 4991 quia
1566 4918 1825 4978 Dominus

239 5009 509 5093 pugnabat
546 5027 645 5082 pro
680 5013 885 5082 pupqu
915 5026 1035 5067 suo.

307 5088 449 5159 Deus
478 5120 640 5167 meus,
670 5121 803 5175 pone
822 5103 939 5159 illos
966 5102 1022 5159 ut
1047 5112 1231 5158 rotant.
1262 5094 1450 5159 Videte
1476 5098 1821 5159 clementiam

239 5178 703 5268 prophettezﬁon
753 5190 1007 5267 precatur
1055 5204 1245 5252 contra
1277 5212 1402 5264 eos,
1456 5196 1551 5253 sed
1594 5211 1693 5268 pro
1720 5196 1821 5255 eis.

240 5262 431 5343 Videte
457 5262 585 5358 quid
612 5262 785 5343 dicat-2
812 5284 956 5345 Deus
975 5304 1152 5357 meus,
1186 5289 1280 5360 qui
1311 5262 1449 5345 Deus
1472 5304 1532 5345 es
1561 5262 1822 5357 omnium,

242 5376 391 5437 meus
418 5380 637 5451 proprie
668 5366 829 5436 Deus.
866 5380 1004 5436 Deus
1030 5398 1186 5449 meus,
1218 5399 1352 5454 pone
1385 5381 1504 5437 illos
1551 5391 1608 5437 ut
1634 5389 1822 5436 rotant.

245 5458 346 5539 Qui
372 5470 524 5541 quasi
556 5464 966 5528 fundamentum
991 5468 1199 5527 habent
1224 5470 1275 5526 iu
1311 5470 1510 5527 malitia
1546 5491 1557 5526 :
1589 5488 1698 5527 non
1735 5472 1830 5526 ha-

246 5552 861 5632 beantfuadameniudi,
895 5564 991 5621 sed
1022 5564 1310 5630 vacillent,
1341 5558 1396 5622 et
1449 5581 1555 5621 non
1601 5572 1749 5621 stetit
1775 5564 1830 5620 in

248 5648 471 5714 malitia.
505 5657 651 5713 Sicut
690 5652 934 5731 stipulam
967 5672 1084 5715 ante
1125 5658 1312 5731 facient
1346 5654 1479 5716 renti
1497 5704 1510 5728 ,
1541 5660 1672 5714 sicut
1700 5658 1835 5731 ignis

254 5744 335 5819 qui
373 5742 620 5802 comburit
657 5748 855 5805 silvam.
907 5748 1056 5807 Sicut
1082 5746 1370 5821 stipulam:
1399 5745 1509 5807 rion
1550 5750 1688 5806 sicut
1726 5750 1839 5804 fru-

1928 4643 2112 4714 quitur
2134 4643 2391 4697 Dominus
2410 4655 2465 4698 et
2485 4642 2618 4698 dicit
2652 4661 2663 4695 :
2693 4642 2880 4699 Facite
2903 4645 3058 4699 vobis
3083 4648 3288 4701 amicos
3316 4647 3385 4702 de
3412 4648 3517 4702 ini-

1927 4750 2035 4807 quo
2061 4748 2389 4799 mammona,
2426 4746 2479 4788 ut
2511 4750 2633 4789 cum
2660 4734 2996 4803 defeceritis,
3036 4734 3305 4807 recipiant
3334 4753 3431 4793 vos
3462 4741 3515 4794 iu

1927 4836 2129 4883 aeterna
2175 4822 2524 4882 tabernacula
2559 4824 2711 4899 (Luc.
2743 4825 2875 4899 1m).
2931 4824 3136 4884 Videtis
3193 4844 3326 4900 ergo
3371 4833 3515 4900 quod

1929 4918 2170 4991 iniquum
2223 4932 2526 4975 mammona
2584 4920 2637 4973 in
2688 4918 2795 4973 isto
2834 4920 3037 4976 smculo
3068 4920 3272 4976 deficit.
3306 4920 3512 4977 Tamen

1924 5010 2269 5068 Considerate
2308 5008 2449 5079 quod
2492 5012 2593 5066 iste
2650 5009 2870 5081 iniquus
2914 5013 3181 5081 justitiam
3225 5022 3517 5085 pra-parat.

1926 5101 2233 5157 Mammona
2271 5101 2322 5156 in
2369 5100 2552 5173 lingua
2585 5090 2810 5157 ilcbrzna
2845 5102 3048 5158 divitia:
3096 5113 3479 5176 nuncupantur
3507 5126 3531 5181 ιγ

1926 5209 2035 5249 non
2062 5210 2279 5260 aurmu,
2304 5202 2363 5251 ut
2390 5194 2612 5265 quidam
2644 5202 2853 5264 putant.
2882 5194 2961 5250 De
2982 5194 3169 5266 iniquo
3187 5212 3517 5254 mammona.

1926 5282 2068 5340 Ve'ra
2100 5294 2183 5342 est
2213 5296 2265 5341 et
2311 5284 2620 5355 philosophi
2655 5284 2899 5359 quaadam
2936 5288 3248 5343 sententia:
3286 5307 3305 5341 ι
3334 5287 3522 5365 Omnis

1928 5378 2081 5433 dives
2107 5387 2199 5432 aut
2229 5378 2471 5450 iniquus,
2504 5386 2598 5433 aut
2626 5379 2796 5449 iniqui
2828 5379 3002 5433 ha-rcs
3029 5389 3131 5435 est.
3169 5398 3188 5433 ι
3226 5380 3522 5451 Propterea

1933 5472 2063 5528 dicit
2107 5470 2371 5527 Dominus
2398 5481 2561 5542 atque
2601 5471 2857 5527 Salvator
2890 5473 3037 5542 quod
3076 5473 3275 5529 divites
3304 5473 3526 5530 difﬁcile

1934 5563 2313 5635 ingrediuntur
2353 5564 2404 5618 in
2430 5570 2654 5635 regnum
2687 5562 2950 5618 caelorum
2983 5562 3166 5634 (Matt.
3199 5567 3334 5633 xIx).
3372 5565 3529 5620 Dicat

1938 5654 2134 5726 aliquis
2160 5652 2173 5709 ὲ
2200 5646 2490 5723 Quomodo
2517 5654 2784 5711 Zachaaus
2805 5650 3085 5724 ingressus
3107 5660 3192 5711 eSt
3220 5654 3273 5711 in
3302 5671 3528 5727 regnum

1942 5740 2231 5815 cdtor'ti'ui,
2251 5746 2343 5819 qui
2362 5736 2517 5806 ‘dives
2541 5744 2678 5805 l‘uit?
2708 5740 2816 5806 Sed
2837 5732 2987 5805 dedit
3012 5748 3252 5820 diiritias,
3275 5752 3332 5809 et
3348 5754 3530 5809 statim
