4016 6356
534 239 669 295 1071

1322 235 1669 295 APPENDIX
1707 238 1799 294 AD
1838 236 2083 297 TOMUM
2122 232 2473 293 SEPTIMUM
2514 233 2573 294 S.
2615 231 3023 292 HIERONYMI.

3700 227 3917 289 1072

532 349 889 405 commutavit
915 350 1132 409 divitias
1161 362 1327 420 regno
1355 350 1637 412 caelorum.
1664 348 1779 405 Non
1811 349 1970 418 dixit,
2003 351 2121 422 qui-
2149 352 2202 412 Α
2226 350 2347 406 scr?
2365 349 2555 406 Videte
2570 364 2701 420 ergo
2716 349 2841 420 quia
2861 362 3021 403 nemo
3040 341 3458 416 transmigr'atin
3475 347 3733 399 montes
3759 341 3906 397 nisi

532 458 768 514 cumque
795 443 990 498 divites
1020 442 1241 505 fuerint,
1274 455 1382 496 non
1415 440 1694 494 intrabunt
1735 441 1787 494 in
1814 456 1975 511 regna
2007 456 2122 498 cus-

529 535 709 590 lorum
743 554 755 587 :
787 533 885 590 sed
916 534 1079 598 dixit,
1119 531 1262 601 quod
1291 530 1514 587 difﬁcile
1543 530 1739 587 divites
1764 531 2043 588 intrabunt
2068 533 2121 588 in

526 641 693 697 regna
724 627 1005 682 caelorum.
1045 624 1216 691 Quam
1242 624 1433 679 dilecta
1465 624 1802 679 tabernacula
1848 635 1956 690 tua,
2004 624 2119 681 Do-

526 720 672 774 mine
698 718 980 773 virtutum!
1001 718 1104 771 Alii
1129 716 1445 773 desiderant
1472 719 1873 789 possessiones,
1897 718 1988 773 alii
2019 733 2124 775 sa:-

525 812 633 866 culi
665 812 825 868 istius
853 810 1094 874 divitias,
1119 810 1210 875 alii
1242 825 1437 881 parere
1467 812 1521 865 in
1569 810 1727 866 istius
1780 811 1965 866 saeculi
2016 810 2121 866 Ec-

523 900 731 968 clesiis,
774 909 828 957 et
867 901 1096 971 gloriam
1136 901 1376 972 aliquam
1408 901 1612 958 habere
1650 902 1792 972 apud
1840 901 2117 958 homines:

522 995 660 1051 mihi
692 995 794 1050 hoc
817 996 999 1051 solum
1030 995 1368 1051 desiderium
1393 1003 1479 1052 est
1506 995 1693 1052 videre
1714 1005 1916 1052 aeterna
1939 996 2121 1052 taber-

521 1087 738 1142 nacula.
768 1086 863 1142 Illa
891 1086 1023 1142 mihi
1052 1086 1254 1143 dilecta
1289 1096 1418 1143 sunt
1450 1088 1827 1154 tabernacula,
1856 1086 1954 1143 ubi
1982 1102 2118 1142 con-

522 1178 771 1252 gregatio
800 1179 1068 1234 virtutum
1099 1188 1207 1245 est,
1242 1195 1348 1234 non
1382 1180 1663 1235 vitiorum.
1701 1179 2031 1252 Concupiscit
2073 1189 2119 1234 et

522 1268 701 1339 deﬁcit
750 1270 927 1325 anima
956 1286 1072 1325 mea
1108 1271 1163 1323 in
1199 1271 1336 1324 atria
1370 1270 1582 1325 Domini
1622 1288 1640 1325 :
1673 1271 1779 1327 hoc
1807 1280 1893 1328 est
1941 1274 2117 1328 solum

519 1361 876 1429 desiderium,
906 1362 995 1416 hic
1021 1362 1174 1417 solus
1213 1376 1370 1417 amor
1409 1377 1562 1417 meus
1590 1403 1608 1429 ,
1649 1373 1710 1418 ut
1735 1362 1947 1418 videam
1982 1352 2116 1418 atria

516 1454 845 1510 tua.Videte
864 1453 1135 1509 ordinem.
1170 1453 1412 1509 Primum
1429 1453 1704 1510 desiderat
1734 1450 2114 1511 tabernacula:

516 1545 865 1601 tabernacula
898 1560 1019 1615 quac
1061 1561 1171 1603 non
1203 1545 1411 1602 habent
1442 1546 1854 1602 fundamentum
1886 1565 1897 1599 :
1933 1547 2115 1602 taber-

511 1638 710 1707 nacula
732 1653 851 1708 qua:
874 1638 984 1693 cito
1009 1646 1311 1693 mutantur.
1337 1638 1773 1694 Tabernaculum
1803 1639 1948 1695 enim
1973 1654 2116 1694 sem-

2227 443 2318 513 qui
2337 457 2524 514 passer
2542 450 2643 498 est.
2665 440 2735 496 Et
2760 449 2933 495 turtur
2954 439 3134 495 nidum
3154 440 3271 494 sibi.
3292 438 3402 494 Iste
3424 448 3507 493 est
3534 447 3781 504 turtur,
3812 435 3901 491 de

2225 550 2333 605 quo
2355 535 2558 591 dicitur
2584 533 2638 589 in
2668 533 2895 589 Cantico
2920 533 3257 587 canticorum
3285 548 3299 585 :
3324 529 3445 586 Vox
3473 526 3739 584 turturis
3770 542 3897 581 au-

2226 627 2338 683 dita
2361 638 2444 683 est
2474 626 2528 682 in
2557 636 2698 682 terra
2730 634 2915 682 nostra
2946 624 3122 697 (Cant.
3152 624 3237 695 ιι).
3261 622 3462 678 Turtur
3492 622 3707 677 nidum
3732 621 3889 676 sibi.

2224 717 2431 774 Turtur
2468 726 2553 774 est
2578 718 2782 773 animal
2826 717 3120 773 castitatis.
3151 715 3354 770 Turtur
3382 728 3494 769 non
3525 712 3780 768 habitat
3822 713 3890 766 in

2222 809 2546 876 humilibus,
2560 810 2654 866 sed
2668 826 2885 879 semper
2902 810 3032 866 facit
3053 807 3212 864 nidos
3223 807 3324 863 sibi
3339 807 3391 862 in
3406 805 3665 863 excelsis
3680 804 3889 861 arbo-

2222 908 2395 963 ribus.
2414 906 2567 964 Sicut
2587 920 2718 978 ergo
2734 919 2919 976 passer
2931 912 2987 960 et
3000 913 3175 960 turtur
3189 916 3318 957 aves
3331 900 3666 958 castissima
3683 899 3885 955 nidos

2222 998 2327 1053 sibi
2356 999 2406 1053 in
2438 997 2850 1053 sublimioribus
2881 995 3083 1052 faciunt
3110 1012 3122 1049 :
3158 995 3237 1050 sic
3280 1009 3414 1065 ergo
3441 991 3875 1057 tabernacula,

2222 1098 2279 1145 et
2298 1089 2435 1143 atria
2459 1098 2510 1144 et
2537 1088 2731 1144 domus
2761 1103 2869 1143 non
2893 1095 3021 1142 sunt
3046 1087 3097 1142 in
3121 1084 3434 1140 humiliista
3455 1093 3633 1150 terra,
3666 1083 3789 1138 sed
3811 1084 3874 1138 in

2222 1181 2461 1245 excelso,
2489 1180 2594 1237 hoc
2622 1190 2729 1247 est,
2765 1180 2817 1236 in
2845 1178 3027 1252 regnis
3050 1179 3337 1237 caelorum.
3367 1176 3623 1248 Denique
3647 1175 3873 1233 videte

2221 1272 2349 1343 quid
2387 1271 2550 1328 dicat.

2292 1363 2443 1418 Beati
2471 1364 2563 1435 qui
2590 1363 2825 1419 habitant
2847 1364 2901 1418 in
2924 1363 3075 1418 domo
3107 1372 3219 1419 tua.
3249 1360 3307 1419 In
3333 1361 3709 1418 tabernaculo
3732 1373 3861 1419 non

2220 1451 2551 1520 habitamus,
2586 1453 2682 1509 sed
2721 1452 3153 1523 peregrinamur.
3187 1453 3259 1508 Et
3288 1452 3341 1508 in
3373 1453 3516 1507 atrio
3558 1452 3858 1523 quamdiu

2220 1562 2431 1615 sumus,
2467 1562 2574 1602 non
2609 1546 2936 1614 habitamus,
2972 1546 3069 1603 sed
3095 1546 3529 1618 peregrinamur.
3561 1547 3644 1600 De
3675 1545 3856 1601 atriis

2220 1641 2367 1695 enim
2398 1638 2694 1694 transimus
2731 1639 2786 1693 in
2812 1638 3054 1693 domum.
3095 1637 3232 1694 Cum
3284 1645 3466 1694 autem
3504 1640 3851 1695 venerimus

514 1744 619 1799 per
648 1737 912 1795 mutatur,
956 1738 1014 1785 et
1047 1729 1155 1784 huc
1180 1729 1417 1799 illucque
1458 1728 1808 1785 transfertur.
1839 1728 2112 1784 Caeterum
2143 1737 2193 1799 Β
2218 1729 2271 1799 in
2301 1730 2543 1797 domum,
2568 1729 2695 1800 quid
2727 1729 2972 1785 dicitur?
2999 1728 3151 1785 Beati
3187 1730 3277 1799 qui
3300 1728 3541 1784 habitant
3565 1730 3624 1785 in
3668 1730 3849 1786 domo

516 1820 656 1875 atria
689 1836 797 1877 non
844 1830 973 1875 sunt
1018 1820 1238 1891 quidem
1280 1821 1499 1885 domus,
1534 1821 1631 1876 sed
1680 1829 1858 1875 tamen
1909 1819 2116 1876 habent

513 1914 697 1982 aliqua
734 1913 1114 1983 fundamenta,
1149 1921 1205 1969 et
1230 1914 1298 1969 de
1322 1914 1463 1968 atrio
1488 1913 1755 1969 intramus
1781 1914 1834 1967 in
1866 1912 2108 1968 domum.

514 2004 626 2060 Iste
652 2021 785 2076 ergo
830 2006 1069 2076 primum
1116 2005 1467 2062 tabernacula
1499 2004 1797 2073 desiderat,
1830 2014 1885 2061 et
1923 2016 2111 2076 postea

511 2098 717 2163 deﬁcit,
746 2106 804 2154 et
824 2113 1009 2155 amore
1037 2099 1268 2154 tabescit
1298 2108 1357 2153 ut
1378 2097 1739 2164 videatatria,
1774 2107 1969 2153 etcum
1992 2099 2111 2155 fue-

509 2191 584 2246 rit
606 2190 657 2244 iu
679 2190 838 2256 atrio,
869 2198 997 2245 tunc
1016 2191 1178 2246 dicit:
1204 2189 1353 2244 Beati
1381 2191 1469 2261 qui
1500 2191 1735 2245 habitant
1760 2191 1817 2244 in
1833 2191 2106 2247 domotua.

586 2279 688 2335 Cor
728 2297 902 2334 meum
945 2290 994 2335 et
1032 2296 1156 2335 caro
1190 2297 1303 2335 mea
1330 2281 1714 2336 easultaverunt
1739 2282 1791 2335 in
1824 2281 1993 2337 Deum
2036 2284 2111 2338 vi-

511 2386 655 2425 vum.
689 2370 918 2426 Difﬁcile
945 2380 1029 2427 est
1050 2380 1224 2426 utcor
1251 2378 1306 2426 et
1326 2386 1457 2426 caro
1484 2372 1717 2442 alicujus
1739 2372 1793 2426 in
1817 2388 2110 2433 commune

512 2463 884 2518 consentiant.
923 2463 980 2518 Si
1009 2464 1155 2518 enim
1182 2464 1480 2520 secundum
1521 2464 1847 2535 Apostolum
1881 2467 2107 2536 spiritus

510 2563 719 2625 pugnat
742 2562 936 2609 contra
957 2569 1201 2618 carnem,
1235 2563 1291 2609 et
1318 2569 1449 2610 caro
1481 2565 1672 2612 contra
1704 2557 1953 2626 spiritum
1979 2556 2108 2629 (Ga-

511 2646 605 2699 lat.
635 2645 693 2716 v)
723 2664 734 2697 :
766 2645 1040 2714 quomodo
1086 2646 1173 2702 hic
1214 2646 1369 2711 dicit,
1399 2662 1495 2703 cor
1523 2663 1701 2704 meum
1730 2657 1787 2704 et
1826 2664 1959 2705 caro
1985 2665 2102 2705 mea

510 2739 841 2795 exsultavit?
868 2740 983 2795 Hoc
1031 2756 1138 2797 non
1170 2749 1358 2810 potest
1386 2741 1600 2810 dicere,
1652 2743 1758 2798 nisi
1799 2743 1893 2800 ille
1924 2744 2015 2815 qui
2045 2745 2099 2799 in

509 2848 752 2888 amorem
795 2833 888 2888 Dei
921 2840 1030 2887 tota
1060 2843 1242 2888 mente
1272 2832 1486 2889 deﬁxus
1522 2844 1627 2891 est.
1661 2835 1764 2890 Cor
1804 2852 2012 2902 meum,
2054 2846 2105 2891 et

504 2942 628 2979 caro
656 2916 789 2979 mea.
818 2922 952 2980 Illud
983 2933 1070 2981 est
1092 2925 1237 2996 quod
1269 2925 1403 2983 dicit
1429 2934 1483 2982 et
1511 2927 1563 2982 in
1593 2929 1700 2985 alio
1731 2928 1854 2984 loco
1890 2946 1901 2981 :
1933 2929 2103 2985 sitivit

504 3017 561 3071 in
592 3025 644 3071 te
674 3017 1024 3085 animamea,
1055 3032 1221 3088 quam
1250 3018 1627 3087 multipliciter
1666 3020 1759 3075 tibi
1800 3035 1932 3075 caro
1978 3034 2102 3075 mea

2172 1856 2175 1865 ς
2212 1832 2341 1877 tua:
2374 1823 2579 1878 Domus
2604 1837 2726 1894 quae
2757 1822 2927 1879 habet
2966 1821 3404 1879 fundamentum.
3433 1822 3725 1891 Quoniam
3769 1825 3846 1882 de

2213 1914 2378 1971 domo
2401 1915 2557 1970 nobis
2584 1915 2734 1970 exire
2758 1930 2865 1972 non
2892 1914 3040 1981 licet,
3073 1914 3141 1970 de
3163 1915 3316 1971 atriis
3336 1914 3486 1971 licet.

2283 2006 2476 2063 Beatus
2499 2008 2575 2062 vir
2596 2010 2750 2080 cujus
2780 2015 2857 2060 est
2899 2005 3160 2062 auxilium
3199 2006 3305 2061 abs
3321 2015 3390 2061 te.
3437 2006 3550 2063 Nos
3590 2006 3831 2079 quidem

2213 2100 2590 2156 desideramus
2623 2099 2974 2154 tabernacula
3013 2108 3070 2154 et
3099 2098 3237 2153 atria
3270 2108 3324 2154 et
3362 2098 3588 2154 domum
3643 2107 3820 2165 tuam,

2212 2193 2309 2249 sed
2333 2192 2437 2248 hoc
2462 2192 2641 2262 ipsum
2674 2200 2734 2246 ut
2758 2186 2958 2261 capere
2989 2193 3264 2262 possimus
3285 2237 3299 2261 ,
3332 2207 3443 2247 non
3480 2201 3569 2248 est
3594 2192 3822 2248 virtutis

2212 2290 2441 2350 nostras,
2471 2281 2570 2337 sed
2603 2280 2797 2355 auxilii
2829 2282 2929 2338 tui.
2961 2283 3297 2338 Ascensiones
3327 2282 3379 2337 in
3401 2284 3558 2338 corde
3578 2301 3680 2339 suo
3707 2286 3819 2339 dis-

2211 2375 2403 2447 posuit.
2462 2374 2596 2441 Quis
2626 2374 2897 2445 diSposuit
2943 2376 3303 2432 ascensiones
3348 2377 3404 2432 in
3455 2377 3628 2434 corde
3672 2377 3813 2434 suo?

2209 2468 2414 2525 Beatus
2440 2469 2527 2524 vir
2546 2468 2704 2539 cujus
2735 2478 2818 2525 est
2844 2469 3114 2524 auxilium
3144 2485 3173 2524 a
3201 2469 3432 2525 Domino
3456 2488 3470 2524 :
3500 2470 3595 2527 ille
3624 2470 3812 2543 dispo-

2209 2564 2319 2618 suit
2347 2564 2700 2619 aseensiones
2731 2563 2784 2618 in
2827 2563 2995 2618 corde
3039 2577 3163 2618 suo.
3206 2562 3548 2635 Quicumque
3585 2573 3808 2621 sanctus

2208 2662 2316 2721 est,
2342 2653 2591 2725 quotidie
2623 2654 2681 2709 in
2712 2656 2897 2724 priora
2925 2654 3257 2717 extenditur,
3297 2663 3353 2711 et
3394 2657 3804 2726 praeteritorum

2208 2748 2573 2804 obliviscitur.
2634 2748 2936 2818 PrOpIerea
3006 2747 3263 2803 dicuntur
3306 2757 3361 2804 et
3425 2748 3480 2803 in
3536 2749 3803 2806 Psalterio

2210 2842 2400 2910 psalmi
2444 2841 2711 2913 graduum
2741 2840 3053 2913 quindecim
3072 2884 3087 2909 ,
3121 2851 3177 2898 et
3207 2843 3420 2912 primus
3451 2844 3692 2900 dicitur:
3722 2843 3802 2900 Ad

2206 2935 2500 2991 Dominum
2531 2951 2653 2991 cum
2683 2934 2985 2990 tribularer
3015 2935 3272 2990 clamavi.
3305 2934 3375 2991 Et
3416 2937 3472 2991 in
3513 2938 3755 2995 secundo
3785 2956 3799 2991 :

2205 3027 2404 3083 Levavi
2423 3029 2612 3083 oculos
2634 3043 2789 3082 meos
2819 3027 2872 3082 in
2903 3035 3140 3095 montes,
3166 3027 3309 3084 unde
3324 3029 3516 3085 veniet
3536 3028 3797 3085 auxilium

508 3106 684 3178 (Psal.
715 3107 874 3178 Lxu)!
909 3106 1014 3162 Ista
1047 3116 1130 3162 est
1154 3122 1285 3163 caro
1320 3124 1441 3179 qua:
1467 3110 1744 3166 desiderat
1789 3111 2097 3178 Dominum,
2129 3104 2175 3169 C
2206 3120 2362 3175 mihi.
2405 3118 2475 3174 Et
2521 3119 2576 3175 in
2608 3123 2769 3176 tertio
2803 3138 2816 3175 :
2844 3119 3088 3176 Lmtatus
3116 3136 3236 3177 sum
3279 3122 3334 3178 in
3369 3121 3457 3177 his
3497 3140 3621 3193 qua:
3652 3123 3795 3180 dicta

503 3199 573 3255 dc
614 3216 717 3271 qua
745 3201 799 3255 in
828 3201 936 3255 alio
965 3201 1088 3256 loco
1128 3201 1330 3257 dicitur
1367 3221 1378 3255 :
1411 3204 1477 3258 Et
1518 3204 1721 3260 videbit
1762 3206 1942 3261 omnis
1970 3222 2101 3262 caro

500 3294 744 3348 salutare
773 3292 869 3348 Dei
902 3291 1057 3364 (lsai.
1091 3298 1205 3362 χιι).
1238 3294 1330 3349 Illa
1361 3306 1541 3352 autem
1572 3312 1700 3354 caro
1728 3298 1797 3355 de
1825 3314 1929 3370 qua
1956 3300 2099 3356 dici-

499 3391 591 3437 tur
621 3403 633 3436 :
660 3383 851 3440 Omnis
882 3398 1015 3439 caro
1061 3384 1243 3440 fenum
1276 3385 1469 3457 (Eceli.
1506 3389 1646 3460 xtv),
1682 3404 1787 3445 non
1818 3390 2101 3447 desiderat

499 3477 814 3533 Dominum.
845 3475 948 3532 Cor
970 3494 1142 3533 meum
1164 3487 1211 3532 et
1238 3495 1361 3533 caro
1386 3482 1673 3538 mea.Vide
1698 3483 1827 3537 mihi
1860 3484 2098 3554 aliquem

499 3570 893 3635 abstinentem,
924 3569 1017 3638 qui
1044 3579 1274 3625 mortem
1305 3573 1488 3625 carnis
1519 3589 1652 3643 suae,
1686 3575 1898 3629 lucrum
1947 3584 2100 3645 putat

500 3661 700 3714 animae
722 3673 856 3714 suae.
881 3659 1012 3713 Haec
1040 3667 1222 3713 autem
1255 3662 1439 3715 carnis
1465 3672 1591 3717 sunt
1609 3664 1837 3733 jejunio,
1862 3674 1918 3720 et
1957 3665 2099 3736 inju-

494 3748 617 3806 riae.
646 3749 893 3819 Denique
923 3757 979 3804 et
1004 3751 1298 3819 Apostolus
1327 3750 1455 3821 quid
1482 3752 1646 3807 dicit?
1671 3754 1840 3822 Quem
1878 3756 2099 3811 tradidit

499 3844 718 3900 Satanae
748 3843 800 3898 in
831 3842 1107 3899 interitum
1138 3845 1350 3911 carnis,
1401 3854 1458 3900 ut
1502 3847 1728 3915 spiritus
1774 3848 1957 3904 salvus
2003 3849 2098 3905 ﬁat

497 3933 544 3994 (1
569 3935 689 3989 Cor.
708 3933 788 4005 v).
821 3934 935 3990 Nisi
961 3950 1091 3992 caro
1115 3947 1327 3992 mortua
1360 3936 1547 4007 fuerit,
1576 3939 1807 4010 spiritus
1835 3942 2093 3999 viviﬁcari

497 4043 607 4083 non
655 4036 861 4096 potest.
904 4027 1197 4096 Propterea
1230 4030 1366 4086 dicit
1404 4040 1462 4086 et
1506 4035 1840 4103 Apostolus:
1870 4035 2095 4105 Quando

494 4120 773 4186 inﬁrmor,
811 4127 937 4174 tunc
959 4118 1153 4176 fortior
1181 4136 1299 4176 sum
1319 4121 1518 4194 (llCor.
1549 4124 1668 4197 xu).
1693 4125 2014 4182 Consideret
2034 4143 2095 4185 se

498 4212 880 4283 unusquisque
919 4212 1135 4282 quando
1166 4214 1374 4284 jejunio
1413 4216 1591 4271 lassus
1617 4227 1701 4272 est
1727 4227 1782 4274 et
1808 4221 2089 4277 defectus:

495 4303 776 4374 quomodo
804 4303 988 4359 anima
1021 4304 1221 4374 vigeat,
1249 4309 1529 4375 quomodo
1560 4309 1697 4364 nihil
1742 4311 1891 4367 aliud
1941 4330 2093 4371 mens

496 4399 604 4453 nisi
650 4396 720 4453 de
768 4397 881 4453 Deo
923 4398 1237 4455 considerat
1271 4418 1281 4452 :
1314 4402 1591 4471 quomodo
1635 4420 1851 4477 semper
1899 4408 2089 4480 dicat,

494 4504 651 4560 quant
678 4487 869 4543 dilecta
889 4492 1222 4545 tabernacula
1246 4501 1357 4560 tua,
1388 4493 1609 4550 Domine
1629 4498 1874 4553 virtutum
1893 4499 1915 4552 .’

572 4579 781 4636 Etenim
804 4599 984 4653 passer
1010 4582 1205 4639 invenit
1232 4585 1330 4640 sibi
1359 4586 1594 4657 domum,
1626 4599 1674 4644 et
1711 4600 1882 4645 turtur
1911 4594 2088 4649 nidum

493 4674 593 4729 sibi
625 4674 709 4728 ubi
736 4682 959 4747 reponat
992 4676 1170 4744 pullos
1198 4693 1338 4734 suos.
1362 4678 1564 4734 Altaria
1599 4690 1706 4748 tua,
1747 4682 1965 4739 Domine
1987 4686 2090 4739 vir-

496 4773 691 4833 tutum,
720 4783 815 4822 rea:
850 4784 1016 4833 meus,
1046 4778 1095 4823 et
1122 4767 1262 4824 Deus
1298 4787 1465 4827 meus.
1513 4772 1737 4830 Interim
1770 4776 2089 4845 simpliciter

487 4856 939 4931 interpretemur.
957 4859 1149 4933 Videte
1170 4861 1296 4933 quid
1324 4863 1497 4918 dicat:
1524 4864 1805 4934 Desidere,
1837 4867 2082 4939 Domine,

488 4958 696 5005 interna
732 4951 1080 5007 tabernacula
1113 4960 1202 5007 tua
1236 4970 1249 5005 :
1282 4955 1595 5023 concupiscit
1630 4966 1681 5010 et
1710 4957 1886 5025 deﬁcit
1909 4960 2083 5014 anima

485 5055 605 5096 mea
634 5043 689 5097 in
709 5045 847 5097 atria
869 5041 1098 5098 Domini.
1123 5045 1320 5101 Scdcm
1346 5048 1582 5117 aliquam
1612 5057 1665 5103 et
1700 5049 1942 5106 nidulum
1965 5053 2083 5107 ani.

480 5147 590 5189 ma:
619 5149 777 5200 meae,
803 5144 858 5190 et
887 5136 1105 5206 corpori
1130 5151 1251 5193 meo
1265 5137 1465 5193 habere
1488 5139 1757 5197 desidero.
1790 5140 1937 5199 Aves
1960 5160 2080 5215 quae

476 5226 654 5284 libere
699 5228 804 5284 huc
833 5238 996 5299 atque
1040 5229 1176 5285 illuc
1218 5241 1517 5301 vagantur:
1550 5241 1733 5290 tamen
1784 5244 2071 5307 postquam

477 5317 811 5388 volaverint,
828 5319 1031 5376 habent.
1061 5322 1236 5377 locum
1256 5332 1311 5378 et
1334 5323 1549 5379 nidulos
1571 5326 1661 5381 ubi
1691 5329 2069 5398 requiescant:

477 5422 686 5483 quanto
716 5414 888 5484 magis
918 5416 1098 5469 anima
1128 5430 1272 5480 mea,
1299 5425 1355 5472 et
1381 5434 1509 5473 caro
1532 5434 1650 5475 mea
1680 5420 1843 5476 debet
1863 5422 1966 5477 sibi
1992 5424 2069 5477 lo-

474 5515 598 5557 cum
625 5518 972 5574 praiparare,
999 5505 1091 5560 ubi
1122 5507 1291 5576 possit
1323 5510 1698 5579 requiescere!
1730 5511 1883 5567 Nunc
1910 5513 2069 5569 altius

473 5590 677 5662 aliquid
722 5594 1105 5653 ascendamus.
1156 5597 1213 5652 ln
1246 5598 1477 5655 Domino
1504 5602 1719 5658 conﬁdo
1752 5621 1763 5655 :
1795 5604 2067 5673 quomodo

464 5680 652 5741 dicitis
677 5686 873 5745 animae
898 5703 1055 5758 mem,
1084 5693 1412 5763 transmigra
1452 5695 1503 5750 in
1537 5705 1750 5753 montes
1770 5698 1911 5754 sicut
1938 5711 2063 5766 pas-

2204 3219 2334 3266 sunt
2362 3209 2515 3275 mihi,
2549 3220 2605 3265 et
2625 3225 2845 3281 semper
2875 3211 3143 3282 procedit,
3171 3222 3228 3268 et
3256 3213 3492 3283 proﬁcit,
3521 3224 3575 3270 et
3607 3229 3795 3272 ascen-

2203 3303 2284 3359 dit
2304 3304 2357 3358 in
2387 3302 2726 3358 sublimiora.
2751 3303 2906 3372 Quod
2934 3303 3087 3375 dicit,
3107 3306 3211 3361 hoc
3233 3313 3321 3361 est
3338 3324 3353 3362 :
3373 3306 3710 3362 Ascensiones
3736 3309 3790 3364 in

2202 3398 2354 3452 corde
2380 3414 2475 3452 suo
2522 3397 2774 3470 disposuit
2805 3414 2824 3452 :
2854 3398 3007 3454 Felix
3033 3407 3119 3455 est
3146 3399 3239 3472 qui
3273 3400 3518 3471 qu0tidie
3550 3402 3783 3472 proﬁcit,

2202 3490 2295 3560 qui
2328 3505 2433 3544 non
2465 3490 2781 3545 considerat
2799 3489 2927 3560 quid
2949 3488 3066 3545 heri
3092 3490 3307 3561 fecerit,
3341 3493 3439 3548 sed
3470 3492 3597 3564 quid
3626 3492 3787 3550 hodie

2200 3579 2404 3649 faciat,
2453 3591 2509 3635 ut
2541 3580 2810 3651 proﬁciat.
2844 3580 3078 3637 Sanctus
3125 3583 3476 3639 ascensiones
3528 3585 3582 3640 in
3627 3586 3785 3642 corde

2200 3682 2301 3727 suo
2325 3672 2497 3741 ponit,
2531 3681 2784 3741 peccator
2811 3672 3226 3730 descensiones.
3250 3674 3537 3744 Quomodo
3552 3678 3644 3748 qui
3664 3692 3781 3733 san-

2199 3772 2319 3819 ctus
2364 3773 2478 3832 est,
2521 3764 2768 3835 quotidie
2801 3765 3060 3836 proﬁcit:
3095 3768 3171 3823 ita
3215 3769 3308 3837 qui
3356 3777 3613 3840 peccator
3665 3781 3776 3838 est,

2199 3854 2441 3925 quotidie
2478 3853 2770 3911 decrescit.
2803 3855 2997 3912 Beatus
3027 3858 3103 3912 uir
3132 3862 3222 3929 qui
3258 3859 3488 3932 disponit
3526 3863 3774 3916 ascensio-

2198 3964 2288 4004 nes
2330 3948 2384 4002 in
2414 3948 2585 4002 corde.
2619 3947 2815 4004 Videte
2854 3950 3304 4019 consequentiam
3352 3951 3769 4022 Scripturarum.

2198 4036 2264 4092 In
2294 4037 2427 4092 valle
2451 4039 2802 4110 lacrymarum
2822 4039 2873 4093 in
2901 4038 3015 4093 loco
3034 4056 3182 4110 quem
3210 4036 3401 4111 posuit.
3430 4041 3532 4099 Ubi
3563 4043 3767 4110 dicitur,

2195 4130 2249 4184 in
2296 4130 2463 4192 ualle.
2510 4146 2737 4186 necesse
2767 4139 2857 4185 est
2883 4141 2946 4186 ut
2973 4134 3283 4189 econtrario
3318 4133 3686 4212 intelligamus
3720 4144 3770 4192 et

2194 4235 2462 4280 montem.
2517 4222 2660 4295 Ergo
2710 4224 3045 4296 quicumque
3084 4225 3329 4296 disponit
3353 4227 3695 4286 ascensiones
3717 4229 3764 4285 in

2196 4312 2363 4370 corde
2394 4328 2522 4383 suo,
2578 4314 2672 4368 ubi
2721 4314 2933 4384 positus
2961 4316 3082 4371 est?
3123 4316 3193 4371 In
3228 4316 3363 4372 ralle
3409 4318 3761 4390 lacrymarum.

2196 4405 2619 4463 Consideremus
2660 4408 2803 4478 quod
2835 4408 2887 4463 in
2937 4409 3081 4465 valle
3129 4426 3340 4477 sumus,
3379 4426 3486 4466 non
3513 4428 3694 4469 sumus
3717 4414 3762 4468 in

2115 4486 2169 4547 D
2196 4509 2400 4567 monte,
2428 4514 2542 4554 non
2574 4514 2761 4555 sumus
2792 4500 2845 4554 in
2877 4500 3134 4570 paradiso
3168 4520 3180 4555 :
3214 4517 3317 4558 nec
3344 4502 3401 4558 in
3435 4504 3667 4572 paradisi
3689 4504 3760 4559 al-

2195 4590 2453 4659 titudine,
2483 4591 2579 4647 sed
2607 4591 2658 4646 in
2704 4591 3012 4648 humilitate
3041 4601 3222 4659 terrae,
3255 4592 3562 4651 maledicta:
3593 4605 3757 4664 terrae,

2191 4685 2498 4742 maledicta:
2539 4700 2661 4754 qua:
2710 4683 2869 4740 nobis
2920 4685 3152 4741 tribulos
3186 4695 3241 4741 et
3286 4687 3469 4756 Spinas
3522 4698 3758 4758 generat,

2189 4793 2312 4849 qua:
2340 4777 2496 4832 cibus
2536 4777 2805 4848 serpentis
2834 4786 2942 4845 est,
2984 4776 3052 4833 dc
3092 4793 3198 4848 qua
3226 4778 3430 4833 dicitur
3460 4778 3529 4835 ad
3557 4779 3715 4837 Adam
3739 4796 3753 4834 :

2189 4868 2359 4926 Terra
2389 4883 2471 4935 es,
2502 4876 2558 4923 et
2583 4867 2636 4922 in
2668 4878 2867 4924 terram
2898 4868 3025 4924 ibis.
3054 4869 3323 4937 Quamdiu
3345 4886 3480 4941 ergo
3507 4887 3687 4927 sumus
3708 4871 3755 4927 in

2186 4961 2328 5018 valle
2348 4960 2735 5031 lacrymarum,
2760 4977 2866 5016 non
2887 4960 3160 5016 debemus
3186 4961 3389 5031 ridere,
3413 4963 3511 5020 sed
3535 4964 3751 5035 plorare.

2184 5053 2478 5122 Propterea
2503 5051 2637 5107 dicit
2659 5063 2717 5109 et
2742 5052 3006 5109 Dominus
3040 5070 3053 5106 :
3082 5053 3232 5109 Beati
3255 5053 3475 5121 ﬂentes,
3517 5057 3638 5127 quia
3664 5055 3751 5126 ipsi

2181 5144 2438 5201 ridebunt
2460 5143 2679 5217 (Matth.
2704 5144 2781 5217 v).
2805 5144 3024 5200 Interim
3049 5160 3179 5216 ergo
3199 5146 3325 5201 dum
3348 5150 3606 5203 sumusin
3630 5147 3752 5203 valle

2181 5236 2569 5309 lacrymarum,
2592 5236 2844 5292 steculum
2860 5235 2964 5292 hoc
2987 5237 3352 5309 lacrymarum
3375 5247 3481 5307 est,
3510 5255 3617 5295 non
3639 5256 3750 5311 gau-

2179 5326 2278 5385 dii.
2308 5326 2427 5382 Non
2458 5327 2719 5384 debemus
2746 5328 2945 5395 ridere,
2971 5329 3229 5397 quoniam
3278 5329 3382 5385 hoc
3412 5331 3669 5386 saeculum
3701 5340 3748 5388 et

2179 5420 2283 5478 hoc
2318 5434 2531 5492 tempus
2560 5422 2924 5494 lacrymarum
2954 5433 3059 5493 est,
3108 5422 3246 5479 illud
3285 5424 3492 5494 gaudii.
3541 5422 3609 5479 In
3636 5424 3746 5480 ralis

2176 5513 2524 5585 lacrymarum
2556 5513 2610 5568 in
2635 5513 2747 5569 loco
2779 5531 2928 5587 quem
2959 5514 3150 5585 posuit.
3180 5513 3319 5582 Quid
3345 5523 3431 5571 est
3462 5514 3605 5586 quod
3627 5516 3743 5572 dici-

2176 5616 2264 5661 tur
2301 5624 2314 5660 :
2346 5608 2399 5662 in
2429 5608 2542 5663 loco
2570 5624 2720 5679 quem
2759 5607 2950 5680 posuit.
2978 5606 3047 5663 In
3074 5608 3214 5675 loco,
3241 5606 3346 5665 hoc
3375 5618 3482 5677 est,
3528 5611 3581 5665 in
3617 5610 3739 5667 valle

2171 5699 2558 5772 lacrymarum.
2586 5698 2654 5756 In
2670 5702 2783 5758 loco
2805 5717 2957 5773 quem
2976 5702 3168 5773 posuit.
3192 5700 3335 5758 Deus
3358 5715 3461 5758 nos
3486 5701 3662 5772 posuit
3679 5701 3734 5760 ad
