4016 6330
242 328 392 385 ίοῖδ

1070 400 1073 403 _
1125 329 1557 388 BREVIARIUM
1596 328 1663 385 IN
1702 327 2032 387 PSALMOS.
2078 329 2328 388 PSALM.
2369 332 2656 391 LXXXIV.

3397 336 3537 393 1074

233 432 547 509 certamen,
576 448 640 497 ut
677 456 893 512 semper
918 445 971 496 in
1011 440 1112 497 hoc
1140 457 1464 514 pugnemus.
1493 442 1676 499 Locus
1707 458 1839 513 ergo
1864 444 1919 505 Δ
1941 444 2182 503 Joannes
2212 447 2357 504 inter
2379 464 2572 507 omnes
2591 450 2845 507 homines
2877 451 3051 520 major
3073 459 3178 507 est.
3205 449 3275 505 Et
3294 450 3339 505 si
3368 450 3535 506 vultis

232 535 367 602 iste,
398 537 504 591 hoc
531 545 634 604 est,
655 535 814 591 vallis
856 535 1244 607 lacrymarum,
1275 552 1384 593 non
1412 546 1497 593 est
1524 537 1695 608 pacis,
1728 551 1841 592 non

230 637 326 684 est
346 628 677 694 securitatis,
714 628 810 683 sed
842 629 1160 684 certaminis
1189 637 1350 698 atque
1379 628 1668 689 bellorum.

312 721 523 777 Etenim
544 722 928 778 benedictiones
953 723 1093 778 dabit
1121 723 1409 796 legislator.
1428 724 1585 781 Dicat
1607 725 1836 797 aliquis:

236 813 311 869 In
351 814 486 871 valle
524 816 895 887 lacrymarum,
929 817 983 870 in
1012 816 1127 872 loco
1153 833 1303 889 quem
1332 821 1506 889 potuit
1528 861 1543 886 ,
1590 820 1656 874 ad
1708 834 1840 889 ago-

236 922 392 975 nem,
417 905 522 962 hoc
538 916 641 976 est,
666 907 733 961 ad
762 915 1039 963 certamen
1067 923 1261 978 :quare
1284 911 1466 979 posuit
1487 909 1555 965 ad
1577 910 1839 977 agonem?

236 1013 413 1069 quare
477 1014 717 1069 pugnare
780 1014 882 1055 nos
934 999 1151 1055 voluit?
1200 999 1506 1070 Respondit
1565 1001 1670 1056 sibi
1735 1001 1837 1071 ipsi

240 1089 537 1146 Psalmista
556 1132 571 1155 ,
600 1099 655 1146 ct
680 1090 813 1147 dicit
842 1108 856 1146 :
888 1090 1185 1160 Propterea
1228 1092 1279 1145 in
1313 1091 1436 1147 loco
1463 1093 1567 1146 isto
1592 1106 1834 1161 pugnare

239 1196 353 1238 nos
380 1182 572 1249 voluit,
605 1191 666 1237 ut
693 1183 868 1254 possit
901 1183 1141 1239 tribuere
1170 1198 1417 1240 coronas.
1446 1182 1656 1239 Etenim
1686 1184 1838 1238 bene-

237 1274 492 1328 dictiones
522 1273 668 1329 dabit
707 1273 1022 1348 Legislator.
1062 1275 1169 1331 Iste
1200 1275 1508 1346 Legislator
1532 1321 1547 1345 ,
1596 1275 1701 1331 hoc
1729 1284 1834 1341 est,

236 1363 573 1434 agonotheta
600 1376 808 1429 noster,
842 1376 1130 1437 propterea
1154 1382 1254 1423 nos
1282 1382 1521 1438 pugnare
1553 1367 1746 1431 voluit,
1780 1376 1839 1423 ut

238 1469 347 1510 nos
374 1454 550 1524 possit
594 1455 935 1513 benedicere.
967 1456 1167 1513 Videte
1202 1459 1671 1528 consequentiam.
1704 1456 1836 1526 Qua:

236 1555 374 1602 sunt
396 1555 577 1601 autem
597 1546 1003 1603 benedictiones
1023 1548 1176 1605 istius
1190 1541 1569 1619 agonotheim?
1589 1548 1615 1601 1
1626 1549 1748 1603 bunt
1771 1547 1838 1603 de

238 1640 434 1693 virtute
460 1640 514 1693 in
536 1641 793 1695 virtutem.
828 1640 926 1695 Ilic
945 1646 1190 1709 vincunt,
1218 1652 1279 1696 ut
1310 1641 1381 1697 ibi
1398 1649 1754 1697 coronentur.
1775 1639 1835 1696 Si

239 1732 335 1788 hic
365 1733 446 1788 vir
476 1733 631 1790 fortis
677 1735 1013 1804 apparuerit,
1045 1735 1116 1790 ibi
1148 1736 1427 1791 robustior
1458 1734 1550 1799 lit,
1592 1734 1738 1788 ibunt
1770 1734 1835 1787 de

1943 539 2106 604 scire,
2137 540 2253 609 ipse
2279 549 2366 597 est
2409 544 2658 614 angelus.
2683 542 2790 600 Iste
2827 552 3014 600 autem
3060 543 3154 615 qui
3184 543 3238 599 in
3265 551 3413 599 terra
3435 558 3534 598 an-

1944 631 2098 701 gelus
2119 642 2223 695 est.
2240 633 2293 689 in
2324 636 2586 691 caelorum
2613 652 2780 707 regno
2812 636 3144 693 novissimus
3170 646 3276 704 est,
3300 638 3405 692 hoc
3425 644 3532 702 est,

1941 724 2010 779 ab
2031 726 2239 795 angelis
2266 728 2447 782 minor
2476 739 2580 784 est.
2604 729 2707 798 Qui
2738 739 2922 785 autem
2945 730 3200 785 minimus
3232 737 3318 786 est
3347 730 3401 785 in
3428 744 3529 786 re-

1940 832 2048 887 gno
2074 818 2361 886 caelorum,
2387 820 2488 875 hoc
2524 829 2632 888 est,
2664 822 2912 892 angelus,
2940 822 3113 889 major
3162 827 3247 876 est
3284 820 3352 875 ab
3398 820 3527 887 isto,

1941 909 2032 978 qui
2065 910 2119 963 in
2161 916 2304 964 terra
2348 912 2601 967 omnibus
2631 914 2805 983 major
2832 922 2937 969 est.
2969 914 3083 970 Hoc
3120 920 3206 969 est
3233 927 3363 984 ergo
3390 912 3536 983 quod

1941 1015 2087 1056 nunc
2117 1001 2382 1070 propheta
2410 1003 2547 1057 dicit
2575 1005 2762 1078 :Elegi
2785 1007 3015 1080 abjectus
3041 1021 3149 1060 esse
3174 1005 3230 1059 in
3255 1004 3408 1059 domo
3433 1003 3536 1058 Dei
3618 1072 3625 1076 g

1942 1094 2063 1156 mei,
2097 1093 2198 1147 hoc
2224 1103 2331 1160 est,
2377 1097 2558 1152 minus
2588 1112 2713 1153 esse
2768 1098 2913 1152 volui
2957 1099 3012 1151 in
3043 1112 3214 1167 regno
3245 1097 3535 1163 caelorum,

1939 1197 2100 1252 quam
2142 1184 2196 1238 in
2246 1183 2353 1239 isto
2384 1185 2591 1241 saeculo
2628 1186 2858 1257 primus.
2912 1187 3062 1259 Elegi
3088 1187 3318 1260 abjectus
3346 1187 3532 1242 essein

1938 1279 2092 1335 domo
2114 1278 2215 1334 Dei
2239 1281 2361 1348 mei,
2404 1298 2560 1351 quam
2589 1282 2825 1337 habitare
2853 1284 2907 1336 in
2934 1274 3276 1344 tabernaculis
3300 1290 3539 1354 peccato-

1937 1389 2077 1427 rum.
2109 1373 2487 1431 Tabcrnacula
2536 1392 2642 1431 non
2699 1376 2905 1431 habent
2957 1375 3390 1441 fundamentum,
3440 1372 3541 1429 sed

1939 1474 2343 1534 pertranseunt.
2377 1467 2579 1524 Tamen
2631 1467 2723 1539 qui
2772 1475 3027 1538 peccator
3071 1474 3185 1533 est,
3236 1479 3532 1535 numquam

1939 1557 2127 1612 incolit
2158 1566 2383 1627 terram,
2406 1559 2501 1615 sed
2536 1558 2806 1614 inhabitat
2836 1566 2889 1611 et
2913 1556 3173 1628 possidet.

2014 1649 2152 1715 Quia
2181 1650 2588 1704 misericordiam
2626 1658 2676 1703 et
2714 1650 2988 1705 veritatem
3028 1647 3200 1719 diligit
3232 1646 3392 1701 Deus.
3420 1646 3540 1701 Duo

1938 1740 2115 1810 diligit
2135 1741 2281 1796 Deus
2307 1757 2321 1794 :
2355 1743 2782 1797 misericordiam
2813 1752 2869 1798 et
2891 1742 3203 1797 veritatem.
3230 1739 3288 1795 Si
3322 1747 3536 1793 tantum

237 1826 432 1879 virtute
460 1827 515 1880 in
541 1829 801 1882 virtutem.
847 1826 994 1897 Ergo
1023 1828 1128 1882 nisi
1158 1827 1248 1883 hic
1279 1824 1631 1884 habuerimus
1665 1826 1839 1880 virtu-
1866 1817 1917 1879 B
1942 1831 2254 1887 misericors
2267 1843 2629 1901 esset,omnes
2651 1847 2748 1889 nos
2778 1832 2845 1888 ad
2872 1841 3095 1903 peccata
3118 1828 3535 1901 provocaret.Sl

241 1931 354 1979 tem
386 1940 400 1977 :
435 1921 509 1976 ibi
553 1920 809 1976 virtutem
836 1920 1100 1989 majorem
1136 1920 1345 1977 habere
1380 1938 1489 1977 non
1520 1934 1826 1992 possumus.

241 2014 433 2085 Neque
456 2012 605 2069 enim
631 2012 790 2078 dixit,
812 2011 969 2067 ibunt
984 2012 1052 2069 de
1076 2012 1447 2070 imbecillitate
1468 2013 1523 2068 in
1540 2014 1798 2069 virtutem
1822 2031 1835 2065 :

241 2104 366 2171 sed,
397 2106 543 2159 ibunt
569 2104 635 2158 de
661 2105 851 2158 virtute
876 2105 930 2158 in
960 2106 1224 2158 virtutem.
1249 2104 1343 2161 Vis
1378 2105 1454 2161 ibi
1485 2120 1607 2162 esse
1637 2103 1838 2160 fortis?

244 2200 391 2254 Ante
434 2198 520 2253 hic
569 2206 693 2253 esto
739 2196 918 2253 fortis.
946 2196 1041 2252 Vis
1071 2197 1141 2252 ibi
1166 2198 1454 2253 coronari?
1501 2197 1601 2254 llic
1631 2212 1834 2269 pugna.

246 2291 412 2348 Ibunt
457 2292 521 2346 de
550 2292 737 2345 virtute
762 2291 817 2343 in
842 2290 1103 2345 virtutem.
1156 2288 1455 2347 Possumus
1484 2300 1539 2347 et
1571 2293 1731 2347 aliter
1759 2291 1843 2347 di-

242 2401 413 2443 cere:
439 2385 689 2441 Christus
716 2384 813 2441 Dei
835 2385 1035 2451 virtus,
1057 2394 1113 2441 et
1137 2385 1232 2441 Dei
1266 2386 1539 2457 sapientia
1568 2386 1609 2457 (l
1628 2386 1748 2441 Cor.
1774 2388 1838 2459 ι).

245 2479 352 2548 Qui
382 2477 472 2534 hic
494 2477 744 2534 habuerit
763 2477 1046 2543 virtutem,
1074 2486 1129 2532 et
1157 2477 1231 2533 ibi
1260 2478 1480 2533 habebit
1526 2479 1705 2547 ipsam
1728 2479 1842 2533 vir-

249 2579 440 2626 Intern.
474 2569 633 2626 Ibunt
678 2570 743 2624 de
764 2570 951 2625 virtute
980 2569 1036 2624 in
1062 2571 1323 2626 virtutem.
1369 2570 1511 2639 Quid
1559 2569 1843 2625 habebunt

247 2663 389 2720 lucri
419 2680 540 2720 cum
569 2663 734 2719 ierint
758 2662 825 2719 de
851 2664 1052 2719 virtute
1081 2665 1135 2719 in
1165 2664 1466 2720 virtutem?
1493 2664 1634 2733 Quid
1654 2664 1841 2719 habe.

248 2756 384 2813 bunt
414 2756 656 2827 praemii?
687 2754 963 2810 Videbitur
992 2754 1134 2811 Deus
1159 2755 1372 2811 deorum
1418 2757 1472 2810 in
1504 2755 1658 2811 Sion.
1693 2753 1846 2810 Beati

248 2850 457 2907 mundo
486 2849 674 2915 corde,
716 2850 975 2920 quoniam
1004 2848 1108 2919 ipsi
1139 2849 1307 2905 Deum
1338 2848 1595 2904 videbunt
1617 2844 1838 2918 (Matth.

247 2941 347 3013 v):
384 2941 596 2998 Sufﬁcit
640 2941 971 3009 victoribus,
1004 2942 1199 2997 sufficit
1227 2942 1309 2997 eis
1350 2942 1445 3012 qui
1472 2948 1847 3012 pugnaverunt

249 3032 419 3089 facies
445 3031 667 3089 Christi.
698 3032 867 3088 Deum
896 3031 1109 3098 videre,
1143 3032 1348 3088 inﬁnita
1384 3047 1584 3088 corona
1610 3039 1713 3086 est.
1752 3028 1845 3084 Vi-

250 3126 459 3183 debitur
499 3125 637 3181 Deus
666 3127 884 3181 deorum
932 3125 989 3179 in
1022 3124 1173 3180 Sion.
1216 3124 1428 3194 Quanta
1481 3124 1669 3180 lmtitia
1719 3130 1844 3189 est,

1943 1934 2150 1980 tantum
2168 1927 2448 1982 veritatem
2471 1927 2739 1995 diligeret,
2762 1941 2919 1983 nemo
2942 1940 3095 1996 spem
3121 1924 3350 1979 haberet
3369 1921 3538 1994 paeni-

1943 2017 2150 2073 tentiae.
2179 2017 2474 2087 Propterea
2516 2019 2623 2071 duo
2654 2018 2868 2088 qurerit,
2902 2026 2962 2073 ut
2988 2032 3052 2072 ex
3101 2016 3273 2072 altero
3300 2014 3531 2070 alterum

1943 2118 2232 2179 temperet.
2260 2110 2316 2166 Si
2348 2117 2603 2180 peccator
2632 2124 2713 2173 es,
2747 2108 2872 2164 audi
2903 2107 3309 2163 misericordem
3341 2106 3534 2171 Deum,

1943 2213 2002 2260 et
2028 2204 2136 2258 noli
2171 2202 2490 2272 desperare,
2536 2202 2633 2258 sed
2659 2217 2757 2273 age
2781 2202 3177 2272 paenitentiam.
3212 2200 3271 2257 Si
3298 2214 3425 2256 vero
3452 2199 3534 2268 ju-

1944 2303 2061 2352 stus
2110 2310 2193 2361 es,
2222 2294 2332 2350 noli
2363 2294 2638 2365 negligens
2666 2309 2807 2359 esse,
2840 2295 2961 2364 quia
2991 2293 3131 2349 Deus
3151 2292 3393 2349 clemens
3413 2300 3496 2348 est
3520 2308 3537 2346 :

1943 2387 2195 2459 quoniam
2220 2388 2365 2443 Deus
2392 2396 2446 2443 et
2465 2388 2639 2457 justus
2661 2396 2764 2455 est,
2796 2396 2851 2442 et
2882 2386 3157 2441 veritatem
3179 2385 3373 2455 diligit.
3400 2383 3539 2440 Gra-

1945 2483 2071 2535 tiam
2096 2490 2144 2536 et
2168 2481 2390 2554 gloriam
2410 2480 2552 2535 dabit
2576 2478 2855 2534 Dominus.
2886 2477 3007 2534 Non
3037 2478 3194 2542 dixit,
3230 2478 3456 2549 gloriam
3486 2484 3544 2533 ct

1943 2574 2173 2644 gratiam
2199 2574 2351 2630 dabit
2380 2590 2395 2638 ;
2428 2571 2524 2628 sed
2568 2571 2734 2635 dixit,
2792 2571 3019 2642 gratiam
3050 2578 3107 2624 et
3129 2569 3358 2639 gloriam
3393 2566 3544 2626 dabit

1950 2664 2226 2720 Dominus.
2261 2665 2497 2720 Primum
2526 2662 2691 2717 donat
2716 2670 2955 2730 peccata,
2986 2668 3043 2716 et
3078 2668 3262 2730 postea
3290 2670 3537 2716 coronat.

2020 2754 2145 2809 Non
2171 2755 2388 2827 privabit
2419 2753 2565 2808 bonis
2604 2768 2690 2808 eos
2718 2753 2817 2824 qui.
2836 2750 3103 2805 ambulant
3136 2751 3189 2805 in
3219 2750 3539 2806 innocentia.

1950 2843 2143 2901 Melius
2175 2847 2335 2901 habet
2356 2846 2412 2902 in
2446 2846 2704 2912 Hebraeo,
2750 2846 2805 2898 in
2838 2845 3174 2916 perfectione.
3224 2842 3544 2899 Innocentia

1948 2939 2094 2993 enim
2126 2953 2233 2994 non
2260 2947 2344 2993 est
2365 2938 2603 3008 perfecta
2628 2938 2802 2992 virtus
2832 2937 3125 3007 ;quoniam
3147 2936 3240 3006 qui
3277 2935 3541 2990 innocens

1950 3036 2058 3095 est,
2110 3028 2217 3084 nisi
2274 3028 2522 3084 habuerit
2580 3028 2955 3099 prudentiam,
3008 3041 3119 3082 non
3170 3038 3252 3082 est
3284 3025 3544 3096 perfectae

1950 3129 2442 3189 consummatreque
2488 3121 2723 3176 virtutis.
2771 3120 3067 3190 Propterea
3114 3118 3248 3173 dicit
3280 3117 3542 3173 etiamin

250 3227 451 3289 quanta
480 3217 736 3275 felicitate
758 3219 837 3275 ire
860 3218 928 3275 de
955 3220 1157 3273 virtute
1184 3190 1534 3282 in'virtutem,
1560 3224 1617 3273 et
1633 3216 1737 3272 hoc
1761 3215 1845 3284 ip-
1875 3190 1923 3255 ο
1953 3211 2249 3283 Evangelio
2273 3212 2508 3291 :‘Estote
2550 3211 2847 3280 prudentes
2870 3221 2931 3266 ut
2958 3217 3266 3280 serpentes,
3298 3219 3356 3265 et
3412 3209 3545 3263 sim-

252 3327 374 3368 sum
393 3310 591 3368 habere
613 3312 916 3382 praemium,
938 3319 999 3367 ut
1017 3311 1291 3368 Christum
1304 3310 1487 3365 videre
1507 3310 1844 3366 mereamur!

327 3401 600 3457 Protector
621 3412 795 3459 noster
825 3404 1017 3476 aspice,
1052 3402 1219 3469 Deus,
1246 3411 1297 3457 et
1344 3402 1538 3474 respice
1568 3402 1621 3456 in
1662 3402 1849 3471 faciem

256 3493 452 3550 Christi
479 3495 576 3553 tui.
605 3494 801 3551 Videte
829 3494 960 3566 quid
1008 3494 1194 3551 dicat:
1229 3493 1299 3547 Et
1341 3493 1536 3563 respice
1565 3493 1619 3547 in
1664 3494 1850 3564 faciem

257 3587 452 3643 Christi
480 3589 575 3642 tui.
597 3586 666 3642 Et
686 3587 1013 3660 deprecatur
1043 3588 1228 3652 homo,
1252 3594 1312 3641 ut
1342 3592 1498 3656 pater
1528 3584 1758 3655 aspiciat
1792 3584 1846 3639 in

258 3679 449 3736 faciem
509 3681 630 3738 lilii.
685 3681 793 3738 Sed
842 3681 964 3737 vide
1010 3680 1137 3752 quid
1192 3679 1357 3735 dicat.
1414 3677 1681 3746 Quoniam
1713 3676 1853 3732 dixit

259 3773 557 3845 Apostolus
588 3794 603 3831 :
633 3774 717 3830 An
759 3774 1196 3846 experimentum
1244 3771 1490 3842 quaeritis
1532 3770 1649 3840 ejus
1678 3769 1769 3840 qui
1793 3768 1849 3846 in

260 3838 351 3921 me
379 3865 617 3937 loquitur
637 3838 884 3922 Christus
914 3864 988 3939 (II
1018 3864 1138 3919 Cor.
1191 3838 1363 3933 xui)?
1391 3863 1458 3917 Et
1486 3838 1710 3916 rursum‘
1734 3838 1859 3931 ipse;

261 3956 514 4014 Salvator
542 3958 683 4014 dixit
712 3975 725 4011 :
754 3957 855 4025 Qui
885 3971 982 4012 vos
1028 3956 1254 4024 recepit,
1289 3969 1374 4008 me
1404 3953 1597 4025 recipit
1628 3951 1848 4026 (Matth.

262 4048 322 4122 ι)
352 4050 376 4104 ?
405 4049 550 4115 Ergo
587 4048 694 4106 hoc
746 4058 828 4104 est
874 4046 1019 4118 quod
1045 4046 1180 4102 dicit
1213 4065 1225 4099 :
1270 4046 1481 4116 respice
1536 4044 1591 4100 in
1640 4060 1762 4100 nos.
1792 4045 1849 4100 In

266 4142 424 4199 nobis
444 4143 587 4198 enim
611 4142 837 4213 respicis
861 4140 1025 4195 filium
1056 4149 1228 4204 tuum,
1252 4139 1343 4210 qui
1368 4139 1575 4194 habitat
1593 4140 1645 4194 in
1671 4137 1851 4193 nobis.

342 4231 477 4300 Quia
508 4231 701 4287 melior
724 4240 797 4287 est
821 4232 932 4285 dies
957 4246 1063 4284 una
1091 4230 1146 4284 in
1173 4231 1321 4285 atriis
1345 4232 1466 4288 tuis.
1506 4230 1696 4286 Videte
1725 4228 1855 4300 quid

265 4323 411 4380 dicat
444 4343 456 4377 :
488 4323 619 4379 Dies
660 4338 784 4377 una.
828 4321 990 4376 Putat
1038 4320 1234 4391 aliquis
1283 4320 1362 4375 sic
1401 4320 1853 4391 intelligendum:

268 4414 465 4472 Melius
492 4415 625 4470 mihi
657 4422 743 4469 est
772 4414 825 4468 in
869 4427 1037 4483 regno
1086 4410 1349 4467 cmlorum
1379 4426 1571 4481 parum
1621 4412 1853 4482 habere,

268 4521 431 4578 quam
465 4506 553 4560 hic
592 4503 906 4571 totum,boc
926 4510 1030 4570 est,
1064 4502 1116 4556 in
1141 4502 1246 4557 isto
1274 4502 1490 4557 saeculo.
1521 4503 1616 4557 Est
1642 4504 1856 4574 quidem

268 4607 327 4654 et
349 4598 450 4651 ieta
469 4596 821 4665 intelligentia
848 4611 954 4650 non
971 4595 1131 4650 mala.
1151 4595 1258 4651 Sed
1275 4611 1371 4651 nos
1387 4596 1659 4652 dicamus:
1674 4596 1731 4653 Si
1747 4613 1863 4667 pos-

271 4700 359 4749 set
383 4690 597 4758 lleri,ut
622 4688 815 4759 aliquis
845 4705 947 4744 una
970 4687 1058 4744 die
1087 4696 1235 4744 esset
1256 4689 1307 4742 in
1324 4704 1487 4759 regno
1507 4689 1789 4752 caelorum.
1807 4698 1863 4746 et

276 4791 466 4855 postea
496 4781 952 4852 praecipitaretur,
984 4787 1133 4837 recte
1157 4780 1360 4836 diceret
1395 4799 1407 4833 :
1435 4778 1623 4836 Melius
1655 4791 1728 4836 est
1754 4782 1862 4837 dies

278 4893 382 4931 una
403 4877 455 4929 in
484 4874 630 4928 atriis
652 4873 774 4927 tuis.
798 4870 953 4928 Nunc
983 4887 1111 4927 vero
1138 4871 1283 4943 quod
1312 4871 1442 4928 dicit
1463 4888 1563 4927 una
1591 4872 1729 4941 dies,
1761 4873 1864 4929 hoc

281 4975 386 5032 est,
417 4966 557 5038 quod
587 4964 717 5021 dicit
758 4964 813 5020 in
838 4978 1002 5035 regno
1029 4965 1310 5020 caelorum.
1336 4963 1453 5020 Una
1484 4962 1575 5019 illa
1611 4963 1727 5020 dies
1753 4978 1862 5021 non

282 5059 440 5114 habet
479 5067 690 5113 noctem
718 5065 773 5112 et
812 5057 1089 5123 tenebras,
1117 5057 1210 5112 sed
1253 5072 1469 5127 semper
1500 5056 1590 5111 lux
1620 5064 1722 5112 est.
1760 5057 1865 5124 Qui

283 5167 413 5224 ergo
432 5166 539 5206 una
564 5150 652 5206 die
676 5150 729 5205 in
751 5165 918 5221 regno
944 5149 1208 5206 caelorum
1230 5149 1409 5216 fuerit,
1439 5163 1653 5219 semper
1673 5148 1743 5203 ibi
1763 5157 1867 5205 est.

348 5244 500 5316 Elegi
542 5243 775 5316 abjectus
809 5258 917 5297 esse
945 5242 999 5297 in
1026 5242 1182 5296 domo
1214 5241 1309 5296 Dei
1358 5242 1479 5305 mei,
1509 5242 1675 5313 magis
1714 5256 1869 5311 quam

283 5336 516 5391 habitare
544 5336 600 5390 in
649 5334 998 5389 tabernaculis
1044 5342 1393 5406 peccatorum.
1439 5330 1555 5387 Hoc
1607 5340 1693 5387 est
1719 5331 1869 5403 quod

283 5432 443 5487 etiam
476 5429 726 5486 Salvator
751 5429 827 5482 ait
846 5428 913 5483 de
938 5427 1147 5483 Joanne
1178 5443 1191 5481 :
1221 5428 1413 5494 Amen,
1443 5440 1604 5480 amen
1625 5425 1748 5482 dico
1776 5441 1868 5481 vo-

285 5523 393 5586 bis,
444 5521 697 5591 quoniam
727 5522 873 5576 inter
903 5527 1058 5575 natos
1084 5518 1369 5575 mulierum
1427 5533 1535 5572 non
1584 5529 1667 5573 est
1693 5519 1876 5589 major

286 5612 496 5669 Joanne
524 5611 756 5681 Baptista
776 5610 991 5679 (Matth.
1025 5610 1127 5682 xi).
1156 5609 1363 5667 Deinde
1390 5609 1531 5665 dixit
1557 5627 1569 5663 :
1598 5609 1724 5679 quia
1754 5610 1874 5683 ipse

290 5714 373 5763 est
397 5705 646 5776 angelus.
676 5703 743 5761 Et
786 5705 985 5762 deinde
1012 5706 1150 5762 dixit
1177 5724 1192 5761 :
1226 5704 1328 5772 Qui
1358 5712 1541 5760 autem
1591 5707 1767 5759 minor
1792 5715 1877 5761 est

288 5797 347 5855 in
374 5809 544 5869 regno
565 5794 848 5869 ccelornm,
868 5798 1042 5868 major
1061 5805 1144 5855 est
1162 5793 1277 5855 illo.
1294 5794 1502 5855 Sensus
1528 5793 1602 5854 ibi
1630 5796 1730 5853 iste
1752 5799 1835 5852 est
1859 5812 1872 5850 :

1954 3305 2120 3375 plices
2143 3310 2202 3357 ut
2225 3303 2490 3359 columbae
2520 3302 2738 3372 (Matth.
2764 3301 2844 3373 ι).
2892 3301 3115 3356 Domine
3154 3304 3423 3355 uirtutum.
3447 3298 3547 3373 Vi;

1951 3398 2076 3455 dcte
2098 3397 2224 3469 quid
2254 3398 2420 3465 dicat,
2454 3395 2672 3451 Domine
2694 3396 2955 3450 virtutum.
2997 3394 3143 3464 Ergo
3170 3391 3388 3464 quando
3418 3406 3545 3461 pec-

1953 3500 2071 3546 cata
2100 3492 2275 3561 aliqua
2306 3489 2568 3545 habemus
2596 3488 2650 3543 in
2666 3487 2847 3543 nobis:
2864 3487 3006 3542 Deus
3027 3486 3117 3557 qui
3151 3485 3408 3540 Dominus
3432 3483 3543 3539 virs

1952 3592 2126 3641 tutum
2150 3592 2255 3650 est,
2289 3598 2393 3639 non
2424 3592 2507 3638 est
2528 3582 2792 3638 Dominus
2840 3589 3026 3636 noster
3054 3597 3070 3645 ;
3118 3579 3244 3651 quia
3277 3578 3542 3634 Dominus

1952 3692 2061 3732 non
2085 3684 2170 3733 est
2190 3685 2554 3746 peccatorum,
2575 3674 2974 3745 sedjustorum.
2997 3672 3189 3729 Beatus
3206 3674 3284 3727 vir
3299 3673 3389 3743 qui
3413 3689 3538 3745 spe-

1952 3778 2036 3824 rat
2056 3770 2110 3823 in
2138 3777 2203 3822 te.
2229 3767 2323 3824 Ille
2350 3778 2532 3838 sperat
2555 3768 2608 3823 in
2643 3766 2999 3837 Domino,qui
3017 3763 3401 3821 conscientiam
3430 3779 3543 3820 non

1954 3859 2115 3915 habet
2132 3870 2496 3931 peccatorum,
2518 3858 2609 3929 qui
2637 3859 2824 3914 oculos
2849 3842 3047 3913 liberos
3059 3856 3126 3911 ad
3147 3857 3349 3914 cmlum
3371 3856 3537 3911 levat.

1954 3950 2060 4010 Iste
2086 3962 2284 4022 sperat,
2300 3952 2388 4022 qui
2407 3951 2511 4006 scit
2531 3966 2637 4005 non
2657 3948 2945 4006 on‘endisse
2957 3963 3016 4004 se
3040 3948 3324 4004 Dominum
3347 3962 3536 4014 suum;

1951 4045 2039 4102 cui
2065 4053 2149 4101 est
2175 4044 2345 4115 gloria
2371 4044 2425 4099 in
2454 4042 2651 4099 saecula
2702 4041 3042 4097 saeculorum.
3075 4041 3272 4098 Amen.

2426 4175 2743 4236 PSALMUS
2780 4175 2868 4233 LX
2878 4174 3075 4234 XXIV.

1958 4306 2027 4363 In
2055 4309 2212 4378 ﬁnem
2243 4307 2468 4376 filiorum
2494 4305 2644 4378 core.
2671 4305 2919 4378 Psalmus
2960 4300 3254 4378 hoc_tit_ulo
3278 4307 3545 4378 praenota-

2030 4370 2137 4434 tur.
2166 4370 2505 4449 Erequeniter
2527 4376 2667 4449 dixi,
2689 4376 3019 4449 ubicumque
3050 4374 3237 4449 titulus
3280 4370 3385 4440 est,
3408 4370 3545 4449 ﬂio-

2031 4466 2146 4506 rum
2175 4440 2326 4513 Core,
2354 4448 2484 4502 nihil
2514 4440 2668 4501 triste
2696 4454 2799 4513 est,
2833 4440 3173 4513 sed'semper
3198 4443 3403 4497 laetum.
3427 4440 3549 4513 'I‘ri-

2037 4522 2179 4575 stitia
2210 4511 2353 4574 euim
2385 4519 2572 4586 patris,
2601 4511 2833 4570 ﬁliorum
2864 4513 3063 4586 gaudio
3080 4511 3421 4586 consolatur.
3445 4511 3549 4566 De-

1889 4565 1942 4625 D
2038 4565 3550 4658 B'i'd'Je'diiigeBIé?Initium?{Segne};uanumque

2038 4651 2357 4716 inveneritis
2379 4651 2615 4717 titulum,
2649 4656 2877 4724 ﬁliorum
2904 4651 3056 4713 Core,
3088 4652 3221 4724 nihil
3253 4654 3413 4705 triste
3462 4664 3551 4704 re-

2042 4730 2286 4802 perietis.
2315 4722 2775 4802 Frequenterdixi
2792 4722 2957 4788 Core,
2972 4801 2975 4802 ν
2989 4722 3132 4802 quod
3163 4723 3551 4802 interpretatur

2044 4788 2294 4857 Calvaria:
2320 4788 2474 4853 locus
2503 4814 2515 4850 :
2551 4810 2776 4852 necesse
2815 4804 2899 4848 est
2926 4801 2984 4846 ut
3010 4788 3214 4846 laetum
3246 4788 3447 4855 aliquid
3471 4789 3554 4843 si-

2039 4871 2282 4943 gniticet.
2319 4869 2565 4943 Denique
2591 4867 2711 4943 qu_is
2743 4874 2832 4943 _es_t
2859 4861 3163 4943 isteCorei?
3192 4860 3293 4926 Qui
3315 4857 3552 4943 dederi-

2044 4927 2148 4999 cho
2182 4927 2510 4997 ascendebat
2539 4939 2590 4991 iu
2609 4927 2622 4936 ’
2643 4935 2849 4991 Bethel.
2881 4933 3069 4988 Bethel
3095 4932 3277 4985 domus
3306 4927 3423 4985 Dei.
3459 4928 3553 4982 Di-

2040 5014 2273 5084 ligenter
2291 5009 2737 5084 animadvertite.
2760 5005 3096 5084 Quicumque
3119 5002 3173 5057 in
3201 4999 3421 5084 Jericho
3447 5006 3555 5084 est,

2046 5075 2110 5141 etv
2123 5084 2235 5138 vult
2288 5081 2369 5137 ire
2397 5080 2462 5134 ad
2489 5080 2714 5135 domum
2763 5075 2878 5138 Dei,
2914 5086 3136 5128 necesse
3161 5078 3247 5126 est
3281 5078 3555 5141 utrascen-

2045 5155 2156 5209 dat.
2182 5154 2323 5221 Ergo
2340 5151 2408 5206 de
2432 5149 2650 5222 Jericho
2670 5146 2808 5222 Core
2826 5153 3029 5222 no_ste_r,
3049 5143 3164 5222 hoc
3180 5150 3286 5207 est,
3302 5140 3554 5222 Elisacus.

2044 5211 2293 5279 ascendivt
2340 5225 2393 5277 in
2421 5221 2640 5275 domum
2672 5217 2767 5272 Dei
2794 5216 2847 5270 in
2875 5214 3088 5281 Bethel,
3118 5221 3173 5268 et
3202 5211 3555 5283 egrediuntur

2048 5295 2115 5349 de
2144 5293 2354 5357 Bethel,
2382 5292 2485 5362 hoc
2512 5300 2617 5362 est,
2640 5288 2709 5343 de
2738 5287 2901 5362 domo
2928 5280 3176 5362 Dei,_ho_c
3201 5280 3305 5351 est,
3327 5280 3396 5362 de
3426 5296 3556 5362 syn-

2048 5379 2214 5434 agoga
2267 5351 2366 5434 ubi
2396 5361 2544 5434 prius
2596 5351 2774 5434 fuerat
2815 5355 3169 5434 doniusDei,
3198 5351 3555 5434 egrediuntur

2049 5424 2202 5504 pueri
2233 5424 2759 5504 quadr'agintauduo,
2807 5434 2862 5504 et
2914 5424 3559 5504 illu_dun_t.Elis:eum‘et

2050 5490 2192 5559 Core
2206 5490 2474 5568 nostrum",
2501 5510 2556 5557 et
2575 5490 2763 5555 dicunt
2778 5515 2790 5553 :
2805 5494 3069 5559 Ascende,
3089 5491 3281 5568 Calve;
3298 5490 3552 5568 ascende,

2047 5575 2230 5630 Calve.
2264 5573 2359 5627 Ille
2400 5563 2552 5627 venit
2580 5570 2647 5624 ad
2679 5569 2898 5622 domum
2940 5580 3116 5631 suam,
3149 5573 3205 5621 et
3245 5563 3557 5621 irridetura

2052 5643 2523 5717 parvulisBethel.
2583 5641 2784 5695 Verum
2817 5638 3049 5717 Elisaeus
3090 5637 3183 5717 ille
3222 5633 3558 5717 patientissi-

2050 5705 2193 5784 inus,
2218 5715 2309 5785 qui
2343 5719 2876 5785 proptereaveuerat
2906 5709 2961 5785 in
2990 5707 3179 5785 Bethel
3201 5715 3266 5785 ut
3296 5705 3554 5785 salvaret,

2048 5774 2288 5860 respexit
2309 5774 2368 5846 se
2398 5774 2723 5855 aliquando:
2748 5781 3009 5853 respeitit,
3054 5787 3109 5837 et
3129 5777 3294 5849 jussit
3321 5775 3390 5835 de
3418 5774 3560 5835 saltu
