4016 6342
174 317 327 387 1077

1082 310 1505 383 ειιιινιιειυιι
1545 310 1612 381 ιιι
1648 288 1983 379 εειμιιοε.
2026 304 2273 375 vstitu.
2314 307 2580 381 pxxxv.

3336 306 3474 377 1078

170 429 446 499 sacerdps
484 428 804 501 vestimenta
834 436 945 497 tua,
986 409 1042 481 et
1080 423 1227 494 quod
1259 430 1461 481 tectum
1490 420 1775 489 videbatur
1800 422 1855 501 ᾼ
1878 426 2015 483 terra
2040 426 2152 483 arta
2176 430 2273 487 est,
2303 420 2404 491 hoc
2430 428 2537 489 est,
2557 420 2827 479 Salvator.
2855 425 2921 493 Et
2948 442 3164 491 rursum
3192 444 3208 493 ;
3240 428 3477 500 £313,545-

172 532 237 597 et
276 537 469 578 sanum
506 534 654 586 esse,
693 517 932 587 ostendit
979 517 1275 587 leprosum.
1323 513 1515 571 Omnia
1559 519 1779 583 peccata
1881 511 1955 567 tia
1984 511 2048 567 de
2077 510 2201 575 εωιε
2228 514 2514 584 prospexit.
2537 513 2757 587 Iustitia
2787 518 2903 588 ipse
2927 517 3181 585 Salvamr
3203 526 3305 575 est,
3330 518 3482 587 Quo-

176 625 275 689 tua
306 626 364 673 et
394 616 602 686 lepram
639 622 785 670 tuam
816 610 997 685 posuit
1023 619 1150 665 ante
1177 607 1367 667 oculos
1396 614 1539 675 tups,
1569 616 1622 661 et
1653 604 1778 677 ideo

172 719 238 766 te
296 708 513 773 reducit
563 707 618 763 in
670 718 999 777 synagogam
1058 703 1149 771 Dei
1210 716 1308 772 per
1359 697 1677 770 sanguinem
1730 704 1786 769 et

177 818 406 883 aquam.
455 801 561 859 Per
596 798 943 869 sanguinem,
994 809 1088 866 per
1124 792 1435 866 passionem
1471 788 1698 857 Christi,
1731 800 1786 863 et

179 882 289 966 per
326 907 543 964 aquam,
590 905 689 962 per
733 889 1084 958 baptismum.
1117 885 1261 955 Ergo
1292 891 1419 954 post
1456 882 1665 953 lepram
1695 894 1785 935 sa-

179 988 310 1046 nari
347 1002 459 1042 non
499 984 727 1057 poteris,
768 981 871 1036 nisi
905 995 997 1052 per
1037 979 1349 1051 passionem
1378 974 1581 1031 Christi
1608 983 1663 1028 et
1691 988 1791 1044 per

179 1060 546 1150 baptismum.
595 1075 663 1130 Et
703 1089 825 1129 cum
874 1072 976 1127 hoc
1020 1070 1241 1136 feceris,
1283 1068 1482 1123 dicitur
1523 1076 1577 1123 ct
1604 1063 1783 1120 illud:

184 1173 466 1241 Asperges
492 1181 580 1223 me
608 1165 844 1238 byssopo
870 1173 927 1219 et
968 1161 1274 1216 mundabor
1309 1176 1323 1212 :
1359 1157 1566 1213 lavabis
1597 1172 1705 1226 me,
1737 1164 1793 1211 et

185 1278 367 1334 super
414 1262 593 1315 nivem
632 1256 928 1312 dealbabor
974 1252 1146 1326 (Psat.
1190 1250 1265 1324 ι).
1307 1250 1490 1321 Usque
1534 1247 1696 1303 hodie
1737 1247 1793 1302 in

186 1355 435 1425 Egypto
461 1366 523 1407 es
556 1368 570 1404 :
600 1348 858 1420 quamdiu
903 1361 1010 1401 non
1054 1344 1271 1400 veneris
1298 1340 1366 1397 ad
1395 1339 1712 1410 sanguinem
1741 1344 1798 1392 et

73 1496 84 1508 .
186 1444 262 1500 ad
291 1458 514 1514 aquam,
543 1440 748 1497 salvari
778 1454 884 1493 non
930 1436 1154 1506 poteris.
1195 1433 1288 1495 Vis
1314 1443 1375 1488 ut
1401 1429 1798 1486 extermiuator

189 1537 291 1608 qui
342 1533 617 1590 interfecit
654 1529 974 1603 Egyptum,
1023 1542 1131 1582 non
1181 1534 1236 1581 te
1278 1522 1600 1580 interﬁciat?
1641 1519 1800 1576 Tolle

192 1633 523 1703 hyssOpum,
548 1626 760 1696 intiuge
788 1625 839 1679 in
866 1619 1154 1692 sanguine,
1179 1632 1407 1689 asperge
1440 1626 1624 1686 postes
1655 1622 1795 1669 tuos.

192 1723 613 1779 Exterminator
652 1733 776 1774 cum
810 1717 1016 1771 viderit
1044 1712 1362 1783 sanguinem
1395 1710 1448 1764 in
1481 1710 1658 1764 fronte
1685 1715 1798 1772 tua,

1885 604 2046 667 modo
2070 605 2138 662 de
2162 615 2302 662 terra
2326 615 2442 667 orta
2468 606 2589 663 est?
2612 608 2896 675 Quomodo
2916 610 2983 671 de
3003 612 3144 668 coelo
3168 612 3479 683 prospexit!

1886 697 1967 753 De
2005 706 2140 769 terra
2183 710 2297 755 orta
2339 711 2445 767 est,
2492 703 2636 773 quod
2682 704 2847 761 homo
2882 716 3041 765 natus
3078 715 3162 763 est
3200 724 3215 767 ;
3256 707 3319 764 de
3353 705 3481 769 sala

1889 793 2172 865 prospexit,
2214 794 2472 863 quoniam
2518 795 2661 867 Deus
2698 812 2913 866 semper
2955 799 3009 855 in
3046 800 3204 857 ctelis
3241 809 3349 865 est,
3376 798 3483 861 hac

1888 892 1995 953 est,
2022 894 2181 940 natus
2208 887 2427 957 quidem
2459 897 2541 944 est
2568 889 2638 945 de
2666 898 2805 946 terra
2841 908 2856 953 ;
2887 891 2988 963 sed
3017 892 3111 949 ille
3137 892 3224 962 qui
3248 892 3317 955 de
3341 901 3484 949 terra

1890 984 2051 1031 natus
2091 986 2195 1045 est,
2226 990 2443 1050 semper
2487 980 2542 1034 in
2570 981 2710 1037 coelo
2738 992 2842 1051 εει,
2878 982 2981 1038 hoc
3010 992 3113 1046 est,
3146 982 3230 1041 sic
3256 995 3485 1054 appare-

1891 1070 1986 1125 bat
2026 1069 2084 1125 in
2132 1072 2311 1140 terris,
2366 1082 2423 1127 ut
2470 1075 2669 1143 ctutum
2720 1090 2830 1133 non
2878 1076 3306 1148 derelinqueret.
3345 1076 3486 1137 Deus

1894 1159 2037 1214 enim
2083 1160 2280 1229 ubique
2328 1165 2606 1233 prospexit
2647 1180 2662 1220 :
2712 1167 2969 1237 quoniam
3010 1166 3187 1222 donec
3220 1164 3487 1236 peccaba-

1895 1267 2037 1319 mus,
2067 1252 2347 1311 avertebat
2379 1253 2568 1310 oculos
2590 1269 2719 1315 suos
2748 1271 2778 1319 a
2809 1256 2987 1325 nobis.
3012 1257 3170 1325 Quod
3199 1258 3353 1325 dicit,
3386 1256 3492 1312 hoc

1896 1353 1980 1409 est
2008 1362 2022 1399 :
2049 1342 2258 1400 Justum
2289 1353 2377 1419 est
2402 1354 2459 1399 ut
2485 1344 2684 1415 ﬁgulus
2714 1346 3037 1405 misereatur
3065 1347 3324 1420 operibus
3350 1348 3489 1412 suis,

1899 1447 1957 1495 ut
1984 1450 2168 1513 pastor
2192 1441 2518 1497 misereatur
2538 1443 2690 1514 gregi
2717 1456 2837 1499 suo.
2865 1441 2975 1499 Nos
3001 1441 3232 1513 populus
3257 1441 3377 1512 ejus
3401 1456 3493 1498 ειιτ

1901 1547 2044 1601 mus,
2088 1546 2187 1587 nos
2223 1540 2472 1588 creatura
2511 1535 2632 1603 ejus
2664 1549 2872 1604 sumus.
2918 1532 3214 1604 Propterea
3255 1547 3389 1603 ergo
3425 1532 3496 1591 de

1902 1633 2044 1681 terra
2073 1633 2226 1685 ortus
2254 1634 2362 1693 est,
2393 1634 2448 1682 et
2471 1625 2540 1680 de
2568 1626 2707 1681 ctelo
2735 1626 3039 1697 proSpexit,
3068 1633 3127 1681 ut
3154 1624 3379 1695 impleat
3409 1624 3497 1693 ju-

1902 1717 2107 1773 stitiam
2148 1733 2324 1787 suam,
2368 1727 2424 1775 et
2464 1719 2789 1775 misereatur
2826 1719 2983 1790 operi
3012 1734 3137 1783 suo.
3173 1718 3411 1788 Denique
3436 1725 3500 1776 ιιι

192 1814 466 1872 accedere
510 1826 618 1867 non
668 1809 888 1881 poterit.
923 1807 1039 1863 Hoc
1081 1814 1255 1859 totum
1285 1817 1457 1875 quare
1483 1800 1635 1856 dixi?
1664 1800 1800 1869 Quia

1934 1809 2090 1865 ciatis
2114 1811 2373 1882 quoniam
2397 1810 2610 1880 iustitia
2640 1825 2749 1867 non
2776 1811 3156 1877 crudelitatem
3183 1818 3366 1876 sonat,
3397 1810 3498 1867 sed

193 1906 468 1977 scriptum
497 1909 585 1958 est
611 1920 625 1957 :
656 1899 725 1955 Et
753 1902 805 1969 in
830 1916 917 1955 eos
943 1899 1031 1970 qui
1051 1905 1419 1952 convertantur
1437 1893 1507 1947 ad
1525 1908 1635 1947 cor.
1660 1892 1802 1962 Ergo

198 2013 315 2054 non
346 1997 549 2071 poterit
572 1995 713 2050 Deus
740 1992 886 2064 loqui
913 2006 1102 2064 pacem
1136 1988 1279 2060 plebi
1311 2002 1444 2052 sum,
1474 1986 1577 2055 nisi
1601 1985 1685 2040 eis
1711 1984 1801 2054 qui

198 2094 602 2145 convertuntur
632 2084 699 2140 ad
726 2099 842 2139 cor.

286 2178 648 2235 Verumtamen
697 2192 855 2247 prope
904 2176 1134 2228 timentes
1181 2186 1305 2253 eum
1343 2171 1575 2226 salutare
1614 2168 1799 2240 ipsius.

200 2270 450 2328 Ostendo
490 2270 633 2325 viam
668 2267 860 2323 salutis
885 2307 900 2333 ,
931 2265 1005 2320 do
1033 2263 1487 2330 misericordiam,
1517 2263 1648 2318 licet
1680 2276 1805 2335 uec-

203 2365 337 2420 dum
361 2377 660 2419 conversus
676 2377 734 2415 es
757 2360 823 2415 ad
852 2375 973 2415 cor:
1010 2366 1190 2414 tamen
1221 2366 1501 2427 exspecto,
1526 2354 1597 2412 do
1628 2355 1803 2425 locum

205 2455 567 2528 paenitentiae.
589 2454 658 2509 Et
676 2452 779 2507 hoc
801 2460 976 2507 totum
1003 2450 1129 2522 quid
1141 2459 1245 2505 est.
1274 2448 1341 2505 Ut
1365 2448 1617 2503 inhabitet
1639 2448 1807 2520 gloria

207 2550 265 2602 in
308 2556 447 2601 terra
466 2554 668 2600 nostra.
700 2543 994 2615 Propterea
1026 2552 1078 2596 te
1100 2540 1167 2596 ad
1195 2541 1571 2611 paenitentiam
1600 2547 1758 2594 vocat
1792 2557 1805 2595 :

209 2648 272 2695 ut
300 2638 394 2710 qui
426 2638 672 2708 leprosus
704 2650 828 2692 eras
849 2677 863 2699 ,
892 2634 1099 2689 habeas
1131 2633 1401 2703 hospitem
1430 2632 1733 2687 Christum.

285 2730 653 2787 Misericordia
692 2737 739 2783 et
780 2730 965 2782 veritas
1003 2726 1333 2782 obviaverunt
1367 2726 1493 2792 sibi,
1530 2726 1740 2798 justitia
1764 2732 1812 2793 et

217 2841 322 2895 pax
353 2822 601 2878 osculata:
627 2830 766 2876 sunt.
797 2819 842 2875 Ο
866 2833 1026 2891 quam
1058 2819 1323 2891 prteclara
1352 2818 1620 2874 amicitiai
1655 2817 1813 2871 Mise-

213 2914 445 2971 ricordia
474 2923 522 2968 et
546 2913 737 2968 ueritas
766 2898 1100 2966 obviaverunt
1127 2912 1246 2966 sibi.
1272 2911 1536 2967 Peccator
1562 2925 1621 2965 es
1647 2927 1660 2963 :
1689 2906 1813 2963 audi

214 3010 345 3080 quid
389 3008 555 3076 dicat,
596 3006 972 3062 misericordia.
1004 3007 1239 3062 Sanctus
1284 3020 1343 3061 es
1375 3024 1388 3060 :
1423 3003 1549 3059 audi
1573 3003 1701 3074 quid
1731 3001 1818 3057 di-

218 3110 327 3166 cat,
361 3108 407 3154 et
436 3099 643 3154 veritas.
675 3098 788 3154 Nec
818 3100 867 3156 si
894 3107 1151 3169 peccator
1179 3113 1262 3165 es,
1298 3097 1557 3167 deSperes
1591 3114 1604 3151 :
1637 3110 1741 3152 nec
1770 3096 1815 3167 si

1904 1901 2357 1972 misericordiam,
2391 1901 2568 1961 videte
2595 1902 2722 1979 quiq
2753 1903 2901 1963 dicat
2930 1920 2945 1960 :

1975 1991 2186 2046 Etenim
2209 1992 2463 2061 Dominus
2484 1992 2625 2063 dabit
2649 1992 3032 2067 benignitatem.
3060 1993 3353 2063 Propterea
3380 2004 3500 2063 pro-

1904 2088 2084 2157 spexit
2108 2087 2176 2143 de
2201 2087 2362 2155 caelo,
2390 2096 2446 2153 ιιι
2472 2087 2796 2159 misereatur
2821 2086 3077 2157 operibus
3107 2087 3241 2151 suis.
3267 2084 3337 2139 Et
3363 2094 3503 2151 terra

1906 2189 2085 2237 nostra
2120 2178 2262 2235 dabit
2304 2180 2533 2252 fructum
2569 2195 2741 2237 suum.
2772 2178 2987 2235 Veritas
3013 2175 3228 2248 quidem
3255 2175 3324 2232 de
3351 2184 3497 2235 terra
3588 2198 3596 2209 ν

1906 2282 2026 2326 orta
2068 2279 2174 2326 est.
2209 2272 2321 2325 Hoc
2346 2271 2417 2325 de
2443 2271 2745 2341 praeterito.
2777 2268 2931 2339 Nunc
2956 2270 3024 2324 de
3053 2267 3233 2335 futuro
3259 2266 3460 2339 dicitur
3486 2282 3503 2322 ι

1910 2361 1982 2416 Ει
2009 2371 2149 2423 terra
2170 2372 2347 2431 nostra
2364 2361 2507 2425 dabit
2529 2362 2756 2433 [ructant
2782 2377 2951 2435 suam.
2976 2359 3157 2417 Nolite
3172 2357 3463 2428 deSperase
3486 2374 3503 2413 :

1909 2456 2055 2529 quod
2087 2456 2259 2513 semel
2290 2463 2476 2527 natum
2504 2467 2587 2527 est
2613 2470 2680 2512 ex
2705 2454 2892 2529 Maria,
2913 2452 3161 2529 quotidie
3188 2462 3243 2509 et
3270 2452 3325 2515 in
3351 2451 3510 2524 nobis

1911 2550 2170 2613 nascitur.
2200 2547 2272 2604 Et
2313 2560 2451 2617 terra
2480 2559 2660 2617 nostra
2686 2548 2827 2609 dabit
2859 2548 3085 2617 fructum
3112 2561 3283 2621 suum.
3312 2546 3380 2600 Et
3410 2560 3510 2615 nos

1914 2659 2201 2714 possumus
2226 2657 2416 2712 parere
2437 2642 2732 2707 Christum,
2750 2643 2795 2697 si
2808 2639 3150 2715 volumusEt
3171 2650 3309 2709 terra
3336 2647 3513 2717 nostrq

1915 2735 2057 2797 dabit
2082 2736 2308 2805 fructum
2326 2748 2512 2801 suum,
2546 2734 2613 2799 de
2626 2749 2732 2802 quo
2747 2734 2839 2789 ﬂat
2857 2732 3095 2803 ctelestis
3123 2732 3299 2817 panis,
3316 2732 3384 2793 de
3404 2744 3512 2805 quo

1916 2826 2113 2883 dicitur
2135 2825 2272 2897 :Ego
2285 2839 2402 2881 sum
2422 2824 2771 2897 panis,quide
2791 2825 2930 2881 caelo
2950 2824 3203 2889 descendi
3222 2822 3507 2897 (Joan.vt).

1918 2917 2044 2987 ﬂatc
2063 2917 2282 2989 quidem
2313 2916 2492 2975 omnia
2531 2916 2766 2983 diximus
2787 2914 2855 2969 de
2880 2912 3254 2983 misericordia
3283 2913 3516 2989 Domini,

1919 3010 2173 3091 quoniam
2198 3018 2482 3079 propterea
2497 3008 2648 3065 venit
2668 3016 2730 3071 ut
2749 3006 2987 3075 salvaret
3013 3007 3307 3079 humanum
3327 3019 3519 3077 genus,

1924 3102 2305 3158 Verumtamen
2330 3101 2474 3161 scire
2517 3101 2802 3167 debemus,
2821 3100 3074 3171 quoniam
3109 3099 3222 3171 ipse
3244 3096 3519 3167 judicatus

215 3196 394 3264 justus
424 3207 506 3256 es,
535 3191 849 3260 superbiae.
884 3190 1141 3246 Dicamus
1170 3190 1329 3246 aliter
1358 3208 1372 3245 :
1406 3191 1521 3245 Duo
1549 3201 1674 3245 Stltll
1700 3204 1816 3245 cre-
1845 3172 1891 3236 Ο
1923 3213 2016 3259 rus
2036 3205 2119 3253 est
2144 3197 2302 3255 vivos
2330 3205 2385 3250 el,
2414 3192 2679 3267 “fortune,
2709 3195 2824 3267 ipse
2845 3194 3029 3265 vagiat
3046 3191 3114 3259 aq
3138 3189 3422 3255 judicium,

222 3284 417 3339 dentes
444 3280 631 3352 populi
664 3298 679 3336 :
711 3296 850 3336 unus
879 3281 950 3336 de
978 3282 1221 3352 gentium
1252 3282 1475 3352 populo,
1506 3293 1560 3338 et
1590 3282 1727 3337 alius
1752 3281 1820 3338 de

222 3378 557 3435 Iudaeorum.
608 3375 813 3432 ludatis
859 3377 1248 3447 repromissum
1297 3388 1382 3433 est
1427 3378 1568 3447 quod
1615 3377 1823 3441 veniret

225 3470 480 3527 Salvator
529 3487 543 3522 :
597 3468 755 3524 nobis
794 3478 973 3524 autem
1004 3468 1095 3540 qui
1127 3469 1371 3524 extranei
1401 3482 1619 3524 eramus
1645 3483 1675 3521 a
1707 3469 1825 3539 lege

228 3564 352 3628 Dei,
376 3578 486 3619 non
513 3574 598 3618 est
627 3564 1044 3634 repromissum.
1080 3561 1449 3618 Misericordia
1482 3560 1642 3633 igitur
1667 3569 1751 3616 est
1772 3560 1826 3616 in

229 3659 432 3729 popqu
462 3656 765 3729 gentilium,
792 3658 996 3712 veritas
1021 3657 1073 3710 iu
1099 3655 1301 3726 populo
1320 3654 1632 3711 Judanorum
1661 3670 1675 3707 :
1701 3654 1828 3725 quia

232 3748 379 3821 quod
417 3747 810 3820 repromissum
846 3758 923 3804 est
948 3790 963 3814 ,
996 3734 1166 3809 venit,
1200 3745 1303 3802 hoc
1340 3757 1444 3812 est,
1478 3745 1620 3817 quod
1642 3759 1829 3815 repro-

236 3842 464 3897 missum
487 3849 590 3906 est,
616 3839 883 3909 patribus,
908 3839 1008 3893 hoc
1035 3838 1338 3908 completur
1362 3836 1414 3891 iu
1443 3835 1588 3891 tlliis.
1615 3833 1833 3890 Iustitia

238 3940 287 3985 et
299 3928 1010 4000 paxoscatatMuntNidete
1034 3928 1162 3998 qttid
1192 3927 1338 3982 dieat
1366 3944 1379 3979 :
1408 3924 1625 3980 Iustitia
1652 3934 1701 3979 et
1730 3941 1836 3997 pan:

242 4023 492 4079 osculata:
506 4031 650 4077 sunt.
676 4021 855 4091 Ipsum
885 4031 967 4076 est
989 4019 1131 4091 quod
1151 4033 1313 4091 supra
1339 4017 1475 4073 dixit
1498 4033 1511 4069 :
1538 4016 1838 4071 Misericor-

244 4112 335 4167 dia
354 4121 403 4167 et
430 4113 634 4167 veritas.
654 4109 1016 4166 Misericordia
1046 4110 1219 4180 ipsum
1241 4117 1328 4164 est
1351 4107 1493 4179 quod
1510 4116 1565 4163 et
1589 4122 1688 4177 pax
1711 4122 1840 4162 :ve-

244 4212 382 4268 ritas
423 4218 604 4266 autem
654 4211 828 4279 ipsum
856 4215 940 4262 est
959 4207 1100 4277 quod
1130 4215 1186 4262 et
1209 4206 1439 4277 iustitia.
1466 4205 1524 4261 Si
1547 4203 1674 4275 quid
1694 4204 1839 4259 enim

248 4301 317 4358 ad
334 4316 520 4372 pacem
539 4299 792 4371 pertinet,
820 4300 920 4352 hoc
947 4307 1002 4352 et
1025 4297 1090 4352 ad
1115 4295 1625 4362 tnisericnrdiam,et
1648 4295 1696 4350 si
1715 4293 1843 4366 quid

250 4395 321 4453 ad
345 4392 766 4457 veritatem,boc
793 4390 858 4444 ad
875 4388 1360 4461 justitiam.Videtc
1383 4404 1511 4458 ergo
1533 4387 1656 4458 quid
1671 4387 1842 4442 dicat:

1992 3293 2207 3351 Justitia
2234 3298 2353 3361 ante
2377 3305 2497 3357 eum
2524 3287 2838 3351 ambulabit,
2867 3294 2915 3341 et
2941 3292 3092 3355 ptinet
3122 3285 3175 3357 in
3201 3283 3287 3343 via
3313 3297 3517 3355 gressus

1925 3403 2067 3457 suos.
2106 3385 2285 3441 Nolite
2324 3384 2658 3455 negligentes
2701 3395 2844 3453 esse.
2871 3378 3088 3437 Justitia
3116 3387 3239 3439 ante
3263 3390 3379 3447 eum
3405 3389 3523 3439 am:

1928 3479 2139 3545 bulabit,
2181 3486 2231 3531 et
2276 3485 2428 3547 ponet
2467 3477 2521 3529 in
2549 3475 2629 3529 via
2656 3489 2859 3547 gressus
2885 3488 3028 3526 suos.
3063 3469 3255 3531 Videte
3284 3466 3414 3539 quid
3444 3465 3532 3537 di-

1928 3580 2038 3636 cat,
2085 3584 2287 3639 gresstts
2333 3583 2454 3627 suos
2494 3582 2514 3621 :
2557 3565 2642 3629 ubi
2690 3580 2797 3619 non
2843 3572 2967 3631 sunt
3009 3560 3255 3639 lapides,
3285 3557 3375 3623 ubi
3420 3572 3529 3621 non

1930 3675 2058 3720 sunt
2085 3650 2260 3734 epiua:
2290 3673 2346 3716 et
2374 3661 2583 3729 tribuli,
2612 3660 2702 3729 ubi
2727 3658 2952 3729 aequalis
2976 3665 3060 3718 est
3084 3655 3195 3721 via,
3224 3652 3313 3708 ubi
3341 3651 3533 3713 ambu-

1936 3759 2046 3813 lare
2078 3766 2283 3826 potest,
2327 3755 2418 3809 ubi
2466 3770 2571 3821 non
2606 3761 2786 3823 potest
2825 3750 3143 3821 impingere.
3180 3747 3244 3805 Et
3273 3759 3374 3801 nos
3403 3757 3534 3817 ergo

1937 3851 2201 3919 iactamus
2228 3850 2282 3905 in
2322 3849 2489 3911 corde
2516 3855 2703 3907 nostro
2740 3844 2883 3911 viam
2918 3842 3186 3906 Domino;
3218 3838 3289 3909 de
3317 3852 3422 3919 qua
3447 3836 3534 3907 via

1939 3918 2217 3999 laborabat
2256 3952 2312 3999 et
2357 3942 2619 4002 Joannes,
2661 3946 2719 4001 et
2746 3938 3020 4003 clamabat
3048 3935 3104 3989 in
3131 3918 3343 3995 eremo,
3370 3939 3431 3993 ut
3461 3927 3540 4005 fa-

1940 4050 2189 4091 ceremus
2217 4035 2357 4088 viam
2388 4033 2613 4087 Domino
2638 4028 2821 4101 (Matt.
2852 4027 2955 4098 In).
2986 4026 3128 4095 Ergo
3158 4032 3214 4091 et
3244 4036 3386 4091 nunc
3406 4020 3543 4099 dici-

1945 4141 2031 4186 tur
2062 4146 2077 4191 ς
2109 4128 2179 4197 Et
2206 4136 2357 4200 ponet
2399 4128 2452 4197 in
2479 4126 2560 4183 via
2587 4140 2796 4199 gressus
2826 4138 2965 4191 suos,
2999 4119 3101 4189 Ubi
3143 4117 3348 4179 invenit
3373 4116 3538 4180 viam,

1946 4222 2209 4297 ambulat.
2254 4219 2408 4285 Licet
2447 4228 2572 4275 ante
2620 4216 2951 4283 habebamus
2994 4212 3177 4283 spinas
3207 4217 3263 4266 et
3290 4206 3540 4289 tribulos,

1949 4317 2076 4389 licet
2114 4324 2170 4375 et
2209 4313 2451 4387 lapides,
2499 4312 2697 4367 dicitur
2736 4309 2894 4373 nobis
2936 4308 2990 4362 in
3023 4305 3157 4367 Isaia
3190 4320 3205 4362 :
3238 4302 3306 4359 Et
3333 4299 3544 4369 lapides

1952 4408 2021 4465 de
2046 4409 2131 4463 via
2163 4406 2408 4479 projicite
2437 4402 2569 4477 (Isa.
2604 4404 2762 4472 LVII).
2798 4401 2908 4456 Hoc
2939 4409 3122 4463 autem
3155 4404 3440 4471 propterea
3461 4392 3544 4447 di-

250 4484 469 4541 Justitia
494 4493 542 4539 et
573 4499 675 4553 patr
697 4481 1008 4573 deosculata:
1034 4488 1174 4546 sunt,
1206 4478 1311 4573 hoc
1335 4488 1440 4546 est,
1477 4476 1847 4573 misericordia
1877 4557 1926 4573 ﬁ
1953 4502 2025 4557 ci,
2061 4518 2077 4560 ς
2117 4476 2188 4556 ηε
2214 4476 2336 4555 eam
2367 4476 2600 4573 pomeri;
2628 4492 2986 4559 deambulare
3012 4492 3068 4544 in
3094 4489 3179 4544 via
3208 4498 3414 4555 ηοεῑιιᾞι
3447 4485 3548 4555 ξηι-

253 4588 313 4636 ει
344 4575 546 4632 veritas
597 4574 890 4628 amicitiam
925 4572 1186 4639 fecerunt,
1220 4571 1324 4626 hoc
1355 4578 1458 4637 est,
1488 4578 1546 4624 et
1569 4568 1847 4640 gentilium
1876 4557 1931 4619 D

258 4668 495 4745 populus
518 4675 574 4723 et
598 4666 907 4724 Judreorum
936 4666 1037 4723 sub
1059 4681 1165 4720 uno
1188 4673 1403 4736 pastore
1424 4663 1650 4718 Christo
1676 4671 1778 4717 est.

339 4761 547 4817 Veritas
586 4760 649 4815 de
691 4768 829 4815 terra
865 4766 977 4814 orta
1007 4765 1099 4813 est.
1136 4757 1246 4828 Ego
1271 4770 1390 4811 sum
1421 4755 1526 4820 via,
1556 4763 1613 4810 et
1640 4753 1770 4823 vita,
1804 4760 1860 4810 et

1958 4596 2141 4665 pingat
2169 4592 2358 4662 pedem
2386 4603 2566 4644 suum.
2592 4586 2821 4657 Lapides
2850 4583 2942 4665 qui
2972 4582 3027 4649 in
3054 4581 3141 4645 via
3171 4589 3318 4651 sunt,
3342 4586 3399 4651 et
3428 4590 3552 4649 prq-

1954 4686 2048 4757 jici
2088 4683 2371 4759 jttbentur,
2420 4686 2640 4750 peccata
2684 4670 2871 4735 hosua
2900 4683 3045 4753 sunt.
3074 4671 3192 4737 Non
3224 4669 3465 4735 ambulat
3493 4667 3549 4722 in

1958 4758 2126 4836 corde
2166 4785 2357 4835 nostro
2374 4770 2657 4840 Chrisms,
2699 4769 2746 4827 si
2791 4775 3074 4839 peccatum
3116 4759 3333 4831 aliquod
3367 4758 3548 4829 luerit,

266 4856 470 4915 veritas
498 4853 681 4927 (Joan.
728 4852 863 4924 xlv).
897 4852 991 4908 Ille
1035 4851 1126 4923 qui
1165 4849 1317 4916 dicit,
1360 4863 1463 4921 ego
1488 4862 1605 4903 sum
1632 4846 1857 4914 veritas,
1963 4874 2144 4929 suum
2170 4867 2416 4940 impingi,
2441 4857 2985 4934 inlapides,E1ponet
3006 4857 3059 4909 in
3082 4854 3163 4908 via
3183 4867 3387 4925 gressa;
3412 4865 3556 4925 suos.

268 4950 341 5005 de
363 4956 508 5005 terra
537 4955 690 5003 ortus
716 4954 818 5001 est.
845 4944 982 5013 Quae
1007 4951 1091 4999 est
1120 4944 1218 4998 ista
1252 4944 1449 4998 veritas
1481 4957 1601 5013 qua:
1625 4940 1692 4995 de
1720 4949 1862 4994 terra
1968 4966 2251 5021 Faciamus
2272 4961 2413 5025 viam
2440 4999 2456 5027 θ
2487 4967 2541 5013 ει
2572 4961 2738 5026 ροηδε
2767 4952 2821 5019 in
2850 4948 2934 5005 via
2963 4958 3184 5023 gressus
3212 4958 3343 5000 suos
3376 4940 3558 5013 δεξεμ,

271 5050 391 5100 orta
429 5050 534 5099 est.
579 5040 743 5097 Exiet
783 5039 929 5109 virga
961 5038 1030 5093 de
1060 5037 1240 5093 radice
1265 5035 1441 5101 Iesse,
1475 5044 1528 5089 et
1552 5035 1653 5090 ﬂos
1682 5031 1750 5087 de
1779 5046 1865 5087 ra-

277 5134 401 5192 dice
436 5132 555 5205 ejus
592 5132 740 5189 exiet
769 5129 925 5204 (Isai.
953 5129 1054 5201 xi).
1092 5130 1157 5185 Et
1183 5131 1234 5184 in
1266 5129 1376 5184 alio
1401 5128 1525 5184 loco
1555 5145 1567 5181 :
1600 5124 1868 5193 Quoniam

282 5231 423 5305 heus
466 5235 721 5298 operatus
763 5234 848 5280 est
893 5223 1122 5280 salutem
1167 5222 1222 5278 in
1273 5220 1454 5277 medio
1502 5229 1661 5275 terra:
1692 5215 1869 5290 (Psat.

278 5318 488 5391 Lxxut).
535 5318 677 5388 Quid
719 5316 892 5384 dicis,
936 5314 1269 5379 Manichaee,
1310 5313 1400 5384 qui
1447 5325 1610 5383 uegas
1649 5321 1873 5365 carnem

283 5412 539 5469 habuisse
564 5409 903 5467 Salvatorem
928 5408 953 5463 ?
992 5407 1130 5463 Ecce
1158 5406 1378 5473 veritas,
1409 5403 1460 5458 id
1490 5410 1590 5467 est,
1624 5400 1875 5457 Salvator

285 5504 355 5558 de
387 5512 553 5567 terra,
591 5502 697 5557 hoc
733 5509 838 5566 εει,
866 5499 936 5557 de
972 5498 1136 5553 Maria
1167 5507 1319 5553 ortus
1347 5503 1452 5551 est.
1484 5493 1549 5548 Et
1570 5492 1783 5564 justitia
1812 5490 1878 5544 de

290 5594 418 5648 calo
446 5593 726 5664 prospexit.
758 5593 968 5648 Justum
996 5590 1142 5646 enim
1170 5597 1309 5655 erat,
1343 5596 1402 5642 ut
1428 5586 1681 5642 Salvator
1709 5581 1880 5637 mise-

295 5692 507 5743 reretur
554 5683 754 5753 populo
791 5699 911 5738 suo.
946 5681 1140 5737 Videte
1167 5679 1294 5750 quid
1327 5678 1471 5734 dicat
1502 5695 1515 5732 :
1547 5677 1594 5733 0
1616 5676 1769 5746 justa
1794 5673 1885 5743 ju-

302 5777 442 5833 dicia
488 5777 583 5833 Dei
630 5785 687 5833 et
728 5773 1189 5846 ininvestigabiles
1233 5772 1336 5828 vite
1376 5772 1531 5842 ejus!
1585 5767 1786 5823 Veritas
1823 5767 1886 5821 de

1972 5057 2058 5113 cui
2102 5056 2170 5109 sit
2192 5052 2360 5131 gloria
2392 5060 2446 5105 et
2472 5050 2647 5117 honor
2673 5044 2728 5119 in
2754 5040 2951 5101 saecula
2985 5035 3332 5105 saeculorum.
3363 5034 3556 5089 Amen.

2466 5158 2779 5219 essurus
2815 5152 3077 5215 Lxxxv.
3226 5220 3239 5230 _
3320 5225 3331 5230 Α
3498 5216 3561 5230 »_

1981 5243 2162 5299 Oratio
2208 5237 2393 5293 David.
2435 5234 2537 5289 lste
2577 5233 2815 5305 psalmus
2867 5240 3052 5305 vocem
3098 5220 3338 5305 con-tinet
3376 5220 3566 5305 nostri

2049 5290 2358 5369 Sicilia—toris
2397 5290 2660 5359 venien’tis
2698 5300 2764 5355 ad
2806 5296 3142 5369 passionem.
3185 5290 3241 5345 lu
3292 5290 3396 5344 [lue
3436 5302 3567 5342 vero

2051 5382 2218 5454 ipsius
2251 5378 2524 5451 prophetae
2556 5379 2702 5428 leuet
2724 5369 3045 5425 orationem.

2053 5451 2279 5541 int-tina,
2313 5468 2554 5533 Domine,
2586 5477 2764 5518 aurem
2795 5470 2958 5525 tuam,
2989 5464 3035 5509 et
3063 5451 3253 5511 exaudi
3281 5466 3362 5504 me
3392 5464 3410 5503 :
3440 5464 3569 5520 quo-

1985 5568 2126 5622 niam
2166 5571 2372 5617 sanctus
2414 5573 2550 5613 sunt.
2598 5554 2758 5611 Juxta
2786 5549 3132 5621 fragilitatem
3162 5542 3425 5612 assumpti
3452 5554 3575 5596 cor-

1988 5660 2138 5731 poris
2164 5656 2231 5712 ad
2262 5656 2477 5710 Patrem
2516 5648 2689 5705 fundit
2715 5647 3037 5702 orationem.
3065 5636 3375 5697 Secundum
3403 5635 3578 5692 deita-

1993 5767 2101 5814 tem
2146 5766 2276 5810 vero
2309 5755 2565 5805 sanctum
2605 5760 2664 5803 se
2702 5742 2859 5811 dicit,
2892 5740 3033 5798 sicut
3060 5735 3337 5809 quondam
3366 5732 3581 5791 dixerat
