  <div class='ocr_page' id='page_1' title='image "/cluster/home/n/w/nwhite01/storage/ocr_20150623/26/uva.x000826568/547.png"; bbox 0 0 4016 6346; ppageno 0'>
   <div class='ocr_carea' id='block_1_1' title="bbox 501 312 639 372">
    <p class='ocr_par' dir='ltr' id='par_1_1' title="bbox 501 312 639 372">
     <span class='ocr_line' id='line_1_1' title="bbox 501 312 639 372; baseline -0.014 0"><span class='ocrx_word' id='word_1_1' title='bbox 501 312 639 372; x_wconf 73' lang='grc'><strong>1079</strong></span> 
     </span>
    </p>
   </div>
   <div class='ocr_carea' id='block_1_2' title="bbox 1297 289 2986 361">
    <p class='ocr_par' dir='ltr' id='par_1_2' title="bbox 1297 289 2986 361">
     <span class='ocr_line' id='line_1_2' title="bbox 1297 289 2986 361; baseline -0.008 -3"><span class='ocrx_word' id='word_1_2' title='bbox 1297 297 1644 361; x_wconf 74' lang='lat' dir='ltr'><strong>APPENDIX</strong></span> <span class='ocrx_word' id='word_1_3' title='bbox 1681 297 1774 354; x_wconf 82' lang='lat' dir='ltr'><strong>AD</strong></span> <span class='ocrx_word' id='word_1_4' title='bbox 1811 294 2056 355; x_wconf 76' lang='lat' dir='ltr'><strong>TOMUM</strong></span> <span class='ocrx_word' id='word_1_5' title='bbox 2093 292 2446 352; x_wconf 79' lang='lat' dir='ltr'><strong>SEPTIMUM</strong></span> <span class='ocrx_word' id='word_1_6' title='bbox 2481 292 2538 348; x_wconf 91' lang='lat' dir='ltr'><strong>S.</strong></span> <span class='ocrx_word' id='word_1_7' title='bbox 2579 289 2986 348; x_wconf 73' lang='lat' dir='ltr'><strong>HIERONYMI.</strong></span> 
     </span>
    </p>
   </div>
   <div class='ocr_carea' id='block_1_3' title="bbox 3650 279 3836 341">
    <p class='ocr_par' dir='ltr' id='par_1_3' title="bbox 3650 279 3836 341">
     <span class='ocr_line' id='line_1_3' title="bbox 3650 279 3836 341; baseline -0.011 -2"><span class='ocrx_word' id='word_1_8' title='bbox 3650 279 3836 341; x_wconf 72' lang='lat'><strong>1080</strong></span> 
     </span>
    </p>
   </div>
   <div class='ocr_carea' id='block_1_4' title="bbox 499 401 3834 502">
    <p class='ocr_par' dir='ltr' id='par_1_4' title="bbox 499 401 3834 502">
     <span class='ocr_line' id='line_1_4' title="bbox 499 401 3834 502; baseline -0.009 -16"><span class='ocrx_word' id='word_1_9' title='bbox 499 431 566 486; x_wconf 91' lang='lat' dir='ltr'><strong>ad</strong></span> <span class='ocrx_word' id='word_1_10' title='bbox 590 429 806 502; x_wconf 75' lang='lat' dir='ltr'><strong>Moysen</strong></span> <span class='ocrx_word' id='word_1_11' title='bbox 834 447 849 485; x_wconf 89' lang='lat'><strong>:</strong></span> <span class='ocrx_word' id='word_1_12' title='bbox 880 427 1060 486; x_wconf 98' lang='lat' dir='ltr'><strong>Sancti</strong></span> <span class='ocrx_word' id='word_1_13' title='bbox 1085 432 1288 489; x_wconf 89' lang='lat' dir='ltr'><strong>estote,</strong></span> <span class='ocrx_word' id='word_1_14' title='bbox 1319 420 1570 492; x_wconf 88' lang='lat' dir='ltr'><strong>quoniam</strong></span> <span class='ocrx_word' id='word_1_15' title='bbox 1603 432 1704 489; x_wconf 89' lang='lat' dir='ltr'><strong>ego</strong></span> <span class='ocrx_word' id='word_1_16' title='bbox 1725 425 1945 472; x_wconf 89' lang='lat' dir='ltr'><strong>sanctus</strong></span> <span class='ocrx_word' id='word_1_17' title='bbox 1967 428 2089 470; x_wconf 92' lang='lat' dir='ltr'><strong>sum</strong></span> <span class='ocrx_word' id='word_1_18' title='bbox 2117 415 2164 476; x_wconf 84' lang='grc' dir='ltr'><strong>Α</strong></span> <span class='ocrx_word' id='word_1_19' title='bbox 2196 411 2397 484; x_wconf 86' lang='lat' dir='ltr'><strong>pepulo</strong></span> <span class='ocrx_word' id='word_1_20' title='bbox 2427 409 2687 481; x_wconf 78' lang='lat' dir='ltr'><strong>propheta</strong></span> <span class='ocrx_word' id='word_1_21' title='bbox 2720 417 2890 478; x_wconf 91' lang='lat' dir='ltr'><strong>rogat.</strong></span> <span class='ocrx_word' id='word_1_22' title='bbox 2939 405 3048 462; x_wconf 87' lang='lat' dir='ltr'><strong>Sed</strong></span> <span class='ocrx_word' id='word_1_23' title='bbox 3087 411 3142 460; x_wconf 91' lang='lat' dir='ltr'><strong>et</strong></span> <span class='ocrx_word' id='word_1_24' title='bbox 3179 418 3280 460; x_wconf 92' lang='lat' dir='ltr'><strong>nos</strong></span> <span class='ocrx_word' id='word_1_25' title='bbox 3317 415 3642 474; x_wconf 81' lang='lat' dir='ltr'><strong>precamur,</strong></span> <span class='ocrx_word' id='word_1_26' title='bbox 3682 401 3834 456; x_wconf 83' lang='lat' dir='ltr'><strong>Do-</strong></span> 
     </span>
    </p>
   </div>
   <div class='ocr_carea' id='block_1_5' title="bbox 504 509 2093 596">
    <p class='ocr_par' dir='ltr' id='par_1_5' title="bbox 504 509 2093 596">
     <span class='ocr_line' id='line_1_5' title="bbox 504 509 2093 596; baseline -0.012 -17"><span class='ocrx_word' id='word_1_27' title='bbox 504 524 648 596; x_wconf 84' lang='lat' dir='ltr'><strong>(Leu.</strong></span> <span class='ocrx_word' id='word_1_28' title='bbox 672 539 760 578; x_wconf 87' lang='lat' dir='ltr'><strong>xtx</strong></span> <span class='ocrx_word' id='word_1_29' title='bbox 788 532 837 577; x_wconf 90' lang='lat' dir='ltr'><strong>et</strong></span> <span class='ocrx_word' id='word_1_30' title='bbox 859 521 971 591; x_wconf 84' lang='lat' dir='ltr'><strong>xx).</strong></span> <span class='ocrx_word' id='word_1_31' title='bbox 990 519 1203 575; x_wconf 81' lang='lat' dir='ltr'><strong>Salvum</strong></span> <span class='ocrx_word' id='word_1_32' title='bbox 1231 519 1314 584; x_wconf 72' lang='lat' dir='ltr'><strong>[ac</strong></span> <span class='ocrx_word' id='word_1_33' title='bbox 1343 518 1545 568; x_wconf 82' lang='lat' dir='ltr'><strong>servum</strong></span> <span class='ocrx_word' id='word_1_34' title='bbox 1575 521 1740 580; x_wconf 88' lang='lat' dir='ltr'><strong>tuum,</strong></span> <span class='ocrx_word' id='word_1_35' title='bbox 1766 509 1902 563; x_wconf 83' lang='lat' dir='ltr'><strong>Deus</strong></span> <span class='ocrx_word' id='word_1_36' title='bbox 1932 524 2093 574; x_wconf 87' lang='lat' dir='ltr'><strong>meus,</strong></span> 
     </span>
    </p>
   </div>
   <div class='ocr_carea' id='block_1_6' title="bbox 500 598 2096 689">
    <p class='ocr_par' dir='ltr' id='par_1_6' title="bbox 500 598 2096 689">
     <span class='ocr_line' id='line_1_6' title="bbox 500 598 2096 689; baseline -0.013 -17"><span class='ocrx_word' id='word_1_37' title='bbox 500 624 788 689; x_wconf 73' lang='lat' dir='ltr'><strong>sperantem</strong></span> <span class='ocrx_word' id='word_1_38' title='bbox 805 615 856 667; x_wconf 91' lang='lat' dir='ltr'><strong>in</strong></span> <span class='ocrx_word' id='word_1_39' title='bbox 868 620 934 666; x_wconf 89' lang='lat' dir='ltr'><strong>te.</strong></span> <span class='ocrx_word' id='word_1_40' title='bbox 951 610 1194 664; x_wconf 76' lang='lat' dir='ltr'><strong>Miserere</strong></span> <span class='ocrx_word' id='word_1_41' title='bbox 1205 609 1323 673; x_wconf 90' lang='lat' dir='ltr'><strong>mei,</strong></span> <span class='ocrx_word' id='word_1_42' title='bbox 1341 605 1579 672; x_wconf 78' lang='lat' dir='ltr'><strong>Domine,</strong></span> <span class='ocrx_word' id='word_1_43' title='bbox 1593 604 1837 675; x_wconf 86' lang='lat' dir='ltr'><strong>quoniam</strong></span> <span class='ocrx_word' id='word_1_44' title='bbox 1848 602 1916 656; x_wconf 84' lang='lat' dir='ltr'><strong>ad</strong></span> <span class='ocrx_word' id='word_1_45' title='bbox 1932 611 1978 654; x_wconf 89' lang='lat' dir='ltr'><strong>te</strong></span> <span class='ocrx_word' id='word_1_46' title='bbox 1988 598 2096 654; x_wconf 84' lang='lat' dir='ltr'><strong>cla—</strong></span> 
     </span>
    </p>
   </div>
   <div class='ocr_carea' id='block_1_7' title="bbox 498 693 2096 769">
    <p class='ocr_par' dir='ltr' id='par_1_7' title="bbox 498 693 2096 769">
     <span class='ocr_line' id='line_1_7' title="bbox 498 693 2096 769; baseline -0.011 -5"><span class='ocrx_word' id='word_1_47' title='bbox 498 711 634 764; x_wconf 86' lang='lat' dir='ltr'><strong>mavi</strong></span> <span class='ocrx_word' id='word_1_48' title='bbox 656 717 760 763; x_wconf 85' lang='lat' dir='ltr'><strong>tota</strong></span> <span class='ocrx_word' id='word_1_49' title='bbox 781 707 879 759; x_wconf 87' lang='lat' dir='ltr'><strong>die.</strong></span> <span class='ocrx_word' id='word_1_50' title='bbox 909 704 1160 758; x_wconf 89' lang='lat' dir='ltr'><strong>Formam</strong></span> <span class='ocrx_word' id='word_1_51' title='bbox 1189 701 1332 757; x_wconf 85' lang='lat' dir='ltr'><strong>servi</strong></span> <span class='ocrx_word' id='word_1_52' title='bbox 1361 698 1629 768; x_wconf 81' lang='lat' dir='ltr'><strong>suscepit,</strong></span> <span class='ocrx_word' id='word_1_53' title='bbox 1654 711 1812 769; x_wconf 87' lang='lat' dir='ltr'><strong>quam</strong></span> <span class='ocrx_word' id='word_1_54' title='bbox 1853 695 1908 749; x_wconf 91' lang='lat' dir='ltr'><strong>iu</strong></span> <span class='ocrx_word' id='word_1_55' title='bbox 1947 693 2096 749; x_wconf 91' lang='lat' dir='ltr'><strong>omni</strong></span> 
     </span>
    </p>
   </div>
   <div class='ocr_carea' id='block_1_8' title="bbox 498 785 2094 869">
    <p class='ocr_par' dir='ltr' id='par_1_8' title="bbox 498 785 2094 869">
     <span class='ocr_line' id='line_1_8' title="bbox 498 785 2094 869; baseline -0.011 -13"><span class='ocrx_word' id='word_1_56' title='bbox 498 811 742 869; x_wconf 88' lang='lat' dir='ltr'><strong>tempore</strong></span> <span class='ocrx_word' id='word_1_57' title='bbox 755 795 1036 869; x_wconf 79' lang='lat' dir='ltr'><strong>praesentis</strong></span> <span class='ocrx_word' id='word_1_58' title='bbox 1052 796 1178 849; x_wconf 71' lang='lat' dir='ltr'><strong>vita:</strong></span> <span class='ocrx_word' id='word_1_59' title='bbox 1195 793 1393 850; x_wconf 82' lang='lat' dir='ltr'><strong>salvari</strong></span> <span class='ocrx_word' id='word_1_60' title='bbox 1413 788 1798 863; x_wconf 87' lang='lat' dir='ltr'><strong>precatur.Scit</strong></span> <span class='ocrx_word' id='word_1_61' title='bbox 1811 788 1952 843; x_wconf 91' lang='lat' dir='ltr'><strong>enim</strong></span> <span class='ocrx_word' id='word_1_62' title='bbox 1973 785 2094 856; x_wconf 87' lang='lat' dir='ltr'><strong>quia</strong></span> 
     </span>
    </p>
   </div>
   <div class='ocr_carea' id='block_1_9' title="bbox 498 882 2020 963">
    <p class='ocr_par' dir='ltr' id='par_1_9' title="bbox 498 882 2020 963">
     <span class='ocr_line' id='line_1_9' title="bbox 498 882 2020 963; baseline -0.011 -13"><span class='ocrx_word' id='word_1_63' title='bbox 498 895 621 951; x_wconf 83' lang='lat' dir='ltr'><strong>etsi</strong></span> <span class='ocrx_word' id='word_1_64' title='bbox 645 893 866 963; x_wconf 74' lang='lat' dir='ltr'><strong>Spiritus</strong></span> <span class='ocrx_word' id='word_1_65' title='bbox 889 897 1171 961; x_wconf 88' lang='lat' dir='ltr'><strong>promptus</strong></span> <span class='ocrx_word' id='word_1_66' title='bbox 1194 896 1298 953; x_wconf 89' lang='lat' dir='ltr'><strong>est,</strong></span> <span class='ocrx_word' id='word_1_67' title='bbox 1325 901 1453 942; x_wconf 88' lang='lat' dir='ltr'><strong>caro</strong></span> <span class='ocrx_word' id='word_1_68' title='bbox 1479 892 1656 940; x_wconf 90' lang='lat' dir='ltr'><strong>autem</strong></span> <span class='ocrx_word' id='word_1_69' title='bbox 1684 882 1895 938; x_wconf 86' lang='lat' dir='ltr'><strong>intirma</strong></span> <span class='ocrx_word' id='word_1_70' title='bbox 1917 889 2020 936; x_wconf 88' lang='lat' dir='ltr'><strong>est.</strong></span> 
     </span>
    </p>
   </div>
   <div class='ocr_carea' id='block_1_10' title="bbox 570 974 2096 1053">
    <p class='ocr_par' dir='ltr' id='par_1_10' title="bbox 570 974 2096 1053">
     <span class='ocr_line' id='line_1_10' title="bbox 570 974 2096 1053; baseline -0.01 -13"><span class='ocrx_word' id='word_1_71' title='bbox 570 984 805 1053; x_wconf 76' lang='lat' dir='ltr'><strong>Ltetiﬁca</strong></span> <span class='ocrx_word' id='word_1_72' title='bbox 834 983 1056 1037; x_wconf 89' lang='lat' dir='ltr'><strong>animam</strong></span> <span class='ocrx_word' id='word_1_73' title='bbox 1083 980 1216 1036; x_wconf 83' lang='lat' dir='ltr'><strong>servi</strong></span> <span class='ocrx_word' id='word_1_74' title='bbox 1258 979 1350 1033; x_wconf 87' lang='lat' dir='ltr'><strong>tui.</strong></span> <span class='ocrx_word' id='word_1_75' title='bbox 1383 980 1424 1033; x_wconf 85' lang='lat' dir='ltr'><strong>A</strong></span> <span class='ocrx_word' id='word_1_76' title='bbox 1472 974 1910 1031; x_wconf 79' lang='lat' dir='ltr'><strong>tribulationibus</strong></span> <span class='ocrx_word' id='word_1_77' title='bbox 1957 986 2096 1042; x_wconf 72' lang='lat' dir='ltr'><strong>prte-</strong></span> 
     </span>
    </p>
   </div>
   <div class='ocr_carea' id='block_1_11' title="bbox 499 1069 2096 1141">
    <p class='ocr_par' dir='ltr' id='par_1_11' title="bbox 499 1069 2096 1141">
     <span class='ocr_line' id='line_1_11' title="bbox 499 1069 2096 1141; baseline -0.01 -7"><span class='ocrx_word' id='word_1_78' title='bbox 499 1079 746 1136; x_wconf 90' lang='lat' dir='ltr'><strong>sentibus</strong></span> <span class='ocrx_word' id='word_1_79' title='bbox 769 1087 1041 1133; x_wconf 72' lang='lat' dir='ltr'><strong>mmstam.</strong></span> <span class='ocrx_word' id='word_1_80' title='bbox 1068 1075 1204 1141; x_wconf 82' lang='lat' dir='ltr'><strong>Quia</strong></span> <span class='ocrx_word' id='word_1_81' title='bbox 1230 1074 1298 1128; x_wconf 86' lang='lat' dir='ltr'><strong>ad</strong></span> <span class='ocrx_word' id='word_1_82' title='bbox 1322 1082 1389 1138; x_wconf 89' lang='lat' dir='ltr'><strong>te,</strong></span> <span class='ocrx_word' id='word_1_83' title='bbox 1423 1069 1658 1137; x_wconf 78' lang='lat' dir='ltr'><strong>Domine,</strong></span> <span class='ocrx_word' id='word_1_84' title='bbox 1685 1069 1910 1122; x_wconf 89' lang='lat' dir='ltr'><strong>animam</strong></span> <span class='ocrx_word' id='word_1_85' title='bbox 1931 1081 2096 1119; x_wconf 87' lang='lat' dir='ltr'><strong>meam</strong></span> 
     </span>
    </p>
   </div>
   <div class='ocr_carea' id='block_1_12' title="bbox 496 1162 1667 1229">
    <p class='ocr_par' dir='ltr' id='par_1_12' title="bbox 496 1162 1667 1229">
     <span class='ocr_line' id='line_1_12' title="bbox 496 1162 1667 1229; baseline -0.012 0"><span class='ocrx_word' id='word_1_86' title='bbox 496 1172 666 1229; x_wconf 82' lang='lat' dir='ltr'><strong>levavi</strong></span> <span class='ocrx_word' id='word_1_87' title='bbox 691 1189 710 1226; x_wconf 89' lang='lat'><strong><em>:</em></strong></span> <span class='ocrx_word' id='word_1_88' title='bbox 739 1170 817 1225; x_wconf 82' lang='lat' dir='ltr'><strong>Ad</strong></span> <span class='ocrx_word' id='word_1_89' title='bbox 849 1179 900 1225; x_wconf 90' lang='lat' dir='ltr'><strong>te</strong></span> <span class='ocrx_word' id='word_1_90' title='bbox 930 1184 1052 1223; x_wconf 90' lang='lat' dir='ltr'><strong>eam</strong></span> <span class='ocrx_word' id='word_1_91' title='bbox 1079 1165 1395 1224; x_wconf 89' lang='lat' dir='ltr'><strong>resuscitari</strong></span> <span class='ocrx_word' id='word_1_92' title='bbox 1415 1162 1667 1219; x_wconf 88' lang='lat' dir='ltr'><strong>credens.</strong></span> 
     </span>
    </p>
   </div>
   <div class='ocr_carea' id='block_1_13' title="bbox 571 1249 2096 1330">
    <p class='ocr_par' dir='ltr' id='par_1_13' title="bbox 571 1249 2096 1330">
     <span class='ocr_line' id='line_1_13' title="bbox 571 1249 2096 1330; baseline -0.01 -12"><span class='ocrx_word' id='word_1_93' title='bbox 571 1263 710 1330; x_wconf 83' lang='lat' dir='ltr'><strong>Quia</strong></span> <span class='ocrx_word' id='word_1_94' title='bbox 749 1272 826 1328; x_wconf 89' lang='lat' dir='ltr'><strong>tu,</strong></span> <span class='ocrx_word' id='word_1_95' title='bbox 868 1260 1109 1325; x_wconf 87' lang='lat' dir='ltr'><strong>Domine,</strong></span> <span class='ocrx_word' id='word_1_96' title='bbox 1149 1257 1321 1313; x_wconf 87' lang='lat' dir='ltr'><strong>suavis</strong></span> <span class='ocrx_word' id='word_1_97' title='bbox 1350 1265 1398 1309; x_wconf 91' lang='lat' dir='ltr'><strong>ct</strong></span> <span class='ocrx_word' id='word_1_98' title='bbox 1427 1254 1580 1321; x_wconf 88' lang='lat' dir='ltr'><strong>mitis,</strong></span> <span class='ocrx_word' id='word_1_99' title='bbox 1611 1261 1656 1306; x_wconf 92' lang='lat' dir='ltr'><strong>et</strong></span> <span class='ocrx_word' id='word_1_100' title='bbox 1698 1251 1874 1305; x_wconf 77' lang='lat' dir='ltr'><strong>multa:</strong></span> <span class='ocrx_word' id='word_1_101' title='bbox 1898 1249 2096 1303; x_wconf 80' lang='lat' dir='ltr'><strong>miseri-</strong></span> 
     </span>
    </p>
   </div>
   <div class='ocr_carea' id='block_1_14' title="bbox 496 1341 2095 1416">
    <p class='ocr_par' dir='ltr' id='par_1_14' title="bbox 496 1341 2095 1416">
     <span class='ocr_line' id='line_1_14' title="bbox 496 1341 2095 1416; baseline -0.009 -5"><span class='ocrx_word' id='word_1_102' title='bbox 496 1356 690 1411; x_wconf 80' lang='lat' dir='ltr'><strong>cordia:</strong></span> <span class='ocrx_word' id='word_1_103' title='bbox 732 1353 967 1409; x_wconf 90' lang='lat' dir='ltr'><strong>omnibus</strong></span> <span class='ocrx_word' id='word_1_104' title='bbox 996 1349 1349 1407; x_wconf 72' lang='lat' dir='ltr'><strong>invocantibus</strong></span> <span class='ocrx_word' id='word_1_105' title='bbox 1378 1357 1444 1402; x_wconf 92' lang='lat' dir='ltr'><strong>te.</strong></span> <span class='ocrx_word' id='word_1_106' title='bbox 1471 1346 1570 1401; x_wconf 86' lang='lat' dir='ltr'><strong>llis</strong></span> <span class='ocrx_word' id='word_1_107' title='bbox 1612 1344 1704 1416; x_wconf 88' lang='lat' dir='ltr'><strong>qui</strong></span> <span class='ocrx_word' id='word_1_108' title='bbox 1754 1353 1804 1398; x_wconf 91' lang='lat' dir='ltr'><strong>te</strong></span> <span class='ocrx_word' id='word_1_109' title='bbox 1847 1341 1914 1398; x_wconf 91' lang='lat' dir='ltr'><strong>de</strong></span> <span class='ocrx_word' id='word_1_110' title='bbox 1959 1355 2095 1411; x_wconf 91' lang='lat' dir='ltr'><strong>puro</strong></span> 
     </span>
    </p>
   </div>
   <div class='ocr_carea' id='block_1_15' title="bbox 497 1433 2095 1512">
    <p class='ocr_par' dir='ltr' id='par_1_15' title="bbox 497 1433 2095 1512">
     <span class='ocr_line' id='line_1_15' title="bbox 497 1433 2095 1512; baseline -0.01 -9"><span class='ocrx_word' id='word_1_111' title='bbox 497 1447 664 1502; x_wconf 89' lang='lat' dir='ltr'><strong>corde</strong></span> <span class='ocrx_word' id='word_1_112' title='bbox 689 1446 962 1512; x_wconf 91' lang='lat' dir='ltr'><strong>invocant,</strong></span> <span class='ocrx_word' id='word_1_113' title='bbox 988 1444 1175 1499; x_wconf 87' lang='lat' dir='ltr'><strong>mitem</strong></span> <span class='ocrx_word' id='word_1_114' title='bbox 1205 1452 1257 1497; x_wconf 91' lang='lat' dir='ltr'><strong>te</strong></span> <span class='ocrx_word' id='word_1_115' title='bbox 1287 1438 1521 1510; x_wconf 66' lang='lat' dir='ltr'><strong>praebes,</strong></span> <span class='ocrx_word' id='word_1_116' title='bbox 1550 1447 1604 1493; x_wconf 91' lang='lat' dir='ltr'><strong>et</strong></span> <span class='ocrx_word' id='word_1_117' title='bbox 1631 1433 1907 1507; x_wconf 83' lang='lat' dir='ltr'><strong>copiosam</strong></span> <span class='ocrx_word' id='word_1_118' title='bbox 1939 1433 2095 1489; x_wconf 66' lang='lat' dir='ltr'><strong>miseo</strong></span> 
     </span>
    </p>
   </div>
   <div class='ocr_carea' id='block_1_16' title="bbox 499 1535 1186 1605">
    <p class='ocr_par' dir='ltr' id='par_1_16' title="bbox 499 1535 1186 1605">
     <span class='ocr_line' id='line_1_16' title="bbox 499 1535 1186 1605; baseline -0.009 -11"><span class='ocrx_word' id='word_1_119' title='bbox 499 1537 788 1594; x_wconf 87' lang='lat' dir='ltr'><strong>ricordiam</strong></span> <span class='ocrx_word' id='word_1_120' title='bbox 812 1536 892 1592; x_wconf 89' lang='lat' dir='ltr'><strong>cis</strong></span> <span class='ocrx_word' id='word_1_121' title='bbox 918 1535 1186 1605; x_wconf 82' lang='lat' dir='ltr'><strong>indulges.</strong></span> 
     </span>
    </p>
   </div>
   <div class='ocr_carea' id='block_1_17' title="bbox 570 1621 2076 1698">
    <p class='ocr_par' dir='ltr' id='par_1_17' title="bbox 570 1621 2076 1698">
     <span class='ocr_line' id='line_1_17' title="bbox 570 1621 2076 1698; baseline -0.009 -14"><span class='ocrx_word' id='word_1_122' title='bbox 570 1629 796 1684; x_wconf 85' lang='lat' dir='ltr'><strong>Auribus</strong></span> <span class='ocrx_word' id='word_1_123' title='bbox 843 1629 1068 1698; x_wconf 83' lang='lat' dir='ltr'><strong>percipe,</strong></span> <span class='ocrx_word' id='word_1_124' title='bbox 1124 1624 1360 1691; x_wconf 88' lang='lat' dir='ltr'><strong>Domine,</strong></span> <span class='ocrx_word' id='word_1_125' title='bbox 1413 1621 1698 1676; x_wconf 88' lang='lat' dir='ltr'><strong>orationem</strong></span> <span class='ocrx_word' id='word_1_126' title='bbox 1741 1633 1928 1686; x_wconf 89' lang='lat' dir='ltr'><strong>meam,</strong></span> <span class='ocrx_word' id='word_1_127' title='bbox 1970 1625 2076 1672; x_wconf 87' lang='lat' dir='ltr'><strong>etc.</strong></span> 
     </span>
    </p>
   </div>
   <div class='ocr_carea' id='block_1_18' title="bbox 499 1721 1104 1790">
    <p class='ocr_par' dir='ltr' id='par_1_18' title="bbox 499 1721 1104 1790">
     <span class='ocr_line' id='line_1_18' title="bbox 499 1721 1104 1790; baseline -0.01 -13"><span class='ocrx_word' id='word_1_128' title='bbox 499 1721 764 1790; x_wconf 85' lang='lat' dir='ltr'><strong>Quoniam</strong></span> <span class='ocrx_word' id='word_1_129' title='bbox 787 1721 934 1790; x_wconf 90' lang='lat' dir='ltr'><strong>justa</strong></span> <span class='ocrx_word' id='word_1_130' title='bbox 959 1726 1104 1789; x_wconf 88' lang='lat' dir='ltr'><strong>peto.</strong></span> 
     </span>
    </p>
   </div>
   <div class='ocr_carea' id='block_1_19' title="bbox 2198 497 3836 574">
    <p class='ocr_par' dir='ltr' id='par_1_19' title="bbox 2198 497 3836 574">
     <span class='ocr_line' id='line_1_19' title="bbox 2198 497 3836 574; baseline -0.007 -12"><span class='ocrx_word' id='word_1_131' title='bbox 2198 507 2375 574; x_wconf 90' lang='lat' dir='ltr'><strong>mine,</strong></span> <span class='ocrx_word' id='word_1_132' title='bbox 2407 513 2462 560; x_wconf 90' lang='lat' dir='ltr'><strong>ut</strong></span> <span class='ocrx_word' id='word_1_133' title='bbox 2486 503 2664 560; x_wconf 88' lang='lat' dir='ltr'><strong>crucis</strong></span> <span class='ocrx_word' id='word_1_134' title='bbox 2698 513 2802 558; x_wconf 62' lang='lat' dir='ltr'><strong>tua:</strong></span> <span class='ocrx_word' id='word_1_135' title='bbox 2832 503 2989 574; x_wconf 87' lang='lat' dir='ltr'><strong>signo</strong></span> <span class='ocrx_word' id='word_1_136' title='bbox 3025 500 3224 568; x_wconf 90' lang='lat' dir='ltr'><strong>tutati,</strong></span> <span class='ocrx_word' id='word_1_137' title='bbox 3267 507 3432 568; x_wconf 90' lang='lat' dir='ltr'><strong>atque</strong></span> <span class='ocrx_word' id='word_1_138' title='bbox 3480 497 3602 567; x_wconf 87' lang='lat' dir='ltr'><strong>ejus</strong></span> <span class='ocrx_word' id='word_1_139' title='bbox 3649 510 3836 567; x_wconf 65' lang='lat' dir='ltr'><strong>prie-</strong></span> 
     </span>
    </p>
   </div>
   <div class='ocr_carea' id='block_1_20' title="bbox 2196 587 3836 662">
    <p class='ocr_par' dir='ltr' id='par_1_20' title="bbox 2196 587 3836 662">
     <span class='ocr_line' id='line_1_20' title="bbox 2196 587 3836 662; baseline -0.008 -8"><span class='ocrx_word' id='word_1_140' title='bbox 2196 599 2338 654; x_wconf 90' lang='lat' dir='ltr'><strong>sidio</strong></span> <span class='ocrx_word' id='word_1_141' title='bbox 2366 596 2651 662; x_wconf 90' lang='lat' dir='ltr'><strong>custoditi,</strong></span> <span class='ocrx_word' id='word_1_142' title='bbox 2686 609 2996 652; x_wconf 90' lang='lat' dir='ltr'><strong>mereamur</strong></span> <span class='ocrx_word' id='word_1_143' title='bbox 3027 593 3096 647; x_wconf 92' lang='lat' dir='ltr'><strong>ab</strong></span> <span class='ocrx_word' id='word_1_144' title='bbox 3125 591 3384 648; x_wconf 91' lang='lat' dir='ltr'><strong>omnibus</strong></span> <span class='ocrx_word' id='word_1_145' title='bbox 3420 589 3632 645; x_wconf 88' lang='lat' dir='ltr'><strong>diaboli</strong></span> <span class='ocrx_word' id='word_1_146' title='bbox 3663 587 3836 643; x_wconf 59' lang='lat' dir='ltr'><strong>insi«</strong></span> 
     </span>
    </p>
   </div>
   <div class='ocr_carea' id='block_1_21' title="bbox 2198 683 3832 760">
    <p class='ocr_par' dir='ltr' id='par_1_21' title="bbox 2198 683 3832 760">
     <span class='ocr_line' id='line_1_21' title="bbox 2198 683 3832 760; baseline -0.007 -15"><span class='ocrx_word' id='word_1_147' title='bbox 2198 689 2302 746; x_wconf 89' lang='lat' dir='ltr'><strong>diis</strong></span> <span class='ocrx_word' id='word_1_148' title='bbox 2327 689 2549 744; x_wconf 89' lang='lat' dir='ltr'><strong>liberari</strong></span> <span class='ocrx_word' id='word_1_149' title='bbox 2576 707 2586 742; x_wconf 90' lang='lat'><strong>:</strong></span> <span class='ocrx_word' id='word_1_150' title='bbox 2611 688 2734 760; x_wconf 90' lang='lat' dir='ltr'><strong>quia</strong></span> <span class='ocrx_word' id='word_1_151' title='bbox 2759 687 2850 742; x_wconf 90' lang='lat' dir='ltr'><strong>tibi</strong></span> <span class='ocrx_word' id='word_1_152' title='bbox 2874 696 2956 743; x_wconf 85' lang='lat' dir='ltr'><strong>est</strong></span> <span class='ocrx_word' id='word_1_153' title='bbox 2977 686 3154 740; x_wconf 90' lang='lat' dir='ltr'><strong>honor</strong></span> <span class='ocrx_word' id='word_1_154' title='bbox 3169 694 3222 740; x_wconf 92' lang='lat' dir='ltr'><strong>et</strong></span> <span class='ocrx_word' id='word_1_155' title='bbox 3245 683 3418 754; x_wconf 86' lang='lat' dir='ltr'><strong>gloria</strong></span> <span class='ocrx_word' id='word_1_156' title='bbox 3437 697 3558 735; x_wconf 90' lang='lat' dir='ltr'><strong>cum</strong></span> <span class='ocrx_word' id='word_1_157' title='bbox 3582 689 3832 736; x_wconf 66' lang='lat' dir='ltr'><strong>aeterno</strong></span> 
     </span>
    </p>
   </div>
   <div class='ocr_carea' id='block_1_22' title="bbox 2198 771 3821 853">
    <p class='ocr_par' dir='ltr' id='par_1_22' title="bbox 2198 771 3821 853">
     <span class='ocr_line' id='line_1_22' title="bbox 2198 771 3821 853; baseline -0.007 -16"><span class='ocrx_word' id='word_1_158' title='bbox 2198 782 2360 837; x_wconf 84' lang='lat' dir='ltr'><strong>Patre</strong></span> <span class='ocrx_word' id='word_1_159' title='bbox 2387 789 2442 838; x_wconf 90' lang='lat' dir='ltr'><strong>et</strong></span> <span class='ocrx_word' id='word_1_160' title='bbox 2466 780 2674 853; x_wconf 84' lang='lat' dir='ltr'><strong>Spiritu</strong></span> <span class='ocrx_word' id='word_1_161' title='bbox 2696 787 2886 836; x_wconf 88' lang='lat' dir='ltr'><strong>sancto</strong></span> <span class='ocrx_word' id='word_1_162' title='bbox 2911 779 2964 833; x_wconf 91' lang='lat' dir='ltr'><strong>in</strong></span> <span class='ocrx_word' id='word_1_163' title='bbox 2987 776 3185 832; x_wconf 79' lang='lat' dir='ltr'><strong>saecula</strong></span> <span class='ocrx_word' id='word_1_164' title='bbox 3211 774 3559 832; x_wconf 81' lang='lat' dir='ltr'><strong>saeculorum.</strong></span> <span class='ocrx_word' id='word_1_165' title='bbox 3591 771 3821 827; x_wconf 81' lang='lat' dir='ltr'><strong>Amen.</strong></span> 
     </span>
    </p>
   </div>
   <div class='ocr_carea' id='block_1_23' title="bbox 2660 894 3308 956">
    <p class='ocr_par' dir='ltr' id='par_1_23' title="bbox 2660 894 3308 956">
     <span class='ocr_line' id='line_1_23' title="bbox 2660 894 3308 956; baseline -0.011 -1"><span class='ocrx_word' id='word_1_166' title='bbox 2660 897 2982 956; x_wconf 74' lang='lat' dir='ltr'><strong>PSALMUS</strong></span> <span class='ocrx_word' id='word_1_167' title='bbox 3019 894 3308 951; x_wconf 77' lang='lat' dir='ltr'><strong>LXXXVI.</strong></span> 
     </span>
    </p>
   </div>
   <div class='ocr_carea' id='block_1_24' title="bbox 2199 963 3820 1042">
    <p class='ocr_par' dir='ltr' id='par_1_24' title="bbox 2199 963 3820 1042">
     <span class='ocr_line' id='line_1_24' title="bbox 2199 963 3820 1042; baseline -0.009 -12"><span class='ocrx_word' id='word_1_168' title='bbox 2199 975 2442 1030; x_wconf 88' lang='lat' dir='ltr'><strong>Psalmus</strong></span> <span class='ocrx_word' id='word_1_169' title='bbox 2479 972 2680 1027; x_wconf 86' lang='lat' dir='ltr'><strong>Cantici</strong></span> <span class='ocrx_word' id='word_1_170' title='bbox 2709 970 2832 1042; x_wconf 79' lang='lat' dir='ltr'><strong>ﬁliis</strong></span> <span class='ocrx_word' id='word_1_171' title='bbox 2861 967 3010 1023; x_wconf 89' lang='lat' dir='ltr'><strong>Core.</strong></span> <span class='ocrx_word' id='word_1_172' title='bbox 3044 969 3190 1022; x_wconf 91' lang='lat' dir='ltr'><strong>Inter</strong></span> <span class='ocrx_word' id='word_1_173' title='bbox 3224 965 3488 1042; x_wconf 71' lang='lat' dir='ltr'><strong>psalmum</strong></span> <span class='ocrx_word' id='word_1_174' title='bbox 3521 971 3575 1042; x_wconf 87' lang='lat' dir='ltr'><strong>e_t</strong></span> <span class='ocrx_word' id='word_1_175' title='bbox 3607 963 3820 1017; x_wconf 84' lang='lat' dir='ltr'><strong>canti-</strong></span> 
     </span>
    </p>
   </div>
   <div class='ocr_carea' id='block_1_25' title="bbox 2267 1035 3818 1115">
    <p class='ocr_par' dir='ltr' id='par_1_25' title="bbox 2267 1035 3818 1115">
     <span class='ocr_line' id='line_1_25' title="bbox 2267 1035 3818 1115; baseline -0.008 -16"><span class='ocrx_word' id='word_1_176' title='bbox 2267 1062 2390 1100; x_wconf 87' lang='lat' dir='ltr'><strong>cum</strong></span> <span class='ocrx_word' id='word_1_177' title='bbox 2425 1045 2554 1115; x_wconf 91' lang='lat' dir='ltr'><strong>quid</strong></span> <span class='ocrx_word' id='word_1_178' title='bbox 2583 1035 3207 1115; x_wconf 73' lang='lat' dir='ltr'><strong>interest,_frequenter</strong></span> <span class='ocrx_word' id='word_1_179' title='bbox 3245 1036 3358 1091; x_wconf 81' lang='lat' dir='ltr'><strong>dixi</strong></span> <span class='ocrx_word' id='word_1_180' title='bbox 3392 1053 3402 1087; x_wconf 89' lang='lat'>:</span> <span class='ocrx_word' id='word_1_181' title='bbox 3439 1035 3818 1115; x_wconf 42' lang='lat' dir='ltr'><strong>Psalmusnex</strong></span> 
     </span>
    </p>
   </div>
   <div class='ocr_carea' id='block_1_26' title="bbox 2269 1103 3821 1174">
    <p class='ocr_par' dir='ltr' id='par_1_26' title="bbox 2269 1103 3821 1174">
     <span class='ocr_line' id='line_1_26' title="bbox 2269 1103 3821 1174; baseline -0.009 -3"><span class='ocrx_word' id='word_1_182' title='bbox 2269 1103 2536 1172; x_wconf 63' lang='lat' dir='ltr'><strong>Psalte&#39;rio</strong></span> <span class='ocrx_word' id='word_1_183' title='bbox 2563 1114 2764 1169; x_wconf 91' lang='lat' dir='ltr'><strong>dicitur</strong></span> <span class='ocrx_word' id='word_1_184' title='bbox 2795 1131 2806 1166; x_wconf 94' lang='lat'>:</span> <span class='ocrx_word' id='word_1_185' title='bbox 2833 1103 3123 1166; x_wconf 75' lang='lat' dir='ltr'><strong>Canticum</strong></span> <span class='ocrx_word' id='word_1_186' title='bbox 3152 1123 3288 1164; x_wconf 89' lang='lat' dir='ltr'><strong>vero</strong></span> <span class='ocrx_word' id='word_1_187' title='bbox 3319 1122 3386 1162; x_wconf 87' lang='lat' dir='ltr'><strong>ex</strong></span> <span class='ocrx_word' id='word_1_188' title='bbox 3417 1120 3550 1160; x_wconf 87' lang='lat' dir='ltr'><strong>voce</strong></span> <span class='ocrx_word' id='word_1_189' title='bbox 3579 1103 3821 1174; x_wconf 76' lang='lat' dir='ltr'><strong>profer-</strong></span> 
     </span>
    </p>
   </div>
   <div class='ocr_carea' id='block_1_27' title="bbox 2272 1175 3817 1246">
    <p class='ocr_par' dir='ltr' id='par_1_27' title="bbox 2272 1175 3817 1246">
     <span class='ocr_line' id='line_1_27' title="bbox 2272 1175 3817 1246; baseline -0.008 -4"><span class='ocrx_word' id='word_1_190' title='bbox 2272 1197 2379 1242; x_wconf 90' lang='lat' dir='ltr'><strong>tur.</strong></span> <span class='ocrx_word' id='word_1_191' title='bbox 2418 1186 2668 1241; x_wconf 84' lang='lat' dir='ltr'><strong>Psalmus</strong></span> <span class='ocrx_word' id='word_1_192' title='bbox 2713 1183 2954 1239; x_wconf 84' lang='lat' dir='ltr'><strong>retertur</strong></span> <span class='ocrx_word' id='word_1_193' title='bbox 3003 1182 3069 1235; x_wconf 90' lang='lat' dir='ltr'><strong>ad</strong></span> <span class='ocrx_word' id='word_1_194' title='bbox 3123 1193 3353 1246; x_wconf 91' lang='lat' dir='ltr'><strong>manus,</strong></span> <span class='ocrx_word' id='word_1_195' title='bbox 3405 1175 3508 1232; x_wconf 86' lang='lat' dir='ltr'><strong>hoc</strong></span> <span class='ocrx_word' id='word_1_196' title='bbox 3550 1185 3672 1244; x_wconf 88' lang='lat' dir='ltr'><strong>est,</strong></span> <span class='ocrx_word' id='word_1_197' title='bbox 3727 1175 3817 1230; x_wconf 86' lang='lat' dir='ltr'><strong>ad</strong></span> 
     </span>
    </p>
   </div>
   <div class='ocr_carea' id='block_1_28' title="bbox 2269 1251 3218 1327">
    <p class='ocr_par' dir='ltr' id='par_1_28' title="bbox 2269 1251 3218 1327">
     <span class='ocr_line' id='line_1_28' title="bbox 2269 1251 3218 1327; baseline -0.011 -13"><span class='ocrx_word' id='word_1_198' title='bbox 2269 1273 2432 1327; x_wconf 84' lang='lat' dir='ltr'><strong>Opera</strong></span> <span class='ocrx_word' id='word_1_199' title='bbox 2471 1276 2481 1309; x_wconf 91' lang='lat'><strong>:</strong></span> <span class='ocrx_word' id='word_1_200' title='bbox 2514 1257 2785 1312; x_wconf 89' lang='lat' dir='ltr'><strong>canticum</strong></span> <span class='ocrx_word' id='word_1_201' title='bbox 2829 1254 2896 1308; x_wconf 88' lang='lat' dir='ltr'><strong>ad</strong></span> <span class='ocrx_word' id='word_1_202' title='bbox 2928 1251 3218 1307; x_wconf 88' lang='lat' dir='ltr'><strong>theoriam.</strong></span> 
     </span>
    </p>
   </div>
   <div class='ocr_carea' id='block_1_29' title="bbox 2272 1338 3815 1418">
    <p class='ocr_par' dir='ltr' id='par_1_29' title="bbox 2272 1338 3815 1418">
     <span class='ocr_line' id='line_1_29' title="bbox 2272 1338 3815 1418; baseline -0.006 -14"><span class='ocrx_word' id='word_1_203' title='bbox 2272 1350 2637 1405; x_wconf 80' lang='lat' dir='ltr'><strong>Fundamenta</strong></span> <span class='ocrx_word' id='word_1_204' title='bbox 2664 1350 2774 1418; x_wconf 86' lang='lat' dir='ltr'><strong>ejus</strong></span> <span class='ocrx_word' id='word_1_205' title='bbox 2805 1347 2860 1401; x_wconf 91' lang='lat' dir='ltr'><strong>in</strong></span> <span class='ocrx_word' id='word_1_206' title='bbox 2886 1343 3148 1400; x_wconf 86' lang='lat' dir='ltr'><strong>montibus</strong></span> <span class='ocrx_word' id='word_1_207' title='bbox 3169 1345 3385 1399; x_wconf 82' lang='lat' dir='ltr'><strong>sanctis.</strong></span> <span class='ocrx_word' id='word_1_208' title='bbox 3423 1341 3541 1397; x_wconf 84' lang='lat' dir='ltr'><strong>Non</strong></span> <span class='ocrx_word' id='word_1_209' title='bbox 3589 1338 3815 1412; x_wconf 57' lang='lat' dir='ltr'><strong>primi}-</strong></span> 
     </span>
    </p>
   </div>
   <div class='ocr_carea' id='block_1_30' title="bbox 2197 1435 3810 1513">
    <p class='ocr_par' dir='ltr' id='par_1_30' title="bbox 2197 1435 3810 1513">
     <span class='ocr_line' id='line_1_30' title="bbox 2197 1435 3810 1513; baseline -0.006 -14"><span class='ocrx_word' id='word_1_210' title='bbox 2197 1444 2276 1499; x_wconf 88' lang='lat' dir='ltr'><strong>xit</strong></span> <span class='ocrx_word' id='word_1_211' title='bbox 2307 1442 2495 1513; x_wconf 88' lang='lat' dir='ltr'><strong>cujus;</strong></span> <span class='ocrx_word' id='word_1_212' title='bbox 2526 1451 2581 1498; x_wconf 87' lang='lat' dir='ltr'><strong>et</strong></span> <span class='ocrx_word' id='word_1_213' title='bbox 2607 1439 2745 1496; x_wconf 84' lang='lat' dir='ltr'><strong>dixit</strong></span> <span class='ocrx_word' id='word_1_214' title='bbox 2790 1459 2802 1492; x_wconf 90' lang='lat'><strong>:</strong></span> <span class='ocrx_word' id='word_1_215' title='bbox 2855 1438 3222 1493; x_wconf 80' lang='lat' dir='ltr'><strong>Fundamenta</strong></span> <span class='ocrx_word' id='word_1_216' title='bbox 3271 1441 3383 1509; x_wconf 86' lang='lat' dir='ltr'><strong>ejus</strong></span> <span class='ocrx_word' id='word_1_217' title='bbox 3429 1437 3485 1491; x_wconf 91' lang='lat' dir='ltr'><strong>in</strong></span> <span class='ocrx_word' id='word_1_218' title='bbox 3532 1435 3810 1490; x_wconf 75' lang='lat' dir='ltr'><strong>montibus</strong></span> 
     </span>
    </p>
   </div>
   <div class='ocr_carea' id='block_1_31' title="bbox 2192 1528 3803 1606">
    <p class='ocr_par' dir='ltr' id='par_1_31' title="bbox 2192 1528 3803 1606">
     <span class='ocr_line' id='line_1_31' title="bbox 2192 1528 3803 1606; baseline -0.005 -14"><span class='ocrx_word' id='word_1_219' title='bbox 2192 1538 2410 1592; x_wconf 82' lang='lat' dir='ltr'><strong>sanctis.</strong></span> <span class='ocrx_word' id='word_1_220' title='bbox 2437 1537 2538 1605; x_wconf 85' lang='lat' dir='ltr'><strong>Qui</strong></span> <span class='ocrx_word' id='word_1_221' title='bbox 2570 1535 2837 1606; x_wconf 86' lang='lat' dir='ltr'><strong>loquitur,</strong></span> <span class='ocrx_word' id='word_1_222' title='bbox 2881 1533 3146 1604; x_wconf 86' lang='lat' dir='ltr'><strong>propheta</strong></span> <span class='ocrx_word' id='word_1_223' title='bbox 3176 1540 3280 1588; x_wconf 88' lang='lat' dir='ltr'><strong>est.</strong></span> <span class='ocrx_word' id='word_1_224' title='bbox 3315 1530 3441 1586; x_wconf 86' lang='lat' dir='ltr'><strong>Filii</strong></span> <span class='ocrx_word' id='word_1_225' title='bbox 3471 1539 3601 1585; x_wconf 91' lang='lat' dir='ltr'><strong>sunt</strong></span> <span class='ocrx_word' id='word_1_226' title='bbox 3625 1528 3803 1585; x_wconf 88' lang='lat' dir='ltr'><strong>Core.</strong></span> 
     </span>
    </p>
   </div>
   <div class='ocr_carea' id='block_1_32' title="bbox 2195 1621 3808 1700">
    <p class='ocr_par' dir='ltr' id='par_1_32' title="bbox 2195 1621 3808 1700">
     <span class='ocr_line' id='line_1_32' title="bbox 2195 1621 3808 1700; baseline -0.006 -14"><span class='ocrx_word' id='word_1_227' title='bbox 2195 1629 2337 1687; x_wconf 83' lang='lat' dir='ltr'><strong>Core</strong></span> <span class='ocrx_word' id='word_1_228' title='bbox 2381 1628 2508 1700; x_wconf 91' lang='lat' dir='ltr'><strong>quid</strong></span> <span class='ocrx_word' id='word_1_229' title='bbox 2552 1629 2976 1698; x_wconf 87' lang='lat' dir='ltr'><strong>interpretatur,</strong></span> <span class='ocrx_word' id='word_1_230' title='bbox 3022 1624 3339 1695; x_wconf 84' lang='lat' dir='ltr'><strong>frequenter</strong></span> <span class='ocrx_word' id='word_1_231' title='bbox 3387 1623 3505 1678; x_wconf 80' lang='lat' dir='ltr'><strong>dixi</strong></span> <span class='ocrx_word' id='word_1_232' title='bbox 3542 1643 3553 1677; x_wconf 90' lang='lat'>:</span> <span class='ocrx_word' id='word_1_233' title='bbox 3597 1621 3808 1678; x_wconf 73' lang='lat' dir='ltr'><strong>Calca-</strong></span> 
     </span>
    </p>
   </div>
   <div class='ocr_carea' id='block_1_33' title="bbox 2195 1715 3806 1790">
    <p class='ocr_par' dir='ltr' id='par_1_33' title="bbox 2195 1715 3806 1790">
     <span class='ocr_line' id='line_1_33' title="bbox 2195 1715 3806 1790; baseline -0.003 -14"><span class='ocrx_word' id='word_1_234' title='bbox 2195 1724 2312 1790; x_wconf 86' lang='lat' dir='ltr'><strong>ria,</strong></span> <span class='ocrx_word' id='word_1_235' title='bbox 2358 1720 2465 1776; x_wconf 90' lang='lat' dir='ltr'><strong>hoc</strong></span> <span class='ocrx_word' id='word_1_236' title='bbox 2499 1729 2583 1777; x_wconf 88' lang='lat' dir='ltr'><strong>est</strong></span> <span class='ocrx_word' id='word_1_237' title='bbox 2625 1720 2722 1775; x_wconf 83' lang='lat' dir='ltr'><strong>ﬁlii</strong></span> <span class='ocrx_word' id='word_1_238' title='bbox 2763 1718 3206 1775; x_wconf 88' lang='lat' dir='ltr'><strong>resurrectionis.</strong></span> <span class='ocrx_word' id='word_1_239' title='bbox 3247 1715 3611 1771; x_wconf 80' lang='lat' dir='ltr'><strong>Fundamenta</strong></span> <span class='ocrx_word' id='word_1_240' title='bbox 3641 1719 3762 1788; x_wconf 88' lang='lat' dir='ltr'><strong>ejus</strong></span> <span class='ocrx_word' id='word_1_241' title='bbox 3787 1756 3806 1783; x_wconf 88' lang='lat'><strong>,</strong></span> 
     </span>
    </p>
   </div>
   <div class='ocr_carea' id='block_1_34' title="bbox 565 1803 3806 1880">
    <p class='ocr_par' dir='ltr' id='par_1_34' title="bbox 565 1803 3806 1880">
     <span class='ocr_line' id='line_1_34' title="bbox 565 1803 3806 1880; baseline -0.006 -13"><span class='ocrx_word' id='word_1_242' title='bbox 565 1813 632 1867; x_wconf 82' lang='lat' dir='ltr'><strong>In</strong></span> <span class='ocrx_word' id='word_1_243' title='bbox 663 1813 748 1868; x_wconf 80' lang='lat' dir='ltr'><strong>die</strong></span> <span class='ocrx_word' id='word_1_244' title='bbox 777 1812 1122 1868; x_wconf 77' lang='lat' dir='ltr'><strong>tribulationis</strong></span> <span class='ocrx_word' id='word_1_245' title='bbox 1151 1827 1294 1866; x_wconf 64' lang='lat' dir='ltr'><strong>meat.</strong></span> <span class='ocrx_word' id='word_1_246' title='bbox 1315 1809 1426 1864; x_wconf 77' lang='grc' dir='ltr'>Ηοο</span> <span class='ocrx_word' id='word_1_247' title='bbox 1457 1815 1561 1873; x_wconf 90' lang='lat' dir='ltr'><strong>est,</strong></span> <span class='ocrx_word' id='word_1_248' title='bbox 1595 1806 1649 1860; x_wconf 92' lang='lat' dir='ltr'><strong>in</strong></span> <span class='ocrx_word' id='word_1_249' title='bbox 1795 1803 2084 1875; x_wconf 90' lang='lat' dir='ltr'><strong>passionis.</strong></span> <span class='ocrx_word' id='word_1_250' title='bbox 2120 1803 2167 1864; x_wconf 83' lang='lat' dir='ltr'><strong>B</strong></span> <span class='ocrx_word' id='word_1_251' title='bbox 2195 1815 2313 1871; x_wconf 69' lang='lat' dir='ltr'><strong>sive</strong></span> <span class='ocrx_word' id='word_1_252' title='bbox 2370 1815 2500 1880; x_wconf 58' lang='lat' dir='ltr'><strong>Dei’</strong></span> <span class='ocrx_word' id='word_1_253' title='bbox 2555 1813 2670 1868; x_wconf 75' lang='lat' dir='ltr'><strong>sive</strong></span> <span class='ocrx_word' id='word_1_254' title='bbox 2723 1820 2872 1868; x_wconf 58' lang='lat' dir='ltr'><strong>certe</strong></span> <span class='ocrx_word' id='word_1_255' title='bbox 2919 1809 3199 1866; x_wconf 50' lang='lat' dir='ltr'><strong>Ecclesiae.</strong></span> <span class='ocrx_word' id='word_1_256' title='bbox 3254 1809 3386 1878; x_wconf 61' lang='lat' dir='ltr'><strong>Qum</strong></span> <span class='ocrx_word' id='word_1_257' title='bbox 3433 1819 3562 1864; x_wconf 53' lang='lat' dir='ltr'><strong>sunt</strong></span> <span class='ocrx_word' id='word_1_258' title='bbox 3608 1818 3806 1864; x_wconf 65' lang='grc' dir='ltr'>εωιειη</span> 
     </span>
    </p>
   </div>
   <div class='ocr_carea' id='block_1_35' title="bbox 499 1893 2097 1966">
    <p class='ocr_par' dir='ltr' id='par_1_35' title="bbox 499 1893 2097 1966">
     <span class='ocr_line' id='line_1_35' title="bbox 499 1893 2097 1966; baseline -0.009 -4"><span class='ocrx_word' id='word_1_259' title='bbox 499 1905 728 1962; x_wconf 79' lang='lat' dir='ltr'><strong>Clamavi</strong></span> <span class='ocrx_word' id='word_1_260' title='bbox 755 1905 824 1958; x_wconf 83' lang='lat' dir='ltr'><strong>ad</strong></span> <span class='ocrx_word' id='word_1_261' title='bbox 852 1915 920 1960; x_wconf 89' lang='lat' dir='ltr'><strong>te.</strong></span> <span class='ocrx_word' id='word_1_262' title='bbox 953 1904 1030 1959; x_wconf 88' lang='lat' dir='ltr'><strong>De</strong></span> <span class='ocrx_word' id='word_1_263' title='bbox 1057 1917 1239 1958; x_wconf 87' lang='lat' dir='ltr'><strong>cruce.</strong></span> <span class='ocrx_word' id='word_1_264' title='bbox 1275 1900 1411 1966; x_wconf 89' lang='lat' dir='ltr'><strong>Quia</strong></span> <span class='ocrx_word' id='word_1_265' title='bbox 1438 1897 1697 1954; x_wconf 70' lang='lat' dir='ltr'><strong>exaudisti</strong></span> <span class='ocrx_word' id='word_1_266' title='bbox 1725 1912 1823 1950; x_wconf 88' lang='lat' dir='ltr'><strong>me.</strong></span> <span class='ocrx_word' id='word_1_267' title='bbox 1847 1893 1919 1951; x_wconf 89' lang='lat' dir='ltr'><strong>Ut</strong></span> <span class='ocrx_word' id='word_1_268' title='bbox 1949 1909 2097 1949; x_wconf 86' lang='lat' dir='ltr'><strong>com-</strong></span> 
     </span>
    </p>
   </div>
   <div class='ocr_carea' id='block_1_36' title="bbox 495 1979 1781 2064">
    <p class='ocr_par' dir='ltr' id='par_1_36' title="bbox 495 1979 1781 2064">
     <span class='ocr_line' id='line_1_36' title="bbox 495 1979 1781 2064; baseline -0.011 -7"><span class='ocrx_word' id='word_1_269' title='bbox 495 1999 808 2057; x_wconf 88' lang='lat' dir='ltr'><strong>mendatum</strong></span> <span class='ocrx_word' id='word_1_270' title='bbox 841 1997 934 2054; x_wconf 87' lang='lat' dir='ltr'><strong>tibi</strong></span> <span class='ocrx_word' id='word_1_271' title='bbox 961 1979 1277 2053; x_wconf 87' lang='lat' dir='ltr'><strong>restitueres</strong></span> <span class='ocrx_word' id='word_1_272' title='bbox 1298 1993 1551 2064; x_wconf 89' lang='lat' dir='ltr'><strong>spiritum</strong></span> <span class='ocrx_word' id='word_1_273' title='bbox 1578 2005 1781 2047; x_wconf 91' lang='lat' dir='ltr'><strong>meum.</strong></span> 
     </span>
    </p>
   </div>
   <div class='ocr_carea' id='block_1_37' title="bbox 568 2083 2098 2152">
    <p class='ocr_par' dir='ltr' id='par_1_37' title="bbox 568 2083 2098 2152">
     <span class='ocr_line' id='line_1_37' title="bbox 568 2083 2098 2152; baseline -0.01 -3"><span class='ocrx_word' id='word_1_274' title='bbox 568 2093 691 2149; x_wconf 90' lang='lat' dir='ltr'><strong>Non</strong></span> <span class='ocrx_word' id='word_1_275' title='bbox 731 2104 804 2148; x_wconf 87' lang='lat' dir='ltr'><strong>est</strong></span> <span class='ocrx_word' id='word_1_276' title='bbox 840 2092 1024 2148; x_wconf 82' lang='lat' dir='ltr'><strong>similis</strong></span> <span class='ocrx_word' id='word_1_277' title='bbox 1063 2091 1135 2144; x_wconf 88' lang='lat' dir='ltr'><strong>tui</strong></span> <span class='ocrx_word' id='word_1_278' title='bbox 1170 2091 1224 2142; x_wconf 87' lang='lat' dir='ltr'><strong>in</strong></span> <span class='ocrx_word' id='word_1_279' title='bbox 1255 2088 1378 2152; x_wconf 88' lang='lat' dir='ltr'><strong>diis,</strong></span> <span class='ocrx_word' id='word_1_280' title='bbox 1419 2083 1663 2150; x_wconf 86' lang='lat' dir='ltr'><strong>Domine,</strong></span> <span class='ocrx_word' id='word_1_281' title='bbox 1705 2092 1753 2137; x_wconf 89' lang='lat' dir='ltr'><strong>et</strong></span> <span class='ocrx_word' id='word_1_282' title='bbox 1779 2099 1883 2136; x_wconf 89' lang='lat' dir='ltr'><strong>non</strong></span> <span class='ocrx_word' id='word_1_283' title='bbox 1914 2091 1988 2137; x_wconf 82' lang='lat' dir='ltr'><strong>est</strong></span> <span class='ocrx_word' id='word_1_284' title='bbox 2017 2096 2098 2134; x_wconf 88' lang='lat' dir='ltr'><strong>se-</strong></span> 
     </span>
    </p>
   </div>
   <div class='ocr_carea' id='block_1_38' title="bbox 493 2170 2098 2256">
    <p class='ocr_par' dir='ltr' id='par_1_38' title="bbox 493 2170 2098 2256">
     <span class='ocr_line' id='line_1_38' title="bbox 493 2170 2098 2256; baseline -0.011 -14"><span class='ocrx_word' id='word_1_285' title='bbox 493 2187 720 2242; x_wconf 87' lang='lat' dir='ltr'><strong>cundum</strong></span> <span class='ocrx_word' id='word_1_286' title='bbox 762 2200 917 2256; x_wconf 86' lang='lat' dir='ltr'><strong>opera</strong></span> <span class='ocrx_word' id='word_1_287' title='bbox 958 2193 1067 2238; x_wconf 87' lang='lat' dir='ltr'><strong>tua.</strong></span> <span class='ocrx_word' id='word_1_288' title='bbox 1098 2180 1215 2235; x_wconf 88' lang='lat' dir='ltr'><strong>Non</strong></span> <span class='ocrx_word' id='word_1_289' title='bbox 1246 2177 1513 2250; x_wconf 89' lang='lat' dir='ltr'><strong>reperitur</strong></span> <span class='ocrx_word' id='word_1_290' title='bbox 1538 2175 1592 2231; x_wconf 84' lang='lat' dir='ltr'><strong>in</strong></span> <span class='ocrx_word' id='word_1_291' title='bbox 1621 2170 1927 2230; x_wconf 87' lang='lat' dir='ltr'><strong>simulacris</strong></span> <span class='ocrx_word' id='word_1_292' title='bbox 1966 2186 2098 2242; x_wconf 83' lang='lat' dir='ltr'><strong>gen-</strong></span> 
     </span>
    </p>
   </div>
   <div class='ocr_carea' id='block_1_39' title="bbox 499 2270 1513 2348">
    <p class='ocr_par' dir='ltr' id='par_1_39' title="bbox 499 2270 1513 2348">
     <span class='ocr_line' id='line_1_39' title="bbox 499 2270 1513 2348; baseline -0.009 -14"><span class='ocrx_word' id='word_1_293' title='bbox 499 2281 657 2346; x_wconf 91' lang='lat' dir='ltr'><strong>tium,</strong></span> <span class='ocrx_word' id='word_1_294' title='bbox 687 2279 778 2348; x_wconf 91' lang='lat' dir='ltr'><strong>qui</strong></span> <span class='ocrx_word' id='word_1_295' title='bbox 811 2278 888 2332; x_wconf 91' lang='lat' dir='ltr'><strong>sic</strong></span> <span class='ocrx_word' id='word_1_296' title='bbox 916 2277 1087 2346; x_wconf 88' lang='lat' dir='ltr'><strong>possit</strong></span> <span class='ocrx_word' id='word_1_297' title='bbox 1113 2282 1174 2329; x_wconf 93' lang='lat' dir='ltr'><strong>ut</strong></span> <span class='ocrx_word' id='word_1_298' title='bbox 1201 2281 1256 2328; x_wconf 88' lang='lat' dir='ltr'><strong>tu</strong></span> <span class='ocrx_word' id='word_1_299' title='bbox 1278 2270 1513 2342; x_wconf 88' lang='lat' dir='ltr'><strong>operari.</strong></span> 
     </span>
    </p>
   </div>
   <div class='ocr_carea' id='block_1_40' title="bbox 573 2359 2092 2440">
    <p class='ocr_par' dir='ltr' id='par_1_40' title="bbox 573 2359 2092 2440">
     <span class='ocr_line' id='line_1_40' title="bbox 573 2359 2092 2440; baseline -0.009 -15"><span class='ocrx_word' id='word_1_300' title='bbox 573 2369 761 2424; x_wconf 85' lang='lat' dir='ltr'><strong>Omnes</strong></span> <span class='ocrx_word' id='word_1_301' title='bbox 792 2381 964 2440; x_wconf 87' lang='lat' dir='ltr'><strong>gentes</strong></span> <span class='ocrx_word' id='word_1_302' title='bbox 992 2381 1339 2438; x_wconf 86' lang='lat' dir='ltr'><strong>quascumque</strong></span> <span class='ocrx_word' id='word_1_303' title='bbox 1375 2362 1568 2434; x_wconf 78' lang='lat' dir='ltr'><strong>fecisti,</strong></span> <span class='ocrx_word' id='word_1_304' title='bbox 1603 2361 1803 2416; x_wconf 86' lang='lat' dir='ltr'><strong>venient</strong></span> <span class='ocrx_word' id='word_1_305' title='bbox 1832 2368 1879 2413; x_wconf 90' lang='lat' dir='ltr'><strong>et</strong></span> <span class='ocrx_word' id='word_1_306' title='bbox 1907 2359 2092 2414; x_wconf 85' lang='lat' dir='ltr'><strong>adora-</strong></span> 
     </span>
    </p>
   </div>
   <div class='ocr_carea' id='block_1_41' title="bbox 504 2454 2093 2530">
    <p class='ocr_par' dir='ltr' id='par_1_41' title="bbox 504 2454 2093 2530">
     <span class='ocr_line' id='line_1_41' title="bbox 504 2454 2093 2530; baseline -0.009 -9"><span class='ocrx_word' id='word_1_307' title='bbox 504 2465 626 2521; x_wconf 81' lang='lat' dir='ltr'><strong>bunt</strong></span> <span class='ocrx_word' id='word_1_308' title='bbox 671 2479 840 2517; x_wconf 90' lang='lat' dir='ltr'><strong>coram</strong></span> <span class='ocrx_word' id='word_1_309' title='bbox 890 2471 960 2530; x_wconf 89' lang='lat' dir='ltr'><strong>te,</strong></span> <span class='ocrx_word' id='word_1_310' title='bbox 1008 2459 1254 2527; x_wconf 85' lang='lat' dir='ltr'><strong>Domine,</strong></span> <span class='ocrx_word' id='word_1_311' title='bbox 1301 2467 1405 2514; x_wconf 91' lang='lat' dir='ltr'><strong>etc.</strong></span> <span class='ocrx_word' id='word_1_312' title='bbox 1452 2456 1556 2511; x_wconf 88' lang='lat' dir='ltr'><strong>Per</strong></span> <span class='ocrx_word' id='word_1_313' title='bbox 1593 2456 1903 2526; x_wconf 85' lang='lat' dir='ltr'><strong>passionem</strong></span> <span class='ocrx_word' id='word_1_314' title='bbox 1949 2454 2093 2509; x_wconf 89' lang='lat' dir='ltr'><strong>enim</strong></span> 
     </span>
    </p>
   </div>
   <div class='ocr_carea' id='block_1_42' title="bbox 498 2549 2096 2628">
    <p class='ocr_par' dir='ltr' id='par_1_42' title="bbox 498 2549 2096 2628">
     <span class='ocr_line' id='line_1_42' title="bbox 498 2549 2096 2628; baseline -0.009 -10"><span class='ocrx_word' id='word_1_315' title='bbox 498 2575 675 2618; x_wconf 88' lang='lat' dir='ltr'><strong>meam</strong></span> <span class='ocrx_word' id='word_1_316' title='bbox 722 2567 1055 2628; x_wconf 84' lang='lat' dir='ltr'><strong>cognoscent</strong></span> <span class='ocrx_word' id='word_1_317' title='bbox 1094 2553 1516 2626; x_wconf 80' lang='lat' dir='ltr'><strong>magnitudinem</strong></span> <span class='ocrx_word' id='word_1_318' title='bbox 1552 2551 1770 2608; x_wconf 86' lang='lat' dir='ltr'><strong>virtutis</strong></span> <span class='ocrx_word' id='word_1_319' title='bbox 1796 2559 1925 2605; x_wconf 72' lang='lat' dir='ltr'><strong>tute.</strong></span> <span class='ocrx_word' id='word_1_320' title='bbox 1962 2549 2096 2604; x_wconf 83' lang='lat' dir='ltr'><strong>Hinc</strong></span> 
     </span>
    </p>
   </div>
   <div class='ocr_carea' id='block_1_43' title="bbox 498 2648 1058 2722">
    <p class='ocr_par' dir='ltr' id='par_1_43' title="bbox 498 2648 1058 2722">
     <span class='ocr_line' id='line_1_43' title="bbox 498 2648 1058 2722; baseline -0.002 -17"><span class='ocrx_word' id='word_1_321' title='bbox 498 2651 762 2722; x_wconf 87' lang='lat' dir='ltr'><strong>propheta</strong></span> <span class='ocrx_word' id='word_1_322' title='bbox 795 2648 1058 2719; x_wconf 87' lang='lat' dir='ltr'><strong>loquitur.</strong></span> 
     </span>
    </p>
   </div>
   <div class='ocr_carea' id='block_1_44' title="bbox 571 2735 2092 2812">
    <p class='ocr_par' dir='ltr' id='par_1_44' title="bbox 571 2735 2092 2812">
     <span class='ocr_line' id='line_1_44' title="bbox 571 2735 2092 2812; baseline -0.007 -13"><span class='ocrx_word' id='word_1_323' title='bbox 571 2743 749 2799; x_wconf 87' lang='lat' dir='ltr'><strong>Deduc</strong></span> <span class='ocrx_word' id='word_1_324' title='bbox 791 2759 892 2812; x_wconf 91' lang='lat' dir='ltr'><strong>me,</strong></span> <span class='ocrx_word' id='word_1_325' title='bbox 921 2741 1155 2808; x_wconf 88' lang='lat' dir='ltr'><strong>Domine,</strong></span> <span class='ocrx_word' id='word_1_326' title='bbox 1184 2741 1239 2795; x_wconf 88' lang='lat' dir='ltr'><strong>in</strong></span> <span class='ocrx_word' id='word_1_327' title='bbox 1268 2741 1351 2795; x_wconf 79' lang='lat' dir='ltr'><strong>uia</strong></span> <span class='ocrx_word' id='word_1_328' title='bbox 1383 2748 1488 2808; x_wconf 88' lang='lat' dir='ltr'><strong>tua,</strong></span> <span class='ocrx_word' id='word_1_329' title='bbox 1515 2748 1560 2794; x_wconf 90' lang='lat' dir='ltr'><strong>et</strong></span> <span class='ocrx_word' id='word_1_330' title='bbox 1585 2737 1848 2808; x_wconf 79' lang='lat' dir='ltr'><strong>ingrediar</strong></span> <span class='ocrx_word' id='word_1_331' title='bbox 1877 2737 1929 2790; x_wconf 89' lang='lat' dir='ltr'><strong>in</strong></span> <span class='ocrx_word' id='word_1_332' title='bbox 1959 2735 2092 2790; x_wconf 79' lang='lat' dir='ltr'><strong>veri-</strong></span> 
     </span>
    </p>
   </div>
   <div class='ocr_carea' id='block_1_45' title="bbox 499 2825 2092 2900">
    <p class='ocr_par' dir='ltr' id='par_1_45' title="bbox 499 2825 2092 2900">
     <span class='ocr_line' id='line_1_45' title="bbox 499 2825 2092 2900; baseline -0.006 -8"><span class='ocrx_word' id='word_1_333' title='bbox 499 2847 604 2893; x_wconf 84' lang='lat' dir='ltr'><strong>tate</strong></span> <span class='ocrx_word' id='word_1_334' title='bbox 641 2847 751 2891; x_wconf 88' lang='lat' dir='ltr'><strong>tua.</strong></span> <span class='ocrx_word' id='word_1_335' title='bbox 786 2836 842 2890; x_wconf 93' lang='lat' dir='ltr'><strong>Si</strong></span> <span class='ocrx_word' id='word_1_336' title='bbox 871 2835 1014 2890; x_wconf 88' lang='lat' dir='ltr'><strong>enim</strong></span> <span class='ocrx_word' id='word_1_337' title='bbox 1044 2848 1132 2889; x_wconf 90' lang='lat' dir='ltr'><strong>me</strong></span> <span class='ocrx_word' id='word_1_338' title='bbox 1163 2832 1228 2888; x_wconf 88' lang='lat' dir='ltr'><strong>ad</strong></span> <span class='ocrx_word' id='word_1_339' title='bbox 1254 2825 1526 2888; x_wconf 88' lang='lat' dir='ltr'><strong>Christum</strong></span> <span class='ocrx_word' id='word_1_340' title='bbox 1555 2839 1727 2899; x_wconf 91' lang='lat' dir='ltr'><strong>tuum,</strong></span> <span class='ocrx_word' id='word_1_341' title='bbox 1757 2828 1848 2900; x_wconf 91' lang='lat' dir='ltr'><strong>qui</strong></span> <span class='ocrx_word' id='word_1_342' title='bbox 1875 2837 1960 2884; x_wconf 86' lang='lat' dir='ltr'><strong>est</strong></span> <span class='ocrx_word' id='word_1_343' title='bbox 1986 2828 2092 2894; x_wconf 86' lang='lat' dir='ltr'><strong>via,</strong></span> 
     </span>
    </p>
   </div>
   <div class='ocr_carea' id='block_1_46' title="bbox 499 2921 2096 2994">
    <p class='ocr_par' dir='ltr' id='par_1_46' title="bbox 499 2921 2096 2994">
     <span class='ocr_line' id='line_1_46' title="bbox 499 2921 2096 2994; baseline -0.008 -10"><span class='ocrx_word' id='word_1_344' title='bbox 499 2927 757 2994; x_wconf 77' lang='lat' dir='ltr'><strong>deducas,</strong></span> <span class='ocrx_word' id='word_1_345' title='bbox 782 2925 925 2980; x_wconf 84' lang='lat' dir='ltr'><strong>nulla</strong></span> <span class='ocrx_word' id='word_1_346' title='bbox 949 2940 1036 2980; x_wconf 88' lang='lat' dir='ltr'><strong>me</strong></span> <span class='ocrx_word' id='word_1_347' title='bbox 1057 2925 1270 2980; x_wconf 82' lang='lat' dir='ltr'><strong>fallacia</strong></span> <span class='ocrx_word' id='word_1_348' title='bbox 1290 2923 1563 2979; x_wconf 87' lang='lat' dir='ltr'><strong>retinebit.</strong></span> <span class='ocrx_word' id='word_1_349' title='bbox 1582 2921 1805 2976; x_wconf 79' lang='lat' dir='ltr'><strong>Lteletur</strong></span> <span class='ocrx_word' id='word_1_350' title='bbox 1825 2937 1914 2975; x_wconf 89' lang='lat' dir='ltr'><strong>cor</strong></span> <span class='ocrx_word' id='word_1_351' title='bbox 1928 2935 2096 2973; x_wconf 88' lang='lat' dir='ltr'><strong>meum</strong></span> 
     </span>
    </p>
   </div>
   <div class='ocr_carea' id='block_1_47' title="bbox 495 3015 2096 3076">
    <p class='ocr_par' dir='ltr' id='par_1_47' title="bbox 495 3015 2096 3076">
     <span class='ocr_line' id='line_1_47' title="bbox 495 3015 2096 3076; baseline -0.005 -1"><span class='ocrx_word' id='word_1_352' title='bbox 495 3030 552 3076; x_wconf 91' lang='lat' dir='ltr'><strong>ut</strong></span> <span class='ocrx_word' id='word_1_353' title='bbox 581 3023 754 3076; x_wconf 85' lang='lat' dir='ltr'><strong>timeat</strong></span> <span class='ocrx_word' id='word_1_354' title='bbox 784 3036 966 3075; x_wconf 85' lang='lat' dir='ltr'><strong>nomen</strong></span> <span class='ocrx_word' id='word_1_355' title='bbox 998 3017 1309 3075; x_wconf 85' lang='lat' dir='ltr'><strong>tuum.Cum</strong></span> <span class='ocrx_word' id='word_1_356' title='bbox 1332 3032 1363 3072; x_wconf 90' lang='lat' dir='ltr'><strong>a</strong></span> <span class='ocrx_word' id='word_1_357' title='bbox 1394 3031 1629 3072; x_wconf 89' lang='lat' dir='ltr'><strong>moerore</strong></span> <span class='ocrx_word' id='word_1_358' title='bbox 1655 3015 1949 3069; x_wconf 81' lang='lat' dir='ltr'><strong>facinorum</strong></span> <span class='ocrx_word' id='word_1_359' title='bbox 1973 3028 2096 3068; x_wconf 88' lang='lat' dir='ltr'><strong>eru-</strong></span> 
     </span>
    </p>
   </div>
   <div class='ocr_carea' id='block_1_48' title="bbox 496 3107 1900 3180">
    <p class='ocr_par' dir='ltr' id='par_1_48' title="bbox 496 3107 1900 3180">
     <span class='ocr_line' id='line_1_48' title="bbox 496 3107 1900 3180; baseline -0.005 -11"><span class='ocrx_word' id='word_1_360' title='bbox 496 3122 584 3170; x_wconf 85' lang='lat' dir='ltr'><strong>tus</strong></span> <span class='ocrx_word' id='word_1_361' title='bbox 615 3112 786 3178; x_wconf 82' lang='lat' dir='ltr'><strong>fuero,</strong></span> <span class='ocrx_word' id='word_1_362' title='bbox 821 3121 946 3167; x_wconf 88' lang='lat' dir='ltr'><strong>tunc</strong></span> <span class='ocrx_word' id='word_1_363' title='bbox 974 3113 1026 3166; x_wconf 90' lang='lat' dir='ltr'><strong>in</strong></span> <span class='ocrx_word' id='word_1_364' title='bbox 1058 3119 1108 3166; x_wconf 89' lang='lat' dir='ltr'><strong>te</strong></span> <span class='ocrx_word' id='word_1_365' title='bbox 1135 3110 1320 3165; x_wconf 68' lang='lat' dir='ltr'><strong>laetitia</strong></span> <span class='ocrx_word' id='word_1_366' title='bbox 1348 3108 1609 3178; x_wconf 88' lang='lat' dir='ltr'><strong>spirituali</strong></span> <span class='ocrx_word' id='word_1_367' title='bbox 1631 3107 1900 3180; x_wconf 78' lang='lat' dir='ltr'><strong>gaudebo.</strong></span> 
     </span>
    </p>
   </div>
   <div class='ocr_carea' id='block_1_49' title="bbox 2199 1901 3802 1973">
    <p class='ocr_par' dir='ltr' id='par_1_49' title="bbox 2199 1901 3802 1973">
     <span class='ocr_line' id='line_1_49' title="bbox 2199 1901 3802 1973; baseline -0.004 -11"><span class='ocrx_word' id='word_1_368' title='bbox 2199 1907 2575 1973; x_wconf 81' lang='lat' dir='ltr'><strong>fundamenta,</strong></span> <span class='ocrx_word' id='word_1_369' title='bbox 2634 1904 2739 1960; x_wconf 87' lang='lat' dir='ltr'><strong>nisi</strong></span> <span class='ocrx_word' id='word_1_370' title='bbox 2799 1904 2996 1969; x_wconf 90' lang='lat' dir='ltr'><strong>Pater,</strong></span> <span class='ocrx_word' id='word_1_371' title='bbox 3056 1914 3110 1959; x_wconf 91' lang='lat' dir='ltr'><strong>et</strong></span> <span class='ocrx_word' id='word_1_372' title='bbox 3166 1901 3376 1968; x_wconf 87' lang='lat' dir='ltr'><strong>Filius,</strong></span> <span class='ocrx_word' id='word_1_373' title='bbox 3435 1911 3490 1957; x_wconf 89' lang='lat' dir='ltr'><strong>et</strong></span> <span class='ocrx_word' id='word_1_374' title='bbox 3551 1901 3802 1972; x_wconf 79' lang='lat' dir='ltr'><strong>Spiritus</strong></span> 
     </span>
    </p>
   </div>
   <div class='ocr_carea' id='block_1_50' title="bbox 2199 1994 3796 2067">
    <p class='ocr_par' dir='ltr' id='par_1_50' title="bbox 2199 1994 3796 2067">
     <span class='ocr_line' id='line_1_50' title="bbox 2199 1994 3796 2067; baseline -0.003 -13"><span class='ocrx_word' id='word_1_375' title='bbox 2199 1998 2454 2054; x_wconf 82' lang='lat' dir='ltr'><strong>sanctus?</strong></span> <span class='ocrx_word' id='word_1_376' title='bbox 2481 1997 2608 2052; x_wconf 64' lang='grc' dir='ltr'><strong>Ηωο</strong></span> <span class='ocrx_word' id='word_1_377' title='bbox 2630 2011 2758 2067; x_wconf 80' lang='lat' dir='ltr'><strong>ergo</strong></span> <span class='ocrx_word' id='word_1_378' title='bbox 2780 1994 3134 2051; x_wconf 84' lang='lat' dir='ltr'><strong>fundamenta</strong></span> <span class='ocrx_word' id='word_1_379' title='bbox 3159 2010 3268 2050; x_wconf 92' lang='lat' dir='ltr'><strong>non</strong></span> <span class='ocrx_word' id='word_1_380' title='bbox 3296 2004 3425 2051; x_wconf 90' lang='lat' dir='ltr'><strong>sunt</strong></span> <span class='ocrx_word' id='word_1_381' title='bbox 3448 1995 3503 2049; x_wconf 91' lang='lat' dir='ltr'><strong>in</strong></span> <span class='ocrx_word' id='word_1_382' title='bbox 3530 1994 3796 2060; x_wconf 77' lang='lat' dir='ltr'><strong>vallibus,</strong></span> 
     </span>
    </p>
   </div>
   <div class='ocr_carea' id='block_1_51' title="bbox 2199 2088 3802 2158">
    <p class='ocr_par' dir='ltr' id='par_1_51' title="bbox 2199 2088 3802 2158">
     <span class='ocr_line' id='line_1_51' title="bbox 2199 2088 3802 2158; baseline -0.003 -10"><span class='ocrx_word' id='word_1_383' title='bbox 2199 2093 2294 2148; x_wconf 90' lang='lat' dir='ltr'><strong>sed</strong></span> <span class='ocrx_word' id='word_1_384' title='bbox 2322 2101 2449 2148; x_wconf 88' lang='lat' dir='ltr'><strong>sunt</strong></span> <span class='ocrx_word' id='word_1_385' title='bbox 2487 2093 2540 2146; x_wconf 92' lang='lat' dir='ltr'><strong>in</strong></span> <span class='ocrx_word' id='word_1_386' title='bbox 2588 2091 2864 2146; x_wconf 87' lang='lat' dir='ltr'><strong>montibus</strong></span> <span class='ocrx_word' id='word_1_387' title='bbox 2886 2134 2901 2158; x_wconf 95' lang='lat'><strong>,</strong></span> <span class='ocrx_word' id='word_1_388' title='bbox 2936 2099 2991 2145; x_wconf 90' lang='lat' dir='ltr'><strong>et</strong></span> <span class='ocrx_word' id='word_1_389' title='bbox 3021 2104 3129 2145; x_wconf 90' lang='lat' dir='ltr'><strong>non</strong></span> <span class='ocrx_word' id='word_1_390' title='bbox 3160 2090 3216 2144; x_wconf 92' lang='lat' dir='ltr'><strong>in</strong></span> <span class='ocrx_word' id='word_1_391' title='bbox 3247 2088 3523 2145; x_wconf 91' lang='lat' dir='ltr'><strong>montibus</strong></span> <span class='ocrx_word' id='word_1_392' title='bbox 3565 2088 3802 2158; x_wconf 81' lang='lat' dir='ltr'><strong>quibus-</strong></span> 
     </span>
    </p>
   </div>
   <div class='ocr_carea' id='block_1_52' title="bbox 2199 2180 3793 2255">
    <p class='ocr_par' dir='ltr' id='par_1_52' title="bbox 2199 2180 3793 2255">
     <span class='ocr_line' id='line_1_52' title="bbox 2199 2180 3793 2255; baseline -0.006 -13"><span class='ocrx_word' id='word_1_393' title='bbox 2199 2199 2462 2255; x_wconf 84' lang='lat' dir='ltr'><strong>eumque,</strong></span> <span class='ocrx_word' id='word_1_394' title='bbox 2493 2184 2588 2239; x_wconf 92' lang='lat' dir='ltr'><strong>sed</strong></span> <span class='ocrx_word' id='word_1_395' title='bbox 2617 2182 2670 2238; x_wconf 93' lang='lat' dir='ltr'><strong>iu</strong></span> <span class='ocrx_word' id='word_1_396' title='bbox 2695 2183 2974 2239; x_wconf 89' lang='lat' dir='ltr'><strong>montibus</strong></span> <span class='ocrx_word' id='word_1_397' title='bbox 2998 2183 3224 2238; x_wconf 90' lang='lat' dir='ltr'><strong>sanctis.</strong></span> <span class='ocrx_word' id='word_1_398' title='bbox 3254 2181 3520 2252; x_wconf 89' lang='lat' dir='ltr'><strong>Loquitur</strong></span> <span class='ocrx_word' id='word_1_399' title='bbox 3544 2180 3748 2237; x_wconf 83' lang='lat' dir='ltr'><strong>Paulus</strong></span> <span class='ocrx_word' id='word_1_400' title='bbox 3780 2199 3793 2233; x_wconf 88' lang='lat'>:</span> 
     </span>
    </p>
   </div>
   <div class='ocr_carea' id='block_1_53' title="bbox 2199 2270 3798 2348">
    <p class='ocr_par' dir='ltr' id='par_1_53' title="bbox 2199 2270 3798 2348">
     <span class='ocr_line' id='line_1_53' title="bbox 2199 2270 3798 2348; baseline -0.004 -15"><span class='ocrx_word' id='word_1_401' title='bbox 2199 2279 2363 2346; x_wconf 87' lang='lat' dir='ltr'><strong>Quasi</strong></span> <span class='ocrx_word' id='word_1_402' title='bbox 2429 2277 2646 2348; x_wconf 86' lang='lat' dir='ltr'><strong>sapiens</strong></span> <span class='ocrx_word' id='word_1_403' title='bbox 2692 2276 3032 2332; x_wconf 87' lang='lat' dir='ltr'><strong>architectus</strong></span> <span class='ocrx_word' id='word_1_404' title='bbox 3087 2274 3501 2330; x_wconf 82' lang='lat' dir='ltr'><strong>fundamentum</strong></span> <span class='ocrx_word' id='word_1_405' title='bbox 3562 2273 3718 2342; x_wconf 89' lang='lat' dir='ltr'><strong>posui</strong></span> <span class='ocrx_word' id='word_1_406' title='bbox 3752 2270 3798 2342; x_wconf 85' lang='grc' dir='ltr'><strong>(Ι</strong></span> 
     </span>
    </p>
   </div>
   <div class='ocr_carea' id='block_1_54' title="bbox 2200 2365 3798 2442">
    <p class='ocr_par' dir='ltr' id='par_1_54' title="bbox 2200 2365 3798 2442">
     <span class='ocr_line' id='line_1_54' title="bbox 2200 2365 3798 2442; baseline -0.006 -14"><span class='ocrx_word' id='word_1_407' title='bbox 2200 2371 2321 2428; x_wconf 87' lang='lat' dir='ltr'><strong>Cor.</strong></span> <span class='ocrx_word' id='word_1_408' title='bbox 2356 2370 2458 2442; x_wconf 88' lang='lat' dir='ltr'><strong>ut),</strong></span> <span class='ocrx_word' id='word_1_409' title='bbox 2490 2371 2595 2426; x_wconf 88' lang='lat' dir='ltr'><strong>hoc</strong></span> <span class='ocrx_word' id='word_1_410' title='bbox 2622 2380 2708 2428; x_wconf 88' lang='lat' dir='ltr'><strong>est</strong></span> <span class='ocrx_word' id='word_1_411' title='bbox 2735 2371 2894 2425; x_wconf 74' lang='lat' dir='ltr'><strong>[idem</strong></span> <span class='ocrx_word' id='word_1_412' title='bbox 2919 2370 3227 2426; x_wconf 84' lang='lat' dir='ltr'><strong>Trinitatis.</strong></span> <span class='ocrx_word' id='word_1_413' title='bbox 3265 2369 3507 2439; x_wconf 86' lang='lat' dir='ltr'><strong>Denique</strong></span> <span class='ocrx_word' id='word_1_414' title='bbox 3549 2365 3711 2430; x_wconf 88' lang='lat' dir='ltr'><strong>dicit,</strong></span> <span class='ocrx_word' id='word_1_415' title='bbox 3738 2373 3798 2420; x_wconf 89' lang='lat' dir='ltr'><strong>et</strong></span> 
     </span>
    </p>
   </div>
   <div class='ocr_carea' id='block_1_55' title="bbox 2200 2460 3796 2537">
    <p class='ocr_par' dir='ltr' id='par_1_55' title="bbox 2200 2460 3796 2537">
     <span class='ocr_line' id='line_1_55' title="bbox 2200 2460 3796 2537; baseline -0.008 -13"><span class='ocrx_word' id='word_1_416' title='bbox 2200 2469 2252 2524; x_wconf 90' lang='lat' dir='ltr'><strong>in</strong></span> <span class='ocrx_word' id='word_1_417' title='bbox 2283 2468 2392 2524; x_wconf 91' lang='lat' dir='ltr'><strong>alio</strong></span> <span class='ocrx_word' id='word_1_418' title='bbox 2421 2468 2543 2523; x_wconf 91' lang='lat' dir='ltr'><strong>loco</strong></span> <span class='ocrx_word' id='word_1_419' title='bbox 2577 2487 2589 2522; x_wconf 90' lang='lat'><strong>:</strong></span> <span class='ocrx_word' id='word_1_420' title='bbox 2623 2467 3036 2537; x_wconf 79' lang='lat' dir='ltr'><strong>ExSpectabant</strong></span> <span class='ocrx_word' id='word_1_421' title='bbox 3061 2467 3207 2521; x_wconf 82' lang='lat' dir='ltr'><strong>enim</strong></span> <span class='ocrx_word' id='word_1_422' title='bbox 3253 2465 3532 2520; x_wconf 87' lang='lat' dir='ltr'><strong>civitatem</strong></span> <span class='ocrx_word' id='word_1_423' title='bbox 3582 2460 3796 2516; x_wconf 87' lang='lat' dir='ltr'><strong>haben-</strong></span> 
     </span>
    </p>
   </div>
   <div class='ocr_carea' id='block_1_56' title="bbox 2199 2555 3794 2634">
    <p class='ocr_par' dir='ltr' id='par_1_56' title="bbox 2199 2555 3794 2634">
     <span class='ocr_line' id='line_1_56' title="bbox 2199 2555 3794 2634; baseline -0.005 -17"><span class='ocrx_word' id='word_1_424' title='bbox 2199 2572 2309 2619; x_wconf 81' lang='lat' dir='ltr'><strong>tem</strong></span> <span class='ocrx_word' id='word_1_425' title='bbox 2348 2562 2750 2619; x_wconf 86' lang='lat' dir='ltr'><strong>fundamenta:</strong></span> <span class='ocrx_word' id='word_1_426' title='bbox 2798 2563 2954 2633; x_wconf 85' lang='lat' dir='ltr'><strong>cujus</strong></span> <span class='ocrx_word' id='word_1_427' title='bbox 3003 2562 3199 2617; x_wconf 80' lang='lat' dir='ltr'><strong>artifex</strong></span> <span class='ocrx_word' id='word_1_428' title='bbox 3244 2569 3301 2615; x_wconf 90' lang='lat' dir='ltr'><strong>et</strong></span> <span class='ocrx_word' id='word_1_429' title='bbox 3338 2557 3596 2614; x_wconf 90' lang='lat' dir='ltr'><strong>conditor</strong></span> <span class='ocrx_word' id='word_1_430' title='bbox 3644 2555 3794 2634; x_wconf 88' lang='lat' dir='ltr'><strong>Deus</strong></span> 
     </span>
    </p>
   </div>
   <div class='ocr_carea' id='block_1_57' title="bbox 2201 2651 3792 2728">
    <p class='ocr_par' dir='ltr' id='par_1_57' title="bbox 2201 2651 3792 2728">
     <span class='ocr_line' id='line_1_57' title="bbox 2201 2651 3792 2728; baseline -0.003 -18"><span class='ocrx_word' id='word_1_431' title='bbox 2201 2655 2388 2728; x_wconf 83' lang='lat' dir='ltr'><strong>(Hebr.</strong></span> <span class='ocrx_word' id='word_1_432' title='bbox 2433 2655 2509 2728; x_wconf 86' lang='lat' dir='ltr'><strong>xl)</strong></span> <span class='ocrx_word' id='word_1_433' title='bbox 2549 2676 2560 2709; x_wconf 90' lang='lat'><strong>:</strong></span> <span class='ocrx_word' id='word_1_434' title='bbox 2602 2656 2964 2710; x_wconf 79' lang='lat' dir='ltr'><strong>Fundamenta</strong></span> <span class='ocrx_word' id='word_1_435' title='bbox 3012 2657 3124 2726; x_wconf 86' lang='lat' dir='ltr'><strong>ejus</strong></span> <span class='ocrx_word' id='word_1_436' title='bbox 3165 2655 3222 2709; x_wconf 88' lang='lat' dir='ltr'><strong>in</strong></span> <span class='ocrx_word' id='word_1_437' title='bbox 3267 2652 3523 2708; x_wconf 84' lang='lat' dir='ltr'><strong>montibus</strong></span> <span class='ocrx_word' id='word_1_438' title='bbox 3576 2651 3792 2707; x_wconf 86' lang='lat' dir='ltr'><strong>sanctis.</strong></span> 
     </span>
    </p>
   </div>
   <div class='ocr_carea' id='block_1_58' title="bbox 2198 2745 3794 2819">
    <p class='ocr_par' dir='ltr' id='par_1_58' title="bbox 2198 2745 3794 2819">
     <span class='ocr_line' id='line_1_58' title="bbox 2198 2745 3794 2819; baseline -0.003 -17"><span class='ocrx_word' id='word_1_439' title='bbox 2198 2747 2324 2804; x_wconf 84' lang='lat' dir='ltr'><strong>Ideo</strong></span> <span class='ocrx_word' id='word_1_440' title='bbox 2354 2747 2489 2803; x_wconf 80' lang='lat' dir='ltr'><strong>dixit</strong></span> <span class='ocrx_word' id='word_1_441' title='bbox 2512 2750 2565 2802; x_wconf 88' lang='lat' dir='ltr'><strong>in</strong></span> <span class='ocrx_word' id='word_1_442' title='bbox 2592 2749 2850 2804; x_wconf 87' lang='lat' dir='ltr'><strong>montibus</strong></span> <span class='ocrx_word' id='word_1_443' title='bbox 2875 2749 3064 2802; x_wconf 87' lang='lat' dir='ltr'><strong>sanctis</strong></span> <span class='ocrx_word' id='word_1_444' title='bbox 3097 2764 3114 2800; x_wconf 92' lang='lat'><strong><em>:</em></strong></span> <span class='ocrx_word' id='word_1_445' title='bbox 3143 2747 3270 2819; x_wconf 89' lang='lat' dir='ltr'><strong>quia</strong></span> <span class='ocrx_word' id='word_1_446' title='bbox 3293 2755 3420 2802; x_wconf 88' lang='lat' dir='ltr'><strong>sunt</strong></span> <span class='ocrx_word' id='word_1_447' title='bbox 3445 2755 3501 2802; x_wconf 88' lang='lat' dir='ltr'><strong>et</strong></span> <span class='ocrx_word' id='word_1_448' title='bbox 3523 2745 3614 2800; x_wconf 85' lang='lat' dir='ltr'><strong>alii</strong></span> <span class='ocrx_word' id='word_1_449' title='bbox 3639 2758 3794 2798; x_wconf 90' lang='lat' dir='ltr'><strong>mon-</strong></span> 
     </span>
    </p>
   </div>
   <div class='ocr_carea' id='block_1_59' title="bbox 2200 2834 3793 2910">
    <p class='ocr_par' dir='ltr' id='par_1_59' title="bbox 2200 2834 3793 2910">
     <span class='ocr_line' id='line_1_59' title="bbox 2200 2834 3793 2910; baseline -0.006 -14"><span class='ocrx_word' id='word_1_450' title='bbox 2200 2849 2282 2897; x_wconf 88' lang='lat' dir='ltr'><strong>tes</strong></span> <span class='ocrx_word' id='word_1_451' title='bbox 2328 2856 2435 2896; x_wconf 89' lang='lat' dir='ltr'><strong>non</strong></span> <span class='ocrx_word' id='word_1_452' title='bbox 2477 2842 2673 2896; x_wconf 88' lang='lat' dir='ltr'><strong>sancti.</strong></span> <span class='ocrx_word' id='word_1_453' title='bbox 2725 2840 2969 2910; x_wconf 91' lang='lat' dir='ltr'><strong>Denique</strong></span> <span class='ocrx_word' id='word_1_454' title='bbox 3024 2839 3224 2894; x_wconf 90' lang='lat' dir='ltr'><strong>dicitur</strong></span> <span class='ocrx_word' id='word_1_455' title='bbox 3271 2839 3324 2892; x_wconf 93' lang='lat' dir='ltr'><strong>in</strong></span> <span class='ocrx_word' id='word_1_456' title='bbox 3375 2837 3558 2892; x_wconf 85' lang='lat' dir='ltr'><strong>Isaia:</strong></span> <span class='ocrx_word' id='word_1_457' title='bbox 3616 2834 3793 2903; x_wconf 91' lang='lat' dir='ltr'><strong>Super</strong></span> 
     </span>
    </p>
   </div>
   <div class='ocr_carea' id='block_1_60' title="bbox 2201 2925 3795 3002">
    <p class='ocr_par' dir='ltr' id='par_1_60' title="bbox 2201 2925 3795 3002">
     <span class='ocr_line' id='line_1_60' title="bbox 2201 2925 3795 3002; baseline -0.007 -12"><span class='ocrx_word' id='word_1_458' title='bbox 2201 2943 2443 2990; x_wconf 91' lang='lat' dir='ltr'><strong>montem</strong></span> <span class='ocrx_word' id='word_1_459' title='bbox 2474 2935 2826 2990; x_wconf 88' lang='lat' dir='ltr'><strong>tenebrosum</strong></span> <span class='ocrx_word' id='word_1_460' title='bbox 2859 2934 3036 2988; x_wconf 85' lang='lat' dir='ltr'><strong>levate</strong></span> <span class='ocrx_word' id='word_1_461' title='bbox 3069 2932 3284 3002; x_wconf 86' lang='lat' dir='ltr'><strong>signum</strong></span> <span class='ocrx_word' id='word_1_462' title='bbox 3331 2927 3486 3001; x_wconf 89' lang='lat' dir='ltr'><strong>(Isai.</strong></span> <span class='ocrx_word' id='word_1_463' title='bbox 3530 2926 3673 2999; x_wconf 81' lang='lat' dir='ltr'><strong>xm).</strong></span> <span class='ocrx_word' id='word_1_464' title='bbox 3725 2925 3795 2980; x_wconf 87' lang='lat' dir='ltr'><strong>Et</strong></span> 
     </span>
    </p>
   </div>
   <div class='ocr_carea' id='block_1_61' title="bbox 2200 3025 3794 3094">
    <p class='ocr_par' dir='ltr' id='par_1_61' title="bbox 2200 3025 3794 3094">
     <span class='ocr_line' id='line_1_61' title="bbox 2200 3025 3794 3094; baseline -0.005 -13"><span class='ocrx_word' id='word_1_465' title='bbox 2200 3025 2254 3081; x_wconf 90' lang='lat' dir='ltr'><strong>iu</strong></span> <span class='ocrx_word' id='word_1_466' title='bbox 2297 3029 2404 3082; x_wconf 81' lang='lat' dir='ltr'><strong>alio</strong></span> <span class='ocrx_word' id='word_1_467' title='bbox 2457 3026 2578 3082; x_wconf 91' lang='lat' dir='ltr'><strong>loco</strong></span> <span class='ocrx_word' id='word_1_468' title='bbox 2625 3026 2828 3082; x_wconf 78' lang='lat' dir='ltr'><strong>dicitur</strong></span> <span class='ocrx_word' id='word_1_469' title='bbox 2879 3044 2891 3080; x_wconf 92' lang='lat'><strong>:</strong></span> <span class='ocrx_word' id='word_1_470' title='bbox 2934 3026 3066 3094; x_wconf 86' lang='lat' dir='ltr'><strong>Quis</strong></span> <span class='ocrx_word' id='word_1_471' title='bbox 3111 3040 3170 3080; x_wconf 87' lang='lat' dir='ltr'><strong>es</strong></span> <span class='ocrx_word' id='word_1_472' title='bbox 3203 3032 3296 3092; x_wconf 90' lang='lat' dir='ltr'><strong>tu,</strong></span> <span class='ocrx_word' id='word_1_473' title='bbox 3331 3035 3491 3077; x_wconf 90' lang='lat' dir='ltr'><strong>mons</strong></span> <span class='ocrx_word' id='word_1_474' title='bbox 3534 3027 3794 3088; x_wconf 88' lang='lat' dir='ltr'><strong>corrupte</strong></span> 
     </span>
    </p>
   </div>
   <div class='ocr_carea' id='block_1_62' title="bbox 2200 3111 3793 3192">
    <p class='ocr_par' dir='ltr' id='par_1_62' title="bbox 2200 3111 3793 3192">
     <span class='ocr_line' id='line_1_62' title="bbox 2200 3111 3793 3192; baseline -0.008 -17"><span class='ocrx_word' id='word_1_475' title='bbox 2200 3119 2387 3192; x_wconf 83' lang='lat' dir='ltr'><strong>(Zach.</strong></span> <span class='ocrx_word' id='word_1_476' title='bbox 2441 3119 2566 3190; x_wconf 73' lang='lat' dir='ltr'><strong>tv)?</strong></span> <span class='ocrx_word' id='word_1_477' title='bbox 2622 3119 2832 3174; x_wconf 86' lang='lat' dir='ltr'><strong>Dicitur</strong></span> <span class='ocrx_word' id='word_1_478' title='bbox 2857 3127 2913 3173; x_wconf 89' lang='lat' dir='ltr'><strong>et</strong></span> <span class='ocrx_word' id='word_1_479' title='bbox 2942 3118 2997 3173; x_wconf 92' lang='lat' dir='ltr'><strong>in</strong></span> <span class='ocrx_word' id='word_1_480' title='bbox 3045 3115 3284 3173; x_wconf 71' lang='lat' dir='ltr'><strong>Ieremia</strong></span> <span class='ocrx_word' id='word_1_481' title='bbox 3319 3133 3332 3168; x_wconf 84' lang='lat'><strong>:</strong></span> <span class='ocrx_word' id='word_1_482' title='bbox 3367 3115 3518 3169; x_wconf 88' lang='lat' dir='ltr'><strong>Dicat</strong></span> <span class='ocrx_word' id='word_1_483' title='bbox 3562 3111 3793 3167; x_wconf 90' lang='lat' dir='ltr'><strong>Domino</strong></span> 
     </span>
    </p>
   </div>
   <div class='ocr_carea' id='block_1_63' title="bbox 570 3191 2091 3282">
    <p class='ocr_par' dir='ltr' id='par_1_63' title="bbox 570 3199 2091 3272">
     <span class='ocr_line' id='line_1_63' title="bbox 570 3199 2091 3272; baseline -0.004 -12"><span class='ocrx_word' id='word_1_484' title='bbox 570 3205 861 3272; x_wconf 81' lang='lat' dir='ltr'><strong>Conﬁtebor</strong></span> <span class='ocrx_word' id='word_1_485' title='bbox 903 3204 1015 3271; x_wconf 83' lang='lat' dir='ltr'><strong>tibi,</strong></span> <span class='ocrx_word' id='word_1_486' title='bbox 1067 3201 1288 3257; x_wconf 88' lang='lat' dir='ltr'><strong>Domine</strong></span> <span class='ocrx_word' id='word_1_487' title='bbox 1336 3200 1475 3256; x_wconf 88' lang='lat' dir='ltr'><strong>Deus</strong></span> <span class='ocrx_word' id='word_1_488' title='bbox 1504 3217 1667 3267; x_wconf 90' lang='lat' dir='ltr'><strong>meus,</strong></span> <span class='ocrx_word' id='word_1_489' title='bbox 1707 3201 1760 3254; x_wconf 90' lang='lat' dir='ltr'><strong>in</strong></span> <span class='ocrx_word' id='word_1_490' title='bbox 1801 3210 1907 3254; x_wconf 90' lang='lat' dir='ltr'><strong>toto</strong></span> <span class='ocrx_word' id='word_1_491' title='bbox 1945 3199 2091 3254; x_wconf 80' lang='lat' dir='ltr'><strong>corde</strong></span> 
     </span>
    </p>
   </div>
   <div class='ocr_carea' id='block_1_64' title="bbox 2201 3191 3791 3282">
    <p class='ocr_par' dir='ltr' id='par_1_64' title="bbox 2204 3191 3791 3282">
     <span class='ocr_line' id='line_1_64' title="bbox 2204 3191 3791 3282; baseline -0.008 -14"><span class='ocrx_word' id='word_1_492' title='bbox 2204 3191 2316 3268; x_wconf 85' lang='lat' dir='ltr'><strong>Deo</strong></span> <span class='ocrx_word' id='word_1_493' title='bbox 2334 3221 2517 3266; x_wconf 86' lang='lat' dir='ltr'><strong>vestro</strong></span> <span class='ocrx_word' id='word_1_494' title='bbox 2536 3211 2764 3282; x_wconf 83' lang='lat' dir='ltr'><strong>gloriam</strong></span> <span class='ocrx_word' id='word_1_495' title='bbox 2782 3253 2795 3274; x_wconf 87' lang='lat'><strong>,</strong></span> <span class='ocrx_word' id='word_1_496' title='bbox 2822 3219 3111 3279; x_wconf 90' lang='lat' dir='ltr'><strong>antequam</strong></span> <span class='ocrx_word' id='word_1_497' title='bbox 3137 3206 3417 3264; x_wconf 71' lang='lat' dir='ltr'><strong>offendant</strong></span> <span class='ocrx_word' id='word_1_498' title='bbox 3437 3204 3603 3276; x_wconf 90' lang='lat' dir='ltr'><strong>pedes</strong></span> <span class='ocrx_word' id='word_1_499' title='bbox 3625 3202 3791 3258; x_wconf 82' lang='lat' dir='ltr'><strong>vestri</strong></span> 
     </span>
    </p>
   </div>
   <div class='ocr_carea' id='block_1_65' title="bbox 499 3291 2098 3369">
    <p class='ocr_par' dir='ltr' id='par_1_65' title="bbox 499 3291 2098 3369">
     <span class='ocr_line' id='line_1_65' title="bbox 499 3291 2098 3369; baseline -0.004 -16"><span class='ocrx_word' id='word_1_500' title='bbox 499 3314 612 3353; x_wconf 86' lang='lat' dir='ltr'><strong>meo</strong></span> <span class='ocrx_word' id='word_1_501' title='bbox 643 3315 662 3353; x_wconf 90' lang='lat'><strong><em>:</em></strong></span> <span class='ocrx_word' id='word_1_502' title='bbox 689 3307 736 3352; x_wconf 88' lang='lat' dir='ltr'><strong>et</strong></span> <span class='ocrx_word' id='word_1_503' title='bbox 763 3295 1065 3369; x_wconf 79' lang='lat' dir='ltr'><strong>gloriﬁcabo</strong></span> <span class='ocrx_word' id='word_1_504' title='bbox 1093 3312 1279 3350; x_wconf 87' lang='lat' dir='ltr'><strong>nomen</strong></span> <span class='ocrx_word' id='word_1_505' title='bbox 1315 3304 1458 3348; x_wconf 82' lang='lat' dir='ltr'><strong>tuum</strong></span> <span class='ocrx_word' id='word_1_506' title='bbox 1487 3294 1540 3347; x_wconf 90' lang='lat' dir='ltr'><strong>in</strong></span> <span class='ocrx_word' id='word_1_507' title='bbox 1562 3302 1830 3358; x_wconf 67' lang='lat' dir='ltr'><strong>internum,</strong></span> <span class='ocrx_word' id='word_1_508' title='bbox 1857 3303 1960 3349; x_wconf 87' lang='lat' dir='ltr'><strong>etc.</strong></span> <span class='ocrx_word' id='word_1_509' title='bbox 1987 3291 2098 3348; x_wconf 91' lang='lat' dir='ltr'><strong>Cur</strong></span> 
     </span>
    </p>
   </div>
   <div class='ocr_carea' id='block_1_66' title="bbox 497 3385 2098 3451">
    <p class='ocr_par' dir='ltr' id='par_1_66' title="bbox 497 3385 2098 3451">
     <span class='ocr_line' id='line_1_66' title="bbox 497 3385 2098 3451; baseline -0.006 -3"><span class='ocrx_word' id='word_1_510' title='bbox 497 3391 825 3448; x_wconf 83' lang='lat' dir='ltr'><strong>conﬁteatur</strong></span> <span class='ocrx_word' id='word_1_511' title='bbox 851 3388 1059 3444; x_wconf 89' lang='lat' dir='ltr'><strong>nomini</strong></span> <span class='ocrx_word' id='word_1_512' title='bbox 1099 3386 1336 3451; x_wconf 90' lang='lat' dir='ltr'><strong>Domini,</strong></span> <span class='ocrx_word' id='word_1_513' title='bbox 1369 3394 1465 3440; x_wconf 87' lang='lat' dir='ltr'><strong>aut</strong></span> <span class='ocrx_word' id='word_1_514' title='bbox 1492 3385 1724 3441; x_wconf 88' lang='lat' dir='ltr'><strong>honoret</strong></span> <span class='ocrx_word' id='word_1_515' title='bbox 1750 3400 1897 3451; x_wconf 91' lang='lat' dir='ltr'><strong>cum,</strong></span> <span class='ocrx_word' id='word_1_516' title='bbox 1927 3386 2098 3443; x_wconf 88' lang='lat' dir='ltr'><strong>versi-</strong></span> 
     </span>
    </p>
   </div>
   <div class='ocr_carea' id='block_1_67' title="bbox 499 3478 1451 3553">
    <p class='ocr_par' dir='ltr' id='par_1_67' title="bbox 499 3478 1451 3553">
     <span class='ocr_line' id='line_1_67' title="bbox 499 3478 1451 3553; baseline -0.004 -13"><span class='ocrx_word' id='word_1_517' title='bbox 499 3484 654 3541; x_wconf 89' lang='lat' dir='ltr'><strong>culus</strong></span> <span class='ocrx_word' id='word_1_518' title='bbox 677 3497 918 3553; x_wconf 87' lang='lat' dir='ltr'><strong>sequens</strong></span> <span class='ocrx_word' id='word_1_519' title='bbox 944 3480 1189 3551; x_wconf 86' lang='lat' dir='ltr'><strong>exponit,</strong></span> <span class='ocrx_word' id='word_1_520' title='bbox 1215 3478 1405 3534; x_wconf 87' lang='lat' dir='ltr'><strong>dicens</strong></span> <span class='ocrx_word' id='word_1_521' title='bbox 1435 3493 1451 3536; x_wconf 83' lang='lat'><strong>:</strong></span> 
     </span>
    </p>
   </div>
   <div class='ocr_carea' id='block_1_68' title="bbox 569 3573 2096 3651">
    <p class='ocr_par' dir='ltr' id='par_1_68' title="bbox 569 3573 2096 3651">
     <span class='ocr_line' id='line_1_68' title="bbox 569 3573 2096 3651; baseline -0.003 -18"><span class='ocrx_word' id='word_1_522' title='bbox 569 3579 830 3651; x_wconf 85' lang='lat' dir='ltr'><strong>Eripuisti</strong></span> <span class='ocrx_word' id='word_1_523' title='bbox 874 3577 1100 3631; x_wconf 84' lang='lat' dir='ltr'><strong>animant</strong></span> <span class='ocrx_word' id='word_1_524' title='bbox 1144 3591 1312 3630; x_wconf 89' lang='lat' dir='ltr'><strong>meam</strong></span> <span class='ocrx_word' id='word_1_525' title='bbox 1354 3591 1417 3628; x_wconf 80' lang='lat' dir='ltr'><strong>ea:</strong></span> <span class='ocrx_word' id='word_1_526' title='bbox 1454 3574 1656 3644; x_wconf 83' lang='lat' dir='ltr'><strong>inferno</strong></span> <span class='ocrx_word' id='word_1_527' title='bbox 1690 3575 1947 3645; x_wconf 81' lang='lat' dir='ltr'><strong>inferiori.</strong></span> <span class='ocrx_word' id='word_1_528' title='bbox 1977 3573 2096 3630; x_wconf 86' lang='lat' dir='ltr'><strong>Non</strong></span> 
     </span>
    </p>
   </div>
   <div class='ocr_carea' id='block_1_69' title="bbox 499 3666 2093 3747">
    <p class='ocr_par' dir='ltr' id='par_1_69' title="bbox 499 3666 2093 3747">
     <span class='ocr_line' id='line_1_69' title="bbox 499 3666 2093 3747; baseline -0.006 -16"><span class='ocrx_word' id='word_1_529' title='bbox 499 3673 643 3747; x_wconf 90' lang='lat' dir='ltr'><strong>quod</strong></span> <span class='ocrx_word' id='word_1_530' title='bbox 668 3673 775 3728; x_wconf 94' lang='lat' dir='ltr'><strong>duo</strong></span> <span class='ocrx_word' id='word_1_531' title='bbox 798 3670 1006 3727; x_wconf 81' lang='lat' dir='ltr'><strong>inferna</strong></span> <span class='ocrx_word' id='word_1_532' title='bbox 1030 3669 1161 3734; x_wconf 89' lang='lat' dir='ltr'><strong>sint,</strong></span> <span class='ocrx_word' id='word_1_533' title='bbox 1187 3666 1283 3723; x_wconf 89' lang='lat' dir='ltr'><strong>sed</strong></span> <span class='ocrx_word' id='word_1_534' title='bbox 1308 3668 1410 3723; x_wconf 86' lang='lat' dir='ltr'><strong>iste</strong></span> <span class='ocrx_word' id='word_1_535' title='bbox 1437 3668 1771 3736; x_wconf 88' lang='lat' dir='ltr'><strong>superiorem</strong></span> <span class='ocrx_word' id='word_1_536' title='bbox 1801 3667 2093 3734; x_wconf 83' lang='lat' dir='ltr'><strong>infernum,</strong></span> 
     </span>
    </p>
   </div>
   <div class='ocr_carea' id='block_1_70' title="bbox 497 3759 2098 3840">
    <p class='ocr_par' dir='ltr' id='par_1_70' title="bbox 497 3759 2098 3840">
     <span class='ocr_line' id='line_1_70' title="bbox 497 3759 2098 3840; baseline -0.006 -18"><span class='ocrx_word' id='word_1_537' title='bbox 497 3774 780 3840; x_wconf 88' lang='lat' dir='ltr'><strong>peccatum</strong></span> <span class='ocrx_word' id='word_1_538' title='bbox 825 3763 968 3819; x_wconf 82' lang='lat' dir='ltr'><strong>dixit</strong></span> <span class='ocrx_word' id='word_1_539' title='bbox 998 3778 1012 3820; x_wconf 85' lang='lat'><strong>:</strong></span> <span class='ocrx_word' id='word_1_540' title='bbox 1044 3760 1355 3816; x_wconf 82' lang='lat' dir='ltr'><strong>inferiorem</strong></span> <span class='ocrx_word' id='word_1_541' title='bbox 1400 3772 1554 3824; x_wconf 87' lang='lat' dir='ltr'><strong>vero,</strong></span> <span class='ocrx_word' id='word_1_542' title='bbox 1585 3760 1676 3828; x_wconf 92' lang='lat' dir='ltr'><strong>qui</strong></span> <span class='ocrx_word' id='word_1_543' title='bbox 1701 3766 1785 3813; x_wconf 86' lang='lat' dir='ltr'><strong>est</strong></span> <span class='ocrx_word' id='word_1_544' title='bbox 1812 3772 1977 3814; x_wconf 91' lang='lat' dir='ltr'><strong>verus</strong></span> <span class='ocrx_word' id='word_1_545' title='bbox 2016 3759 2098 3813; x_wconf 88' lang='lat' dir='ltr'><strong>iu-</strong></span> 
     </span>
    </p>
   </div>
   <div class='ocr_carea' id='block_1_71' title="bbox 498 3836 2096 3930">
    <p class='ocr_par' dir='ltr' id='par_1_71' title="bbox 498 3836 2096 3930">
     <span class='ocr_line' id='line_1_71' title="bbox 498 3836 2096 3930; baseline -0.005 -14"><span class='ocrx_word' id='word_1_546' title='bbox 498 3836 705 3927; x_wconf 72' lang='lat' dir='ltr'><strong>ternus,</strong></span> <span class='ocrx_word' id='word_1_547' title='bbox 753 3859 807 3914; x_wconf 92' lang='lat' dir='ltr'><strong>in</strong></span> <span class='ocrx_word' id='word_1_548' title='bbox 838 3874 946 3930; x_wconf 94' lang='lat' dir='ltr'><strong>quo</strong></span> <span class='ocrx_word' id='word_1_549' title='bbox 989 3867 1313 3928; x_wconf 89' lang='lat' dir='ltr'><strong>peccatores</strong></span> <span class='ocrx_word' id='word_1_550' title='bbox 1355 3853 1702 3909; x_wconf 88' lang='lat' dir='ltr'><strong>damnantur.</strong></span> <span class='ocrx_word' id='word_1_551' title='bbox 1737 3851 1941 3907; x_wconf 88' lang='lat' dir='ltr'><strong>Laudat</strong></span> <span class='ocrx_word' id='word_1_552' title='bbox 1967 3836 2096 3923; x_wconf 89' lang='lat' dir='ltr'><strong>ergo</strong></span> 
     </span>
    </p>
   </div>
   <div class='ocr_carea' id='block_1_72' title="bbox 500 3946 2098 4018">
    <p class='ocr_par' dir='ltr' id='par_1_72' title="bbox 500 3946 2098 4018">
     <span class='ocr_line' id='line_1_72' title="bbox 500 3946 2098 4018; baseline -0.008 -7"><span class='ocrx_word' id='word_1_553' title='bbox 500 3957 574 4012; x_wconf 88' lang='lat' dir='ltr'><strong>ob</strong></span> <span class='ocrx_word' id='word_1_554' title='bbox 597 3955 700 4009; x_wconf 90' lang='lat' dir='ltr'><strong>hoc</strong></span> <span class='ocrx_word' id='word_1_555' title='bbox 722 3951 1150 4009; x_wconf 83' lang='lat' dir='ltr'><strong>misericordiam</strong></span> <span class='ocrx_word' id='word_1_556' title='bbox 1175 3949 1413 4015; x_wconf 91' lang='lat' dir='ltr'><strong>Domini,</strong></span> <span class='ocrx_word' id='word_1_557' title='bbox 1439 3946 1585 4018; x_wconf 88' lang='lat' dir='ltr'><strong>quod</strong></span> <span class='ocrx_word' id='word_1_558' title='bbox 1611 3948 1681 4002; x_wconf 90' lang='lat' dir='ltr'><strong>sit</strong></span> <span class='ocrx_word' id='word_1_559' title='bbox 1707 3953 1892 4002; x_wconf 88' lang='lat' dir='ltr'><strong>erutus</strong></span> <span class='ocrx_word' id='word_1_560' title='bbox 1913 3963 1942 4000; x_wconf 90' lang='lat' dir='ltr'><strong>a</strong></span> <span class='ocrx_word' id='word_1_561' title='bbox 1971 3961 2098 4018; x_wconf 87' lang='lat' dir='ltr'><strong>sup-</strong></span> 
     </span>
    </p>
   </div>
   <div class='ocr_carea' id='block_1_73' title="bbox 500 4043 1893 4119">
    <p class='ocr_par' dir='ltr' id='par_1_73' title="bbox 500 4043 1893 4119">
     <span class='ocr_line' id='line_1_73' title="bbox 500 4043 1893 4119; baseline -0.01 -16"><span class='ocrx_word' id='word_1_562' title='bbox 500 4047 664 4119; x_wconf 89' lang='lat' dir='ltr'><strong>plicio</strong></span> <span class='ocrx_word' id='word_1_563' title='bbox 699 4044 972 4101; x_wconf 82' lang='lat' dir='ltr'><strong>inferioris</strong></span> <span class='ocrx_word' id='word_1_564' title='bbox 1003 4043 1222 4099; x_wconf 81' lang='lat' dir='ltr'><strong>inferni.</strong></span> <span class='ocrx_word' id='word_1_565' title='bbox 1889 4110 1893 4113; x_wconf 12' lang='grc' dir='ltr'>π</span> 
     </span>
    </p>
   </div>
   <div class='ocr_carea' id='block_1_74' title="bbox 572 4133 2092 4208">
    <p class='ocr_par' dir='ltr' id='par_1_74' title="bbox 572 4133 2092 4208">
     <span class='ocr_line' id='line_1_74' title="bbox 572 4133 2092 4208; baseline -0.003 -16"><span class='ocrx_word' id='word_1_566' title='bbox 572 4137 712 4193; x_wconf 89' lang='lat' dir='ltr'><strong>Deus</strong></span> <span class='ocrx_word' id='word_1_567' title='bbox 735 4181 750 4204; x_wconf 92' lang='lat'><strong>,</strong></span> <span class='ocrx_word' id='word_1_568' title='bbox 779 4137 946 4208; x_wconf 88' lang='lat' dir='ltr'><strong>iniqui</strong></span> <span class='ocrx_word' id='word_1_569' title='bbox 973 4137 1370 4190; x_wconf 73' lang='lat' dir='ltr'><strong>insurrexerunt</strong></span> <span class='ocrx_word' id='word_1_570' title='bbox 1397 4133 1645 4187; x_wconf 85' lang='lat' dir='ltr'><strong>adversus</strong></span> <span class='ocrx_word' id='word_1_571' title='bbox 1676 4148 1758 4186; x_wconf 88' lang='lat' dir='ltr'><strong>me</strong></span> <span class='ocrx_word' id='word_1_572' title='bbox 1787 4148 1806 4187; x_wconf 90' lang='lat'><strong><em>:</em></strong></span> <span class='ocrx_word' id='word_1_573' title='bbox 1835 4142 1882 4186; x_wconf 90' lang='lat' dir='ltr'><strong>et</strong></span> <span class='ocrx_word' id='word_1_574' title='bbox 1929 4148 2092 4202; x_wconf 83' lang='lat' dir='ltr'><strong>syna-</strong></span> 
     </span>
    </p>
   </div>
   <div class='ocr_carea' id='block_1_75' title="bbox 500 4224 2094 4308">
    <p class='ocr_par' dir='ltr' id='par_1_75' title="bbox 500 4224 2094 4308">
     <span class='ocr_line' id='line_1_75' title="bbox 500 4224 2094 4308; baseline -0.007 -19"><span class='ocrx_word' id='word_1_575' title='bbox 500 4250 635 4308; x_wconf 81' lang='lat' dir='ltr'><strong>goga</strong></span> <span class='ocrx_word' id='word_1_576' title='bbox 667 4229 947 4302; x_wconf 83' lang='lat' dir='ltr'><strong>potentium</strong></span> <span class='ocrx_word' id='word_1_577' title='bbox 972 4227 1287 4301; x_wconf 67' lang='lat' dir='ltr'><strong>quatsierunt</strong></span> <span class='ocrx_word' id='word_1_578' title='bbox 1310 4225 1539 4279; x_wconf 84' lang='lat' dir='ltr'><strong>anintam</strong></span> <span class='ocrx_word' id='word_1_579' title='bbox 1573 4241 1756 4279; x_wconf 90' lang='lat' dir='ltr'><strong>meam.</strong></span> <span class='ocrx_word' id='word_1_580' title='bbox 1803 4224 2094 4289; x_wconf 80' lang='lat' dir='ltr'><strong>Vitiorum,</strong></span> 
     </span>
    </p>
   </div>
   <div class='ocr_carea' id='block_1_76' title="bbox 501 4316 2098 4386">
    <p class='ocr_par' dir='ltr' id='par_1_76' title="bbox 501 4316 2098 4386">
     <span class='ocr_line' id='line_1_76' title="bbox 501 4316 2098 4386; baseline -0.004 -8"><span class='ocrx_word' id='word_1_581' title='bbox 501 4338 599 4378; x_wconf 88' lang='lat' dir='ltr'><strong>seu</strong></span> <span class='ocrx_word' id='word_1_582' title='bbox 628 4321 1047 4376; x_wconf 69' lang='lat' dir='ltr'><strong>daemoniorum.</strong></span> <span class='ocrx_word' id='word_1_583' title='bbox 1079 4317 1199 4372; x_wconf 85' lang='lat' dir='ltr'><strong>Non</strong></span> <span class='ocrx_word' id='word_1_584' title='bbox 1228 4331 1293 4372; x_wconf 92' lang='lat' dir='ltr'><strong>ex</strong></span> <span class='ocrx_word' id='word_1_585' title='bbox 1326 4331 1558 4386; x_wconf 88' lang='lat' dir='ltr'><strong>persona</strong></span> <span class='ocrx_word' id='word_1_586' title='bbox 1589 4316 1796 4372; x_wconf 87' lang='lat' dir='ltr'><strong>Christi</strong></span> <span class='ocrx_word' id='word_1_587' title='bbox 1827 4316 1945 4371; x_wconf 64' lang='lat' dir='ltr'><strong>hate</strong></span> <span class='ocrx_word' id='word_1_588' title='bbox 1970 4331 2098 4386; x_wconf 84' lang='lat' dir='ltr'><strong>pro-</strong></span> 
     </span>
    </p>
   </div>
   <div class='ocr_carea' id='block_1_77' title="bbox 501 4407 2096 4487">
    <p class='ocr_par' dir='ltr' id='par_1_77' title="bbox 501 4407 2096 4487">
     <span class='ocr_line' id='line_1_77' title="bbox 501 4407 2096 4487; baseline -0.004 -18"><span class='ocrx_word' id='word_1_589' title='bbox 501 4415 667 4487; x_wconf 86' lang='lat' dir='ltr'><strong>pheta</strong></span> <span class='ocrx_word' id='word_1_590' title='bbox 722 4413 1000 4484; x_wconf 82' lang='lat' dir='ltr'><strong>loquitur,</strong></span> <span class='ocrx_word' id='word_1_591' title='bbox 1061 4409 1157 4465; x_wconf 90' lang='lat' dir='ltr'><strong>sed</strong></span> <span class='ocrx_word' id='word_1_592' title='bbox 1215 4408 1540 4480; x_wconf 77' lang='lat' dir='ltr'><strong>intelligitur</strong></span> <span class='ocrx_word' id='word_1_593' title='bbox 1600 4407 1670 4464; x_wconf 85' lang='lat' dir='ltr'><strong>de</strong></span> <span class='ocrx_word' id='word_1_594' title='bbox 1691 4407 1914 4464; x_wconf 72' lang='lat' dir='ltr'><strong>Judmis.</strong></span> <span class='ocrx_word' id='word_1_595' title='bbox 1973 4407 2096 4463; x_wconf 89' lang='lat' dir='ltr'><strong>Non</strong></span> 
     </span>
    </p>
   </div>
   <div class='ocr_carea' id='block_1_78' title="bbox 501 4501 2097 4580">
    <p class='ocr_par' dir='ltr' id='par_1_78' title="bbox 501 4501 2097 4580">
     <span class='ocr_line' id='line_1_78' title="bbox 501 4501 2097 4580; baseline -0.002 -17"><span class='ocrx_word' id='word_1_596' title='bbox 501 4514 889 4580; x_wconf 87' lang='lat' dir='ltr'><strong>proposuerunt</strong></span> <span class='ocrx_word' id='word_1_597' title='bbox 920 4503 1090 4560; x_wconf 84' lang='lat' dir='ltr'><strong>Deum</strong></span> <span class='ocrx_word' id='word_1_598' title='bbox 1120 4512 1240 4557; x_wconf 90' lang='lat' dir='ltr'><strong>ante</strong></span> <span class='ocrx_word' id='word_1_599' title='bbox 1266 4510 1596 4573; x_wconf 85' lang='lat' dir='ltr'><strong>conspectum</strong></span> <span class='ocrx_word' id='word_1_600' title='bbox 1625 4520 1802 4557; x_wconf 87' lang='lat' dir='ltr'><strong>suum.</strong></span> <span class='ocrx_word' id='word_1_601' title='bbox 1837 4501 2097 4560; x_wconf 66' lang='lat' dir='ltr'><strong>Obcaeca-</strong></span> 
     </span>
    </p>
   </div>
   <div class='ocr_carea' id='block_1_79' title="bbox 503 4596 1267 4658">
    <p class='ocr_par' dir='ltr' id='par_1_79' title="bbox 503 4596 1267 4658">
     <span class='ocr_line' id='line_1_79' title="bbox 503 4596 1267 4658; baseline -0.01 -2"><span class='ocrx_word' id='word_1_602' title='bbox 503 4608 661 4658; x_wconf 86' lang='lat' dir='ltr'><strong>verat</strong></span> <span class='ocrx_word' id='word_1_603' title='bbox 685 4613 784 4655; x_wconf 90' lang='lat' dir='ltr'><strong>eos</strong></span> <span class='ocrx_word' id='word_1_604' title='bbox 812 4596 1019 4653; x_wconf 87' lang='lat' dir='ltr'><strong>malitia</strong></span> <span class='ocrx_word' id='word_1_605' title='bbox 1050 4611 1267 4653; x_wconf 89' lang='lat' dir='ltr'><strong>eorum.</strong></span> 
     </span>
    </p>
   </div>
   <div class='ocr_carea' id='block_1_80' title="bbox 571 4687 2093 4759">
    <p class='ocr_par' dir='ltr' id='par_1_80' title="bbox 571 4687 2093 4759">
     <span class='ocr_line' id='line_1_80' title="bbox 571 4687 2093 4759; baseline -0.004 -11"><span class='ocrx_word' id='word_1_606' title='bbox 571 4692 640 4748; x_wconf 88' lang='lat' dir='ltr'><strong>Et</strong></span> <span class='ocrx_word' id='word_1_607' title='bbox 697 4701 788 4759; x_wconf 92' lang='lat' dir='ltr'><strong>tu,</strong></span> <span class='ocrx_word' id='word_1_608' title='bbox 842 4689 1062 4744; x_wconf 89' lang='lat' dir='ltr'><strong>Domine</strong></span> <span class='ocrx_word' id='word_1_609' title='bbox 1104 4687 1247 4743; x_wconf 85' lang='lat' dir='ltr'><strong>Deus</strong></span> <span class='ocrx_word' id='word_1_610' title='bbox 1274 4731 1290 4757; x_wconf 97' lang='lat'><strong>,</strong></span> <span class='ocrx_word' id='word_1_611' title='bbox 1348 4687 1622 4744; x_wconf 89' lang='lat' dir='ltr'><strong>miserator</strong></span> <span class='ocrx_word' id='word_1_612' title='bbox 1646 4698 1694 4744; x_wconf 90' lang='lat' dir='ltr'><strong>et</strong></span> <span class='ocrx_word' id='word_1_613' title='bbox 1741 4689 2033 4744; x_wconf 86' lang='lat' dir='ltr'><strong>misericors</strong></span> <span class='ocrx_word' id='word_1_614' title='bbox 2076 4706 2093 4742; x_wconf 91' lang='lat'><strong><em>:</em></strong></span> 
     </span>
    </p>
   </div>
   <div class='ocr_carea' id='block_1_81' title="bbox 501 4780 2092 4860">
    <p class='ocr_par' dir='ltr' id='par_1_81' title="bbox 501 4780 2092 4860">
     <span class='ocr_line' id='line_1_81' title="bbox 501 4780 2092 4860; baseline -0.004 -19"><span class='ocrx_word' id='word_1_615' title='bbox 501 4788 704 4860; x_wconf 82' lang='lat' dir='ltr'><strong>patiens</strong></span> <span class='ocrx_word' id='word_1_616' title='bbox 739 4793 786 4839; x_wconf 80' lang='lat' dir='ltr'><strong>et</strong></span> <span class='ocrx_word' id='word_1_617' title='bbox 818 4781 997 4838; x_wconf 73' lang='lat' dir='ltr'><strong>multa:</strong></span> <span class='ocrx_word' id='word_1_618' title='bbox 1021 4780 1395 4836; x_wconf 72' lang='lat' dir='ltr'><strong>misericordia:</strong></span> <span class='ocrx_word' id='word_1_619' title='bbox 1422 4790 1472 4836; x_wconf 87' lang='lat' dir='ltr'><strong>et</strong></span> <span class='ocrx_word' id='word_1_620' title='bbox 1526 4797 1702 4836; x_wconf 75' lang='lat' dir='ltr'><strong>verax.</strong></span> <span class='ocrx_word' id='word_1_621' title='bbox 1756 4781 2056 4838; x_wconf 79' lang='lat' dir='ltr'><strong>Misericors</strong></span> <span class='ocrx_word' id='word_1_622' title='bbox 2077 4824 2092 4849; x_wconf 96' lang='lat'><strong>,</strong></span> 
     </span>
    </p>
   </div>
   <div class='ocr_carea' id='block_1_82' title="bbox 496 4877 2095 4949">
    <p class='ocr_par' dir='ltr' id='par_1_82' title="bbox 496 4877 2095 4949">
     <span class='ocr_line' id='line_1_82' title="bbox 496 4877 2095 4949; baseline -0.003 -12"><span class='ocrx_word' id='word_1_623' title='bbox 496 4897 623 4938; x_wconf 90' lang='lat' dir='ltr'><strong>cum</strong></span> <span class='ocrx_word' id='word_1_624' title='bbox 647 4877 884 4936; x_wconf 87' lang='lat' dir='ltr'><strong>remittis</strong></span> <span class='ocrx_word' id='word_1_625' title='bbox 917 4895 929 4930; x_wconf 88' lang='lat'><strong>:</strong></span> <span class='ocrx_word' id='word_1_626' title='bbox 963 4879 1203 4949; x_wconf 87' lang='lat' dir='ltr'><strong>patiens,</strong></span> <span class='ocrx_word' id='word_1_627' title='bbox 1249 4891 1372 4932; x_wconf 91' lang='lat' dir='ltr'><strong>cum</strong></span> <span class='ocrx_word' id='word_1_628' title='bbox 1419 4887 1802 4944; x_wconf 89' lang='lat' dir='ltr'><strong>peccatorem,</strong></span> <span class='ocrx_word' id='word_1_629' title='bbox 1858 4888 1914 4933; x_wconf 91' lang='lat' dir='ltr'><strong>ut</strong></span> <span class='ocrx_word' id='word_1_630' title='bbox 1964 4894 2095 4933; x_wconf 85' lang='lat' dir='ltr'><strong>con-</strong></span> 
     </span>
    </p>
   </div>
   <div class='ocr_carea' id='block_1_83' title="bbox 494 4969 2090 5038">
    <p class='ocr_par' dir='ltr' id='par_1_83' title="bbox 494 4969 2090 5038">
     <span class='ocr_line' id='line_1_83' title="bbox 494 4969 2090 5038; baseline -0.002 -10"><span class='ocrx_word' id='word_1_631' title='bbox 494 4979 740 5029; x_wconf 90' lang='lat' dir='ltr'><strong>vertatur</strong></span> <span class='ocrx_word' id='word_1_632' title='bbox 762 5015 776 5038; x_wconf 94' lang='lat'><strong>,</strong></span> <span class='ocrx_word' id='word_1_633' title='bbox 802 4976 1086 5038; x_wconf 86' lang='lat' dir='ltr'><strong>exspectas</strong></span> <span class='ocrx_word' id='word_1_634' title='bbox 1112 4985 1124 5022; x_wconf 89' lang='lat'><strong>:</strong></span> <span class='ocrx_word' id='word_1_635' title='bbox 1148 4983 1303 5021; x_wconf 73' lang='lat' dir='ltr'><strong>verae:</strong></span> <span class='ocrx_word' id='word_1_636' title='bbox 1327 5008 1341 5032; x_wconf 96' lang='lat'><strong>,</strong></span> <span class='ocrx_word' id='word_1_637' title='bbox 1366 4981 1488 5022; x_wconf 88' lang='lat' dir='ltr'><strong>cmn</strong></span> <span class='ocrx_word' id='word_1_638' title='bbox 1518 4969 1785 5036; x_wconf 90' lang='lat' dir='ltr'><strong>promissa</strong></span> <span class='ocrx_word' id='word_1_639' title='bbox 1811 4970 2090 5025; x_wconf 87' lang='lat' dir='ltr'><strong>restitues.</strong></span> 
     </span>
    </p>
   </div>
   <div class='ocr_carea' id='block_1_84' title="bbox 570 5067 2092 5139">
    <p class='ocr_par' dir='ltr' id='par_1_84' title="bbox 570 5067 2092 5139">
     <span class='ocr_line' id='line_1_84' title="bbox 570 5067 2092 5139; baseline -0.003 -15"><span class='ocrx_word' id='word_1_640' title='bbox 570 5068 790 5139; x_wconf 83' lang='lat' dir='ltr'><strong>Respice</strong></span> <span class='ocrx_word' id='word_1_641' title='bbox 815 5069 870 5123; x_wconf 88' lang='lat' dir='ltr'><strong>in</strong></span> <span class='ocrx_word' id='word_1_642' title='bbox 896 5084 1004 5138; x_wconf 89' lang='lat' dir='ltr'><strong>me,</strong></span> <span class='ocrx_word' id='word_1_643' title='bbox 1035 5077 1085 5122; x_wconf 90' lang='lat' dir='ltr'><strong>et</strong></span> <span class='ocrx_word' id='word_1_644' title='bbox 1114 5067 1360 5121; x_wconf 84' lang='lat' dir='ltr'><strong>miserere</strong></span> <span class='ocrx_word' id='word_1_645' title='bbox 1384 5067 1484 5120; x_wconf 90' lang='lat' dir='ltr'><strong>mei</strong></span> <span class='ocrx_word' id='word_1_646' title='bbox 1510 5082 1529 5121; x_wconf 89' lang='lat'><strong><em>:</em></strong></span> <span class='ocrx_word' id='word_1_647' title='bbox 1551 5067 1620 5120; x_wconf 86' lang='lat' dir='ltr'><strong>da</strong></span> <span class='ocrx_word' id='word_1_648' title='bbox 1644 5067 1920 5134; x_wconf 87' lang='lat' dir='ltr'><strong>imperium</strong></span> <span class='ocrx_word' id='word_1_649' title='bbox 1945 5076 2092 5121; x_wconf 88' lang='lat' dir='ltr'><strong>tuum</strong></span> 
     </span>
    </p>
   </div>
   <div class='ocr_carea' id='block_1_85' title="bbox 499 5145 2087 5230">
    <p class='ocr_par' dir='ltr' id='par_1_85' title="bbox 499 5145 2087 5230">
     <span class='ocr_line' id='line_1_85' title="bbox 499 5145 2087 5230; baseline 0 -16"><span class='ocrx_word' id='word_1_650' title='bbox 499 5175 664 5230; x_wconf 84' lang='lat' dir='ltr'><strong>puero</strong></span> <span class='ocrx_word' id='word_1_651' title='bbox 693 5167 804 5214; x_wconf 89' lang='lat' dir='ltr'><strong>tuo.</strong></span> <span class='ocrx_word' id='word_1_652' title='bbox 832 5158 914 5215; x_wconf 86' lang='lat' dir='ltr'><strong>Ad</strong></span> <span class='ocrx_word' id='word_1_653' title='bbox 944 5157 1356 5230; x_wconf 88' lang='lat' dir='ltr'><strong>repugnandum</strong></span> <span class='ocrx_word' id='word_1_654' title='bbox 1407 5160 1772 5229; x_wconf 89' lang='lat' dir='ltr'><strong>potestatibus</strong></span> <span class='ocrx_word' id='word_1_655' title='bbox 1820 5145 2087 5216; x_wconf 79' lang='lat' dir='ltr'><strong>adversis.</strong></span> 
     </span>
    </p>
   </div>
   <div class='ocr_carea' id='block_1_86' title="bbox 499 5251 2091 5326">
    <p class='ocr_par' dir='ltr' id='par_1_86' title="bbox 499 5251 2091 5326">
     <span class='ocr_line' id='line_1_86' title="bbox 499 5251 2091 5326; baseline 0.001 -18"><span class='ocrx_word' id='word_1_656' title='bbox 499 5251 572 5308; x_wconf 88' lang='lat' dir='ltr'><strong>Et</strong></span> <span class='ocrx_word' id='word_1_657' title='bbox 599 5253 801 5309; x_wconf 79' lang='lat' dir='ltr'><strong>salvum</strong></span> <span class='ocrx_word' id='word_1_658' title='bbox 832 5256 916 5326; x_wconf 78' lang='lat' dir='ltr'><strong>fac</strong></span> <span class='ocrx_word' id='word_1_659' title='bbox 944 5254 1112 5324; x_wconf 84' lang='lat' dir='ltr'><strong>[ilium</strong></span> <span class='ocrx_word' id='word_1_660' title='bbox 1136 5253 1347 5308; x_wconf 73' lang='lat' dir='ltr'><strong>ancilla:</strong></span> <span class='ocrx_word' id='word_1_661' title='bbox 1375 5260 1499 5308; x_wconf 77' lang='lat' dir='ltr'><strong>tute.</strong></span> <span class='ocrx_word' id='word_1_662' title='bbox 1558 5252 1824 5310; x_wconf 62' lang='lat' dir='ltr'><strong>Ecclesiae</strong></span> <span class='ocrx_word' id='word_1_663' title='bbox 1845 5293 1862 5320; x_wconf 95' lang='lat'><strong>,</strong></span> <span class='ocrx_word' id='word_1_664' title='bbox 1894 5252 1951 5309; x_wconf 89' lang='lat' dir='ltr'><strong>in</strong></span> <span class='ocrx_word' id='word_1_665' title='bbox 1983 5268 2091 5325; x_wconf 80' lang='lat' dir='ltr'><strong>qua</strong></span> 
     </span>
    </p>
   </div>
   <div class='ocr_carea' id='block_1_87' title="bbox 499 5356 908 5401">
    <p class='ocr_par' dir='ltr' id='par_1_87' title="bbox 499 5356 908 5401">
     <span class='ocr_line' id='line_1_87' title="bbox 499 5356 908 5401; baseline 0.002 -2"><span class='ocrx_word' id='word_1_666' title='bbox 499 5359 620 5400; x_wconf 87' lang='lat' dir='ltr'><strong>sum</strong></span> <span class='ocrx_word' id='word_1_667' title='bbox 663 5356 908 5401; x_wconf 89' lang='lat' dir='ltr'><strong>renatus.</strong></span> 
     </span>
    </p>
   </div>
   <div class='ocr_carea' id='block_1_88' title="bbox 2199 3297 3791 3372">
    <p class='ocr_par' dir='ltr' id='par_1_88' title="bbox 2199 3297 3791 3372">
     <span class='ocr_line' id='line_1_88' title="bbox 2199 3297 3791 3372; baseline -0.006 -15"><span class='ocrx_word' id='word_1_668' title='bbox 2199 3302 2268 3357; x_wconf 91' lang='lat' dir='ltr'><strong>ad</strong></span> <span class='ocrx_word' id='word_1_669' title='bbox 2316 3311 2531 3358; x_wconf 88' lang='lat' dir='ltr'><strong>montes</strong></span> <span class='ocrx_word' id='word_1_670' title='bbox 2577 3303 2900 3358; x_wconf 84' lang='lat' dir='ltr'><strong>tenebrosos</strong></span> <span class='ocrx_word' id='word_1_671' title='bbox 2946 3299 3161 3372; x_wconf 87' lang='lat' dir='ltr'><strong>(Jerem.</strong></span> <span class='ocrx_word' id='word_1_672' title='bbox 3211 3298 3353 3370; x_wconf 88' lang='lat' dir='ltr'><strong>xm).</strong></span> <span class='ocrx_word' id='word_1_673' title='bbox 3407 3297 3611 3352; x_wconf 88' lang='lat' dir='ltr'><strong>Videtis</strong></span> <span class='ocrx_word' id='word_1_674' title='bbox 3655 3308 3791 3364; x_wconf 90' lang='lat' dir='ltr'><strong>ergo</strong></span> 
     </span>
    </p>
   </div>
   <div class='ocr_carea' id='block_1_89' title="bbox 2198 3384 3785 3468">
    <p class='ocr_par' dir='ltr' id='par_1_89' title="bbox 2198 3384 3785 3468">
     <span class='ocr_line' id='line_1_89' title="bbox 2198 3384 3785 3468; baseline -0.008 -18"><span class='ocrx_word' id='word_1_675' title='bbox 2198 3395 2324 3468; x_wconf 87' lang='lat' dir='ltr'><strong>quia</strong></span> <span class='ocrx_word' id='word_1_676' title='bbox 2372 3402 2502 3451; x_wconf 87' lang='lat' dir='ltr'><strong>sunt</strong></span> <span class='ocrx_word' id='word_1_677' title='bbox 2547 3403 2602 3450; x_wconf 91' lang='lat' dir='ltr'><strong>et</strong></span> <span class='ocrx_word' id='word_1_678' title='bbox 2630 3402 2845 3450; x_wconf 90' lang='lat' dir='ltr'><strong>montes</strong></span> <span class='ocrx_word' id='word_1_679' title='bbox 2893 3392 3208 3457; x_wconf 87' lang='lat' dir='ltr'><strong>tenebrosi,</strong></span> <span class='ocrx_word' id='word_1_680' title='bbox 3257 3399 3312 3446; x_wconf 89' lang='lat' dir='ltr'><strong>et</strong></span> <span class='ocrx_word' id='word_1_681' title='bbox 3341 3388 3536 3444; x_wconf 90' lang='lat' dir='ltr'><strong>dicitur</strong></span> <span class='ocrx_word' id='word_1_682' title='bbox 3564 3384 3724 3441; x_wconf 86' lang='lat' dir='ltr'><strong>nobis</strong></span> <span class='ocrx_word' id='word_1_683' title='bbox 3753 3399 3785 3440; x_wconf 92' lang='lat' dir='ltr'><strong>a</strong></span> 
     </span>
    </p>
   </div>
   <div class='ocr_carea' id='block_1_90' title="bbox 2199 3476 3788 3555">
    <p class='ocr_par' dir='ltr' id='par_1_90' title="bbox 2199 3476 3788 3555">
     <span class='ocr_line' id='line_1_90' title="bbox 2199 3476 3788 3555; baseline -0.009 -11"><span class='ocrx_word' id='word_1_684' title='bbox 2199 3485 2469 3552; x_wconf 83' lang='lat' dir='ltr'><strong>Jeremia,</strong></span> <span class='ocrx_word' id='word_1_685' title='bbox 2501 3494 2562 3541; x_wconf 89' lang='lat' dir='ltr'><strong>ut</strong></span> <span class='ocrx_word' id='word_1_686' title='bbox 2589 3485 2782 3541; x_wconf 88' lang='lat' dir='ltr'><strong>demus</strong></span> <span class='ocrx_word' id='word_1_687' title='bbox 2811 3484 3039 3555; x_wconf 88' lang='lat' dir='ltr'><strong>gloriam</strong></span> <span class='ocrx_word' id='word_1_688' title='bbox 3072 3485 3188 3540; x_wconf 92' lang='lat' dir='ltr'><strong>Deo</strong></span> <span class='ocrx_word' id='word_1_689' title='bbox 3211 3527 3225 3552; x_wconf 98' lang='lat'><strong>,</strong></span> <span class='ocrx_word' id='word_1_690' title='bbox 3275 3492 3564 3552; x_wconf 87' lang='lat' dir='ltr'><strong>antequam</strong></span> <span class='ocrx_word' id='word_1_691' title='bbox 3609 3476 3788 3533; x_wconf 69' lang='lat' dir='ltr'><strong>oden-</strong></span> 
     </span>
    </p>
   </div>
   <div class='ocr_carea' id='block_1_91' title="bbox 2201 3570 3789 3650">
    <p class='ocr_par' dir='ltr' id='par_1_91' title="bbox 2201 3570 3789 3650">
     <span class='ocr_line' id='line_1_91' title="bbox 2201 3570 3789 3650; baseline -0.006 -16"><span class='ocrx_word' id='word_1_692' title='bbox 2201 3578 2332 3634; x_wconf 90' lang='lat' dir='ltr'><strong>dant</strong></span> <span class='ocrx_word' id='word_1_693' title='bbox 2360 3579 2528 3650; x_wconf 88' lang='lat' dir='ltr'><strong>pedes</strong></span> <span class='ocrx_word' id='word_1_694' title='bbox 2554 3580 2732 3634; x_wconf 87' lang='lat' dir='ltr'><strong>nostri</strong></span> <span class='ocrx_word' id='word_1_695' title='bbox 2776 3577 2842 3632; x_wconf 89' lang='lat' dir='ltr'><strong>ad</strong></span> <span class='ocrx_word' id='word_1_696' title='bbox 2889 3587 3104 3633; x_wconf 89' lang='lat' dir='ltr'><strong>montes</strong></span> <span class='ocrx_word' id='word_1_697' title='bbox 3151 3576 3495 3632; x_wconf 89' lang='lat' dir='ltr'><strong>tenebrosos.</strong></span> <span class='ocrx_word' id='word_1_698' title='bbox 3541 3572 3597 3629; x_wconf 89' lang='lat' dir='ltr'><strong>Si</strong></span> <span class='ocrx_word' id='word_1_699' title='bbox 3645 3570 3789 3627; x_wconf 90' lang='lat' dir='ltr'><strong>enim</strong></span> 
     </span>
    </p>
   </div>
   <div class='ocr_carea' id='block_1_92' title="bbox 2201 3666 3788 3744">
    <p class='ocr_par' dir='ltr' id='par_1_92' title="bbox 2201 3666 3788 3744">
     <span class='ocr_line' id='line_1_92' title="bbox 2201 3666 3788 3744; baseline -0.006 -17"><span class='ocrx_word' id='word_1_700' title='bbox 2201 3671 2367 3743; x_wconf 91' lang='lat' dir='ltr'><strong>pedes</strong></span> <span class='ocrx_word' id='word_1_701' title='bbox 2397 3673 2572 3728; x_wconf 90' lang='lat' dir='ltr'><strong>nostri</strong></span> <span class='ocrx_word' id='word_1_702' title='bbox 2606 3673 2941 3744; x_wconf 88' lang='lat' dir='ltr'><strong>impegerint</strong></span> <span class='ocrx_word' id='word_1_703' title='bbox 2989 3671 3056 3726; x_wconf 89' lang='lat' dir='ltr'><strong>ad</strong></span> <span class='ocrx_word' id='word_1_704' title='bbox 3104 3671 3226 3726; x_wconf 88' lang='lat' dir='ltr'><strong>illos</strong></span> <span class='ocrx_word' id='word_1_705' title='bbox 3271 3677 3516 3735; x_wconf 86' lang='lat' dir='ltr'><strong>montes,</strong></span> <span class='ocrx_word' id='word_1_706' title='bbox 3563 3666 3788 3738; x_wconf 85' lang='lat' dir='ltr'><strong>gloriam</strong></span> 
     </span>
    </p>
   </div>
   <div class='ocr_carea' id='block_1_93' title="bbox 2202 3761 3787 3836">
    <p class='ocr_par' dir='ltr' id='par_1_93' title="bbox 2202 3761 3787 3836">
     <span class='ocr_line' id='line_1_93' title="bbox 2202 3761 3787 3836; baseline -0.004 -16"><span class='ocrx_word' id='word_1_707' title='bbox 2202 3766 2429 3821; x_wconf 91' lang='lat' dir='ltr'><strong>Domino</strong></span> <span class='ocrx_word' id='word_1_708' title='bbox 2477 3767 2611 3823; x_wconf 83' lang='lat' dir='ltr'><strong>dare</strong></span> <span class='ocrx_word' id='word_1_709' title='bbox 2650 3782 2755 3822; x_wconf 92' lang='lat' dir='ltr'><strong>non</strong></span> <span class='ocrx_word' id='word_1_710' title='bbox 2802 3781 3116 3836; x_wconf 89' lang='lat' dir='ltr'><strong>possumus.</strong></span> <span class='ocrx_word' id='word_1_711' title='bbox 3170 3764 3538 3819; x_wconf 81' lang='lat' dir='ltr'><strong>Fundamenta</strong></span> <span class='ocrx_word' id='word_1_712' title='bbox 3581 3767 3696 3836; x_wconf 87' lang='lat' dir='ltr'><strong>ejus</strong></span> <span class='ocrx_word' id='word_1_713' title='bbox 3735 3761 3787 3815; x_wconf 88' lang='lat' dir='ltr'><strong>in</strong></span> 
     </span>
    </p>
   </div>
   <div class='ocr_carea' id='block_1_94' title="bbox 2198 3855 3786 3929">
    <p class='ocr_par' dir='ltr' id='par_1_94' title="bbox 2198 3855 3786 3929">
     <span class='ocr_line' id='line_1_94' title="bbox 2198 3855 3786 3929; baseline -0.003 -17"><span class='ocrx_word' id='word_1_714' title='bbox 2198 3860 2458 3913; x_wconf 89' lang='lat' dir='ltr'><strong>montibus</strong></span> <span class='ocrx_word' id='word_1_715' title='bbox 2487 3859 2699 3913; x_wconf 88' lang='lat' dir='ltr'><strong>sanctis.</strong></span> <span class='ocrx_word' id='word_1_716' title='bbox 2730 3859 2877 3927; x_wconf 91' lang='lat' dir='ltr'><strong>Quos</strong></span> <span class='ocrx_word' id='word_1_717' title='bbox 2903 3873 3006 3914; x_wconf 92' lang='lat' dir='ltr'><strong>nos</strong></span> <span class='ocrx_word' id='word_1_718' title='bbox 3037 3872 3328 3929; x_wconf 89' lang='lat' dir='ltr'><strong>possumus</strong></span> <span class='ocrx_word' id='word_1_719' title='bbox 3368 3857 3552 3912; x_wconf 87' lang='lat' dir='ltr'><strong>dicere</strong></span> <span class='ocrx_word' id='word_1_720' title='bbox 3593 3855 3786 3910; x_wconf 82' lang='lat' dir='ltr'><strong>tunda-</strong></span> 
     </span>
    </p>
   </div>
   <div class='ocr_carea' id='block_1_95' title="bbox 2201 3947 3786 4019">
    <p class='ocr_par' dir='ltr' id='par_1_95' title="bbox 2201 3947 3786 4019">
     <span class='ocr_line' id='line_1_95' title="bbox 2201 3947 3786 4019; baseline -0.003 -13"><span class='ocrx_word' id='word_1_721' title='bbox 2201 3949 2430 4006; x_wconf 83' lang='lat' dir='ltr'><strong>menta?</strong></span> <span class='ocrx_word' id='word_1_722' title='bbox 2460 3950 2778 4019; x_wconf 80' lang='lat' dir='ltr'><strong>Apostolus.</strong></span> <span class='ocrx_word' id='word_1_723' title='bbox 2829 3950 2888 4005; x_wconf 84' lang='lat' dir='ltr'><strong>In</strong></span> <span class='ocrx_word' id='word_1_724' title='bbox 2920 3951 3028 4005; x_wconf 88' lang='lat' dir='ltr'><strong>illis</strong></span> <span class='ocrx_word' id='word_1_725' title='bbox 3058 3959 3216 4005; x_wconf 90' lang='lat' dir='ltr'><strong>erant</strong></span> <span class='ocrx_word' id='word_1_726' title='bbox 3249 3947 3600 4005; x_wconf 82' lang='lat' dir='ltr'><strong>fundamenta</strong></span> <span class='ocrx_word' id='word_1_727' title='bbox 3657 3967 3669 4002; x_wconf 93' lang='lat'><strong>:</strong></span> <span class='ocrx_word' id='word_1_728' title='bbox 3719 3947 3786 4002; x_wconf 92' lang='lat' dir='ltr'><strong>ibi</strong></span> 
     </span>
    </p>
   </div>
   <div class='ocr_carea' id='block_1_96' title="bbox 2200 4040 3789 4112">
    <p class='ocr_par' dir='ltr' id='par_1_96' title="bbox 2200 4040 3789 4112">
     <span class='ocr_line' id='line_1_96' title="bbox 2200 4040 3789 4112; baseline -0.002 -17"><span class='ocrx_word' id='word_1_729' title='bbox 2200 4040 2436 4111; x_wconf 90' lang='lat' dir='ltr'><strong>primum</strong></span> <span class='ocrx_word' id='word_1_730' title='bbox 2468 4042 2644 4112; x_wconf 88' lang='lat' dir='ltr'><strong>posita</strong></span> <span class='ocrx_word' id='word_1_731' title='bbox 2675 4050 2759 4097; x_wconf 90' lang='lat' dir='ltr'><strong>est</strong></span> <span class='ocrx_word' id='word_1_732' title='bbox 2786 4041 2922 4098; x_wconf 83' lang='lat' dir='ltr'><strong>ﬁdes</strong></span> <span class='ocrx_word' id='word_1_733' title='bbox 2955 4041 3210 4098; x_wconf 69' lang='lat' dir='ltr'><strong>Ecclesiae</strong></span> <span class='ocrx_word' id='word_1_734' title='bbox 3234 4086 3247 4112; x_wconf 95' lang='lat'><strong>,</strong></span> <span class='ocrx_word' id='word_1_735' title='bbox 3279 4050 3335 4097; x_wconf 86' lang='lat' dir='ltr'><strong>et</strong></span> <span class='ocrx_word' id='word_1_736' title='bbox 3366 4042 3438 4096; x_wconf 91' lang='lat' dir='ltr'><strong>ibi</strong></span> <span class='ocrx_word' id='word_1_737' title='bbox 3472 4040 3789 4096; x_wconf 80' lang='lat' dir='ltr'><strong>fundamen-</strong></span> 
     </span>
    </p>
   </div>
   <div class='ocr_carea' id='block_1_97' title="bbox 2202 4131 3787 4206">
    <p class='ocr_par' dir='ltr' id='par_1_97' title="bbox 2202 4131 3787 4206">
     <span class='ocr_line' id='line_1_97' title="bbox 2202 4131 3787 4206; baseline -0.001 -19"><span class='ocrx_word' id='word_1_738' title='bbox 2202 4142 2254 4187; x_wconf 90' lang='lat' dir='ltr'><strong>ta</strong></span> <span class='ocrx_word' id='word_1_739' title='bbox 2284 4142 2410 4188; x_wconf 90' lang='lat' dir='ltr'><strong>sunt</strong></span> <span class='ocrx_word' id='word_1_740' title='bbox 2453 4133 2648 4203; x_wconf 88' lang='lat' dir='ltr'><strong>posita.</strong></span> <span class='ocrx_word' id='word_1_741' title='bbox 2689 4134 2756 4190; x_wconf 86' lang='lat' dir='ltr'><strong>Et</strong></span> <span class='ocrx_word' id='word_1_742' title='bbox 2803 4136 2927 4206; x_wconf 90' lang='lat' dir='ltr'><strong>quia</strong></span> <span class='ocrx_word' id='word_1_743' title='bbox 2969 4135 3348 4205; x_wconf 88' lang='lat' dir='ltr'><strong>unusquisque</strong></span> <span class='ocrx_word' id='word_1_744' title='bbox 3388 4131 3787 4204; x_wconf 63' lang='lat' dir='ltr'><strong>supermdilicat</strong></span> 
     </span>
    </p>
   </div>
   <div class='ocr_carea' id='block_1_98' title="bbox 2200 4224 3788 4297">
    <p class='ocr_par' dir='ltr' id='par_1_98' title="bbox 2200 4224 3788 4297">
     <span class='ocr_line' id='line_1_98' title="bbox 2200 4224 3788 4297; baseline -0.001 -17"><span class='ocrx_word' id='word_1_745' title='bbox 2200 4224 2554 4282; x_wconf 81' lang='lat' dir='ltr'><strong>fundamento</strong></span> <span class='ocrx_word' id='word_1_746' title='bbox 2589 4244 2599 4280; x_wconf 93' lang='lat'><strong>:</strong></span> <span class='ocrx_word' id='word_1_747' title='bbox 2632 4227 2774 4282; x_wconf 86' lang='lat' dir='ltr'><strong>alius</strong></span> <span class='ocrx_word' id='word_1_748' title='bbox 2817 4241 3044 4294; x_wconf 89' lang='lat' dir='ltr'><strong>aurum,</strong></span> <span class='ocrx_word' id='word_1_749' title='bbox 3097 4227 3238 4282; x_wconf 85' lang='lat' dir='ltr'><strong>alius</strong></span> <span class='ocrx_word' id='word_1_750' title='bbox 3280 4234 3604 4297; x_wconf 88' lang='lat' dir='ltr'><strong>argentum,</strong></span> <span class='ocrx_word' id='word_1_751' title='bbox 3656 4225 3788 4280; x_wconf 84' lang='lat' dir='ltr'><strong>alius</strong></span> 
     </span>
    </p>
   </div>
   <div class='ocr_carea' id='block_1_99' title="bbox 2199 4315 3786 4390">
    <p class='ocr_par' dir='ltr' id='par_1_99' title="bbox 2199 4315 3786 4390">
     <span class='ocr_line' id='line_1_99' title="bbox 2199 4315 3786 4390; baseline -0.001 -17"><span class='ocrx_word' id='word_1_752' title='bbox 2199 4315 2409 4388; x_wconf 87' lang='lat' dir='ltr'><strong>lapides</strong></span> <span class='ocrx_word' id='word_1_753' title='bbox 2483 4319 2758 4388; x_wconf 88' lang='lat' dir='ltr'><strong>pretiosos</strong></span> <span class='ocrx_word' id='word_1_754' title='bbox 2815 4338 2826 4374; x_wconf 92' lang='lat'><strong>:</strong></span> <span class='ocrx_word' id='word_1_755' title='bbox 2877 4319 3054 4390; x_wconf 88' lang='lat' dir='ltr'><strong>diligit</strong></span> <span class='ocrx_word' id='word_1_756' title='bbox 3105 4320 3370 4374; x_wconf 88' lang='lat' dir='ltr'><strong>Dominus</strong></span> <span class='ocrx_word' id='word_1_757' title='bbox 3429 4328 3614 4388; x_wconf 88' lang='lat' dir='ltr'><strong>portas</strong></span> <span class='ocrx_word' id='word_1_758' title='bbox 3661 4317 3786 4373; x_wconf 90' lang='lat' dir='ltr'><strong>Sion</strong></span> 
     </span>
    </p>
   </div>
   <div class='ocr_carea' id='block_1_100' title="bbox 2201 4409 3783 4482">
    <p class='ocr_par' dir='ltr' id='par_1_100' title="bbox 2201 4409 3783 4482">
     <span class='ocr_line' id='line_1_100' title="bbox 2201 4409 3783 4482; baseline -0.003 -16"><span class='ocrx_word' id='word_1_759' title='bbox 2201 4425 2366 4482; x_wconf 88' lang='lat' dir='ltr'><strong>super</strong></span> <span class='ocrx_word' id='word_1_760' title='bbox 2393 4412 2577 4467; x_wconf 90' lang='lat' dir='ltr'><strong>omnia</strong></span> <span class='ocrx_word' id='word_1_761' title='bbox 2604 4412 2952 4468; x_wconf 86' lang='lat' dir='ltr'><strong>tabernacula</strong></span> <span class='ocrx_word' id='word_1_762' title='bbox 2979 4411 3170 4468; x_wconf 81' lang='lat' dir='ltr'><strong>Jacob.</strong></span> <span class='ocrx_word' id='word_1_763' title='bbox 3202 4410 3340 4466; x_wconf 87' lang='lat' dir='ltr'><strong>Istas</strong></span> <span class='ocrx_word' id='word_1_764' title='bbox 3372 4420 3557 4482; x_wconf 90' lang='lat' dir='ltr'><strong>portas</strong></span> <span class='ocrx_word' id='word_1_765' title='bbox 3584 4409 3783 4480; x_wconf 89' lang='lat' dir='ltr'><strong>diligit,</strong></span> 
     </span>
    </p>
   </div>
   <div class='ocr_carea' id='block_1_101' title="bbox 2199 4505 3788 4578">
    <p class='ocr_par' dir='ltr' id='par_1_101' title="bbox 2199 4505 3788 4578">
     <span class='ocr_line' id='line_1_101' title="bbox 2199 4505 3788 4578; baseline -0.003 -16"><span class='ocrx_word' id='word_1_766' title='bbox 2199 4523 2339 4578; x_wconf 87' lang='lat' dir='ltr'><strong>quas</strong></span> <span class='ocrx_word' id='word_1_767' title='bbox 2391 4507 2636 4564; x_wconf 90' lang='lat' dir='ltr'><strong>videmus</strong></span> <span class='ocrx_word' id='word_1_768' title='bbox 2689 4509 2986 4564; x_wconf 89' lang='lat' dir='ltr'><strong>corruisse.</strong></span> <span class='ocrx_word' id='word_1_769' title='bbox 3045 4507 3183 4563; x_wconf 88' lang='lat' dir='ltr'><strong>Istas</strong></span> <span class='ocrx_word' id='word_1_770' title='bbox 3238 4515 3425 4577; x_wconf 88' lang='lat' dir='ltr'><strong>portas</strong></span> <span class='ocrx_word' id='word_1_771' title='bbox 3473 4505 3686 4576; x_wconf 91' lang='lat' dir='ltr'><strong>diligit,</strong></span> <span class='ocrx_word' id='word_1_772' title='bbox 3734 4511 3788 4558; x_wconf 86' lang='lat' dir='ltr'><strong>et</strong></span> 
     </span>
    </p>
   </div>
   <div class='ocr_carea' id='block_1_102' title="bbox 2121 4575 3787 4671">
    <p class='ocr_par' dir='ltr' id='par_1_102' title="bbox 2121 4575 3787 4671">
     <span class='ocr_line' id='line_1_102' title="bbox 2121 4575 3787 4671; baseline -0.002 -16"><span class='ocrx_word' id='word_1_773' title='bbox 2121 4575 2174 4634; x_wconf 78' lang='lat' dir='ltr'><strong>D</strong></span> <span class='ocrx_word' id='word_1_774' title='bbox 2201 4575 2362 4656; x_wconf 80' lang='lat' dir='ltr'><strong>istam</strong></span> <span class='ocrx_word' id='word_1_775' title='bbox 2396 4599 2524 4655; x_wconf 89' lang='lat' dir='ltr'><strong>Sion</strong></span> <span class='ocrx_word' id='word_1_776' title='bbox 2570 4601 2786 4671; x_wconf 90' lang='lat' dir='ltr'><strong>diligit,</strong></span> <span class='ocrx_word' id='word_1_777' title='bbox 2832 4616 2956 4671; x_wconf 74' lang='lat' dir='ltr'><strong>qua:</strong></span> <span class='ocrx_word' id='word_1_778' title='bbox 3001 4608 3157 4654; x_wconf 86' lang='lat' dir='ltr'><strong>arata</strong></span> <span class='ocrx_word' id='word_1_779' title='bbox 3203 4575 3288 4655; x_wconf 83' lang='lat' dir='ltr'><strong>est</strong></span> <span class='ocrx_word' id='word_1_780' title='bbox 3331 4599 3475 4654; x_wconf 92' lang='lat' dir='ltr'><strong>sicut</strong></span> <span class='ocrx_word' id='word_1_781' title='bbox 3519 4575 3667 4670; x_wconf 76' lang='lat' dir='ltr'><strong>ager.</strong></span> <span class='ocrx_word' id='word_1_782' title='bbox 3722 4595 3787 4652; x_wconf 86' lang='lat' dir='ltr'><strong>Et</strong></span> 
     </span>
    </p>
   </div>
   <div class='ocr_carea' id='block_1_103' title="bbox 2196 4688 3780 4762">
    <p class='ocr_par' dir='ltr' id='par_1_103' title="bbox 2196 4688 3780 4762">
     <span class='ocr_line' id='line_1_103' title="bbox 2196 4688 3780 4762; baseline -0.003 -16"><span class='ocrx_word' id='word_1_783' title='bbox 2196 4691 2377 4748; x_wconf 85' lang='lat' dir='ltr'><strong>videte</strong></span> <span class='ocrx_word' id='word_1_784' title='bbox 2427 4691 2555 4762; x_wconf 89' lang='lat' dir='ltr'><strong>quid</strong></span> <span class='ocrx_word' id='word_1_785' title='bbox 2607 4691 2796 4746; x_wconf 87' lang='lat' dir='ltr'><strong>dicat:</strong></span> <span class='ocrx_word' id='word_1_786' title='bbox 2858 4691 3042 4761; x_wconf 83' lang='lat' dir='ltr'><strong>Ditigit</strong></span> <span class='ocrx_word' id='word_1_787' title='bbox 3088 4688 3348 4745; x_wconf 88' lang='lat' dir='ltr'><strong>Dominus</strong></span> <span class='ocrx_word' id='word_1_788' title='bbox 3397 4700 3573 4760; x_wconf 89' lang='lat' dir='ltr'><strong>portas</strong></span> <span class='ocrx_word' id='word_1_789' title='bbox 3621 4688 3780 4752; x_wconf 88' lang='lat' dir='ltr'><strong>Sion,</strong></span> 
     </span>
    </p>
   </div>
   <div class='ocr_carea' id='block_1_104' title="bbox 2197 4781 3778 4853">
    <p class='ocr_par' dir='ltr' id='par_1_104' title="bbox 2197 4781 3778 4853">
     <span class='ocr_line' id='line_1_104' title="bbox 2197 4781 3778 4853; baseline -0.004 -15"><span class='ocrx_word' id='word_1_790' title='bbox 2197 4800 2353 4853; x_wconf 88' lang='lat' dir='ltr'><strong>super</strong></span> <span class='ocrx_word' id='word_1_791' title='bbox 2381 4783 2555 4837; x_wconf 91' lang='lat' dir='ltr'><strong>omnia</strong></span> <span class='ocrx_word' id='word_1_792' title='bbox 2587 4783 2920 4838; x_wconf 87' lang='lat' dir='ltr'><strong>tabernacula</strong></span> <span class='ocrx_word' id='word_1_793' title='bbox 2947 4781 3131 4838; x_wconf 74' lang='lat' dir='ltr'><strong>Iacob.</strong></span> <span class='ocrx_word' id='word_1_794' title='bbox 3182 4781 3374 4839; x_wconf 84' lang='lat' dir='ltr'><strong>Videte</strong></span> <span class='ocrx_word' id='word_1_795' title='bbox 3413 4781 3544 4851; x_wconf 88' lang='lat' dir='ltr'><strong>quid</strong></span> <span class='ocrx_word' id='word_1_796' title='bbox 3591 4781 3735 4836; x_wconf 90' lang='lat' dir='ltr'><strong>dicat</strong></span> <span class='ocrx_word' id='word_1_797' title='bbox 3767 4798 3778 4832; x_wconf 91' lang='lat'>:</span> 
     </span>
    </p>
   </div>
   <div class='ocr_carea' id='block_1_105' title="bbox 2196 4875 3782 4946">
    <p class='ocr_par' dir='ltr' id='par_1_105' title="bbox 2196 4875 3782 4946">
     <span class='ocr_line' id='line_1_105' title="bbox 2196 4875 3782 4946; baseline -0.003 -12"><span class='ocrx_word' id='word_1_798' title='bbox 2196 4883 2371 4946; x_wconf 92' lang='lat' dir='ltr'><strong>Super</strong></span> <span class='ocrx_word' id='word_1_799' title='bbox 2396 4890 2585 4932; x_wconf 89' lang='lat' dir='ltr'><strong>omnes</strong></span> <span class='ocrx_word' id='word_1_800' title='bbox 2614 4877 2860 4932; x_wconf 88' lang='lat' dir='ltr'><strong>civitates</strong></span> <span class='ocrx_word' id='word_1_801' title='bbox 2891 4877 3090 4943; x_wconf 87' lang='lat' dir='ltr'><strong>Jacob,</strong></span> <span class='ocrx_word' id='word_1_802' title='bbox 3122 4875 3228 4933; x_wconf 90' lang='lat' dir='ltr'><strong>hoc</strong></span> <span class='ocrx_word' id='word_1_803' title='bbox 3252 4885 3370 4946; x_wconf 88' lang='lat' dir='ltr'><strong>est,</strong></span> <span class='ocrx_word' id='word_1_804' title='bbox 3403 4876 3558 4932; x_wconf 74' lang='lat' dir='ltr'><strong>Juda:</strong></span> <span class='ocrx_word' id='word_1_805' title='bbox 3586 4893 3599 4930; x_wconf 90' lang='lat'><strong>:</strong></span> <span class='ocrx_word' id='word_1_806' title='bbox 3626 4877 3782 4931; x_wconf 88' lang='lat' dir='ltr'><strong>istam</strong></span> 
     </span>
    </p>
   </div>
   <div class='ocr_carea' id='block_1_106' title="bbox 2198 4970 3779 5043">
    <p class='ocr_par' dir='ltr' id='par_1_106' title="bbox 2198 4970 3779 5043">
     <span class='ocr_line' id='line_1_106' title="bbox 2198 4970 3779 5043; baseline 0 -17"><span class='ocrx_word' id='word_1_807' title='bbox 2198 4980 2404 5028; x_wconf 85' lang='lat' dir='ltr'><strong>tantum</strong></span> <span class='ocrx_word' id='word_1_808' title='bbox 2437 4972 2612 5043; x_wconf 89' lang='lat' dir='ltr'><strong>diligit</strong></span> <span class='ocrx_word' id='word_1_809' title='bbox 2638 4972 2939 5028; x_wconf 86' lang='lat' dir='ltr'><strong>civitatem.</strong></span> <span class='ocrx_word' id='word_1_810' title='bbox 2975 4974 3040 5027; x_wconf 88' lang='lat' dir='ltr'><strong>Et</strong></span> <span class='ocrx_word' id='word_1_811' title='bbox 3065 4971 3340 5043; x_wconf 91' lang='lat' dir='ltr'><strong>quomodo</strong></span> <span class='ocrx_word' id='word_1_812' title='bbox 3361 4970 3616 5027; x_wconf 88' lang='lat' dir='ltr'><strong>videmus</strong></span> <span class='ocrx_word' id='word_1_813' title='bbox 3645 4970 3779 5026; x_wconf 89' lang='lat' dir='ltr'><strong>alias</strong></span> 
     </span>
    </p>
   </div>
   <div class='ocr_carea' id='block_1_107' title="bbox 2196 5063 3783 5136">
    <p class='ocr_par' dir='ltr' id='par_1_107' title="bbox 2196 5063 3783 5136">
     <span class='ocr_line' id='line_1_107' title="bbox 2196 5063 3783 5136; baseline -0.003 -14"><span class='ocrx_word' id='word_1_814' title='bbox 2196 5081 2263 5122; x_wconf 87' lang='lat' dir='ltr'><strong>ex</strong></span> <span class='ocrx_word' id='word_1_815' title='bbox 2296 5075 2452 5136; x_wconf 89' lang='lat' dir='ltr'><strong>parte</strong></span> <span class='ocrx_word' id='word_1_816' title='bbox 2495 5075 2672 5133; x_wconf 87' lang='lat' dir='ltr'><strong>stare,</strong></span> <span class='ocrx_word' id='word_1_817' title='bbox 2715 5075 2772 5122; x_wconf 90' lang='lat' dir='ltr'><strong>et</strong></span> <span class='ocrx_word' id='word_1_818' title='bbox 2801 5067 2957 5122; x_wconf 88' lang='lat' dir='ltr'><strong>istam</strong></span> <span class='ocrx_word' id='word_1_819' title='bbox 2987 5065 3211 5136; x_wconf 89' lang='lat' dir='ltr'><strong>penitus</strong></span> <span class='ocrx_word' id='word_1_820' title='bbox 3237 5065 3566 5121; x_wconf 86' lang='lat' dir='ltr'><strong>corruisse?</strong></span> <span class='ocrx_word' id='word_1_821' title='bbox 3614 5063 3783 5135; x_wconf 86' lang='lat' dir='ltr'><strong>Lega-</strong></span> 
     </span>
    </p>
   </div>
   <div class='ocr_carea' id='block_1_108' title="bbox 2194 5156 3782 5230">
    <p class='ocr_par' dir='ltr' id='par_1_108' title="bbox 2194 5156 3782 5230">
     <span class='ocr_line' id='line_1_108' title="bbox 2194 5156 3782 5230; baseline 0 -17"><span class='ocrx_word' id='word_1_822' title='bbox 2194 5173 2316 5213; x_wconf 89' lang='lat' dir='ltr'><strong>mus</strong></span> <span class='ocrx_word' id='word_1_823' title='bbox 2363 5159 2748 5229; x_wconf 85' lang='lat' dir='ltr'><strong>Apocalypsim</strong></span> <span class='ocrx_word' id='word_1_824' title='bbox 2795 5157 3022 5214; x_wconf 81' lang='lat' dir='ltr'><strong>Joannis</strong></span> <span class='ocrx_word' id='word_1_825' title='bbox 3058 5156 3214 5230; x_wconf 89' lang='lat' dir='ltr'><strong>(Cap.</strong></span> <span class='ocrx_word' id='word_1_826' title='bbox 3247 5157 3364 5227; x_wconf 77' lang='lat' dir='ltr'><strong>xxi)</strong></span> <span class='ocrx_word' id='word_1_827' title='bbox 3409 5177 3420 5211; x_wconf 89' lang='lat'>:</span> <span class='ocrx_word' id='word_1_828' title='bbox 3456 5158 3700 5228; x_wconf 83' lang='lat' dir='ltr'><strong>legamus</strong></span> <span class='ocrx_word' id='word_1_829' title='bbox 3727 5166 3782 5213; x_wconf 90' lang='lat' dir='ltr'><strong>et</strong></span> 
     </span>
    </p>
   </div>
   <div class='ocr_carea' id='block_1_109' title="bbox 2197 5247 3777 5322">
    <p class='ocr_par' dir='ltr' id='par_1_109' title="bbox 2197 5247 3777 5322">
     <span class='ocr_line' id='line_1_109' title="bbox 2197 5247 3777 5322; baseline -0.002 -18"><span class='ocrx_word' id='word_1_830' title='bbox 2197 5247 2386 5305; x_wconf 86' lang='lat' dir='ltr'><strong>Isaiam</strong></span> <span class='ocrx_word' id='word_1_831' title='bbox 2414 5247 2568 5322; x_wconf 87' lang='lat' dir='ltr'><strong>(Cap.</strong></span> <span class='ocrx_word' id='word_1_832' title='bbox 2598 5249 2751 5320; x_wconf 77' lang='lat' dir='ltr'><strong>un).</strong></span> <span class='ocrx_word' id='word_1_833' title='bbox 2781 5249 2880 5306; x_wconf 90' lang='lat' dir='ltr'><strong>Ubi</strong></span> <span class='ocrx_word' id='word_1_834' title='bbox 2906 5249 3208 5307; x_wconf 77' lang='lat' dir='ltr'><strong>:cdilicatur</strong></span> <span class='ocrx_word' id='word_1_835' title='bbox 3232 5250 3427 5304; x_wconf 86' lang='lat' dir='ltr'><strong>civitas</strong></span> <span class='ocrx_word' id='word_1_836' title='bbox 3447 5248 3777 5316; x_wconf 85' lang='lat' dir='ltr'><strong>Jerusalem,</strong></span> 
     </span>
    </p>
   </div>
   <div class='ocr_carea' id='block_1_110' title="bbox 2196 5341 3782 5413">
    <p class='ocr_par' dir='ltr' id='par_1_110' title="bbox 2196 5341 3782 5413">
     <span class='ocr_line' id='line_1_110' title="bbox 2196 5341 3782 5413; baseline -0.001 -15"><span class='ocrx_word' id='word_1_837' title='bbox 2196 5352 2251 5398; x_wconf 87' lang='lat' dir='ltr'><strong>et</strong></span> <span class='ocrx_word' id='word_1_838' title='bbox 2271 5341 2559 5398; x_wconf 90' lang='lat' dir='ltr'><strong>duodecim</strong></span> <span class='ocrx_word' id='word_1_839' title='bbox 2589 5352 2762 5412; x_wconf 65' lang='lat' dir='ltr'><strong>portae</strong></span> <span class='ocrx_word' id='word_1_840' title='bbox 2793 5343 2960 5413; x_wconf 88' lang='lat' dir='ltr'><strong>ipsius</strong></span> <span class='ocrx_word' id='word_1_841' title='bbox 2989 5342 3252 5399; x_wconf 91' lang='lat' dir='ltr'><strong>dicuntur</strong></span> <span class='ocrx_word' id='word_1_842' title='bbox 3279 5357 3400 5399; x_wconf 88' lang='lat' dir='ltr'><strong>esse</strong></span> <span class='ocrx_word' id='word_1_843' title='bbox 3426 5343 3495 5399; x_wconf 90' lang='lat' dir='ltr'><strong>de</strong></span> <span class='ocrx_word' id='word_1_844' title='bbox 3521 5342 3782 5413; x_wconf 83' lang='lat' dir='ltr'><strong>lapidibus</strong></span> 
     </span>
    </p>
   </div>
   <div class='ocr_carea' id='block_1_111' title="bbox 572 5434 3781 5508">
    <p class='ocr_par' dir='ltr' id='par_1_111' title="bbox 572 5434 3781 5508">
     <span class='ocr_line' id='line_1_111' title="bbox 572 5434 3781 5508; baseline 0.001 -18"><span class='ocrx_word' id='word_1_845' title='bbox 572 5434 688 5491; x_wconf 76' lang='lat' dir='ltr'><strong>Fac</strong></span> <span class='ocrx_word' id='word_1_846' title='bbox 718 5453 918 5492; x_wconf 89' lang='lat' dir='ltr'><strong>mecum</strong></span> <span class='ocrx_word' id='word_1_847' title='bbox 945 5436 1150 5507; x_wconf 85' lang='lat' dir='ltr'><strong>signum</strong></span> <span class='ocrx_word' id='word_1_848' title='bbox 1169 5437 1224 5490; x_wconf 90' lang='lat' dir='ltr'><strong>in</strong></span> <span class='ocrx_word' id='word_1_849' title='bbox 1263 5437 1486 5506; x_wconf 88' lang='lat' dir='ltr'><strong>bonum,</strong></span> <span class='ocrx_word' id='word_1_850' title='bbox 1537 5446 1595 5491; x_wconf 91' lang='lat' dir='ltr'><strong>ut</strong></span> <span class='ocrx_word' id='word_1_851' title='bbox 1639 5436 1844 5492; x_wconf 82' lang='lat' dir='ltr'><strong>videant</strong></span> <span class='ocrx_word' id='word_1_852' title='bbox 1879 5438 1971 5508; x_wconf 87' lang='lat' dir='ltr'><strong>qui</strong></span> <span class='ocrx_word' id='word_1_853' title='bbox 2011 5452 2092 5491; x_wconf 90' lang='lat' dir='ltr'><strong>me</strong></span> <span class='ocrx_word' id='word_1_854' title='bbox 2193 5436 2454 5506; x_wconf 86' lang='lat' dir='ltr'><strong>pretiosis</strong></span> <span class='ocrx_word' id='word_1_855' title='bbox 2483 5445 2806 5492; x_wconf 73' lang='lat' dir='ltr'><strong>constructa:</strong></span> <span class='ocrx_word' id='word_1_856' title='bbox 2824 5477 2839 5502; x_wconf 89' lang='lat'><strong>,</strong></span> <span class='ocrx_word' id='word_1_857' title='bbox 2864 5444 2919 5492; x_wconf 84' lang='lat' dir='ltr'><strong>et</strong></span> <span class='ocrx_word' id='word_1_858' title='bbox 2944 5436 3056 5506; x_wconf 84' lang='lat' dir='ltr'><strong>ipsa</strong></span> <span class='ocrx_word' id='word_1_859' title='bbox 3084 5437 3275 5493; x_wconf 83' lang='lat' dir='ltr'><strong>civitas</strong></span> <span class='ocrx_word' id='word_1_860' title='bbox 3301 5436 3369 5493; x_wconf 89' lang='lat' dir='ltr'><strong>de</strong></span> <span class='ocrx_word' id='word_1_861' title='bbox 3393 5436 3533 5492; x_wconf 69' lang='lat' dir='ltr'><strong>cmlo</strong></span> <span class='ocrx_word' id='word_1_862' title='bbox 3556 5437 3781 5493; x_wconf 87' lang='lat' dir='ltr'><strong>descen-</strong></span> 
     </span>
    </p>
   </div>
   <div class='ocr_carea' id='block_1_112' title="bbox 499 5528 2088 5600">
    <p class='ocr_par' dir='ltr' id='par_1_112' title="bbox 499 5528 2088 5600">
     <span class='ocr_line' id='line_1_112' title="bbox 499 5528 2088 5600; baseline -0.001 -15"><span class='ocrx_word' id='word_1_863' title='bbox 499 5530 718 5585; x_wconf 83' lang='lat' dir='ltr'><strong>oderunt</strong></span> <span class='ocrx_word' id='word_1_864' title='bbox 776 5539 826 5584; x_wconf 86' lang='lat' dir='ltr'><strong>et</strong></span> <span class='ocrx_word' id='word_1_865' title='bbox 881 5529 1274 5600; x_wconf 79' lang='lat' dir='ltr'><strong>confundantur</strong></span> <span class='ocrx_word' id='word_1_866' title='bbox 1329 5546 1348 5588; x_wconf 89' lang='lat'><strong><em>:</em></strong></span> <span class='ocrx_word' id='word_1_867' title='bbox 1402 5530 1647 5600; x_wconf 89' lang='lat' dir='ltr'><strong>quoniam</strong></span> <span class='ocrx_word' id='word_1_868' title='bbox 1691 5540 1778 5596; x_wconf 90' lang='lat' dir='ltr'><strong>tu,</strong></span> <span class='ocrx_word' id='word_1_869' title='bbox 1835 5528 2088 5599; x_wconf 86' lang='lat' dir='ltr'><strong>Domine,</strong></span> 
     </span>
    </p>
   </div>
   <div class='ocr_carea' id='block_1_113' title="bbox 496 5620 2086 5700">
    <p class='ocr_par' dir='ltr' id='par_1_113' title="bbox 496 5620 2086 5700">
     <span class='ocr_line' id='line_1_113' title="bbox 496 5620 2086 5700; baseline 0.003 -27"><span class='ocrx_word' id='word_1_870' title='bbox 496 5620 748 5700; x_wconf 85' lang='lat' dir='ltr'><strong>adjuvisti</strong></span> <span class='ocrx_word' id='word_1_871' title='bbox 777 5637 857 5677; x_wconf 90' lang='lat' dir='ltr'><strong>me</strong></span> <span class='ocrx_word' id='word_1_872' title='bbox 876 5663 892 5688; x_wconf 90' lang='lat'><strong>,</strong></span> <span class='ocrx_word' id='word_1_873' title='bbox 919 5630 965 5676; x_wconf 89' lang='lat' dir='ltr'><strong>et</strong></span> <span class='ocrx_word' id='word_1_874' title='bbox 1001 5622 1300 5677; x_wconf 77' lang='lat' dir='ltr'><strong>consolatus</strong></span> <span class='ocrx_word' id='word_1_875' title='bbox 1329 5639 1382 5679; x_wconf 91' lang='lat' dir='ltr'><strong>es</strong></span> <span class='ocrx_word' id='word_1_876' title='bbox 1410 5639 1510 5678; x_wconf 88' lang='lat' dir='ltr'><strong>me.</strong></span> <span class='ocrx_word' id='word_1_877' title='bbox 1543 5621 1755 5678; x_wconf 82' lang='lat' dir='ltr'><strong>Muniar</strong></span> <span class='ocrx_word' id='word_1_878' title='bbox 1779 5623 1956 5680; x_wconf 88' lang='lat' dir='ltr'><strong>crucis</strong></span> <span class='ocrx_word' id='word_1_879' title='bbox 1979 5630 2086 5678; x_wconf 63' lang='lat' dir='ltr'><strong>tuae</strong></span> 
     </span>
    </p>
   </div>
   <div class='ocr_carea' id='block_1_114' title="bbox 495 5709 2085 5784">
    <p class='ocr_par' dir='ltr' id='par_1_114' title="bbox 495 5709 2085 5784">
     <span class='ocr_line' id='line_1_114' title="bbox 495 5709 2085 5784; baseline 0.006 -23"><span class='ocrx_word' id='word_1_880' title='bbox 495 5709 686 5778; x_wconf 85' lang='lat' dir='ltr'><strong>signo,</strong></span> <span class='ocrx_word' id='word_1_881' title='bbox 739 5711 883 5780; x_wconf 91' lang='lat' dir='ltr'><strong>quod</strong></span> <span class='ocrx_word' id='word_1_882' title='bbox 941 5710 1210 5782; x_wconf 86' lang='lat' dir='ltr'><strong>videntes,</strong></span> <span class='ocrx_word' id='word_1_883' title='bbox 1264 5721 1566 5784; x_wconf 90' lang='lat' dir='ltr'><strong>potestates</strong></span> <span class='ocrx_word' id='word_1_884' title='bbox 1593 5712 1839 5770; x_wconf 61' lang='lat' dir='ltr'><strong>adversae</strong></span> <span class='ocrx_word' id='word_1_885' title='bbox 1877 5712 2085 5784; x_wconf 83' lang='lat' dir='ltr'><strong>fugiant</strong></span> 
     </span>
    </p>
   </div>
   <div class='ocr_carea' id='block_1_115' title="bbox 491 5799 2080 5878">
    <p class='ocr_par' dir='ltr' id='par_1_115' title="bbox 491 5799 2080 5878">
     <span class='ocr_line' id='line_1_115' title="bbox 491 5799 2080 5878; baseline 0.009 -29"><span class='ocrx_word' id='word_1_886' title='bbox 491 5799 761 5869; x_wconf 68' lang='lat' dir='ltr'><strong>conruere,</strong></span> <span class='ocrx_word' id='word_1_887' title='bbox 791 5811 846 5857; x_wconf 87' lang='lat' dir='ltr'><strong>et</strong></span> <span class='ocrx_word' id='word_1_888' title='bbox 873 5801 1158 5858; x_wconf 81' lang='lat' dir='ltr'><strong>discedant</strong></span> <span class='ocrx_word' id='word_1_889' title='bbox 1205 5821 1233 5858; x_wconf 88' lang='lat' dir='ltr'><strong>a</strong></span> <span class='ocrx_word' id='word_1_890' title='bbox 1271 5819 1374 5861; x_wconf 90' lang='lat' dir='ltr'><strong>me.</strong></span> <span class='ocrx_word' id='word_1_891' title='bbox 1423 5806 1550 5861; x_wconf 80' lang='lat' dir='ltr'><strong>llaec</strong></span> <span class='ocrx_word' id='word_1_892' title='bbox 1579 5806 1723 5862; x_wconf 91' lang='lat' dir='ltr'><strong>enim</strong></span> <span class='ocrx_word' id='word_1_893' title='bbox 1757 5821 1856 5878; x_wconf 92' lang='lat' dir='ltr'><strong>pro</strong></span> <span class='ocrx_word' id='word_1_894' title='bbox 1887 5815 2080 5864; x_wconf 89' lang='lat' dir='ltr'><strong>nostro</strong></span> 
     </span>
    </p>
   </div>
   <div class='ocr_carea' id='block_1_116' title="bbox 2190 5529 3780 5600">
    <p class='ocr_par' dir='ltr' id='par_1_116' title="bbox 2190 5529 3780 5600">
     <span class='ocr_line' id='line_1_116' title="bbox 2190 5529 3780 5600; baseline 0 -15"><span class='ocrx_word' id='word_1_895' title='bbox 2190 5529 2301 5597; x_wconf 89' lang='lat' dir='ltr'><strong>dit,</strong></span> <span class='ocrx_word' id='word_1_896' title='bbox 2331 5539 2385 5586; x_wconf 91' lang='lat' dir='ltr'><strong>et</strong></span> <span class='ocrx_word' id='word_1_897' title='bbox 2409 5529 2662 5586; x_wconf 90' lang='lat' dir='ltr'><strong>dicuntur</strong></span> <span class='ocrx_word' id='word_1_898' title='bbox 2685 5533 2823 5586; x_wconf 92' lang='lat' dir='ltr'><strong>muri</strong></span> <span class='ocrx_word' id='word_1_899' title='bbox 2848 5530 2964 5600; x_wconf 84' lang='lat' dir='ltr'><strong>ejus</strong></span> <span class='ocrx_word' id='word_1_900' title='bbox 2989 5530 3171 5597; x_wconf 78' lang='lat' dir='ltr'><strong>aurei,</strong></span> <span class='ocrx_word' id='word_1_901' title='bbox 3213 5540 3268 5586; x_wconf 87' lang='lat' dir='ltr'><strong>et</strong></span> <span class='ocrx_word' id='word_1_902' title='bbox 3300 5529 3561 5585; x_wconf 89' lang='lat' dir='ltr'><strong>dicuntur</strong></span> <span class='ocrx_word' id='word_1_903' title='bbox 3593 5530 3780 5599; x_wconf 71' lang='lat' dir='ltr'><strong>plateae</strong></span> 
     </span>
    </p>
   </div>
   <div class='ocr_carea' id='block_1_117' title="bbox 2191 5622 3781 5694">
    <p class='ocr_par' dir='ltr' id='par_1_117' title="bbox 2191 5622 3781 5694">
     <span class='ocr_line' id='line_1_117' title="bbox 2191 5622 3781 5694; baseline 0.001 -16"><span class='ocrx_word' id='word_1_904' title='bbox 2191 5623 2310 5693; x_wconf 90' lang='lat' dir='ltr'><strong>ejus</strong></span> <span class='ocrx_word' id='word_1_905' title='bbox 2359 5630 2545 5678; x_wconf 68' lang='lat' dir='ltr'><strong>strata:</strong></span> <span class='ocrx_word' id='word_1_906' title='bbox 2604 5637 2728 5680; x_wconf 87' lang='lat' dir='ltr'><strong>esse</strong></span> <span class='ocrx_word' id='word_1_907' title='bbox 2790 5622 3115 5693; x_wconf 84' lang='lat' dir='ltr'><strong>smaragdo,</strong></span> <span class='ocrx_word' id='word_1_908' title='bbox 3161 5631 3215 5678; x_wconf 87' lang='lat' dir='ltr'><strong>et</strong></span> <span class='ocrx_word' id='word_1_909' title='bbox 3257 5622 3514 5679; x_wconf 89' lang='lat' dir='ltr'><strong>dicuntur</strong></span> <span class='ocrx_word' id='word_1_910' title='bbox 3559 5623 3781 5694; x_wconf 69' lang='lat' dir='ltr'><strong>singula</strong></span> 
     </span>
    </p>
   </div>
   <div class='ocr_carea' id='block_1_118' title="bbox 2187 5713 3778 5789">
    <p class='ocr_par' dir='ltr' id='par_1_118' title="bbox 2187 5713 3778 5789">
     <span class='ocr_line' id='line_1_118' title="bbox 2187 5713 3778 5789; baseline 0.002 -19"><span class='ocrx_word' id='word_1_911' title='bbox 2187 5723 2362 5786; x_wconf 76' lang='lat' dir='ltr'><strong>porta:</strong></span> <span class='ocrx_word' id='word_1_912' title='bbox 2383 5730 2450 5770; x_wconf 84' lang='lat' dir='ltr'><strong>ex</strong></span> <span class='ocrx_word' id='word_1_913' title='bbox 2481 5715 2707 5786; x_wconf 87' lang='lat' dir='ltr'><strong>singulis</strong></span> <span class='ocrx_word' id='word_1_914' title='bbox 2730 5715 2995 5786; x_wconf 87' lang='lat' dir='ltr'><strong>lapidibus</strong></span> <span class='ocrx_word' id='word_1_915' title='bbox 3021 5714 3277 5784; x_wconf 86' lang='lat' dir='ltr'><strong>pretiosis</strong></span> <span class='ocrx_word' id='word_1_916' title='bbox 3299 5713 3516 5787; x_wconf 72' lang='lat' dir='ltr'><strong>(Ezecli.</strong></span> <span class='ocrx_word' id='word_1_917' title='bbox 3554 5716 3778 5789; x_wconf 85' lang='lat' dir='ltr'><strong>xxvnt).</strong></span> 
     </span>
    </p>
   </div>
   <div class='ocr_carea' id='block_1_119' title="bbox 2187 5805 3777 5878">
    <p class='ocr_par' dir='ltr' id='par_1_119' title="bbox 2187 5805 3777 5878">
     <span class='ocr_line' id='line_1_119' title="bbox 2187 5805 3777 5878; baseline 0 -12"><span class='ocrx_word' id='word_1_918' title='bbox 2187 5808 2280 5866; x_wconf 81' lang='lat' dir='ltr'><strong>Ha:</strong></span> <span class='ocrx_word' id='word_1_919' title='bbox 2307 5817 2434 5865; x_wconf 88' lang='lat' dir='ltr'><strong>sunt</strong></span> <span class='ocrx_word' id='word_1_920' title='bbox 2462 5818 2587 5865; x_wconf 79' lang='lat' dir='ltr'><strong>totae</strong></span> <span class='ocrx_word' id='word_1_921' title='bbox 2615 5806 2828 5866; x_wconf 89' lang='lat' dir='ltr'><strong>Domini</strong></span> <span class='ocrx_word' id='word_1_922' title='bbox 2856 5807 3085 5876; x_wconf 66' lang='lat' dir='ltr'><strong>divitiae,</strong></span> <span class='ocrx_word' id='word_1_923' title='bbox 3111 5815 3164 5862; x_wconf 91' lang='lat' dir='ltr'><strong>et</strong></span> <span class='ocrx_word' id='word_1_924' title='bbox 3192 5805 3294 5863; x_wconf 91' lang='lat' dir='ltr'><strong>hoc</strong></span> <span class='ocrx_word' id='word_1_925' title='bbox 3321 5807 3496 5878; x_wconf 84' lang='lat' dir='ltr'><strong>diligit</strong></span> <span class='ocrx_word' id='word_1_926' title='bbox 3519 5807 3777 5866; x_wconf 86' lang='lat' dir='ltr'><strong>Dominus</strong></span> 
     </span>
    </p>
   </div>
  </div>
