4016 6334
152 291 340 352 1081

1072 288 1501 350 BREVIARIUM
1541 292 1607 350 ΙΝ
1649 289 1981 348 PSALMOS.
2024 292 2278 349 PSALM.
2317 291 2606 351 LXXXVI.

3365 299 3505 356 {082

145 401 340 471 quod
377 408 434 456 ct
464 399 752 458 homines?
783 402 1046 460 Prohibet
1073 386 1173 460 nos
1203 404 1271 460 ab
1312 405 1566 471 avaritia,
1605 414 1660 459 et
1690 405 1806 475 ipse
1832 404 1886 463 Α
1911 404 2286 476 exploratores
2312 407 2552 463 Iericho.
2607 407 2750 464 Duos
2787 407 3167 479 exploratores
3189 451 3204 477 ,
3247 425 3412 468 unum
3445 414 3501 470 in

153 495 244 552 de
283 497 531 551 avaritia
565 498 800 552 exstruit
820 498 1142 553 civitatem?
1164 499 1328 570 Ergo,
1353 498 1526 572 diligit
1549 497 1805 555 Dominus

158 599 385 658 portas
431 588 583 645 Sion.
639 589 764 646 Illas
812 599 994 660 portas
1041 591 1332 648 duodecim
1397 591 1530 647 Sion
1560 631 1574 655 ,
1623 591 1804 646 mani-

160 684 402 738 festum
451 693 533 738 est
576 684 718 753 quod
749 685 816 740 de
847 685 1109 756 apostolis
1139 687 1382 756 scripsit.
1421 685 1597 755 Super
1626 687 1802 740 omnia

161 775 538 830 tabernacula
587 776 782 844 Iacob,
839 793 1004 848 super
1051 793 1244 833 omnes
1296 787 1508 834 veteres
1559 788 1799 833 sanctos.

161 870 307 927 Hoc
387 871 605 928 interim
674 872 910 927 diximus
965 872 1261 928 secundmn
1321 888 1486 926 unum
1561 881 1796 942 trepum.

162 963 460 1018 Dicamus
515 971 697 1019 autem
749 973 804 1018 et
832 963 995 1019 aliter
1034 981 1046 1020 :
1085 963 1265 1034 Ditigit
1317 962 1570 1017 Dominus
1625 971 1800 1031 portas

167 1056 357 1111 Sion.
393 1055 520 1112 Mihi
545 1056 804 1112 videntur
830 1065 1001 1127 porta:
1031 1056 1162 1112 Sion
1213 1070 1336 1112 esse
1362 1056 1614 1111 virtutes.
1646 1055 1799 1111 Sicut

169 1153 352 1208 enim
431 1163 606 1222 porta:
664 1153 862 1207 mortis
923 1161 1052 1207 sunt
1101 1153 1233 1206 vitia
1290 1161 1454 1223 atque
1517 1161 1734 1220 peccata
1787 1169 1798 1206 :

169 1245 260 1302 ita
331 1257 508 1318 porta:
559 1247 690 1303 Sion
743 1247 999 1302 videntur
1043 1247 1173 1301 mihi
1214 1261 1336 1302 esse
1386 1245 1633 1300 virtutes.
1690 1244 1797 1300 De-

172 1339 366 1410 nique
416 1338 548 1394 dicit
595 1339 648 1393 in
690 1338 798 1393 alio
837 1339 959 1394 loco
989 1356 1001 1392 :
1033 1340 1121 1408 qui
1169 1338 1374 1394 exaltas
1415 1352 1500 1392 me
1531 1338 1598 1392 de
1626 1338 1798 1408 portis

172 1436 396 1490 mortis
426 1433 652 1507 (Psalm.
699 1433 796 1505 Ix).
848 1434 902 1490 Si
931 1442 1110 1489 autem
1155 1441 1326 1504 portae
1354 1432 1545 1486 mortis
1577 1441 1797 1501 peccata

173 1538 324 1587 sunt
386 1549 398 1583 :
453 1544 583 1598 ergo
611 1539 783 1598 porta:
825 1526 1128 1582 Jerusalem
1169 1525 1402 1581 virtutes
1446 1532 1591 1580 sunt.
1628 1524 1798 1596 Super

175 1625 378 1679 omnia
423 1621 749 1676 tabernacula
807 1620 990 1674 Iacob.
1046 1619 1236 1675 Videte
1280 1619 1555 1690 quomodo
1591 1617 1792 1685 Iacob,

175 1717 296 1773 hoc
327 1727 442 1784 est,
495 1727 652 1772 vetus
683 1715 951 1785 pepulus,
995 1727 1102 1768 non
1144 1713 1313 1768 habet
1353 1712 1793 1779 fundamentum,

1908 497 2404 566 circumcisionem,
2458 500 2621 555 alium
2648 500 2701 554 in
2726 499 2996 570 gentibus,
3030 501 3253 558 Petrum
3279 511 3334 559 et
3361 502 3501 559 Pau-

1907 589 2041 646 lum.
2068 591 2287 647 Iericho
2318 593 2515 663 quaerit
2542 609 2637 648 eos
2664 593 2921 650 occidere
2951 611 2964 649 :
2998 595 3087 650 illa
3128 611 3222 652 eos
3257 599 3502 668 suscepit

1905 684 2166 739 meretrix
2192 727 2206 750 ,
2251 685 2597 741 Ecclesia‘de
2626 687 2877 756 gentibus
2921 700 3270 760 congregata.
3316 691 3504 749 Credit

1905 775 1958 828 in
1989 775 2174 831 Iesum
2197 816 2211 840 ,
2259 787 2314 832 et
2342 793 2478 848 quos
2511 778 2736 833 volebat
2763 779 2981 835 Iericho
3011 781 3346 849 interﬁcere,
3380 782 3498 853 ipsa

1901 868 2079 922 salvat
2107 868 2162 923 in
2194 869 2411 925 domate
2439 885 2559 925 suo.
2595 871 2660 924 Et
2694 873 2845 940 ponit
2881 887 2977 928 eos
3015 873 3069 927 in
3101 874 3317 931 domate
3355 891 3454 930 suo
3479 917 3495 944 ,

1903 961 1956 1014 in
1999 960 2213 1015 excelsa
2244 961 2513 1028 ﬁde_sua,
2542 971 2598 1017 et
2624 963 2912 1020 abscondit
2939 979 3035 1021 eos
3063 967 3112 1019 in
3143 966 3236 1021 lini
3263 967 3496 1023 calamo.

1899 1051 2052 1108 Licet
2078 1053 2332 1108 meretrix
2362 1053 2465 1119 sit,
2497 1063 2679 1109 tamen
2716 1057 2868 1124 ponit
2899 1070 2995 1112 eos
3044 1057 3096 1110 in
3132 1057 3263 1112 lino.
3301 1058 3496 1115 Linum

1901 1146 2072 1200 multo
2103 1145 2324 1214 labore,
2357 1157 2412 1201 et
2435 1147 2715 1217 diligentia
2759 1150 2812 1202 in
2844 1148 3139 1204 candorem
3175 1151 3344 1206 venit.
3378 1152 3500 1209 Sci-

1900 1239 1971 1294 tis
2007 1237 2144 1308 ipsi,
2186 1239 2445 1306 quoniam
2492 1238 2659 1292 linum
2691 1238 2761 1294 de
2803 1249 2946 1294 terra
2979 1242 3254 1308 nascitur,
3289 1253 3342 1297 et
3371 1256 3496 1299 cum

1901 1332 1952 1385 in
1987 1339 2129 1386 terra
2158 1339 2344 1385 natum
2376 1330 2572 1395 fuerit,
2611 1331 2822 1400 nigrum
2852 1340 2940 1387 est
2971 1351 2983 1386 :
3013 1334 3219 1388 nullam
3253 1337 3493 1405 speciem

1899 1423 2097 1490 habet,
2134 1423 2345 1477 nullum
2379 1439 2555 1478 usum.
2593 1423 2832 1478 Primum
2862 1439 2993 1496 ergo
3037 1425 3248 1480 tollitur
3285 1427 3353 1481 de
3387 1436 3499 1481 ter-

1897 1532 1994 1583 ra,
2045 1515 2338 1587 frangitur,
2369 1515 2572 1572 deinde
2624 1525 2950 1586 torquetur,
3007 1527 3197 1588 postea
3247 1518 3496 1586 lavatur,

1898 1608 2098 1665 deinde
2128 1609 2403 1679 tunditur,
2441 1609 2640 1664 deinde
2670 1609 2927 1678 plectitur
2949 1651 2963 1676 ,
2992 1619 3046 1666 et
3075 1610 3246 1666 multa
3285 1627 3414 1666 cura
3442 1622 3499 1670 et

1898 1699 2083 1767 labore
2109 1701 2204 1756 vix
2235 1701 2384 1755 venit
2420 1699 2488 1754 ad
2530 1700 2844 1756 candorem.
2911 1701 3060 1772 Ergo
3110 1701 3213 1758 hoc
3259 1701 3494 1772 dicitur,

175 1826 295 1868 nec
329 1810 552 1866 domum
604 1807 971 1863 fundamentis
1017 1807 1280 1877 positam,
1309 1805 1406 1862 sed
1441 1806 1793 1861 tabernacula

1898 1793 2042 1862 quod
2071 1793 2169 1847 ista
2202 1791 2416 1862 quidem
2463 1793 2727 1848 meretrix
2753 1793 2998 1862 suscepit
3026 1793 3400 1862 exploratores
3434 1795 3491 1850 in

178 1920 316 1976 quae
349 1903 463 1959 cito
491 1909 899 1972 pertranseunt.

260 1995 514 2050 Gloriosa
537 1994 676 2048 dicta
697 2003 818 2049 sunt
839 1998 903 2046 de
934 2001 1001 2058 te,
1024 1992 1205 2046 civitas
1228 1990 1344 2046 Dei.
1373 1991 1514 2062 Ergo
1528 1990 1634 2047 hoc
1649 1991 1793 2062 quod

179 2087 404 2142 dictum
423 2095 537 2154 est,
564 2086 901 2157 fundamenta
926 2088 1037 2156 ejus
1066 2086 1118 2137 in
1146 2084 1401 2137 montibus
1422 2084 1641 2150 sanctis,
1668 2098 1796 2154 pos-

183 2195 388 2236 sumus
414 2189 468 2235 et
497 2180 564 2235 de
585 2179 698 2234 Deo
719 2179 920 2235 dicere.
973 2179 1269 2234 Possumus
1293 2187 1474 2233 autem
1499 2188 1551 2231 et
1579 2179 1681 2232 hoc
1714 2178 1795 2233 di-

183 2287 354 2329 cere:
381 2270 620 2327 Gloriosa
643 2271 781 2324 dicta
803 2271 996 2324 santde
1017 2278 1082 2338 te,
1100 2271 1278 2326 civitas
1293 2268 1412 2322 Dei.
1443 2269 1574 2335 Quae
1589 2277 1670 2324 est
1694 2271 1791 2324 ista

186 2365 390 2420 civitas
413 2363 506 2418 ubi
531 2361 671 2418 dicta
699 2371 824 2430 sunt
848 2362 1120 2432 gloriosa?
1145 2361 1199 2415 In
1223 2360 1479 2416 omnibus
1513 2359 1794 2430 prophetis

187 2456 402 2512 dictum
421 2464 504 2510 est
524 2454 593 2510 de
620 2453 720 2508 hac
741 2454 981 2509 civitate.
1009 2453 1177 2508 Isaias
1206 2451 1337 2507 dicit
1363 2471 1374 2506 :
1410 2453 1673 2520 Exsurge,
1696 2467 1794 2508 ex-

189 2561 385 2617 surge,
411 2545 736 2609 Ierusalem,
769 2544 994 2600 induere
1037 2544 1410 2598 fortitudinem
1459 2542 1666 2598 brachii
1714 2543 1791 2597 tui

191 2637 354 2711 (Isai.
381 2639 498 2706 ut).
529 2636 726 2691 ltertun
749 2636 864 2706 ipse
891 2633 1060 2690 Isaias
1089 2652 1102 2687 :
1132 2635 1245 2704 Ego
1263 2634 1458 2689 civitas
1485 2633 1637 2688 ﬁrma
1660 2676 1674 2699 ,
1716 2635 1792 2689 ci-

192 2731 336 2785 vitas
358 2745 475 2800 qua:
502 2743 608 2784 non
642 2737 1006 2799 oppugnatur.
1039 2727 1177 2781 Dicit
1205 2735 1260 2781 et
1281 2726 1446 2780 David
1479 2744 1492 2781 :
1526 2725 1792 2783 Fluminis

192 2823 435 2894 impetus
456 2823 693 2879 laetiﬁcat
718 2823 992 2878 civitatem
1020 2821 1111 2876 Dei
1137 2819 1306 2883 (Psal.
1330 2819 1476 2889 xxv).
1513 2819 1580 2874 Et
1605 2819 1658 2874 in
1683 2819 1792 2875 alio

194 2916 359 2972 loco:
394 2916 651 2982 Domine,
700 2916 752 2969 in
784 2916 1002 2970 civitate
1039 2922 1126 2969 tua
1177 2913 1440 2984 imagines
1468 2929 1654 2969 eorum
1684 2913 1791 2968 dis-

195 3008 403 3078 sipabis
431 3007 607 3072 (Psal.
629 3005 824 3079 Lxxn).
846 3008 908 3061 Et
932 3007 1182 3062 Salvator
1202 3005 1448 3077 gloriosa
1472 3005 1686 3059 locutus
1705 3015 1789 3060 est

1898 1887 2012 1940 lino
2041 1901 2160 1951 suo,
2194 1892 2253 1939 ut
2279 1885 2359 1939 illi
2387 1885 2772 1954 exploratores
2801 1883 2970 1940 linum
3004 1885 3176 1955 ipsius
3213 1895 3495 1943 verterent

1896 1977 1950 2032 in
1982 1976 2294 2032 candorem.
2337 1976 2476 2044 Quid
2519 1977 2726 2047 igitur?
2771 1977 2872 2031 Dat
2905 1977 3012 2032 illis
3058 1978 3352 2033 consilium
3379 2021 3393 2043 ,
3439 1987 3496 2037 et

1897 2070 1976 2126 sic
2019 2071 2153 2126 dicit
2185 2089 2199 2126 :
2235 2072 2561 2142 Exspectate
2605 2070 2689 2125 his
2735 2071 2906 2126 tribus
2951 2070 3167 2127 diebus.
3207 2071 3327 2126 Non
3377 2081 3495 2128 erat

1898 2178 2004 2218 una
2048 2163 2201 2230 dies,
2253 2180 2362 2218 non
2406 2166 2547 2230 duo,
2606 2163 2714 2219 nisi
2762 2174 2874 2221 tres
2920 2165 3060 2221 dies.
3119 2165 3307 2221 Videte
3360 2165 3492 2236 quid

1897 2255 2062 2311 dicat.
2092 2255 2422 2326 Exspectate
2472 2257 2646 2312 tribus
2679 2257 2893 2313 diebus.
2926 2257 3045 2312 Non
3088 2259 3334 2313 nominat
3374 2267 3491 2316 tres

1898 2365 2124 2416 noctes,
2175 2351 2272 2406 sed
2304 2360 2418 2406 tres
2447 2350 2567 2407 dies
2619 2369 2631 2406 :
2680 2353 2806 2422 quia
2858 2351 3218 2408 illuminatum
3261 2351 3495 2409 habebat

1896 2462 2009 2501 cor.
2045 2445 2114 2500 Et
2141 2445 2337 2501 deinde
2384 2446 2518 2502 dicit
2560 2454 2683 2516 post
2733 2455 2844 2501 tres
2881 2446 3019 2502 dies.
3065 2447 3132 2502 Et
3159 2445 3292 2516 quid
3319 2447 3489 2504 dicit:

1893 2540 2102 2604 Nolite,
2129 2541 2332 2611 inquit,
2359 2541 2440 2596 ire
2485 2556 2580 2612 per
2617 2542 2983 2609 campestria,
3018 2540 3114 2595 sed
3146 2539 3199 2595 in
3230 2551 3489 2599 montana

1894 2633 2262 2689 conscendite.
2295 2633 2550 2689 Ecclesia}
2572 2634 2719 2688 enim
2747 2633 2883 2688 fides
2911 2648 3016 2688 non
3040 2643 3128 2688 est
3151 2633 3204 2689 in
3229 2635 3486 2703 vallibus,

1894 2727 1990 2782 sed
2015 2728 2068 2782 in
2093 2729 2370 2783 montibus
2400 2728 2714 2783 constituta.
2742 2725 2962 2782 Iericho
2987 2741 3119 2797 ergo
3143 2736 3330 2796 postea
3359 2730 3491 2784 sub-

1895 2821 2125 2876 vertitur
2169 2821 2237 2876 ab
2266 2821 2431 2887 Iesu,
2477 2831 2533 2877 et
2577 2822 2678 2876 ista
2711 2822 2824 2876 sola
2866 2822 3136 2878 meretrix
3175 2833 3492 2880 reservatur

1893 2912 2206 2968 incolumis.
2233 2913 2376 2982 Ergo
2404 2913 2506 2968 hoc
2533 2912 2732 2967 dicitur
2765 2929 2778 2965 :
2813 2910 3017 2966 Memor
3057 2929 3145 2967 cro
3175 2912 3355 2979 Raab,
3385 2913 3491 2970 hoc

1893 3013 2007 3071 est,
2039 3021 2160 3076 quae
2198 3004 2438 3076 suscepit
2465 3005 2837 3074 exploratores
2870 3019 3053 3071 meos,
3089 3015 3142 3058 et
3167 3021 3271 3076 ego
3303 3007 3357 3060 in
3400 3005 3490 3063 die

197 3103 270 3160 de
300 3106 398 3159 hac
435 3104 675 3160 civitate.
739 3104 855 3159 Non
886 3111 1066 3174 potest
1093 3101 1354 3157 abscondi
1402 3100 1594 3157 civitas
1624 3116 1790 3172 super
1826 3169 1856 3174 _
1890 3098 2079 3166 judicii
2113 3113 2324 3154 memor
2345 3114 2440 3153 ero
2470 3098 2609 3168 ejus.
2636 3095 2839 3152 Memor
2869 3112 2955 3150 ero
2989 3096 3155 3152 Raab.
3183 3097 3334 3152 Raab
3359 3097 3488 3168 quid

197 3207 436 3255 montem
481 3199 655 3269 posita
687 3196 864 3270 (Matt.
899 3197 976 3270 v).

273 3289 473 3346 Mentor
501 3307 589 3345 ero
622 3291 790 3356 Raab,
816 3299 863 3344 et
891 3288 1193 3360 Babylonis,
1224 3289 1492 3342 scientiam
1521 3305 1618 3342 me.
1645 3287 1790 3355 Quo-

201 3385 344 3441 niam
395 3385 534 3439 dixit
584 3403 594 3438 :
645 3385 874 3455 gloriosa
910 3385 1049 3437 dicta
1094 3392 1212 3438 sunt
1243 3384 1305 3437 de
1337 3394 1417 3448 te,
1451 3384 1629 3437 civitas
1659 3383 1787 3450 Dei,

200 3485 257 3534 et
284 3487 461 3532 tamen
492 3480 667 3547 ipsam
699 3478 979 3532 civitatem
1009 3475 1316 3531 Ecclesiam
1346 3475 1701 3545 intelligimus
1722 3475 1790 3532 de

201 3570 446 3641 gentibus
469 3578 889 3640 congregatam,
917 3578 1208 3639 prepterea
1242 3583 1386 3625 nunc
1409 3568 1478 3624 de
1507 3570 1791 3624 vocatione

201 3662 436 3734 gentium
481 3661 677 3716 dicitur
737 3680 749 3712 :
805 3659 1006 3715 Memor
1041 3677 1129 3716 ero
1174 3659 1358 3728 Raab,
1410 3669 1455 3715 et
1504 3659 1788 3731 Babylonis

202 3756 464 3809 scientiam
490 3771 588 3808 me.
619 3755 962 3823 Quicumque
989 3766 1243 3823 peccator
1276 3763 1395 3821 est,
1426 3768 1658 3810 securus
1693 3755 1784 3810 sit.

205 3847 455 3903 Dominus
487 3861 697 3902 memor
718 3846 818 3901 fuit
843 3845 1017 3901 Raab.
1051 3846 1318 3902 Securum
1347 3846 1491 3912 dixi,
1525 3848 1570 3901 si
1603 3861 1790 3902 rever-

204 3947 342 3995 tatur
384 3939 448 3992 ad
483 3938 794 3992 Dominum.
835 3937 1105 3992 Caeterum
1152 3937 1422 3993 securitas
1462 3938 1580 3993 sine
1613 3937 1790 4007 lacry-

204 4033 303 4088 mis
323 4073 336 4096 ,
367 4047 475 4085 non
507 4030 670 4085 habet
702 4029 1022 4084 remedium.
1073 4028 1276 4084 Memor
1298 4045 1386 4084 era
1416 4030 1583 4084 Raab.
1634 4029 1788 4084 Raab

204 4121 347 4178 illius
397 4121 702 4176 meretricis
744 4137 869 4192 quae
897 4121 1134 4191 suscepit
1182 4121 1556 4191 exploratores
1599 4122 1727 4177 Iesu
1770 4138 1784 4176 :

205 4231 327 4289 qua:
367 4222 482 4269 erat
527 4215 578 4268 in
624 4213 840 4269 Iericho
864 4259 877 4280 ,
925 4231 1035 4285 quo
1065 4225 1288 4271 verterat
1327 4216 1482 4272 Iesus
1506 4257 1519 4282 ,
1555 4223 1611 4270 et
1641 4214 1788 4270 misit

207 4311 338 4366 duos
369 4306 740 4377 exploratores
781 4308 1000 4364 Iericho
1046 4308 1232 4380 (Iosue
1262 4313 1343 4380 ιι).
1377 4310 1606 4365 Mundus
1650 4309 1782 4377 iste,

208 4404 295 4474 qui
328 4402 376 4456 in
407 4407 614 4471 septem
663 4399 857 4455 diebus
901 4401 1270 4468 subvertitur,
1316 4402 1429 4456 vult
1475 4402 1787 4457 interﬁcere

211 4494 592 4564 exploratores.
626 4491 697 4548 Et
735 4507 857 4547 cum
891 4491 987 4548 ille
1015 4494 1202 4562 cupiat
1240 4493 1548 4548 interﬁcere
1589 4494 1787 4564 explo-

1813 3169 1860 3233 C
1893 3191 2338 3260 interpretatur?
2366 3190 2604 3245 diximus
2630 3188 2934 3244 secundum
2977 3188 3264 3242 historiam
3299 3206 3312 3242 :
3344 3189 3492 3243 dica-

1895 3299 2016 3338 mus
2045 3293 2102 3337 et
2130 3283 2431 3339 secundum
2474 3281 2713 3337 nominis
2760 3278 3487 3348 interpretationem._.luxta

1893 3393 2177 3448 anagogeu
2204 3377 2356 3431 Raab
2383 3375 2677 3445 dupliciter
2709 3374 3125 3442 interpretatur.
3162 3372 3269 3426 Aut
3308 3371 3484 3426 inter-

1894 3479 2137 3540 pretatur
2169 3468 2394 3524 latitudo
2423 3485 2441 3522 :
2469 3475 2562 3522 aut
2599 3473 2746 3522 certe
2787 3465 3183 3534 interpretatur
3218 3462 3486 3529 superbia.

1892 3561 2037 3632 Ergo
2064 3561 2243 3618 videte
2271 3560 2399 3632 quid
2429 3559 2600 3615 dicat.
2650 3558 2748 3613 Illa
2786 3573 2908 3628 quae
2938 3555 3210 3628 quondam
3242 3555 3488 3610 ambula-

1892 3655 1983 3709 bat
2023 3656 2075 3709 in
2120 3654 2230 3709 lata
2276 3663 2331 3709 et
2370 3653 2604 3724 spatiosa
2650 3652 2736 3706 via
2777 3665 2899 3721 quae
2947 3649 3096 3704 ducit
3137 3646 3204 3702 ad
3249 3654 3484 3702 mortem
3571 3727 3574 3730 ί

1891 3747 2094 3822 (Math.
2122 3747 2228 3819 vn)
2263 3765 2276 3801 ε
2310 3746 2400 3802 illa
2433 3761 2554 3817 quae
2591 3744 2831 3814 superba
2863 3752 2983 3798 erat.
3004 3782 3019 3808 ,
3050 3751 3103 3796 et
3129 3737 3361 3794 habebat
3383 3737 3486 3792 im-

1892 3849 2074 3911 petum
2115 3840 2180 3894 ad
2216 3840 2423 3894 ruinam
2446 3881 2460 3904 ,
2497 3847 2681 3908 postea
2716 3851 2979 3891 conversa
3010 3841 3094 3889 est
3124 3833 3177 3887 in
3205 3830 3485 3891 humilita-

1891 3940 2022 3986 tem.
2057 3929 2253 3985 Mentor
2280 3947 2370 3984 ero
2398 3929 2545 3984 Raab
2566 3971 2580 3993 ,
2611 3936 2657 3982 et
2703 3926 3003 3996 Babylonis.
3033 3923 3275 3994 Babylon
3315 3922 3487 3976 inter-

1891 4031 2139 4096 pretatur
2158 4020 2612 4093 confusio.Videte
2637 4019 2768 4089 quid
2789 4017 2930 4072 dicat
2959 4034 2973 4070 :
3000 4015 3114 4070 Non
3139 4014 3314 4070 solum
3342 4011 3489 4067 Raab

1891 4131 2104 4172 memor
2149 4130 2275 4183 ero,
2337 4113 2430 4168 sed
2481 4114 2643 4168 etiam
2695 4108 2992 4180 Babylonis
3047 4125 3058 4159 :
3134 4119 3489 4176 qutccumque

1889 4207 2069 4261 anima
2099 4221 2126 4260 a
2160 4205 2306 4260 vitiis
2337 4206 2684 4275 peccatisque
2715 4200 2938 4256 confusa
2977 4208 3078 4254 est.
3105 4196 3174 4251 Et
3204 4196 3487 4267 Babylonis

1889 4302 2164 4354 scientiam
2194 4315 2291 4352 me.
2323 4297 2515 4353 Videte
2544 4295 2672 4366 quid
2706 4294 2852 4348 dicat
2885 4311 2896 4345 :
2935 4291 3086 4346 Licet
3113 4288 3309 4358 aliquis
3339 4287 3489 4343 Raab

1891 4393 2091 4458 fuerit,
2126 4392 2248 4448 licet
2281 4390 2520 4463 Babylon
2551 4387 2714 4443 fuerit
2747 4405 2758 4439 :
2795 4396 2974 4441 tamen
3004 4396 3219 4438 memor
3245 4394 3342 4436 ero
3368 4379 3483 4449 quis

1890 4502 2121 4557 cumque
2169 4501 2255 4540 me
2307 4485 2510 4538 scierit.
2571 4481 2712 4549 Ergo
2767 4477 2815 4532 si
2871 4475 3138 4531 fuerimus
3187 4473 3376 4538 Raab,
3433 4480 3489 4525 et

212 4561 440 4650 ratores,
485 4585 602 4640 sola
632 4585 894 4641 meretrix
923 4561 1376 4654 Raabisuscepit.
1428 4585 1496 4640 Et
1542 4561 2164 4655 suscepitDBabylon,
2215 4577 2376 4633 etiam
2421 4573 2685 4628 debemus
2725 4582 2848 4623 esse
2895 4567 3108 4633 securi,
3154 4573 3209 4619 et
3253 4564 3438 4655 dicere

213 4694 300 4738 eos
321 4695 423 4736 non
451 4679 504 4734 in
530 4678 774 4734 inferiori
804 4678 944 4744 loco,
974 4677 1070 4734 sed
1108 4678 1160 4732 in
1190 4677 1495 4734 caenaculo.
1529 4678 1784 4735 Dicamus

214 4786 331 4842 ergo
359 4773 589 4841 primum
626 4769 932 4826 secundum
964 4769 1110 4840 quod
1139 4770 1298 4840 vulgo
1329 4768 1529 4826 dicitur
1562 4772 1582 4825 ί
1612 4785 1786 4836 neque

214 4863 345 4918 enim
371 4861 632 4918 debemus
669 4868 725 4917 et
751 4860 898 4916 illam
932 4861 1434 4931 interpretationem
1479 4861 1782 4918 dimittere.

216 4954 277 5008 Et
304 4953 533 5022 suscepit
562 4968 656 5009 eos
689 4969 796 5008 non
828 4953 882 5007 in
915 4951 1158 5009 inferiori
1186 4953 1336 5021 loco,
1376 4954 1473 5010 sed
1505 4954 1558 5008 in
1602 4969 1784 5011 coena-

217 5047 346 5104 culo.
377 5045 430 5100 ln
461 5045 699 5114 domate,
735 5045 838 5100 hoc
868 5055 991 5113 est,
1027 5047 1081 5100 in
1113 5045 1446 5100 sublimitate
1488 5045 1608 5099 ﬁdei
1639 5061 1781 5111 sua»,

221 5146 271 5194 et
292 5137 569 5193 abscondit
596 5152 692 5192 eos
723 5137 778 5192 in
811 5137 956 5203 lino,
990 5136 1090 5192 hoc
1123 5146 1234 5199 est,
1264 5138 1317 5190 in
1341 5144 1501 5206 stupa
1523 5135 1638 5191 lini.
1673 5137 1786 5191 Hoc

221 5227 428 5288 interiit?
473 5230 711 5286 diximus
764 5231 1064 5286 secundum
1123 5230 1440 5298 historiam,
1490 5236 1547 5285 et
1592 5231 1786 5286 videtis

221 5321 473 5394 quomodo
494 5322 561 5378 de
580 5324 693 5394 ipsa
720 5322 948 5378 historia
970 5323 1226 5392 paulatim
1251 5322 1318 5378 ad
1345 5322 1574 5392 mystica
1601 5335 1786 5377 ascen-

222 5416 375 5471 dimus
403 5423 762 5470 sacramenta.
798 5413 958 5470 Iesus
985 5413 1126 5483 dux,
1159 5417 1248 5485 qui
1279 5416 1537 5486 populum
1581 5414 1785 5470 eduxe-

224 5516 297 5564 rat
333 5508 393 5563 de
432 5507 670 5579 Egypto
701 5525 715 5562 τ
749 5506 902 5562 Iesus
930 5507 1076 5574 dux,
1120 5509 1210 5578 qui
1238 5507 1636 5578 interpretatur
1665 5505 1784 5561 Sal-

227 5609 373 5663 vator,
406 5593 555 5656 Mose
591 5608 830 5667 mortuo,
872 5610 926 5655 ct
964 5600 1176 5670 sepulto
1216 5601 1270 5654 in
1315 5611 1458 5656 terra
1495 5599 1680 5664 Moab,
1730 5598 1784 5654 in

225 5701 351 5747 terra
377 5690 619 5758 Arabiae,
654 5691 760 5748 hoc
787 5703 906 5762 est,
947 5692 1090 5762 Lege
1135 5701 1375 5759 mortua,
1430 5693 1482 5746 in
1535 5692 1783 5759 Evange-

224 5783 336 5842 lium
370 5772 516 5854 cupit
562 5784 823 5843 inducere
863 5784 1121 5857 populum
1174 5797 1356 5840 suum.
1388 5783 1600 5840 Emittit
1641 5781 1782 5839 duos

1884 4671 2025 4727 Deus
2055 4669 2196 4724 dixit
2245 4686 2256 4720 ε
2307 4681 2500 4720 memor
2543 4677 2628 4716 cro
2677 4657 2860 4721 Raab,
2915 4666 2961 4710 et
3009 4654 3314 4724 Babylonis.
3371 4651 3480 4706 Sed

1883 4767 2065 4821 videte
2105 4762 2234 4834 quid
2274 4759 2517 4830 sequitur
2549 4774 2561 4809 ε
2596 4754 2884 4810 Scientium
2914 4765 3010 4803 me.
3062 4743 3478 4834 FueruntRaab

1886 4867 1939 4913 et
1967 4833 2208 4926 Babylon
2228 4895 2240 4916 ,
2273 4851 2370 4906 sed
2403 4857 2595 4920 postea
2621 4842 2871 4901 conversi
2896 4847 3020 4894 sunt
3046 4837 3112 4891 ad
3140 4850 3248 4890 me.
3278 4833 3478 4887 Memor

1887 4965 1975 5003 ero
2004 4946 2149 5003 Raab
2191 4953 2239 4999 et
2282 4940 2568 5013 Babylonis
2605 4935 2880 4992 scientiam
2906 4946 3004 4984 me.
3037 4927 3130 4981 Illa
3159 4938 3283 4995 qua:
3309 4938 3486 4995 quon-

1889 5043 2010 5096 dam
2044 5049 2167 5096 erat
2198 5039 2252 5092 in
2283 5034 2565 5090 latitudine
2591 5033 2942 5100 peccatorum
2965 5061 2982 5082 .
3015 5018 3261 5074 ascendit
3292 5024 3482 5085 postea

1889 5132 1954 5186 ad
1985 5129 2302 5186 memoriam
2349 5125 2467 5180 Dei.
2502 5124 2793 5189 llucusque
2822 5113 2980 5185 quasi
3018 5125 3117 5181 per
3147 5108 3374 5177 tenigma
3405 5106 3487 5159 lo-

1888 5236 2044 5280 eutus
2085 5228 2171 5278 est
2204 5237 2216 5272 :
2252 5232 2396 5273 nunc
2431 5229 2565 5270 vero
2595 5210 2838 5282 apertius
2865 5205 3112 5274 loquitur
3141 5201 3210 5255 ad
3242 5198 3486 5254 vocatio-

1889 5332 2012 5373 nem
2042 5314 2312 5385 gentium.
2355 5308 2549 5363 Videte
2579 5304 2723 5359 enim
2755 5299 2885 5371 quid
2919 5297 3067 5352 dicat
3109 5311 3125 5350 :

1968 5382 2098 5460 Ecce
2127 5403 2430 5472 alienigena:
2456 5406 2506 5452 et
2535 5397 2723 5466 Tyrus,
2750 5401 2797 5446 et
2817 5391 3039 5464 papulas
3072 5385 3408 5454 .EthiOpum,
3434 5382 3490 5437 Ιιί

1889 5507 2104 5575 fuerant
2149 5497 2281 5551 illic.
2329 5492 2683 5560 Alienigenas
2743 5493 2901 5540 vocat
2954 5481 3022 5537 ad
3071 5478 3483 5575 distinctionem

1891 5571 2078 5652 lsracl.
2111 5591 2218 5646 Nos
2244 5590 2386 5644 enim
2411 5597 2602 5640 sumus
2629 5580 2971 5650 alienigenae,
3005 5585 3059 5633 at
3079 5577 3278 5646 Tyrus.
3308 5571 3486 5643 Tyrus

1888 5691 2280 5760 interpretatur
2301 5677 2590 5743 tribulatio,
2618 5674 2723 5730 hoc
2745 5681 2850 5740 est,
2880 5687 2968 5726 sor
2993 5688 3012 5725 :
3041 5678 3097 5725 et
3121 5665 3359 5760 populus
3381 5663 3483 5719 IE-

1883 5757 2130 5853 thiopum
2159 5777 2332 5848 niger,
2356 5782 2410 5829 et
2440 5773 2494 5829 in
2521 5777 2870 5842 peccatorum
2893 5761 3152 5820 sordibus
3180 5757 3480 5816 involutus.
