4016 6260
607 272 744 332 I087

1399 270 1740 329 APPENDIX
1781 269 1874 328 AD
1913 269 2160 329 TOMUM
2199 268 2558 329 SEPTIMUM
2596 269 2655 328 S.
2699 271 3101 329 IIIERONYMI.

3778 271 3907 330 1083

677 387 953 460 Elongasti
977 405 1009 442 a
1036 404 1115 442 me
1141 386 1362 441 amicum
1385 395 1429 440 el
1450 387 1763 458 proximum.
1785 385 2070 442 Proximus
2091 393 2195 452 est,
2224 388 2280 448 Α
2304 386 2612 441 testatibus.
2643 387 2843 442 Motum
2870 397 3041 442 autem
3096 390 3351 455 ﬂuctuum
3394 389 3506 460 ejus
3557 397 3617 443 tu
3679 389 3908 461 mitigas.

603 482 694 552 qui
722 482 847 537 facit
863 479 1290 537 misericordiam
1316 498 1327 534 :
1352 481 1442 548 qui
1461 495 1671 535 mecum
1686 495 1792 534 non
1815 488 1898 534 est
1920 480 2194 535 inventus:

605 571 675 627 Et
700 581 848 627 notos
877 587 1014 626 meos
1043 587 1077 623 a
1115 571 1342 625 miseria.
1374 570 1494 626 Prze
1542 571 1859 628 confusione
1908 573 2197 642 passionis,

606 666 770 720 etiam
814 664 914 733 ipsi
964 664 1196 733 apostoli
1245 664 1480 735 elongati
1525 674 1652 720 sunt
1700 681 1730 720 a
1777 681 1884 721 me.
1916 665 2052 720 Ilinc
2085 665 2196 736 jam

604 753 937 809 descendens
957 753 1023 808 ad
1047 753 1341 822 infernum,
1365 756 1432 810 de
1453 771 1612 811 manu
1631 755 1834 826 alligati
1859 755 2038 820 tortis,
2069 771 2197 826 spo-

603 844 672 901 lia
700 855 1002 916 reportans,
1051 847 1313 916 prmveuit
1357 849 1616 902 matutina
1643 847 1762 918 ejus
1809 849 2054 917 operatio
2097 847 2200 902 Pa-

603 942 740 992 trem
772 954 786 990 :
815 952 937 993 cum
965 953 1123 992 mane
1147 952 1435 1009 resurgens
1478 939 1728 1010 apparuit
1775 937 1976 992 multis.
2025 938 2195 1006 Quem

602 1045 701 1087 nos
729 1030 998 1100 supplices
1025 1031 1401 1099 deprecamur,
1447 1041 1506 1086 ut
1534 1032 1750 1102 plebem
1799 1046 1894 1086 sua
1947 1032 2199 1100 passione

601 1122 852 1194 alaquco
878 1123 1077 1178 inferni
1105 1123 1351 1189 liberam,
1398 1139 1493 1178 sua
1546 1123 1860 1178 fortitudine
1913 1123 2194 1190 roborarc,

605 1229 670 1270 ac
696 1213 765 1270 de
785 1215 1037 1270 secundae
1065 1216 1259 1270 mortis
1307 1215 1539 1271 nexibus
1568 1215 1819 1285 dignetur
1862 1215 2148 1270 absolvere
2179 1233 2193 1268 :

603 1315 662 1361 ut
683 1305 924 1375 expediti
954 1321 1018 1362 ac
1043 1307 1220 1375 liberi,
1251 1322 1419 1379 regno
1458 1308 1575 1378 ejus
1601 1323 1908 1363 mereamur
1952 1308 2194 1378 adjungi.

599 1396 706 1468 Ipsi
735 1398 906 1467 gloria
949 1407 1004 1453 et
1050 1397 1339 1467 imperium
1369 1415 1495 1455 cum
1549 1411 1758 1455 aeterno
1789 1400 1950 1455 Patre
1978 1408 2033 1454 et
2073 1398 2198 1469 Spi-

599 1487 710 1543 ritu
735 1495 927 1543 sancto
957 1488 1012 1543 in
1041 1497 1230 1544 cuncta
1253 1490 1455 1546 saecula
1484 1492 1834 1546 steculorum.
1865 1490 2062 1546 Amen.

1033 1623 1349 1680 PSALMUS
1428 1623 1764 1682 LXXXVIII.

601 1712 901 1771 Intellectus
939 1715 1142 1772 zEthan
1171 1716 1582 1775 Israelittc.18le
1623 1719 1865 1788 psalmus
1909 1720 1962 1774 in
2006 1719 2186 1774 multis

2300 479 2653 535 Tentationes
2682 495 2816 550 quas
2847 489 3188 536 commovent
3211 481 3382 536 servis
3405 481 3536 536 tuis.

2374 571 2416 625 T
2419 590 2452 626 u
2478 573 2763 627 humiliasti
2788 574 2920 627 sicut
2953 573 3280 629 uulneratum
3328 575 3630 644 superbum.
3696 575 3908 629 Diabo-

2299 664 2432 732 lum,
2465 666 2554 735 qui
2583 665 2754 721 clavis
2781 667 2958 722 crucis
2982 675 3090 722 tuae
3116 668 3408 736 sauciatus,
3454 668 3792 723 humiliatus
3834 683 3907 724 est

2300 757 2354 812 in
2387 760 2595 827 spoliis.
2629 759 2704 814 Tu
2734 762 2785 814 in
2818 762 3000 815 virtute
3030 762 3226 815 brachii
3268 762 3343 815 tui
3395 761 3697 833 dispersisti
3738 762 3906 816 inimi-

2299 866 2382 904 cos
2405 860 2538 906 tuos.
2570 851 2846 907 Satellites
2875 853 3016 922 ejus.

2374 942 2472 996 Tui
2493 952 2609 998 sunt
2631 944 2766 1012 caeli,
2798 954 2846 999 et
2875 952 2964 999 tua
2988 954 3061 999 est
3093 954 3254 1000 terra.
3304 946 3549 1016 Apostoli
3582 946 3672 1002 vel
3711 947 3906 1019 reliqui

2298 1036 2510 1091 sancti:
2544 1037 2712 1106 quiin
2743 1036 2904 1093 terris
2946 1037 3125 1106 positi,
3173 1039 3453 1094 caelestem
3495 1037 3667 1092 vitam
3715 1051 3903 1109 agunt.

2303 1127 2488 1182 Orbem
2510 1139 2763 1183 terrarum
2789 1140 2834 1184 et
2864 1130 3234 1200 plenitudinem
3250 1136 3366 1204 ejus
3389 1142 3440 1185 tn
3462 1132 3732 1203 fundasti.
3753 1134 3903 1190 I-Iaud

2299 1223 2520 1277 dubium
2552 1231 2635 1278 est
2668 1223 2824 1293 hujus
2853 1225 3040 1278 mundi
3079 1225 3466 1293 plenitudinem
3495 1241 3526 1280 a
3558 1237 3611 1280 te
3638 1241 3902 1295 procrea-

2300 1328 2431 1372 tam.
2462 1317 2566 1374 Sed
2597 1329 2648 1373 ct
2677 1319 2824 1373 illam
2857 1318 3102 1373 vivorum
3130 1327 3352 1386 terram,
3387 1320 3440 1374 in
3471 1334 3576 1391 qua
3612 1321 3903 1391 plenitudo

2295 1410 2618 1479 sanctitatis,
2648 1420 2700 1466 te
2723 1410 3118 1476 introducente,
3145 1411 3484 1481 inhabitabit,
3509 1423 3560 1466 tu
3576 1415 3903 1482 praeparasti

2297 1502 2486 1557 electis
2509 1503 2635 1556 tuis.
2663 1503 2963 1572 Aquilonem
2987 1511 3034 1556 et
3064 1519 3204 1556 mare
3229 1513 3283 1556 tu
3310 1504 3514 1556 creasti.
3549 1505 3759 1573 Aquilo
3788 1506 3900 1560 An-

2298 1593 2572 1649 tichristus
2604 1593 2939 1664 intelligitur.
2977 1594 3050 1648 De
3077 1608 3183 1664 quo
3209 1595 3284 1647 ait
3307 1593 3449 1648 Deus
3470 1594 3538 1648 ad
3565 1594 3898 1651 Jeremiam:

2297 1684 2381 1739 Ab
2402 1686 2655 1756 aquilone
2678 1685 2943 1754 pandetur
2971 1686 3170 1740 malum
3200 1700 3364 1756 super
3401 1695 3631 1742 cunctos
3683 1688 3902 1744 habita-

675 1768 903 1842 «satis
937 1768 1876 1845 initiatis:iuiusianvaaéa
1905 1768 2185 1845 Patris—ad
2217 1768 2264 1827 Β
2293 1786 2436 1832 tores
2467 1785 2623 1833 terra?
2652 1776 2862 1850 (Ιθνεηιο
2897 1777 2958 1849 ι)-

672 1859 893 1932 Filium,
917 1859 1040 1932 Filii
1069 1859 1136 1914 ad
1152 1860 1364 1932 Patrem
1397 1879 1408 1913 :
1435 1861 1724 1925 Ecclesiae,
1754 1863 2029 1932 ipsiusque
2058 1877 2185 1931 pro-~

679 1930 881 2004 phetae,
906 1930 988 1984 vel
1023 1931 1423 2004 apostolorum.
1447 1933 1528 1987 Ex
1560 1932 1881 2003 prophetica
1903 1930 2032 2004 ergo
2059 1930 2192 1989 voce

673 2001 751 2056 sic
778 2002 998 2056 inchoat
1027 2001 1094 2056 ad
1124 2001 1342 2060 Patrem
1379 2020 1392 2057 :

670 2134 1057 2192 Misericordias
1099 2137 1311 2193 Domini
1379 2140 1431 2192 in
1489 2148 1738 2194 teternum
1783 2140 2022 2194 cantabo.
2064 2140 2188 2196 Illas

595 2227 1017 2295 misericordias,
1075 2229 1271 2298 quibus
1326 2229 1605 2286 hominem
1643 2242 1868 2301 peccato
1912 2241 2187 2288 mortuum

597 2316 846 2390 dignatus
874 2334 935 2375 cs
965 2320 1187 2376 visitare
1219 2336 1315 2392 per
1341 2321 1564 2377 Filium.

667 2414 712 2465 A
759 2415 1090 2484 generatione
1147 2423 1195 2468 et
1244 2417 1590 2486 generatione.
1646 2415 1693 2472 A
1745 2418 1914 2474 veteri
1947 2418 2000 2473 in
2047 2433 2189 2474 novo

595 2502 965 2561 Testamento.
1016 2506 1343 2560 Annuntiabo
1393 2510 1657 2563 veritatem
1707 2519 1869 2564 tuam.
1914 2509 2186 2567 Christum

596 2605 769 2650 tuum.
799 2594 863 2649 In
889 2612 977 2650 ore
1004 2613 1136 2652 meo.
1169 2595 1224 2652 In
1251 2615 1358 2669 quo
1381 2599 1652 2655 confessio
1687 2601 1746 2655 tit
1770 2602 1837 2657 ad
1860 2603 2112 2658 salutem.

672 2689 931 2754 Quoniam
963 2691 1139 2745 dixisti
1168 2707 1186 2744 :
1209 2693 1262 2746 in
1287 2702 1534 2748 teternum
1557 2696 1914 2751 misericordia
1956 2698 2188 2766 aediﬁca-

595 2780 753 2839 bitnr.
792 2782 1021 2853 Semper
1069 2785 1216 2840 enim
1275 2786 1552 2841 miseratio
1602 2798 1686 2842 tua
1743 2790 2088 2858 sublimalur,
2131 2803 2188 2848 et

595 2889 887 2946 numquam
917 2876 1235 2933 destruitur.
1294 2877 1362 2932 In
1405 2880 1546 2935 cmlis
1587 2884 1964 2954 prtrparabitur
2001 2887 2187 2941 veritas

597 2976 709 3022 tua.
735 2969 793 3023 In
818 2971 1081 3039 apostolis
1107 2970 1548 3040 praedestinatum
1582 2973 1720 3028 Hinc
1747 2990 1846 3030 vox
1875 2977 2054 3031 Patris
2087 2997 2099 3032 :

662 3056 912 3128 Disposui
939 3068 1300 3115 testamentum
1316 3079 1485 3117 ntemn
1505 3064 1676 3118 electis
1703 3068 1846 3120 meis.
1865 3067 2185 3124 Doctoribus

2363 1869 2591 1937 Thabor,
2623 1882 2671 1926 et
2700 1871 2933 1926 Hermon
2951 1872 3004 1926 in
3026 1872 3231 1926 nomine
3258 1880 3345 1928 tuo
3376 1872 3734 1929 exsultabant.
3760 1875 3902 1930 Her-

2293 1977 2436 2029 nton,
2469 1961 2707 2032 inquam,
2733 1964 3004 2017 anathema
3035 1965 3458 2035 interpretatur:
3499 1968 3643 2022 sicut
3675 1970 3730 2022 in
3762 1984 3895 2039 qua-

2293 2053 2596 2124 dragesimo
2645 2055 2820 2125 primo
2868 2058 3221 2125 exposuimus
3252 2059 3481 2127 psalmo.
3521 2057 3738 2115 Tlrabor
3767 2077 3893 2117 vero

2293 2148 2496 2201 veniens
2527 2148 2718 2214 tamen,
2749 2148 2836 2204 vel
2859 2152 3038 2204 veniat
3059 2151 3170 2205 lux.
3197 2151 3364 2222 Igitur
3393 2153 3496 2208 iste
3513 2155 3604 2223 qui
3632 2154 3714 2208 vel
3739 2166 3893 2224 opta-

2293 2238 2422 2304 tive,
2453 2240 2534 2296 vel
2566 2242 2881 2311 prophetice
2935 2243 3192 2300 advenire
3239 2247 3628 2316 pronuntiatur
3678 2247 3886 2313 Iumen,

2292 2343 2447 2389 vetus
2478 2333 2794 2406 intelligitur
2819 2337 3250 2393 Testamentum.
3304 2338 3403 2395 Ille
3431 2355 3563 2395 vero
3614 2341 3712 2412 qui
3756 2356 3888 2396 ana-

2293 2427 2497 2494 thema,
2528 2428 2580 2483 id
2611 2439 2714 2497 est,
2744 2431 3100 2499 perditionem
3159 2433 3390 2503 profert,
3435 2450 3633 2489 novum
3696 2435 3892 2492 Testa-

2291 2531 2529 2578 mentum
2561 2524 2818 2591 ostendit,
2849 2525 2901 2580 in
2933 2541 3042 2596 quo
3071 2536 3286 2596 peccata
3327 2529 3892 2599 anathematizariju-

2288 2616 2505 2684 bentur,
2534 2615 2749 2674 dicente
2779 2617 3008 2673 Domino
3037 2637 3050 2673 :
3081 2618 3192 2674 Nisi
3220 2619 3593 2689 pcenitentiam
3640 2624 3883 2692 egeritis,

2289 2725 2480 2767 omnes
2513 2710 2766 2767 similiter
2809 2712 3072 2781 peribitis.
3120 2712 3409 2768 Exsulteut
3452 2729 3582 2785 ergo
3625 2716 3790 2770 ambo
3832 2717 3884 2771 in

2291 2803 2506 2858 nomine
2534 2803 2750 2857 Domini
2783 2821 2796 2858 :
2829 2819 2948 2858 cum
2983 2803 3066 2858 vel
3107 2803 3198 2858 ille
3243 2803 3425 2859 lumen
3459 2806 3645 2861 mundi
3693 2809 3885 2863 venire

2289 2895 2612 2950 vaticinatur
2637 2913 2651 2951 :
2679 2897 2762 2950 vel
2794 2895 2896 2950 iste
2921 2911 3044 2951 eum
3077 2895 3128 2950 in
3157 2896 3275 2967 ipso
3301 2897 3503 2952 mundo
3523 2898 3636 2968 jam
3677 2899 3881 2966 lucere,

2289 2986 2455 3054 signis
2483 2985 2881 3055 virtutibusque
2907 2986 3449 3042 demonstrat.Tuum
3474 2990 3745 3044 brachium
3767 3008 3884 3046 cum

2290 3079 2541 3148 potentia.
2572 3078 2858 3135 Fortitudo
2881 3088 2971 3135 tua
2994 3093 3117 3134 cum
3140 3094 3202 3136 ea
3231 3095 3334 3152 qua
3355 3081 3616 3150 volueris,
3639 3083 3884 3140 efﬁcacia

593 3147 987 3219 Ecclesiarum,
1004 3154 1366 3224 utacquisitos
1382 3171 1477 3225 per
1489 3158 1715 3226 gratiam
1732 3160 2182 3230 populos,veldo-
2211 3158 2256 3222 C
2289 3147 2621 3241 praevalebit.

587 3243 861 3311 ceant,vel
877 3244 1186 3300 informem:
1201 3243 1383 3300 Juravi
1395 3247 1566 3302 David
1575 3265 1720 3305 servo
1733 3269 1861 3306 meo.
1879 3253 1971 3309 Dei
1985 3255 2184 3325 quippe

587 3336 808 3406 juratio,
830 3340 1206 3408 promissionis
1229 3351 1310 3395 est
1329 3343 1691 3398 confirmatio.
1709 3343 1878 3399 David
1891 3363 2181 3417 servomeo,

590 3428 644 3485 id
672 3441 775 3497 est,
794 3430 1013 3487 Christo
1031 3433 1294 3489 Domino:
1325 3436 1418 3505 qui
1445 3451 1511 3491 ex
1535 3453 1736 3507 genere
1759 3440 1929 3495 David
1961 3457 2182 3498 carnem

588 3522 902 3592 assumpsit.
923 3522 1095 3593 Usque
1122 3525 1175 3577 in
1201 3536 1452 3580 teter-num
1477 3528 1784 3599 prteparabo
1809 3547 1983 3586 semen
2013 3543 2182 3590 tuum.

590 3611 650 3668 In
674 3612 1021 3669 credentibus
1051 3613 1337 3672 Ecclesiae.

662 3704 726 3759 Et
766 3706 1032 3776 tediﬁcabo
1054 3709 1106 3761 in
1126 3710 1475 3778 generatione,
1503 3720 1549 3765 et
1579 3713 1962 3784 generationem
2010 3716 2184 3772 sedem

587 3808 751 3855 tuam.
796 3800 972 3871 Ipsam
1014 3801 1315 3858 Ecciesiam
1350 3804 1402 3858 in
1441 3819 1543 3875 qua
1585 3819 1689 3862 ceu
1732 3822 1831 3863 rex
1874 3809 2090 3866 sedebis
2128 3813 2183 3867 in

590 3899 877 3946 aeternum.
907 3892 1109 3948 Iterum
1133 3896 1399 3965 propheta
1431 3898 1507 3952 ait
1537 3917 1551 3953 :

660 3981 1051 4052 Conﬁtebuntur
1095 3988 1206 4041 caeli
1235 3988 1492 4045 mirabilia
1529 3999 1641 4059 tua,
1691 3991 1913 4047 Domine
1950 4010 1970 4049 :
1998 3997 2183 4052 etenim

587 4067 849 4128 ueritatem
878 4085 1020 4127 tuam
1046 4077 1101 4129 in
1124 4076 1355 4133 Ecclesia
1377 4089 1700 4136 sanctorum.
1753 4085 1998 4152 Apostoli
2034 4089 2182 4144 enim

588 4164 962 4237 praedicabunt
981 4165 1165 4223 Jesum
1189 4166 1488 4238 Christum,
1538 4183 1594 4228 et
1631 4189 1753 4244 quae
1781 4189 1877 4245 per
1905 4191 2029 4231 eum
2053 4193 2179 4250 0pc-

587 4258 730 4313 raris
757 4257 810 4312 in
832 4261 1256 4333 congregatione
1283 4272 1624 4320 sanctorum.

662 4349 923 4414 Quoniam
965 4352 1080 4421 quis
1120 4353 1174 4406 in
1227 4353 1448 4408 nubibus
1495 4357 1780 4425 a'quabitur
1825 4359 2094 4416 Domino?
2122 4364 2182 4420 In

587 4440 870 4512 prephetis
893 4443 1098 4514 utique.
1127 4445 1230 4499 Aut
1259 4447 1374 4516 quis
1399 4447 1583 4502 similis
1603 4450 1698 4504 erit
1719 4448 1945 4507 Domino
1968 4431 2021 4508 in
2051 4454 2178 4524 ﬁliis

2359 3261 2626 3317 Firmetur
2647 3281 2830 3320 manus
2858 3274 2966 3319 tua.
3008 3265 3182 3334 Opera
3220 3281 3340 3337 qua:
3373 3266 3504 3321 iacis
3552 3267 3603 3320 in
3650 3268 3883 3324 mundo.

2289 3355 2356 3411 Et
2379 3359 2631 3428 exaltetur
2661 3359 2872 3413 dextera
2919 3370 3027 3415 tua.
3069 3359 3327 3426 Maiestas
3359 3370 3465 3423 tua,
3499 3359 3580 3414 vel
3628 3360 3885 3416 Ecclesia

2287 3451 2340 3507 in
2371 3453 2620 3523 gentibus
2646 3454 2928 3523 aequisita.
2962 3451 3179 3508 Iustitia
3212 3463 3261 3507 et
3275 3455 3534 3526 judicium
3554 3456 3884 3525 prtrparatio

2285 3547 2424 3600 sedis
2452 3557 2575 3601 tute.
2603 3546 2714 3601 Nisi
2744 3546 2865 3618 quis
2886 3547 3034 3616 prius
3056 3547 3327 3618 justitiam
3376 3546 3758 3619 judiciumque
3805 3549 3884 3605 fe-

2286 3640 2442 3706 cerit,
2472 3654 2578 3696 non
2611 3649 2787 3708 potest
2807 3640 2949 3696 efﬁci
2977 3641 3135 3697 sedes
3167 3650 3280 3696 tua.

2358 3731 2725 3786 Misericordia
2775 3742 2822 3786 ct
2874 3733 3063 3786 veritas
3125 3733 3424 3802 prtecedunt
3470 3733 3656 3804 faciem
3716 3743 3878 3787 tuam.

2287 3823 2386 3880 Ubi
2415 3825 2562 3878 enim
2594 3823 2965 3879 misericordia
2995 3838 3056 3879 ac
3109 3826 3311 3879 veritas
3359 3824 3712 3889 comitantur,
3773 3824 3881 3878 illic

2283 3923 2340 3970 et.
2369 3915 2632 3983 inspectio
2660 3915 2811 3969 faciei
2854 3924 2958 3969 tute
3005 3916 3362 3970 convertitur.
3413 3913 3609 3971 Beatus
3655 3919 3879 3987 papulas

2285 4008 2374 4077 qui
2423 4007 2516 4060 scit
2535 4005 2924 4077 jttbilationem.
2968 4007 3319 4077 Spiritualem
3371 4008 3554 4078 utique
3596 4008 3881 4077 jubilatio—

2285 4114 2435 4162 nem,
2466 4114 2562 4168 per
2591 4114 2746 4168 quam
2784 4100 2967 4154 mundi
3021 4100 3272 4171 nequitiae
3319 4099 3689 4155 collidentur:
3741 4102 3879 4155 sicut

2284 4190 2554 4260 quondam
2576 4190 3037 4260 adjubilationetu
3069 4191 3217 4260 Jesu,
3252 4201 3305 4248 et
3335 4191 3704 4260 sacerdotum,
3737 4193 3876 4249 Jeri-

2283 4283 2388 4338 cho
2417 4285 2643 4351 corruit,
2675 4285 3098 4356 munditiguram
3130 4295 3320 4341 tenens
3345 4284 3569 4359 (Iosue).

2356 4373 2602 4448 Domine,
2634 4379 2686 4431 in
2715 4379 2909 4434 lumine
2930 4379 3100 4432 uultus
3139 4380 3216 4433 tui
3243 4379 3610 4434 ambulabunt.
3659 4379 3718 4434 In
3752 4381 3878 4435 illu-

2286 4470 2578 4526 minutione
2605 4471 2788 4541 utique
2827 4470 3062 4540 Spirittts
3105 4472 3299 4526 sancti.
3337 4471 3401 4526 Et
3443 4473 3498 4526 in
3530 4473 3740 4526 nomine
3790 4482 3878 4527 tuo

587 4533 721 4633 Dei?
748 4533 1056 4633 Milmj'im
1086 4537 1176 4592 mli
1210 4539 1303 4633 [ξεί
1329 4555 1426 4610 Per
1455 4540 1799 4612 adoptionem
1832 4562 1844 4597 τ
1875 4544 1970 4600 8θά
1998 4549 2178 4604 "Ullus
2207 4536 2261 4597 Β
2286 4561 2614 4616 exsultabant
2639 4533 2745 4616 tola
2773 4533 2881 4615 die:
2905 4560 2963 4615 In
2994 4563 3213 4617 nomine
3239 4562 3331 4617 illo
3360 4578 3501 4618 novo
3532 4563 3677 4633 quod
3707 4563 3876 4619 bette-

591 4625 872 4696 unigenito
900 4627 1039 4684 Filio
1067 4644 1198 4684 vero
1220 4630 1333 4686 Deo
1366 4641 1541 4700 potest
1567 4634 1881 4690 assimilari.

657 4717 821 4787 Deus,
844 4721 932 4791 qui
962 4721 1290 4795 gloriﬁcatur
1339 4725 1391 4778 in
1442 4725 1658 4782 consilio
1703 4739 2023 4784 sanctorum.
2075 4730 2178 4785 Pa-

584 4812 826 4866 racletus
846 4812 1078 4880 scilicet,
1093 4815 1182 4883 qui
1207 4816 1258 4870 in
1283 4820 1706 4886 congregatione
1725 4823 2021 4890 apostolica
2041 4823 2175 4877 ado-

584 4904 788 4959 randus
811 4915 948 4971 erat,
978 4908 1202 4976 aequalis
1232 4922 1354 4965 esse
1381 4909 1525 4964 Patri
1551 4927 1615 4966 ac
1647 4912 1782 4968 Filio
1828 4916 2171 4984 prtedicatur.

585 4997 718 5053 Nam
750 5007 804 5054 et
837 4999 1096 5053 Dominus
1125 5001 1286 5056 Jesus
1315 5001 1562 5059 Christus
1591 5021 1711 5060 cum
1741 5007 1899 5063 Patre
1943 5019 1998 5063 et
2048 5009 2176 5078 Spi-

581 5091 688 5148 ritu
719 5101 934 5157 sancto,
960 5107 1066 5146 una
1098 5094 1345 5152 subsistit
1375 5099 1793 5167 omnipotentia.
1853 5101 2078 5173 Magnus
2134 5115 2181 5159 et

587 5181 874 5237 horrendus
895 5200 1053 5251 super
1077 5201 1253 5240 omnes
1278 5188 1365 5256 qui
1392 5188 1444 5241 in
1480 5190 1700 5244 circuitu
1731 5196 1842 5264 ejus
1885 5206 2026 5249 sunt.
2075 5195 2180 5264 Qui

586 5279 635 5331 ei
672 5292 767 5346 per
793 5278 1158 5333 innocentiam
1187 5281 1309 5335 vitae
1342 5287 1778 5353 appropinquare
1804 5299 2139 5344 meruerunt.

659 5369 879 5424 Domine
893 5368 1034 5425 Deus
1058 5373 1320 5441 virtutum,
1342 5375 1458 5446 quis
1490 5376 1673 5430 similis
1703 5377 2092 5436 tibi?Potentia
2125 5389 2180 5437 et

579 5461 799 5532 virtute.
829 5460 1022 5518 Potens
1048 5481 1120 5535 es,
1153 5463 1392 5534 Domine,
1425 5478 1473 5523 et
1500 5471 1686 5526 veritas
1733 5482 1821 5527 tua
1867 5476 1920 5530 in
1959 5476 2178 5535 circuitu

581 5563 688 5608 tuo.
723 5554 784 5609 Hi
809 5553 877 5609 de
899 5554 1091 5624 quibus
1119 5559 1233 5628 ipse
1255 5562 1429 5631 quies
1455 5564 1680 5632 veritas,
1705 5566 1785 5622 ais
1811 5585 1824 5621 :
1850 5567 2011 5624 Pater
2029 5569 2172 5640 volo,

585 5648 758 5702 utubi
797 5663 901 5717 ego
927 5663 1069 5716 sum,
1100 5661 1154 5707 et
1184 5654 1284 5723 ipsi
1311 5656 1419 5708 sint
1446 5671 1660 5712 mecum
1690 5659 1870 5726 (Joan.
1908 5662 2064 5730 xvtt).

661 5735 1124 5809 Tundominaberis
1160 5747 1401 5813 potestati
1437 5750 1618 5802 maris.
1656 5751 1826 5820 'rlujus
1856 5751 2037 5810 saeculi
2081 5769 2176 5826 p0-

2289 4654 2484 4708 dicitur
2505 4654 2557 4707 in
2589 4655 2771 4719 terris,
2796 4653 2848 4707 id
2873 4663 2976 4718 cst,
2999 4652 3327 4709 Christiano.
3374 4655 3438 4708 Et
3471 4655 3528 4709 in
3552 4667 3640 4710 tua
3667 4657 3878 4728 justitia

2287 4744 2672 4800 exattabuntur.
2706 4744 3011 4812 Sequentes
3042 4755 3203 4815 atque
3224 4745 3598 4801 custodientes
3623 4761 3764 4801 eam.

2361 4837 2619 4902 Quoniam
2650 4835 2821 4907 gloria
2837 4838 3035 4892 virtutis
3052 4854 3228 4892 eorum
3251 4850 3307 4892 tu
3333 4855 3404 4892 es.
3435 4837 3490 4894 In
3530 4849 3580 4895 Ie
3597 4843 3742 4894 enim
3760 4841 3878 4909 glo-

2285 4931 2513 4998 riantur,
2540 4939 2595 4985 et
2619 4945 2726 4984 non
2755 4930 2810 4985 in
2841 4931 2967 4985 alio.
3001 4929 3069 4984 Et
3100 4933 3152 4984 in
3193 4933 3510 5001 beneplacita
3537 4943 3625 4986 tuo
3670 4935 3874 4988 exalta-

2283 5021 2420 5078 bitur
2449 5037 2613 5075 cornu
2638 5031 2895 5076 nostrum.
2917 5022 3070 5079 Sicut
3096 5023 3238 5078 enim
3262 5024 3342 5078 eis
3379 5024 3720 5095 beneplacita
3753 5025 3873 5081 fue-

2281 5121 2408 5168 runt
2435 5121 2703 5183 praecepta
2727 5121 2812 5167 tua
2841 5131 2854 5166 :
2905 5114 2976 5168 ita
3006 5113 3102 5168 tibi
3145 5114 3546 5184 beneplacitum
3596 5125 3698 5182 est,
3731 5125 3788 5170 ut
3820 5119 3874 5172 in

2286 5217 2336 5260 te
2357 5205 2625 5260 exaltelur
2650 5205 2823 5259 virtus
2853 5220 3064 5260 eorum.

2355 5295 2612 5362 Quoniam
2645 5295 2854 5349 Domini
2883 5305 2954 5349 est
2980 5297 3264 5368 assumptio
3293 5307 3490 5355 nostra.
3526 5299 3721 5355 Carnis
3759 5302 3871 5355 uti-

2282 5403 2408 5458 que.
2435 5389 2500 5443 Et
2521 5391 2690 5444 sancti
2719 5388 2889 5442 Israel
2914 5390 3049 5460 regis
3076 5391 3260 5442 nostri.
3297 5391 3474 5459 Ipsius
3506 5393 3722 5448 Domini
3748 5409 3869 5450 nus-

2283 5483 2350 5538 tri
2371 5485 2498 5539 Jcsu
2529 5482 2752 5551 Christi,
2785 5484 2876 5554 qui
2902 5483 2955 5539 in
2985 5483 3224 5538 Ecclesia
3254 5494 3465 5556 regnat.
3510 5486 3650 5544 Iiine
3677 5489 3870 5544 iterum

2280 5576 2542 5650 propheta
2575 5577 2642 5631 ad
2673 5578 2888 5633 Patrem
2918 5577 3156 5648 loquitur
3189 5591 3204 5629 :

2349 5669 2499 5725 Tunc
2522 5669 2724 5725 locutus
2765 5687 2819 5725 es
2863 5672 2921 5725 in
2960 5671 3156 5723 visione
3171 5670 3366 5724 sanctis
3397 5671 3522 5725 tuis.
3557 5672 3868 5745 Prophetis,

2279 5761 2610 5832 reliquisque
2639 5761 2853 5819 electis.
2889 5759 2956 5818 Et
2982 5760 3188 5827 dixisti,
3215 5761 3369 5830 posui
3393 5762 3750 5832 adjutorium.
3774 5765 3871 5822 Po»
