  <div class='ocr_page' id='page_1' title='image "/cluster/home/n/w/nwhite01/storage/ocr_20150623/26/uva.x000826568/555.png"; bbox 0 0 4016 6336; ppageno 0'>
   <div class='ocr_carea' id='block_1_1' title="bbox 561 256 702 313">
    <p class='ocr_par' dir='ltr' id='par_1_1' title="bbox 561 256 702 313">
     <span class='ocr_line' id='line_1_1' title="bbox 561 256 702 313; baseline -0.014 0"><span class='ocrx_word' id='word_1_1' title='bbox 561 256 702 313; x_wconf 72' lang='grc'><strong>1093</strong></span> 
     </span>
    </p>
   </div>
   <div class='ocr_carea' id='block_1_2' title="bbox 1361 240 3054 309">
    <p class='ocr_par' dir='ltr' id='par_1_2' title="bbox 1361 240 3054 309">
     <span class='ocr_line' id='line_1_2' title="bbox 1361 240 3054 309; baseline -0.009 0"><span class='ocrx_word' id='word_1_2' title='bbox 1361 247 1703 309; x_wconf 79' lang='lat' dir='ltr'><strong>APPENDIX</strong></span> <span class='ocrx_word' id='word_1_3' title='bbox 1741 247 1834 304; x_wconf 83' lang='lat' dir='ltr'><strong>AD</strong></span> <span class='ocrx_word' id='word_1_4' title='bbox 1875 245 2120 304; x_wconf 84' lang='lat' dir='ltr'><strong>TOMUM</strong></span> <span class='ocrx_word' id='word_1_5' title='bbox 2160 241 2517 304; x_wconf 81' lang='lat' dir='ltr'><strong>SEPTIMUM</strong></span> <span class='ocrx_word' id='word_1_6' title='bbox 2555 241 2610 301; x_wconf 91' lang='lat' dir='ltr'><strong>S.</strong></span> <span class='ocrx_word' id='word_1_7' title='bbox 2654 240 3054 300; x_wconf 80' lang='lat' dir='ltr'><strong>HIERONYMI.</strong></span> 
     </span>
    </p>
   </div>
   <div class='ocr_carea' id='block_1_3' title="bbox 3739 233 3874 291">
    <p class='ocr_par' dir='ltr' id='par_1_3' title="bbox 3739 233 3874 291">
     <span class='ocr_line' id='line_1_3' title="bbox 3739 233 3874 291; baseline -0.015 0"><span class='ocrx_word' id='word_1_8' title='bbox 3739 233 3874 291; x_wconf 68' lang='lat'><strong>1096</strong></span> 
     </span>
    </p>
   </div>
   <div class='ocr_carea' id='block_1_4' title="bbox 557 350 3871 442">
    <p class='ocr_par' dir='ltr' id='par_1_4' title="bbox 557 350 3871 442">
     <span class='ocr_line' id='line_1_4' title="bbox 557 350 3871 442; baseline -0.004 -22"><span class='ocrx_word' id='word_1_9' title='bbox 557 369 687 442; x_wconf 84' lang='lat' dir='ltr'><strong>quid</strong></span> <span class='ocrx_word' id='word_1_10' title='bbox 721 369 852 425; x_wconf 95' lang='lat' dir='ltr'><strong>dicit</strong></span> <span class='ocrx_word' id='word_1_11' title='bbox 879 385 890 423; x_wconf 90' lang='lat'>:</span> <span class='ocrx_word' id='word_1_12' title='bbox 917 367 1208 424; x_wconf 78' lang='lat' dir='ltr'><strong>Orientalis</strong></span> <span class='ocrx_word' id='word_1_13' title='bbox 1254 373 1404 434; x_wconf 88' lang='lat' dir='ltr'><strong>porta</strong></span> <span class='ocrx_word' id='word_1_14' title='bbox 1432 363 1576 419; x_wconf 90' lang='lat' dir='ltr'><strong>unde</strong></span> <span class='ocrx_word' id='word_1_15' title='bbox 1611 364 1790 418; x_wconf 92' lang='lat' dir='ltr'><strong>lumen</strong></span> <span class='ocrx_word' id='word_1_16' title='bbox 1834 362 2004 426; x_wconf 81' lang='lat' dir='ltr'><strong>venit,</strong></span> <span class='ocrx_word' id='word_1_17' title='bbox 2039 362 2148 416; x_wconf 88' lang='lat' dir='ltr'><strong>Do-</strong></span> <span class='ocrx_word' id='word_1_18' title='bbox 2180 363 2224 420; x_wconf 85' lang='lat' dir='ltr'><strong>A</strong></span> <span class='ocrx_word' id='word_1_19' title='bbox 2256 358 2440 414; x_wconf 87' lang='lat' dir='ltr'><strong>volare</strong></span> <span class='ocrx_word' id='word_1_20' title='bbox 2483 360 2602 415; x_wconf 86' lang='lat' dir='ltr'><strong>sine</strong></span> <span class='ocrx_word' id='word_1_21' title='bbox 2651 358 2892 414; x_wconf 78' lang='lat' dir='ltr'><strong>Christo.</strong></span> <span class='ocrx_word' id='word_1_22' title='bbox 2930 356 3123 413; x_wconf 83' lang='lat' dir='ltr'><strong>Videte</strong></span> <span class='ocrx_word' id='word_1_23' title='bbox 3177 367 3306 423; x_wconf 82' lang='lat' dir='ltr'><strong>ergo</strong></span> <span class='ocrx_word' id='word_1_24' title='bbox 3349 351 3440 423; x_wconf 79' lang='lat' dir='ltr'><strong>qui</strong></span> <span class='ocrx_word' id='word_1_25' title='bbox 3468 351 3623 407; x_wconf 82' lang='lat' dir='ltr'><strong>dicat</strong></span> <span class='ocrx_word' id='word_1_26' title='bbox 3664 367 3679 406; x_wconf 92' lang='lat'><strong>:</strong></span> <span class='ocrx_word' id='word_1_27' title='bbox 3723 350 3871 406; x_wconf 81' lang='lat' dir='ltr'><strong>Mitte</strong></span> 
     </span>
    </p>
   </div>
   <div class='ocr_carea' id='block_1_5' title="bbox 533 456 2152 530">
    <p class='ocr_par' dir='ltr' id='par_1_5' title="bbox 533 456 2152 530">
     <span class='ocr_line' id='line_1_5' title="bbox 533 456 2152 530; baseline -0.008 -11"><span class='ocrx_word' id='word_1_28' title='bbox 533 465 744 530; x_wconf 26' lang='lat' dir='ltr'><strong>.minus</strong></span> <span class='ocrx_word' id='word_1_29' title='bbox 778 473 966 518; x_wconf 87' lang='lat' dir='ltr'><strong>noster</strong></span> <span class='ocrx_word' id='word_1_30' title='bbox 991 473 1151 530; x_wconf 92' lang='lat' dir='ltr'><strong>atque</strong></span> <span class='ocrx_word' id='word_1_31' title='bbox 1183 459 1456 515; x_wconf 79' lang='lat' dir='ltr'><strong>Salvator.</strong></span> <span class='ocrx_word' id='word_1_32' title='bbox 1487 457 1602 512; x_wconf 90' lang='lat' dir='ltr'><strong>Una</strong></span> <span class='ocrx_word' id='word_1_33' title='bbox 1627 456 1840 526; x_wconf 83' lang='lat' dir='ltr'><strong>quidem</strong></span> <span class='ocrx_word' id='word_1_34' title='bbox 1870 465 2025 524; x_wconf 87' lang='lat' dir='ltr'><strong>porta</strong></span> <span class='ocrx_word' id='word_1_35' title='bbox 2049 464 2152 516; x_wconf 89' lang='lat' dir='ltr'><strong>est,</strong></span> 
     </span>
    </p>
   </div>
   <div class='ocr_carea' id='block_1_6' title="bbox 561 546 2158 624">
    <p class='ocr_par' dir='ltr' id='par_1_6' title="bbox 561 546 2158 624">
     <span class='ocr_line' id='line_1_6' title="bbox 561 546 2158 624; baseline -0.008 -12"><span class='ocrx_word' id='word_1_36' title='bbox 561 565 616 612; x_wconf 92' lang='lat' dir='ltr'><strong>et</strong></span> <span class='ocrx_word' id='word_1_37' title='bbox 647 569 807 611; x_wconf 92' lang='lat' dir='ltr'><strong>nemo</strong></span> <span class='ocrx_word' id='word_1_38' title='bbox 838 553 1137 624; x_wconf 84' lang='lat' dir='ltr'><strong>ingreditur</strong></span> <span class='ocrx_word' id='word_1_39' title='bbox 1163 552 1217 606; x_wconf 93' lang='lat' dir='ltr'><strong>in</strong></span> <span class='ocrx_word' id='word_1_40' title='bbox 1241 566 1359 606; x_wconf 88' lang='lat' dir='ltr'><strong>eam</strong></span> <span class='ocrx_word' id='word_1_41' title='bbox 1389 551 1493 605; x_wconf 89' lang='lat' dir='ltr'><strong>nisi</strong></span> <span class='ocrx_word' id='word_1_42' title='bbox 1527 548 1786 605; x_wconf 84' lang='lat' dir='ltr'><strong>sacerdos</strong></span> <span class='ocrx_word' id='word_1_43' title='bbox 1818 562 2063 617; x_wconf 88' lang='lat' dir='ltr'><strong>magnus.</strong></span> <span class='ocrx_word' id='word_1_44' title='bbox 2091 546 2158 601; x_wconf 85' lang='lat' dir='ltr'><strong>Et</strong></span> 
     </span>
    </p>
   </div>
   <div class='ocr_carea' id='block_1_7' title="bbox 564 639 2154 718">
    <p class='ocr_par' dir='ltr' id='par_1_7' title="bbox 564 639 2154 718">
     <span class='ocr_line' id='line_1_7' title="bbox 564 639 2154 718; baseline -0.005 -16"><span class='ocrx_word' id='word_1_45' title='bbox 564 647 693 718; x_wconf 89' lang='lat' dir='ltr'><strong>quid</strong></span> <span class='ocrx_word' id='word_1_46' title='bbox 723 647 922 702; x_wconf 89' lang='lat' dir='ltr'><strong>dicitur</strong></span> <span class='ocrx_word' id='word_1_47' title='bbox 953 645 1062 700; x_wconf 79' lang='lat' dir='ltr'><strong>ibi?</strong></span> <span class='ocrx_word' id='word_1_48' title='bbox 1093 643 1254 699; x_wconf 90' lang='lat' dir='ltr'><strong>Porta</strong></span> <span class='ocrx_word' id='word_1_49' title='bbox 1285 643 1402 698; x_wconf 63' lang='lat' dir='ltr'><strong>haec</strong></span> <span class='ocrx_word' id='word_1_50' title='bbox 1431 658 1649 712; x_wconf 84' lang='lat' dir='ltr'><strong>semper</strong></span> <span class='ocrx_word' id='word_1_51' title='bbox 1677 643 1858 697; x_wconf 88' lang='lat' dir='ltr'><strong>clausa</strong></span> <span class='ocrx_word' id='word_1_52' title='bbox 1884 643 2012 696; x_wconf 90' lang='lat' dir='ltr'><strong>erit.</strong></span> <span class='ocrx_word' id='word_1_53' title='bbox 2039 639 2154 694; x_wconf 85' lang='lat' dir='ltr'><strong>Non</strong></span> 
     </span>
    </p>
   </div>
   <div class='ocr_carea' id='block_1_8' title="bbox 566 734 2159 808">
    <p class='ocr_par' dir='ltr' id='par_1_8' title="bbox 566 734 2159 808">
     <span class='ocr_line' id='line_1_8' title="bbox 566 734 2159 808; baseline -0.004 -14"><span class='ocrx_word' id='word_1_54' title='bbox 566 749 746 794; x_wconf 88' lang='lat' dir='ltr'><strong>autem</strong></span> <span class='ocrx_word' id='word_1_55' title='bbox 783 737 1022 808; x_wconf 86' lang='lat' dir='ltr'><strong>aperitur</strong></span> <span class='ocrx_word' id='word_1_56' title='bbox 1053 737 1153 791; x_wconf 89' lang='lat' dir='ltr'><strong>nisi</strong></span> <span class='ocrx_word' id='word_1_57' title='bbox 1188 736 1460 792; x_wconf 82' lang='lat' dir='ltr'><strong>sacerdoti</strong></span> <span class='ocrx_word' id='word_1_58' title='bbox 1492 736 1711 808; x_wconf 74' lang='lat' dir='ltr'><strong>(Ezech.</strong></span> <span class='ocrx_word' id='word_1_59' title='bbox 1746 734 1915 806; x_wconf 70' lang='lat' dir='ltr'><strong>xuv).</strong></span> <span class='ocrx_word' id='word_1_60' title='bbox 1940 734 2032 790; x_wconf 90' lang='lat' dir='ltr'><strong>Sic</strong></span> <span class='ocrx_word' id='word_1_61' title='bbox 2061 734 2159 804; x_wconf 88' lang='lat' dir='ltr'><strong>igi-</strong></span> 
     </span>
    </p>
   </div>
   <div class='ocr_carea' id='block_1_9' title="bbox 564 828 2160 899">
    <p class='ocr_par' dir='ltr' id='par_1_9' title="bbox 564 828 2160 899">
     <span class='ocr_line' id='line_1_9' title="bbox 564 828 2160 899; baseline -0.003 -13"><span class='ocrx_word' id='word_1_62' title='bbox 564 840 674 896; x_wconf 90' lang='lat' dir='ltr'><strong>tur,</strong></span> <span class='ocrx_word' id='word_1_63' title='bbox 705 839 760 885; x_wconf 92' lang='lat' dir='ltr'><strong>et</strong></span> <span class='ocrx_word' id='word_1_64' title='bbox 791 844 1013 897; x_wconf 84' lang='lat' dir='ltr'><strong>novum,</strong></span> <span class='ocrx_word' id='word_1_65' title='bbox 1044 838 1100 886; x_wconf 92' lang='lat' dir='ltr'><strong>et</strong></span> <span class='ocrx_word' id='word_1_66' title='bbox 1128 839 1281 886; x_wconf 89' lang='lat' dir='ltr'><strong>vetus</strong></span> <span class='ocrx_word' id='word_1_67' title='bbox 1310 829 1718 886; x_wconf 78' lang='lat' dir='ltr'><strong>Testamentum</strong></span> <span class='ocrx_word' id='word_1_68' title='bbox 1753 844 1972 899; x_wconf 83' lang='lat' dir='ltr'><strong>semper</strong></span> <span class='ocrx_word' id='word_1_69' title='bbox 2014 828 2160 883; x_wconf 90' lang='lat' dir='ltr'><strong>clau-</strong></span> 
     </span>
    </p>
   </div>
   <div class='ocr_carea' id='block_1_10' title="bbox 562 923 2162 994">
    <p class='ocr_par' dir='ltr' id='par_1_10' title="bbox 562 923 2162 994">
     <span class='ocr_line' id='line_1_10' title="bbox 562 923 2162 994; baseline -0.002 -13"><span class='ocrx_word' id='word_1_70' title='bbox 562 939 682 981; x_wconf 89' lang='lat' dir='ltr'><strong>sum</strong></span> <span class='ocrx_word' id='word_1_71' title='bbox 712 923 842 979; x_wconf 88' lang='lat' dir='ltr'><strong>fuit:</strong></span> <span class='ocrx_word' id='word_1_72' title='bbox 879 941 985 979; x_wconf 91' lang='lat' dir='ltr'><strong>non</strong></span> <span class='ocrx_word' id='word_1_73' title='bbox 1027 933 1388 994; x_wconf 88' lang='lat' dir='ltr'><strong>estapertum</strong></span> <span class='ocrx_word' id='word_1_74' title='bbox 1438 925 1536 980; x_wconf 87' lang='lat' dir='ltr'><strong>nisi</strong></span> <span class='ocrx_word' id='word_1_75' title='bbox 1591 924 1880 981; x_wconf 89' lang='lat' dir='ltr'><strong>Salvatori.</strong></span> <span class='ocrx_word' id='word_1_76' title='bbox 1924 923 2031 978; x_wconf 91' lang='lat' dir='ltr'><strong>Iste</strong></span> <span class='ocrx_word' id='word_1_77' title='bbox 2077 932 2162 978; x_wconf 89' lang='lat' dir='ltr'><strong>est</strong></span> 
     </span>
    </p>
   </div>
   <div class='ocr_carea' id='block_1_11' title="bbox 566 1013 2156 1086">
    <p class='ocr_par' dir='ltr' id='par_1_11' title="bbox 566 1013 2156 1086">
     <span class='ocr_line' id='line_1_11' title="bbox 566 1013 2156 1086; baseline -0.001 -16"><span class='ocrx_word' id='word_1_78' title='bbox 566 1015 708 1070; x_wconf 92' lang='lat' dir='ltr'><strong>enim</strong></span> <span class='ocrx_word' id='word_1_79' title='bbox 739 1016 827 1085; x_wconf 89' lang='lat' dir='ltr'><strong>qui</strong></span> <span class='ocrx_word' id='word_1_80' title='bbox 853 1014 1015 1071; x_wconf 90' lang='lat' dir='ltr'><strong>habet</strong></span> <span class='ocrx_word' id='word_1_81' title='bbox 1044 1015 1274 1084; x_wconf 84' lang='lat' dir='ltr'><strong>clavem,</strong></span> <span class='ocrx_word' id='word_1_82' title='bbox 1304 1017 1395 1086; x_wconf 88' lang='lat' dir='ltr'><strong>qui</strong></span> <span class='ocrx_word' id='word_1_83' title='bbox 1423 1016 1618 1086; x_wconf 90' lang='lat' dir='ltr'><strong>aperit,</strong></span> <span class='ocrx_word' id='word_1_84' title='bbox 1650 1023 1705 1071; x_wconf 89' lang='lat' dir='ltr'><strong>et</strong></span> <span class='ocrx_word' id='word_1_85' title='bbox 1735 1028 1893 1070; x_wconf 90' lang='lat' dir='ltr'><strong>nemo</strong></span> <span class='ocrx_word' id='word_1_86' title='bbox 1921 1013 2156 1076; x_wconf 86' lang='lat' dir='ltr'><strong>claudit;</strong></span> 
     </span>
    </p>
   </div>
   <div class='ocr_carea' id='block_1_12' title="bbox 564 1107 2161 1180">
    <p class='ocr_par' dir='ltr' id='par_1_12' title="bbox 564 1107 2161 1180">
     <span class='ocr_line' id='line_1_12' title="bbox 564 1107 2161 1180; baseline 0.001 -20"><span class='ocrx_word' id='word_1_87' title='bbox 564 1110 655 1179; x_wconf 91' lang='lat' dir='ltr'><strong>qui</strong></span> <span class='ocrx_word' id='word_1_88' title='bbox 687 1107 913 1175; x_wconf 86' lang='lat' dir='ltr'><strong>claudit,</strong></span> <span class='ocrx_word' id='word_1_89' title='bbox 946 1118 1002 1165; x_wconf 90' lang='lat' dir='ltr'><strong>et</strong></span> <span class='ocrx_word' id='word_1_90' title='bbox 1047 1124 1208 1165; x_wconf 91' lang='lat' dir='ltr'><strong>nemo</strong></span> <span class='ocrx_word' id='word_1_91' title='bbox 1246 1110 1442 1180; x_wconf 89' lang='lat' dir='ltr'><strong>aperit.</strong></span> <span class='ocrx_word' id='word_1_92' title='bbox 1489 1109 1603 1165; x_wconf 87' lang='lat' dir='ltr'><strong>Una</strong></span> <span class='ocrx_word' id='word_1_93' title='bbox 1636 1123 1767 1179; x_wconf 87' lang='lat' dir='ltr'><strong>ergo</strong></span> <span class='ocrx_word' id='word_1_94' title='bbox 1798 1117 1954 1178; x_wconf 89' lang='lat' dir='ltr'><strong>porta</strong></span> <span class='ocrx_word' id='word_1_95' title='bbox 1999 1107 2161 1162; x_wconf 89' lang='lat' dir='ltr'><strong>habet</strong></span> 
     </span>
    </p>
   </div>
   <div class='ocr_carea' id='block_1_13' title="bbox 566 1201 2160 1272">
    <p class='ocr_par' dir='ltr' id='par_1_13' title="bbox 566 1201 2160 1272">
     <span class='ocr_line' id='line_1_13' title="bbox 566 1201 2160 1272; baseline 0.001 -18"><span class='ocrx_word' id='word_1_96' title='bbox 566 1209 796 1269; x_wconf 83' lang='lat' dir='ltr'><strong>septem,</strong></span> <span class='ocrx_word' id='word_1_97' title='bbox 829 1209 882 1256; x_wconf 89' lang='lat' dir='ltr'><strong>et</strong></span> <span class='ocrx_word' id='word_1_98' title='bbox 902 1209 1027 1256; x_wconf 92' lang='lat' dir='ltr'><strong>octo</strong></span> <span class='ocrx_word' id='word_1_99' title='bbox 1056 1201 1278 1272; x_wconf 89' lang='lat' dir='ltr'><strong>gradus.</strong></span> <span class='ocrx_word' id='word_1_100' title='bbox 1321 1202 1393 1257; x_wconf 90' lang='lat' dir='ltr'><strong>Et</strong></span> <span class='ocrx_word' id='word_1_101' title='bbox 1427 1201 1485 1257; x_wconf 90' lang='lat' dir='ltr'><strong>in</strong></span> <span class='ocrx_word' id='word_1_102' title='bbox 1514 1203 1689 1258; x_wconf 88' lang='lat' dir='ltr'><strong>veteri</strong></span> <span class='ocrx_word' id='word_1_103' title='bbox 1719 1202 1941 1272; x_wconf 90' lang='lat' dir='ltr'><strong>quidem</strong></span> <span class='ocrx_word' id='word_1_104' title='bbox 1969 1201 2160 1257; x_wconf 87' lang='lat' dir='ltr'><strong>Testa-</strong></span> 
     </span>
    </p>
   </div>
   <div class='ocr_carea' id='block_1_14' title="bbox 567 1295 2162 1365">
    <p class='ocr_par' dir='ltr' id='par_1_14' title="bbox 567 1295 2162 1365">
     <span class='ocr_line' id='line_1_14' title="bbox 567 1295 2162 1365; baseline 0 -15"><span class='ocrx_word' id='word_1_105' title='bbox 567 1304 752 1350; x_wconf 90' lang='lat' dir='ltr'><strong>mento</strong></span> <span class='ocrx_word' id='word_1_106' title='bbox 775 1305 1116 1350; x_wconf 90' lang='lat' dir='ltr'><strong>sacramenta</strong></span> <span class='ocrx_word' id='word_1_107' title='bbox 1147 1306 1273 1350; x_wconf 89' lang='lat' dir='ltr'><strong>sunt</strong></span> <span class='ocrx_word' id='word_1_108' title='bbox 1305 1296 1654 1365; x_wconf 83' lang='lat' dir='ltr'><strong>Evangelica,</strong></span> <span class='ocrx_word' id='word_1_109' title='bbox 1685 1305 1739 1351; x_wconf 91' lang='lat' dir='ltr'><strong>et</strong></span> <span class='ocrx_word' id='word_1_110' title='bbox 1769 1295 1822 1350; x_wconf 93' lang='lat' dir='ltr'><strong>in</strong></span> <span class='ocrx_word' id='word_1_111' title='bbox 1857 1309 1997 1350; x_wconf 88' lang='lat' dir='ltr'><strong>novo</strong></span> <span class='ocrx_word' id='word_1_112' title='bbox 2029 1295 2162 1350; x_wconf 87' lang='lat' dir='ltr'><strong>Tes-</strong></span> 
     </span>
    </p>
   </div>
   <div class='ocr_carea' id='block_1_15' title="bbox 566 1389 2163 1462">
    <p class='ocr_par' dir='ltr' id='par_1_15' title="bbox 566 1389 2163 1462">
     <span class='ocr_line' id='line_1_15' title="bbox 566 1389 2163 1462; baseline 0 -17"><span class='ocrx_word' id='word_1_113' title='bbox 566 1398 811 1446; x_wconf 90' lang='lat' dir='ltr'><strong>tamento</strong></span> <span class='ocrx_word' id='word_1_114' title='bbox 833 1402 1172 1446; x_wconf 89' lang='lat' dir='ltr'><strong>sacramenta</strong></span> <span class='ocrx_word' id='word_1_115' title='bbox 1201 1399 1326 1444; x_wconf 90' lang='lat' dir='ltr'><strong>sunt</strong></span> <span class='ocrx_word' id='word_1_116' title='bbox 1350 1389 1532 1460; x_wconf 87' lang='lat' dir='ltr'><strong>Legis.</strong></span> <span class='ocrx_word' id='word_1_117' title='bbox 1566 1390 1761 1445; x_wconf 85' lang='lat' dir='ltr'><strong>Audite</strong></span> <span class='ocrx_word' id='word_1_118' title='bbox 1787 1389 1989 1461; x_wconf 82' lang='lat' dir='ltr'><strong>majora</strong></span> <span class='ocrx_word' id='word_1_119' title='bbox 2019 1405 2163 1462; x_wconf 86' lang='lat' dir='ltr'><strong>mys-</strong></span> 
     </span>
    </p>
   </div>
   <div class='ocr_carea' id='block_1_16' title="bbox 565 1481 2161 1552">
    <p class='ocr_par' dir='ltr' id='par_1_16' title="bbox 565 1481 2161 1552">
     <span class='ocr_line' id='line_1_16' title="bbox 565 1481 2161 1552; baseline 0 -16"><span class='ocrx_word' id='word_1_120' title='bbox 565 1481 728 1536; x_wconf 90' lang='lat' dir='ltr'><strong>teria.</strong></span> <span class='ocrx_word' id='word_1_121' title='bbox 747 1481 824 1536; x_wconf 86' lang='lat' dir='ltr'><strong>Eo</strong></span> <span class='ocrx_word' id='word_1_122' title='bbox 841 1493 1084 1550; x_wconf 86' lang='lat' dir='ltr'><strong>tempore</strong></span> <span class='ocrx_word' id='word_1_123' title='bbox 1107 1481 1323 1552; x_wconf 88' lang='lat' dir='ltr'><strong>quando</strong></span> <span class='ocrx_word' id='word_1_124' title='bbox 1343 1482 1624 1552; x_wconf 88' lang='lat' dir='ltr'><strong>Salomon,</strong></span> <span class='ocrx_word' id='word_1_125' title='bbox 1641 1481 1746 1537; x_wconf 90' lang='lat' dir='ltr'><strong>hoc</strong></span> <span class='ocrx_word' id='word_1_126' title='bbox 1767 1493 1869 1549; x_wconf 89' lang='lat' dir='ltr'><strong>est,</strong></span> <span class='ocrx_word' id='word_1_127' title='bbox 1903 1483 2161 1551; x_wconf 82' lang='lat' dir='ltr'><strong>paciﬁcus</strong></span> 
     </span>
    </p>
   </div>
   <div class='ocr_carea' id='block_1_17' title="bbox 567 1571 2158 1646">
    <p class='ocr_par' dir='ltr' id='par_1_17' title="bbox 567 1571 2158 1646">
     <span class='ocr_line' id='line_1_17' title="bbox 567 1571 2158 1646; baseline 0.001 -19"><span class='ocrx_word' id='word_1_128' title='bbox 567 1581 754 1628; x_wconf 90' lang='lat' dir='ltr'><strong>noster</strong></span> <span class='ocrx_word' id='word_1_129' title='bbox 777 1572 886 1645; x_wconf 93' lang='lat' dir='ltr'><strong>(qui</strong></span> <span class='ocrx_word' id='word_1_130' title='bbox 919 1571 1049 1627; x_wconf 84' lang='lat' dir='ltr'><strong>dicit</strong></span> <span class='ocrx_word' id='word_1_131' title='bbox 1075 1571 1256 1646; x_wconf 83' lang='lat' dir='ltr'><strong>(Joan.</strong></span> <span class='ocrx_word' id='word_1_132' title='bbox 1282 1573 1430 1643; x_wconf 83' lang='lat' dir='ltr'><strong>xtv):</strong></span> <span class='ocrx_word' id='word_1_133' title='bbox 1459 1573 1650 1628; x_wconf 86' lang='lat' dir='ltr'><strong>Pacem</strong></span> <span class='ocrx_word' id='word_1_134' title='bbox 1677 1588 1854 1629; x_wconf 89' lang='lat' dir='ltr'><strong>meam</strong></span> <span class='ocrx_word' id='word_1_135' title='bbox 1886 1573 1960 1628; x_wconf 90' lang='lat' dir='ltr'><strong>do</strong></span> <span class='ocrx_word' id='word_1_136' title='bbox 1987 1572 2158 1641; x_wconf 85' lang='lat' dir='ltr'><strong>vobis,</strong></span> 
     </span>
    </p>
   </div>
   <div class='ocr_carea' id='block_1_18' title="bbox 574 1665 2154 1737">
    <p class='ocr_par' dir='ltr' id='par_1_18' title="bbox 574 1665 2154 1737">
     <span class='ocr_line' id='line_1_18' title="bbox 574 1665 2154 1737; baseline 0.002 -20"><span class='ocrx_word' id='word_1_137' title='bbox 574 1679 762 1735; x_wconf 89' lang='lat' dir='ltr'><strong>pacem</strong></span> <span class='ocrx_word' id='word_1_138' title='bbox 825 1681 1000 1720; x_wconf 89' lang='lat' dir='ltr'><strong>meam</strong></span> <span class='ocrx_word' id='word_1_139' title='bbox 1047 1667 1292 1737; x_wconf 86' lang='lat' dir='ltr'><strong>relinquo</strong></span> <span class='ocrx_word' id='word_1_140' title='bbox 1340 1665 1541 1722; x_wconf 90' lang='lat' dir='ltr'><strong>vobis:</strong></span> <span class='ocrx_word' id='word_1_141' title='bbox 1578 1666 1695 1736; x_wconf 91' lang='lat' dir='ltr'><strong>ipse</strong></span> <span class='ocrx_word' id='word_1_142' title='bbox 1745 1675 1830 1721; x_wconf 92' lang='lat' dir='ltr'><strong>est</strong></span> <span class='ocrx_word' id='word_1_143' title='bbox 1859 1665 2003 1722; x_wconf 91' lang='lat' dir='ltr'><strong>enim</strong></span> <span class='ocrx_word' id='word_1_144' title='bbox 2050 1681 2154 1736; x_wconf 85' lang='lat' dir='ltr'><strong>pax</strong></span> 
     </span>
    </p>
   </div>
   <div class='ocr_carea' id='block_1_19' title="bbox 2258 444 3874 516">
    <p class='ocr_par' dir='ltr' id='par_1_19' title="bbox 2258 444 3874 516">
     <span class='ocr_line' id='line_1_19' title="bbox 2258 444 3874 516; baseline -0.007 -10"><span class='ocrx_word' id='word_1_145' title='bbox 2258 452 2537 506; x_wconf 74' lang='lat' dir='ltr'><strong>dexteram</strong></span> <span class='ocrx_word' id='word_1_146' title='bbox 2580 460 2746 516; x_wconf 88' lang='lat' dir='ltr'><strong>tuam,</strong></span> <span class='ocrx_word' id='word_1_147' title='bbox 2773 450 2878 506; x_wconf 91' lang='lat' dir='ltr'><strong>hoc</strong></span> <span class='ocrx_word' id='word_1_148' title='bbox 2907 457 3011 514; x_wconf 90' lang='lat' dir='ltr'><strong>est,</strong></span> <span class='ocrx_word' id='word_1_149' title='bbox 3046 447 3240 502; x_wconf 85' lang='lat' dir='ltr'><strong>Filium</strong></span> <span class='ocrx_word' id='word_1_150' title='bbox 3268 454 3436 502; x_wconf 84' lang='lat' dir='ltr'><strong>tuum.</strong></span> <span class='ocrx_word' id='word_1_151' title='bbox 3472 444 3680 499; x_wconf 85' lang='lat' dir='ltr'><strong>Notum</strong></span> <span class='ocrx_word' id='word_1_152' title='bbox 3716 444 3874 496; x_wconf 85' lang='lat' dir='ltr'><strong>nobis</strong></span> 
     </span>
    </p>
   </div>
   <div class='ocr_carea' id='block_1_20' title="bbox 2259 538 3873 614">
    <p class='ocr_par' dir='ltr' id='par_1_20' title="bbox 2259 538 3873 614">
     <span class='ocr_line' id='line_1_20' title="bbox 2259 538 3873 614; baseline -0.002 -18"><span class='ocrx_word' id='word_1_153' title='bbox 2259 542 2409 596; x_wconf 88' lang='lat' dir='ltr'><strong>illum</strong></span> <span class='ocrx_word' id='word_1_154' title='bbox 2440 544 2522 597; x_wconf 83' lang='lat' dir='ltr'><strong>fac</strong></span> <span class='ocrx_word' id='word_1_155' title='bbox 2553 561 2567 596; x_wconf 87' lang='lat'><strong>:</strong></span> <span class='ocrx_word' id='word_1_156' title='bbox 2601 551 2659 598; x_wconf 90' lang='lat' dir='ltr'><strong>ut</strong></span> <span class='ocrx_word' id='word_1_157' title='bbox 2688 551 2744 598; x_wconf 84' lang='lat' dir='ltr'><strong>et</strong></span> <span class='ocrx_word' id='word_1_158' title='bbox 2784 541 3063 614; x_wconf 75' lang='lat' dir='ltr'><strong>propheta:</strong></span> <span class='ocrx_word' id='word_1_159' title='bbox 3087 540 3179 612; x_wconf 87' lang='lat' dir='ltr'><strong>qui</strong></span> <span class='ocrx_word' id='word_1_160' title='bbox 3211 539 3360 610; x_wconf 91' lang='lat' dir='ltr'><strong>quasi</strong></span> <span class='ocrx_word' id='word_1_161' title='bbox 3392 538 3873 609; x_wconf 88' lang='lat' dir='ltr'><strong>prophetaveruut</strong></span> 
     </span>
    </p>
   </div>
   <div class='ocr_carea' id='block_1_21' title="bbox 2261 629 3868 706">
    <p class='ocr_par' dir='ltr' id='par_1_21' title="bbox 2261 629 3868 706">
     <span class='ocr_line' id='line_1_21' title="bbox 2261 629 3868 706; baseline -0.003 -18"><span class='ocrx_word' id='word_1_162' title='bbox 2261 633 2530 700; x_wconf 84' lang='lat' dir='ltr'><strong>umbram,</strong></span> <span class='ocrx_word' id='word_1_163' title='bbox 2565 635 2830 706; x_wconf 91' lang='lat' dir='ltr'><strong>incipiant</strong></span> <span class='ocrx_word' id='word_1_164' title='bbox 2861 633 3146 690; x_wconf 90' lang='lat' dir='ltr'><strong>Dominum</strong></span> <span class='ocrx_word' id='word_1_165' title='bbox 3173 631 3512 687; x_wconf 78' lang='lat' dir='ltr'><strong>manifestius</strong></span> <span class='ocrx_word' id='word_1_166' title='bbox 3533 629 3868 702; x_wconf 70' lang='lat' dir='ltr'><strong>praedicare.</strong></span> 
     </span>
    </p>
   </div>
   <div class='ocr_carea' id='block_1_22' title="bbox 2330 723 3871 797">
    <p class='ocr_par' dir='ltr' id='par_1_22' title="bbox 2330 723 3871 797">
     <span class='ocr_line' id='line_1_22' title="bbox 2330 723 3871 797; baseline -0.003 -13"><span class='ocrx_word' id='word_1_167' title='bbox 2330 727 2652 795; x_wconf 79' lang='lat' dir='ltr'><strong>Convertere,</strong></span> <span class='ocrx_word' id='word_1_168' title='bbox 2699 727 2940 794; x_wconf 79' lang='lat' dir='ltr'><strong>Domine,</strong></span> <span class='ocrx_word' id='word_1_169' title='bbox 2987 742 3267 797; x_wconf 85' lang='lat' dir='ltr'><strong>usquequo.</strong></span> <span class='ocrx_word' id='word_1_170' title='bbox 3327 724 3555 780; x_wconf 84' lang='lat' dir='ltr'><strong>Multum</strong></span> <span class='ocrx_word' id='word_1_171' title='bbox 3617 723 3871 794; x_wconf 71' lang='lat' dir='ltr'><strong>peccavi-</strong></span> 
     </span>
    </p>
   </div>
   <div class='ocr_carea' id='block_1_23' title="bbox 2259 817 3865 888">
    <p class='ocr_par' dir='ltr' id='par_1_23' title="bbox 2259 817 3865 888">
     <span class='ocr_line' id='line_1_23' title="bbox 2259 817 3865 888; baseline -0.005 -11"><span class='ocrx_word' id='word_1_172' title='bbox 2259 837 2402 886; x_wconf 90' lang='lat' dir='ltr'><strong>mus,</strong></span> <span class='ocrx_word' id='word_1_173' title='bbox 2435 823 2638 877; x_wconf 88' lang='lat' dir='ltr'><strong>avertis</strong></span> <span class='ocrx_word' id='word_1_174' title='bbox 2675 821 2867 877; x_wconf 79' lang='lat' dir='ltr'><strong>faciem</strong></span> <span class='ocrx_word' id='word_1_175' title='bbox 2908 828 3054 876; x_wconf 91' lang='lat' dir='ltr'><strong>tuam</strong></span> <span class='ocrx_word' id='word_1_176' title='bbox 3086 837 3100 873; x_wconf 87' lang='lat'><strong>:</strong></span> <span class='ocrx_word' id='word_1_177' title='bbox 3133 835 3241 874; x_wconf 92' lang='lat' dir='ltr'><strong>non</strong></span> <span class='ocrx_word' id='word_1_178' title='bbox 3287 827 3416 873; x_wconf 89' lang='lat' dir='ltr'><strong>sunt</strong></span> <span class='ocrx_word' id='word_1_179' title='bbox 3439 817 3599 888; x_wconf 90' lang='lat' dir='ltr'><strong>digm</strong></span> <span class='ocrx_word' id='word_1_180' title='bbox 3638 828 3865 888; x_wconf 84' lang='lat' dir='ltr'><strong>peccata</strong></span> 
     </span>
    </p>
   </div>
   <div class='ocr_carea' id='block_1_24' title="bbox 2260 910 3864 982">
    <p class='ocr_par' dir='ltr' id='par_1_24' title="bbox 2260 910 3864 982">
     <span class='ocr_line' id='line_1_24' title="bbox 2260 910 3864 982; baseline -0.003 -13"><span class='ocrx_word' id='word_1_181' title='bbox 2260 923 2444 969; x_wconf 80' lang='lat' dir='ltr'><strong>nostra</strong></span> <span class='ocrx_word' id='word_1_182' title='bbox 2491 916 2597 970; x_wconf 89' lang='lat' dir='ltr'><strong>tuis</strong></span> <span class='ocrx_word' id='word_1_183' title='bbox 2643 914 2820 969; x_wconf 86' lang='lat' dir='ltr'><strong>videri</strong></span> <span class='ocrx_word' id='word_1_184' title='bbox 2869 913 3059 968; x_wconf 86' lang='lat' dir='ltr'><strong>oculis.</strong></span> <span class='ocrx_word' id='word_1_185' title='bbox 3108 912 3402 982; x_wconf 81' lang='lat' dir='ltr'><strong>Propterea</strong></span> <span class='ocrx_word' id='word_1_186' title='bbox 3471 910 3864 981; x_wconf 83' lang='lat' dir='ltr'><strong>deprecantur.</strong></span> 
     </span>
    </p>
   </div>
   <div class='ocr_carea' id='block_1_25' title="bbox 2259 1002 3866 1076">
    <p class='ocr_par' dir='ltr' id='par_1_25' title="bbox 2259 1002 3866 1076">
     <span class='ocr_line' id='line_1_25' title="bbox 2259 1002 3866 1076; baseline -0.002 -16"><span class='ocrx_word' id='word_1_187' title='bbox 2259 1015 2571 1072; x_wconf 81' lang='lat' dir='ltr'><strong>convertere,</strong></span> <span class='ocrx_word' id='word_1_188' title='bbox 2605 1004 2847 1071; x_wconf 82' lang='lat' dir='ltr'><strong>Domine,</strong></span> <span class='ocrx_word' id='word_1_189' title='bbox 2881 1020 3158 1076; x_wconf 84' lang='lat' dir='ltr'><strong>usquequo.</strong></span> <span class='ocrx_word' id='word_1_190' title='bbox 3193 1003 3335 1058; x_wconf 88' lang='lat' dir='ltr'><strong>Ecce</strong></span> <span class='ocrx_word' id='word_1_191' title='bbox 3363 1002 3475 1073; x_wconf 87' lang='lat' dir='ltr'><strong>jam</strong></span> <span class='ocrx_word' id='word_1_192' title='bbox 3509 1012 3662 1057; x_wconf 67' lang='lat' dir='ltr'><strong>tanta</strong></span> <span class='ocrx_word' id='word_1_193' title='bbox 3697 1002 3866 1057; x_wconf 85' lang='lat' dir='ltr'><strong>ﬂuxe-</strong></span> 
     </span>
    </p>
   </div>
   <div class='ocr_carea' id='block_1_26' title="bbox 2262 1096 3866 1170">
    <p class='ocr_par' dir='ltr' id='par_1_26' title="bbox 2262 1096 3866 1170">
     <span class='ocr_line' id='line_1_26' title="bbox 2262 1096 3866 1170; baseline -0.003 -15"><span class='ocrx_word' id='word_1_194' title='bbox 2262 1109 2388 1155; x_wconf 90' lang='lat' dir='ltr'><strong>runt</strong></span> <span class='ocrx_word' id='word_1_195' title='bbox 2413 1101 2612 1156; x_wconf 67' lang='lat' dir='ltr'><strong>saecula</strong></span> <span class='ocrx_word' id='word_1_196' title='bbox 2647 1118 2660 1153; x_wconf 89' lang='lat'><strong>:</strong></span> <span class='ocrx_word' id='word_1_197' title='bbox 2696 1114 2916 1170; x_wconf 82' lang='lat' dir='ltr'><strong>semper</strong></span> <span class='ocrx_word' id='word_1_198' title='bbox 2946 1107 2998 1155; x_wconf 91' lang='lat' dir='ltr'><strong>te</strong></span> <span class='ocrx_word' id='word_1_199' title='bbox 3033 1097 3310 1168; x_wconf 71' lang='lat' dir='ltr'><strong>propheta:</strong></span> <span class='ocrx_word' id='word_1_200' title='bbox 3338 1108 3631 1153; x_wconf 89' lang='lat' dir='ltr'><strong>venturum</strong></span> <span class='ocrx_word' id='word_1_201' title='bbox 3670 1096 3866 1166; x_wconf 82' lang='lat' dir='ltr'><strong>praedi-</strong></span> 
     </span>
    </p>
   </div>
   <div class='ocr_carea' id='block_1_27' title="bbox 2261 1188 3864 1263">
    <p class='ocr_par' dir='ltr' id='par_1_27' title="bbox 2261 1188 3864 1263">
     <span class='ocr_line' id='line_1_27' title="bbox 2261 1188 3864 1263; baseline -0.003 -17"><span class='ocrx_word' id='word_1_202' title='bbox 2261 1201 2522 1247; x_wconf 88' lang='lat' dir='ltr'><strong>caverunt</strong></span> <span class='ocrx_word' id='word_1_203' title='bbox 2552 1192 2826 1263; x_wconf 81' lang='lat' dir='ltr'><strong>gentibus,</strong></span> <span class='ocrx_word' id='word_1_204' title='bbox 2853 1199 2909 1247; x_wconf 92' lang='lat' dir='ltr'><strong>et</strong></span> <span class='ocrx_word' id='word_1_205' title='bbox 2951 1191 3128 1246; x_wconf 90' lang='lat' dir='ltr'><strong>adhuc</strong></span> <span class='ocrx_word' id='word_1_206' title='bbox 3177 1206 3284 1246; x_wconf 92' lang='lat' dir='ltr'><strong>non</strong></span> <span class='ocrx_word' id='word_1_207' title='bbox 3334 1190 3554 1246; x_wconf 87' lang='lat' dir='ltr'><strong>venisti.</strong></span> <span class='ocrx_word' id='word_1_208' title='bbox 3585 1188 3655 1243; x_wconf 83' lang='lat' dir='ltr'><strong>Et</strong></span> <span class='ocrx_word' id='word_1_209' title='bbox 3697 1189 3864 1262; x_wconf 74' lang='lat' dir='ltr'><strong>dirige</strong></span> 
     </span>
    </p>
   </div>
   <div class='ocr_carea' id='block_1_28' title="bbox 2263 1268 3864 1352">
    <p class='ocr_par' dir='ltr' id='par_1_28' title="bbox 2263 1268 3864 1352">
     <span class='ocr_line' id='line_1_28' title="bbox 2263 1268 3864 1352; baseline -0.001 -17"><span class='ocrx_word' id='word_1_210' title='bbox 2263 1283 2400 1352; x_wconf 79' lang='lat' dir='ltr'><strong>ﬁlios</strong></span> <span class='ocrx_word' id='word_1_211' title='bbox 2423 1283 2710 1338; x_wconf 85' lang='lat' dir='ltr'><strong>hominum.</strong></span> <span class='ocrx_word' id='word_1_212' title='bbox 2735 1283 2836 1351; x_wconf 92' lang='lat' dir='ltr'><strong>Qui</strong></span> <span class='ocrx_word' id='word_1_213' title='bbox 2869 1268 3016 1352; x_wconf 86' lang='lat' dir='ltr'><strong>pravi</strong></span> <span class='ocrx_word' id='word_1_214' title='bbox 3050 1298 3259 1348; x_wconf 88' lang='lat' dir='ltr'><strong>sumus,</strong></span> <span class='ocrx_word' id='word_1_215' title='bbox 3291 1297 3322 1338; x_wconf 91' lang='lat' dir='ltr'><strong>a</strong></span> <span class='ocrx_word' id='word_1_216' title='bbox 3351 1290 3404 1337; x_wconf 92' lang='lat' dir='ltr'><strong>te</strong></span> <span class='ocrx_word' id='word_1_217' title='bbox 3442 1280 3775 1352; x_wconf 85' lang='lat' dir='ltr'><strong>dirigamur.</strong></span> <span class='ocrx_word' id='word_1_218' title='bbox 3801 1280 3864 1334; x_wconf 82' lang='lat' dir='ltr'><strong>Et</strong></span> 
     </span>
    </p>
   </div>
   <div class='ocr_carea' id='block_1_29' title="bbox 2263 1374 3864 1448">
    <p class='ocr_par' dir='ltr' id='par_1_29' title="bbox 2263 1374 3864 1448">
     <span class='ocr_line' id='line_1_29' title="bbox 2263 1374 3864 1448; baseline 0.001 -20"><span class='ocrx_word' id='word_1_219' title='bbox 2263 1377 2430 1448; x_wconf 84' lang='lat' dir='ltr'><strong>dirige</strong></span> <span class='ocrx_word' id='word_1_220' title='bbox 2459 1377 2597 1445; x_wconf 76' lang='lat' dir='ltr'><strong>ﬁlios</strong></span> <span class='ocrx_word' id='word_1_221' title='bbox 2628 1377 2912 1432; x_wconf 86' lang='lat' dir='ltr'><strong>hominum.</strong></span> <span class='ocrx_word' id='word_1_222' title='bbox 2943 1377 3240 1446; x_wconf 84' lang='lat' dir='ltr'><strong>Propterea</strong></span> <span class='ocrx_word' id='word_1_223' title='bbox 3265 1390 3358 1431; x_wconf 86' lang='lat' dir='ltr'><strong>eos</strong></span> <span class='ocrx_word' id='word_1_224' title='bbox 3383 1375 3576 1444; x_wconf 79' lang='lat' dir='ltr'><strong>dirige,</strong></span> <span class='ocrx_word' id='word_1_225' title='bbox 3609 1374 3738 1444; x_wconf 85' lang='lat' dir='ltr'><strong>quia</strong></span> <span class='ocrx_word' id='word_1_226' title='bbox 3773 1374 3864 1430; x_wconf 86' lang='lat' dir='ltr'><strong>filii</strong></span> 
     </span>
    </p>
   </div>
   <div class='ocr_carea' id='block_1_30' title="bbox 2264 1469 3860 1536">
    <p class='ocr_par' dir='ltr' id='par_1_30' title="bbox 2264 1469 3860 1536">
     <span class='ocr_line' id='line_1_30' title="bbox 2264 1469 3860 1536; baseline -0.002 -12"><span class='ocrx_word' id='word_1_227' title='bbox 2264 1469 2545 1525; x_wconf 86' lang='lat' dir='ltr'><strong>hominum</strong></span> <span class='ocrx_word' id='word_1_228' title='bbox 2573 1479 2721 1527; x_wconf 89' lang='lat' dir='ltr'><strong>sunt.</strong></span> <span class='ocrx_word' id='word_1_229' title='bbox 2743 1471 2799 1527; x_wconf 92' lang='lat' dir='ltr'><strong>Si</strong></span> <span class='ocrx_word' id='word_1_230' title='bbox 2823 1471 2966 1526; x_wconf 91' lang='lat' dir='ltr'><strong>enim</strong></span> <span class='ocrx_word' id='word_1_231' title='bbox 2989 1469 3283 1526; x_wconf 87' lang='lat' dir='ltr'><strong>essentfilii</strong></span> <span class='ocrx_word' id='word_1_232' title='bbox 3310 1470 3406 1536; x_wconf 91' lang='lat' dir='ltr'><strong>tui,</strong></span> <span class='ocrx_word' id='word_1_233' title='bbox 3427 1469 3624 1526; x_wconf 76' lang='lat' dir='ltr'><strong>direcﬁ</strong></span> <span class='ocrx_word' id='word_1_234' title='bbox 3654 1479 3860 1524; x_wconf 88' lang='lat' dir='ltr'><strong>essent.</strong></span> 
     </span>
    </p>
   </div>
   <div class='ocr_carea' id='block_1_31' title="bbox 2265 1561 3862 1636">
    <p class='ocr_par' dir='ltr' id='par_1_31' title="bbox 2265 1561 3862 1636">
     <span class='ocr_line' id='line_1_31' title="bbox 2265 1561 3862 1636; baseline 0.001 -19"><span class='ocrx_word' id='word_1_235' title='bbox 2265 1562 2342 1617; x_wconf 92' lang='lat' dir='ltr'><strong>Tu</strong></span> <span class='ocrx_word' id='word_1_236' title='bbox 2387 1569 2535 1619; x_wconf 88' lang='lat' dir='ltr'><strong>enim</strong></span> <span class='ocrx_word' id='word_1_237' title='bbox 2578 1564 2762 1619; x_wconf 83' lang='lat' dir='ltr'><strong>dixisti</strong></span> <span class='ocrx_word' id='word_1_238' title='bbox 2793 1583 2806 1618; x_wconf 88' lang='lat'><strong>:</strong></span> <span class='ocrx_word' id='word_1_239' title='bbox 2840 1564 2954 1636; x_wconf 90' lang='lat' dir='ltr'><strong>Ego</strong></span> <span class='ocrx_word' id='word_1_240' title='bbox 2986 1564 3115 1633; x_wconf 93' lang='lat' dir='ltr'><strong>dixi,</strong></span> <span class='ocrx_word' id='word_1_241' title='bbox 3143 1561 3216 1618; x_wconf 93' lang='lat' dir='ltr'><strong>dii</strong></span> <span class='ocrx_word' id='word_1_242' title='bbox 3245 1568 3399 1630; x_wconf 90' lang='lat' dir='ltr'><strong>estis,</strong></span> <span class='ocrx_word' id='word_1_243' title='bbox 3433 1573 3486 1618; x_wconf 90' lang='lat' dir='ltr'><strong>et</strong></span> <span class='ocrx_word' id='word_1_244' title='bbox 3518 1562 3615 1617; x_wconf 88' lang='lat' dir='ltr'><strong>filii</strong></span> <span class='ocrx_word' id='word_1_245' title='bbox 3651 1562 3862 1619; x_wconf 87' lang='lat' dir='ltr'><strong>Excelsi</strong></span> 
     </span>
    </p>
   </div>
   <div class='ocr_carea' id='block_1_32' title="bbox 2264 1657 3864 1729">
    <p class='ocr_par' dir='ltr' id='par_1_32' title="bbox 2264 1657 3864 1729">
     <span class='ocr_line' id='line_1_32' title="bbox 2264 1657 3864 1729; baseline 0.002 -18"><span class='ocrx_word' id='word_1_246' title='bbox 2264 1671 2452 1712; x_wconf 90' lang='lat' dir='ltr'><strong>omnes</strong></span> <span class='ocrx_word' id='word_1_247' title='bbox 2492 1657 2665 1729; x_wconf 84' lang='lat' dir='ltr'><strong>(Psal.</strong></span> <span class='ocrx_word' id='word_1_248' title='bbox 2706 1658 2920 1729; x_wconf 77' lang='lat' dir='ltr'><strong>Lxxxt).</strong></span> <span class='ocrx_word' id='word_1_249' title='bbox 2943 1658 3047 1713; x_wconf 84' lang='lat' dir='ltr'><strong>Vos</strong></span> <span class='ocrx_word' id='word_1_250' title='bbox 3083 1668 3263 1714; x_wconf 90' lang='lat' dir='ltr'><strong>autem</strong></span> <span class='ocrx_word' id='word_1_251' title='bbox 3293 1667 3352 1712; x_wconf 92' lang='lat' dir='ltr'><strong>ut</strong></span> <span class='ocrx_word' id='word_1_252' title='bbox 3380 1657 3631 1712; x_wconf 85' lang='lat' dir='ltr'><strong>homines</strong></span> <span class='ocrx_word' id='word_1_253' title='bbox 3664 1658 3864 1714; x_wconf 86' lang='lat' dir='ltr'><strong>morie-</strong></span> 
     </span>
    </p>
   </div>
   <div class='ocr_carea' id='block_1_33' title="bbox 571 1743 3861 1829">
    <p class='ocr_par' dir='ltr' id='par_1_33' title="bbox 571 1743 3861 1829">
     <span class='ocr_line' id='line_1_33' title="bbox 571 1743 3861 1829; baseline -0.001 -21"><span class='ocrx_word' id='word_1_254' title='bbox 571 1765 783 1825; x_wconf 78' lang='lat' dir='ltr'><strong>nostra,</strong></span> <span class='ocrx_word' id='word_1_255' title='bbox 816 1767 870 1815; x_wconf 85' lang='lat' dir='ltr'><strong>et</strong></span> <span class='ocrx_word' id='word_1_256' title='bbox 901 1774 1004 1828; x_wconf 75' lang='lat' dir='ltr'><strong>pax</strong></span> <span class='ocrx_word' id='word_1_257' title='bbox 1032 1775 1152 1829; x_wconf 72' lang='lat' dir='ltr'><strong>qua:</strong></span> <span class='ocrx_word' id='word_1_258' title='bbox 1189 1768 1486 1829; x_wconf 74' lang='lat' dir='ltr'><strong>exsuperat</strong></span> <span class='ocrx_word' id='word_1_259' title='bbox 1523 1773 1738 1814; x_wconf 81' lang='lat' dir='ltr'><strong>omnem</strong></span> <span class='ocrx_word' id='word_1_260' title='bbox 1771 1757 2014 1829; x_wconf 78' lang='lat' dir='ltr'><strong>sensum)</strong></span> <span class='ocrx_word' id='word_1_261' title='bbox 2045 1757 2162 1828; x_wconf 78' lang='lat' dir='ltr'><strong>ipse</strong></span> <span class='ocrx_word' id='word_1_262' title='bbox 2193 1743 2240 1804; x_wconf 91' lang='lat' dir='ltr'><strong>B</strong></span> <span class='ocrx_word' id='word_1_263' title='bbox 2268 1751 2488 1819; x_wconf 88' lang='lat' dir='ltr'><strong>mini,ct</strong></span> <span class='ocrx_word' id='word_1_264' title='bbox 2513 1752 2665 1822; x_wconf 91' lang='lat' dir='ltr'><strong>quasi</strong></span> <span class='ocrx_word' id='word_1_265' title='bbox 2696 1768 2834 1807; x_wconf 90' lang='lat' dir='ltr'><strong>unus</strong></span> <span class='ocrx_word' id='word_1_266' title='bbox 2863 1753 2932 1809; x_wconf 92' lang='lat' dir='ltr'><strong>de</strong></span> <span class='ocrx_word' id='word_1_267' title='bbox 2964 1753 3302 1823; x_wconf 87' lang='lat' dir='ltr'><strong>principibus</strong></span> <span class='ocrx_word' id='word_1_268' title='bbox 3322 1753 3553 1808; x_wconf 88' lang='lat' dir='ltr'><strong>cadetis.</strong></span> <span class='ocrx_word' id='word_1_269' title='bbox 3587 1753 3656 1806; x_wconf 88' lang='lat' dir='ltr'><strong>Et</strong></span> <span class='ocrx_word' id='word_1_270' title='bbox 3684 1753 3739 1806; x_wconf 91' lang='lat' dir='ltr'><strong>in</strong></span> <span class='ocrx_word' id='word_1_271' title='bbox 3757 1752 3861 1806; x_wconf 90' lang='lat' dir='ltr'><strong>alio</strong></span> 
     </span>
    </p>
   </div>
   <div class='ocr_carea' id='block_1_34' title="bbox 570 1849 2158 1921">
    <p class='ocr_par' dir='ltr' id='par_1_34' title="bbox 570 1849 2158 1921">
     <span class='ocr_line' id='line_1_34' title="bbox 570 1849 2158 1921; baseline -0.001 -15"><span class='ocrx_word' id='word_1_272' title='bbox 570 1849 861 1906; x_wconf 64' lang='lat' dir='ltr'><strong>aedificavit</strong></span> <span class='ocrx_word' id='word_1_273' title='bbox 891 1849 1151 1921; x_wconf 91' lang='lat' dir='ltr'><strong>templum</strong></span> <span class='ocrx_word' id='word_1_274' title='bbox 1186 1849 1318 1906; x_wconf 91' lang='lat' dir='ltr'><strong>Deo.</strong></span> <span class='ocrx_word' id='word_1_275' title='bbox 1350 1850 1413 1906; x_wconf 89' lang='lat' dir='ltr'><strong>Et</strong></span> <span class='ocrx_word' id='word_1_276' title='bbox 1447 1849 1570 1905; x_wconf 90' lang='lat' dir='ltr'><strong>vide</strong></span> <span class='ocrx_word' id='word_1_277' title='bbox 1603 1850 1677 1904; x_wconf 91' lang='lat' dir='ltr'><strong>ibi</strong></span> <span class='ocrx_word' id='word_1_278' title='bbox 1717 1849 1998 1921; x_wconf 89' lang='lat' dir='ltr'><strong>Scriptura</strong></span> <span class='ocrx_word' id='word_1_279' title='bbox 2030 1849 2158 1920; x_wconf 89' lang='lat' dir='ltr'><strong>quid</strong></span> 
     </span>
    </p>
   </div>
   <div class='ocr_carea' id='block_1_35' title="bbox 568 1941 2158 2014">
    <p class='ocr_par' dir='ltr' id='par_1_35' title="bbox 568 1941 2158 2014">
     <span class='ocr_line' id='line_1_35' title="bbox 568 1941 2158 2014; baseline 0 -16"><span class='ocrx_word' id='word_1_280' title='bbox 568 1941 731 1998; x_wconf 87' lang='lat' dir='ltr'><strong>dicat.</strong></span> <span class='ocrx_word' id='word_1_281' title='bbox 793 1941 862 1997; x_wconf 87' lang='lat' dir='ltr'><strong>Et</strong></span> <span class='ocrx_word' id='word_1_282' title='bbox 926 1951 1115 2009; x_wconf 89' lang='lat' dir='ltr'><strong>erant,</strong></span> <span class='ocrx_word' id='word_1_283' title='bbox 1159 1943 1368 2013; x_wconf 90' lang='lat' dir='ltr'><strong>inquit,</strong></span> <span class='ocrx_word' id='word_1_284' title='bbox 1429 1943 1753 1999; x_wconf 88' lang='lat' dir='ltr'><strong>latomorum</strong></span> <span class='ocrx_word' id='word_1_285' title='bbox 1819 1943 2158 2014; x_wconf 79' lang='lat' dir='ltr'><strong>septuaginta</strong></span> 
     </span>
    </p>
   </div>
   <div class='ocr_carea' id='block_1_36' title="bbox 573 2033 2161 2106">
    <p class='ocr_par' dir='ltr' id='par_1_36' title="bbox 573 2033 2161 2106">
     <span class='ocr_line' id='line_1_36' title="bbox 573 2033 2161 2106; baseline 0.001 -18"><span class='ocrx_word' id='word_1_286' title='bbox 573 2033 771 2101; x_wconf 86' lang='lat' dir='ltr'><strong>millia,</strong></span> <span class='ocrx_word' id='word_1_287' title='bbox 832 2041 883 2089; x_wconf 89' lang='lat' dir='ltr'><strong>et</strong></span> <span class='ocrx_word' id='word_1_288' title='bbox 937 2049 1125 2089; x_wconf 91' lang='lat' dir='ltr'><strong>eorum</strong></span> <span class='ocrx_word' id='word_1_289' title='bbox 1177 2034 1269 2104; x_wconf 91' lang='lat' dir='ltr'><strong>qui</strong></span> <span class='ocrx_word' id='word_1_290' title='bbox 1323 2035 1611 2105; x_wconf 89' lang='lat' dir='ltr'><strong>portabant</strong></span> <span class='ocrx_word' id='word_1_291' title='bbox 1664 2037 1936 2106; x_wconf 81' lang='lat' dir='ltr'><strong>octoginta</strong></span> <span class='ocrx_word' id='word_1_292' title='bbox 1991 2036 2161 2092; x_wconf 90' lang='lat' dir='ltr'><strong>millia</strong></span> 
     </span>
    </p>
   </div>
   <div class='ocr_carea' id='block_1_37' title="bbox 567 2121 2161 2199">
    <p class='ocr_par' dir='ltr' id='par_1_37' title="bbox 567 2121 2161 2199">
     <span class='ocr_line' id='line_1_37' title="bbox 567 2121 2161 2199; baseline 0.003 -20"><span class='ocrx_word' id='word_1_293' title='bbox 567 2121 659 2198; x_wconf 82' lang='lat' dir='ltr'><strong>(Ill</strong></span> <span class='ocrx_word' id='word_1_294' title='bbox 701 2124 834 2199; x_wconf 84' lang='lat' dir='ltr'><strong>Reg.</strong></span> <span class='ocrx_word' id='word_1_295' title='bbox 877 2126 952 2196; x_wconf 89' lang='lat' dir='ltr'><strong>v).</strong></span> <span class='ocrx_word' id='word_1_296' title='bbox 990 2126 1185 2182; x_wconf 80' lang='lat' dir='ltr'><strong>Videte</strong></span> <span class='ocrx_word' id='word_1_297' title='bbox 1223 2143 1531 2184; x_wconf 90' lang='lat' dir='ltr'><strong>numerum.</strong></span> <span class='ocrx_word' id='word_1_298' title='bbox 1572 2127 1782 2184; x_wconf 89' lang='lat' dir='ltr'><strong>Latomi</strong></span> <span class='ocrx_word' id='word_1_299' title='bbox 1825 2130 1915 2198; x_wconf 88' lang='lat' dir='ltr'><strong>qui</strong></span> <span class='ocrx_word' id='word_1_300' title='bbox 1953 2129 2161 2198; x_wconf 89' lang='lat' dir='ltr'><strong>lapides</strong></span> 
     </span>
    </p>
   </div>
   <div class='ocr_carea' id='block_1_38' title="bbox 566 2219 2158 2290">
    <p class='ocr_par' dir='ltr' id='par_1_38' title="bbox 566 2219 2158 2290">
     <span class='ocr_line' id='line_1_38' title="bbox 566 2219 2158 2290; baseline 0 -16"><span class='ocrx_word' id='word_1_301' title='bbox 566 2219 802 2284; x_wconf 79' lang='lat' dir='ltr'><strong>caedunt,</strong></span> <span class='ocrx_word' id='word_1_302' title='bbox 834 2220 923 2289; x_wconf 91' lang='lat' dir='ltr'><strong>qui</strong></span> <span class='ocrx_word' id='word_1_303' title='bbox 965 2220 1119 2290; x_wconf 90' lang='lat' dir='ltr'><strong>quasi</strong></span> <span class='ocrx_word' id='word_1_304' title='bbox 1155 2221 1508 2276; x_wconf 85' lang='lat' dir='ltr'><strong>fundamenta</strong></span> <span class='ocrx_word' id='word_1_305' title='bbox 1545 2219 1897 2275; x_wconf 69' lang='lat' dir='ltr'><strong>aediﬁciorum</strong></span> <span class='ocrx_word' id='word_1_306' title='bbox 1947 2236 2158 2290; x_wconf 85' lang='lat' dir='ltr'><strong>praepa-</strong></span> 
     </span>
    </p>
   </div>
   <div class='ocr_carea' id='block_1_39' title="bbox 566 2309 2161 2382">
    <p class='ocr_par' dir='ltr' id='par_1_39' title="bbox 566 2309 2161 2382">
     <span class='ocr_line' id='line_1_39' title="bbox 566 2309 2161 2382; baseline 0.003 -18"><span class='ocrx_word' id='word_1_307' title='bbox 566 2321 710 2376; x_wconf 84' lang='lat' dir='ltr'><strong>rant,</strong></span> <span class='ocrx_word' id='word_1_308' title='bbox 737 2310 828 2381; x_wconf 87' lang='lat' dir='ltr'><strong>qui</strong></span> <span class='ocrx_word' id='word_1_309' title='bbox 861 2309 1071 2380; x_wconf 91' lang='lat' dir='ltr'><strong>lapides</strong></span> <span class='ocrx_word' id='word_1_310' title='bbox 1101 2311 1168 2365; x_wconf 93' lang='lat' dir='ltr'><strong>ad</strong></span> <span class='ocrx_word' id='word_1_311' title='bbox 1201 2311 1581 2368; x_wconf 66' lang='lat' dir='ltr'><strong>aediﬁcandum</strong></span> <span class='ocrx_word' id='word_1_312' title='bbox 1619 2310 1674 2366; x_wconf 91' lang='lat' dir='ltr'><strong>in</strong></span> <span class='ocrx_word' id='word_1_313' title='bbox 1719 2313 1922 2382; x_wconf 91' lang='lat' dir='ltr'><strong>templo</strong></span> <span class='ocrx_word' id='word_1_314' title='bbox 1963 2313 2060 2368; x_wconf 85' lang='lat' dir='ltr'><strong>Dei</strong></span> <span class='ocrx_word' id='word_1_315' title='bbox 2089 2312 2161 2369; x_wconf 86' lang='lat' dir='ltr'><strong>de</strong></span> 
     </span>
    </p>
   </div>
   <div class='ocr_carea' id='block_1_40' title="bbox 569 2402 2162 2474">
    <p class='ocr_par' dir='ltr' id='par_1_40' title="bbox 569 2402 2162 2474">
     <span class='ocr_line' id='line_1_40' title="bbox 569 2402 2162 2474; baseline 0.002 -18"><span class='ocrx_word' id='word_1_316' title='bbox 569 2409 713 2456; x_wconf 91' lang='lat' dir='ltr'><strong>terra</strong></span> <span class='ocrx_word' id='word_1_317' title='bbox 750 2402 970 2468; x_wconf 88' lang='lat' dir='ltr'><strong>tollunt,</strong></span> <span class='ocrx_word' id='word_1_318' title='bbox 995 2403 1048 2456; x_wconf 93' lang='lat' dir='ltr'><strong>in</strong></span> <span class='ocrx_word' id='word_1_319' title='bbox 1073 2403 1310 2472; x_wconf 91' lang='lat' dir='ltr'><strong>septimo</strong></span> <span class='ocrx_word' id='word_1_320' title='bbox 1343 2418 1573 2458; x_wconf 85' lang='lat' dir='ltr'><strong>numero</strong></span> <span class='ocrx_word' id='word_1_321' title='bbox 1620 2411 1918 2473; x_wconf 89' lang='lat' dir='ltr'><strong>ponuntur,</strong></span> <span class='ocrx_word' id='word_1_322' title='bbox 1951 2403 2003 2458; x_wconf 91' lang='lat' dir='ltr'><strong>in</strong></span> <span class='ocrx_word' id='word_1_323' title='bbox 2036 2419 2162 2474; x_wconf 90' lang='lat' dir='ltr'><strong>pro-</strong></span> 
     </span>
    </p>
   </div>
   <div class='ocr_carea' id='block_1_41' title="bbox 563 2495 2161 2568">
    <p class='ocr_par' dir='ltr' id='par_1_41' title="bbox 563 2495 2161 2568">
     <span class='ocr_line' id='line_1_41' title="bbox 563 2495 2161 2568; baseline 0.003 -19"><span class='ocrx_word' id='word_1_324' title='bbox 563 2495 766 2567; x_wconf 89' lang='lat' dir='ltr'><strong>phetis,</strong></span> <span class='ocrx_word' id='word_1_325' title='bbox 801 2496 852 2550; x_wconf 92' lang='lat' dir='ltr'><strong>in</strong></span> <span class='ocrx_word' id='word_1_326' title='bbox 901 2496 1250 2566; x_wconf 90' lang='lat' dir='ltr'><strong>patriarchis.</strong></span> <span class='ocrx_word' id='word_1_327' title='bbox 1307 2497 1386 2551; x_wconf 94' lang='lat' dir='ltr'><strong>llli</strong></span> <span class='ocrx_word' id='word_1_328' title='bbox 1433 2497 1583 2553; x_wconf 90' lang='lat' dir='ltr'><strong>enim</strong></span> <span class='ocrx_word' id='word_1_329' title='bbox 1635 2497 1932 2552; x_wconf 90' lang='lat' dir='ltr'><strong>humanum</strong></span> <span class='ocrx_word' id='word_1_330' title='bbox 1988 2512 2161 2568; x_wconf 88' lang='lat' dir='ltr'><strong>genus</strong></span> 
     </span>
    </p>
   </div>
   <div class='ocr_carea' id='block_1_42' title="bbox 565 2587 2162 2661">
    <p class='ocr_par' dir='ltr' id='par_1_42' title="bbox 565 2587 2162 2661">
     <span class='ocr_line' id='line_1_42' title="bbox 565 2587 2162 2661; baseline 0.004 -21"><span class='ocrx_word' id='word_1_331' title='bbox 565 2589 718 2658; x_wconf 88' lang='lat' dir='ltr'><strong>quasi</strong></span> <span class='ocrx_word' id='word_1_332' title='bbox 747 2587 816 2643; x_wconf 92' lang='lat' dir='ltr'><strong>de</strong></span> <span class='ocrx_word' id='word_1_333' title='bbox 846 2596 990 2642; x_wconf 88' lang='lat' dir='ltr'><strong>terra</strong></span> <span class='ocrx_word' id='word_1_334' title='bbox 1024 2588 1327 2659; x_wconf 91' lang='lat' dir='ltr'><strong>ejicientes,</strong></span> <span class='ocrx_word' id='word_1_335' title='bbox 1356 2589 1411 2643; x_wconf 93' lang='lat' dir='ltr'><strong>in</strong></span> <span class='ocrx_word' id='word_1_336' title='bbox 1463 2589 1724 2660; x_wconf 90' lang='lat' dir='ltr'><strong>templum</strong></span> <span class='ocrx_word' id='word_1_337' title='bbox 1764 2591 1980 2646; x_wconf 91' lang='lat' dir='ltr'><strong>Domini</strong></span> <span class='ocrx_word' id='word_1_338' title='bbox 2023 2607 2162 2661; x_wconf 77' lang='lat' dir='ltr'><strong>prte-</strong></span> 
     </span>
    </p>
   </div>
   <div class='ocr_carea' id='block_1_43' title="bbox 564 2680 2157 2753">
    <p class='ocr_par' dir='ltr' id='par_1_43' title="bbox 564 2680 2157 2753">
     <span class='ocr_line' id='line_1_43' title="bbox 564 2680 2157 2753; baseline 0.001 -18"><span class='ocrx_word' id='word_1_339' title='bbox 564 2689 916 2752; x_wconf 84' lang='lat' dir='ltr'><strong>paraverunt.</strong></span> <span class='ocrx_word' id='word_1_340' title='bbox 965 2680 1060 2736; x_wconf 91' lang='lat' dir='ltr'><strong>lsti</strong></span> <span class='ocrx_word' id='word_1_341' title='bbox 1111 2695 1271 2748; x_wconf 91' lang='lat' dir='ltr'><strong>vero,</strong></span> <span class='ocrx_word' id='word_1_342' title='bbox 1327 2681 1429 2736; x_wconf 89' lang='lat' dir='ltr'><strong>hoc</strong></span> <span class='ocrx_word' id='word_1_343' title='bbox 1462 2690 1569 2748; x_wconf 91' lang='lat' dir='ltr'><strong>est,</strong></span> <span class='ocrx_word' id='word_1_344' title='bbox 1615 2683 1885 2753; x_wconf 78' lang='lat' dir='ltr'><strong>octoginta</strong></span> <span class='ocrx_word' id='word_1_345' title='bbox 1948 2683 2157 2737; x_wconf 91' lang='lat' dir='ltr'><strong>millia:</strong></span> 
     </span>
    </p>
   </div>
   <div class='ocr_carea' id='block_1_44' title="bbox 565 2774 2158 2847">
    <p class='ocr_par' dir='ltr' id='par_1_44' title="bbox 565 2774 2158 2847">
     <span class='ocr_line' id='line_1_44' title="bbox 565 2774 2158 2847; baseline 0.001 -18"><span class='ocrx_word' id='word_1_346' title='bbox 565 2774 878 2844; x_wconf 85' lang='lat' dir='ltr'><strong>Apostolica</strong></span> <span class='ocrx_word' id='word_1_347' title='bbox 910 2775 1230 2845; x_wconf 84' lang='lat' dir='ltr'><strong>praedicatio</strong></span> <span class='ocrx_word' id='word_1_348' title='bbox 1284 2784 1340 2831; x_wconf 92' lang='lat' dir='ltr'><strong>et</strong></span> <span class='ocrx_word' id='word_1_349' title='bbox 1373 2775 1695 2846; x_wconf 86' lang='lat' dir='ltr'><strong>Evangelica</strong></span> <span class='ocrx_word' id='word_1_350' title='bbox 1724 2793 1736 2830; x_wconf 94' lang='lat'>:</span> <span class='ocrx_word' id='word_1_351' title='bbox 1772 2776 1860 2830; x_wconf 90' lang='lat' dir='ltr'><strong>isti</strong></span> <span class='ocrx_word' id='word_1_352' title='bbox 1901 2777 1990 2847; x_wconf 92' lang='lat' dir='ltr'><strong>qui</strong></span> <span class='ocrx_word' id='word_1_353' title='bbox 2036 2792 2158 2831; x_wconf 91' lang='lat' dir='ltr'><strong>cum</strong></span> 
     </span>
    </p>
   </div>
   <div class='ocr_carea' id='block_1_45' title="bbox 565 2866 2157 2940">
    <p class='ocr_par' dir='ltr' id='par_1_45' title="bbox 565 2866 2157 2940">
     <span class='ocr_line' id='line_1_45' title="bbox 565 2866 2157 2940; baseline 0 -16"><span class='ocrx_word' id='word_1_354' title='bbox 565 2866 678 2924; x_wconf 90' lang='lat' dir='ltr'><strong>Deo</strong></span> <span class='ocrx_word' id='word_1_355' title='bbox 726 2867 1014 2924; x_wconf 88' lang='lat' dir='ltr'><strong>Salvatore</strong></span> <span class='ocrx_word' id='word_1_356' title='bbox 1062 2877 1116 2923; x_wconf 91' lang='lat' dir='ltr'><strong>et</strong></span> <span class='ocrx_word' id='word_1_357' title='bbox 1177 2869 1294 2938; x_wconf 89' lang='lat' dir='ltr'><strong>ipso</strong></span> <span class='ocrx_word' id='word_1_358' title='bbox 1345 2868 1638 2924; x_wconf 88' lang='lat' dir='ltr'><strong>Salomone</strong></span> <span class='ocrx_word' id='word_1_359' title='bbox 1680 2868 1864 2939; x_wconf 85' lang='lat' dir='ltr'><strong>gravia</strong></span> <span class='ocrx_word' id='word_1_360' title='bbox 1919 2869 2157 2940; x_wconf 89' lang='lat' dir='ltr'><strong>gentium</strong></span> 
     </span>
    </p>
   </div>
   <div class='ocr_carea' id='block_1_46' title="bbox 561 2961 2160 3033">
    <p class='ocr_par' dir='ltr' id='par_1_46' title="bbox 561 2961 2160 3033">
     <span class='ocr_line' id='line_1_46' title="bbox 561 2961 2160 3033; baseline 0.002 -17"><span class='ocrx_word' id='word_1_361' title='bbox 561 2970 783 3032; x_wconf 85' lang='lat' dir='ltr'><strong>peccata</strong></span> <span class='ocrx_word' id='word_1_362' title='bbox 833 2961 1147 3031; x_wconf 87' lang='lat' dir='ltr'><strong>portabant.</strong></span> <span class='ocrx_word' id='word_1_363' title='bbox 1182 2961 1477 3033; x_wconf 80' lang='lat' dir='ltr'><strong>[lucusque</strong></span> <span class='ocrx_word' id='word_1_364' title='bbox 1528 2961 1742 3018; x_wconf 91' lang='lat' dir='ltr'><strong>videtur</strong></span> <span class='ocrx_word' id='word_1_365' title='bbox 1783 2962 1995 3018; x_wconf 88' lang='lat' dir='ltr'><strong>finitum</strong></span> <span class='ocrx_word' id='word_1_366' title='bbox 2038 2977 2160 3020; x_wconf 91' lang='lat' dir='ltr'><strong>esse</strong></span> 
     </span>
    </p>
   </div>
   <div class='ocr_carea' id='block_1_47' title="bbox 564 3054 2160 3128">
    <p class='ocr_par' dir='ltr' id='par_1_47' title="bbox 564 3054 2160 3128">
     <span class='ocr_line' id='line_1_47' title="bbox 564 3054 2160 3128; baseline 0.002 -18"><span class='ocrx_word' id='word_1_367' title='bbox 564 3054 909 3126; x_wconf 87' lang='lat' dir='ltr'><strong>mysterium.</strong></span> <span class='ocrx_word' id='word_1_368' title='bbox 944 3055 1141 3111; x_wconf 86' lang='lat' dir='ltr'><strong>Audite</strong></span> <span class='ocrx_word' id='word_1_369' title='bbox 1187 3055 1394 3126; x_wconf 87' lang='lat' dir='ltr'><strong>majora</strong></span> <span class='ocrx_word' id='word_1_370' title='bbox 1426 3057 1712 3127; x_wconf 84' lang='lat' dir='ltr'><strong>mysteria.</strong></span> <span class='ocrx_word' id='word_1_371' title='bbox 1741 3057 1810 3112; x_wconf 87' lang='lat' dir='ltr'><strong>Et</strong></span> <span class='ocrx_word' id='word_1_372' title='bbox 1853 3058 1942 3128; x_wconf 92' lang='lat' dir='ltr'><strong>qui</strong></span> <span class='ocrx_word' id='word_1_373' title='bbox 1990 3073 2160 3128; x_wconf 67' lang='lat' dir='ltr'><strong>prme-</strong></span> 
     </span>
    </p>
   </div>
   <div class='ocr_carea' id='block_1_48' title="bbox 564 3145 2156 3218">
    <p class='ocr_par' dir='ltr' id='par_1_48' title="bbox 564 3145 2156 3218">
     <span class='ocr_line' id='line_1_48' title="bbox 564 3145 2156 3218; baseline 0.003 -17"><span class='ocrx_word' id='word_1_374' title='bbox 564 3154 711 3214; x_wconf 88' lang='lat' dir='ltr'><strong>rant,</strong></span> <span class='ocrx_word' id='word_1_375' title='bbox 747 3145 943 3217; x_wconf 88' lang='lat' dir='ltr'><strong>inquit,</strong></span> <span class='ocrx_word' id='word_1_376' title='bbox 987 3145 1108 3202; x_wconf 88' lang='lat' dir='ltr'><strong>istis</strong></span> <span class='ocrx_word' id='word_1_377' title='bbox 1165 3146 1422 3218; x_wconf 86' lang='lat' dir='ltr'><strong>operibus</strong></span> <span class='ocrx_word' id='word_1_378' title='bbox 1472 3157 1526 3202; x_wconf 92' lang='lat' dir='ltr'><strong>et</strong></span> <span class='ocrx_word' id='word_1_379' title='bbox 1573 3148 1796 3218; x_wconf 91' lang='lat' dir='ltr'><strong>templo,</strong></span> <span class='ocrx_word' id='word_1_380' title='bbox 1840 3150 1939 3204; x_wconf 90' lang='lat' dir='ltr'><strong>tria</strong></span> <span class='ocrx_word' id='word_1_381' title='bbox 1987 3150 2156 3205; x_wconf 90' lang='lat' dir='ltr'><strong>millia</strong></span> 
     </span>
    </p>
   </div>
   <div class='ocr_carea' id='block_1_49' title="bbox 563 3238 2159 3315">
    <p class='ocr_par' dir='ltr' id='par_1_49' title="bbox 563 3238 2159 3315">
     <span class='ocr_line' id='line_1_49' title="bbox 563 3238 2159 3315; baseline 0.004 -21"><span class='ocrx_word' id='word_1_382' title='bbox 563 3247 741 3295; x_wconf 90' lang='lat' dir='ltr'><strong>erant.</strong></span> <span class='ocrx_word' id='word_1_383' title='bbox 771 3238 890 3294; x_wconf 86' lang='lat' dir='ltr'><strong>Non</strong></span> <span class='ocrx_word' id='word_1_384' title='bbox 923 3248 1153 3310; x_wconf 90' lang='lat' dir='ltr'><strong>possunt</strong></span> <span class='ocrx_word' id='word_1_385' title='bbox 1201 3256 1322 3296; x_wconf 90' lang='lat' dir='ltr'><strong>esse</strong></span> <span class='ocrx_word' id='word_1_386' title='bbox 1376 3241 1629 3311; x_wconf 87' lang='lat' dir='ltr'><strong>majores.</strong></span> <span class='ocrx_word' id='word_1_387' title='bbox 1663 3244 1730 3298; x_wconf 89' lang='lat' dir='ltr'><strong>Et</strong></span> <span class='ocrx_word' id='word_1_388' title='bbox 1775 3244 1866 3312; x_wconf 89' lang='lat' dir='ltr'><strong>qui</strong></span> <span class='ocrx_word' id='word_1_389' title='bbox 1913 3254 2159 3315; x_wconf 64' lang='lat' dir='ltr'><strong>praesunt</strong></span> 
     </span>
    </p>
   </div>
   <div class='ocr_carea' id='block_1_50' title="bbox 561 3330 2158 3404">
    <p class='ocr_par' dir='ltr' id='par_1_50' title="bbox 561 3330 2158 3404">
     <span class='ocr_line' id='line_1_50' title="bbox 561 3330 2158 3404; baseline 0.003 -18"><span class='ocrx_word' id='word_1_390' title='bbox 561 3330 842 3401; x_wconf 89' lang='lat' dir='ltr'><strong>operibus,</strong></span> <span class='ocrx_word' id='word_1_391' title='bbox 876 3332 979 3386; x_wconf 89' lang='lat' dir='ltr'><strong>nisi</strong></span> <span class='ocrx_word' id='word_1_392' title='bbox 1027 3331 1104 3386; x_wconf 93' lang='lat' dir='ltr'><strong>illi</strong></span> <span class='ocrx_word' id='word_1_393' title='bbox 1155 3333 1246 3402; x_wconf 92' lang='lat' dir='ltr'><strong>qui</strong></span> <span class='ocrx_word' id='word_1_394' title='bbox 1296 3332 1595 3404; x_wconf 71' lang='lat' dir='ltr'><strong>praedicant</strong></span> <span class='ocrx_word' id='word_1_395' title='bbox 1634 3333 2006 3390; x_wconf 89' lang='lat' dir='ltr'><strong>Trinitatem?</strong></span> <span class='ocrx_word' id='word_1_396' title='bbox 2038 3338 2158 3392; x_wconf 85' lang='lat' dir='ltr'><strong>Dies</strong></span> 
     </span>
    </p>
   </div>
   <div class='ocr_carea' id='block_1_51' title="bbox 556 3425 2156 3496">
    <p class='ocr_par' dir='ltr' id='par_1_51' title="bbox 556 3425 2156 3496">
     <span class='ocr_line' id='line_1_51' title="bbox 556 3425 2156 3496; baseline 0.003 -19"><span class='ocrx_word' id='word_1_397' title='bbox 556 3438 814 3477; x_wconf 85' lang='lat' dir='ltr'><strong>annorum</strong></span> <span class='ocrx_word' id='word_1_398' title='bbox 841 3432 1136 3479; x_wconf 84' lang='lat' dir='ltr'><strong>nostrorum</strong></span> <span class='ocrx_word' id='word_1_399' title='bbox 1164 3425 1216 3477; x_wconf 90' lang='lat' dir='ltr'><strong>in</strong></span> <span class='ocrx_word' id='word_1_400' title='bbox 1246 3425 1372 3496; x_wconf 84' lang='lat' dir='ltr'><strong>ipsis</strong></span> <span class='ocrx_word' id='word_1_401' title='bbox 1403 3426 1736 3495; x_wconf 84' lang='lat' dir='ltr'><strong>septuaginta</strong></span> <span class='ocrx_word' id='word_1_402' title='bbox 1765 3429 1941 3482; x_wconf 87' lang='lat' dir='ltr'><strong>annis.</strong></span> <span class='ocrx_word' id='word_1_403' title='bbox 1989 3427 2156 3482; x_wconf 86' lang='lat' dir='ltr'><strong>Multa</strong></span> 
     </span>
    </p>
   </div>
   <div class='ocr_carea' id='block_1_52' title="bbox 559 3517 1799 3589">
    <p class='ocr_par' dir='ltr' id='par_1_52' title="bbox 559 3517 1799 3589">
     <span class='ocr_line' id='line_1_52' title="bbox 559 3517 1799 3589; baseline 0.002 -15"><span class='ocrx_word' id='word_1_404' title='bbox 559 3527 682 3574; x_wconf 89' lang='lat' dir='ltr'><strong>sunt</strong></span> <span class='ocrx_word' id='word_1_405' title='bbox 703 3533 821 3589; x_wconf 68' lang='lat' dir='ltr'><strong>qua:</strong></span> <span class='ocrx_word' id='word_1_406' title='bbox 847 3517 1118 3586; x_wconf 89' lang='lat' dir='ltr'><strong>dicantur,</strong></span> <span class='ocrx_word' id='word_1_407' title='bbox 1151 3518 1246 3573; x_wconf 83' lang='lat' dir='ltr'><strong>sed</strong></span> <span class='ocrx_word' id='word_1_408' title='bbox 1276 3517 1410 3572; x_wconf 89' lang='lat' dir='ltr'><strong>hora</strong></span> <span class='ocrx_word' id='word_1_409' title='bbox 1438 3519 1799 3576; x_wconf 87' lang='lat' dir='ltr'><strong>excludimur.</strong></span> 
     </span>
    </p>
   </div>
   <div class='ocr_carea' id='block_1_53' title="bbox 634 3606 2158 3681">
    <p class='ocr_par' dir='ltr' id='par_1_53' title="bbox 634 3606 2158 3681">
     <span class='ocr_line' id='line_1_53' title="bbox 634 3606 2158 3681; baseline 0.005 -21"><span class='ocrx_word' id='word_1_410' title='bbox 634 3606 916 3663; x_wconf 71' lang='lat' dir='ltr'><strong>Dexteram</strong></span> <span class='ocrx_word' id='word_1_411' title='bbox 950 3616 1093 3662; x_wconf 85' lang='lat' dir='ltr'><strong>tuam</strong></span> <span class='ocrx_word' id='word_1_412' title='bbox 1130 3609 1204 3662; x_wconf 87' lang='lat' dir='ltr'><strong>sie</strong></span> <span class='ocrx_word' id='word_1_413' title='bbox 1252 3619 1426 3663; x_wconf 85' lang='lat' dir='ltr'><strong>notam</strong></span> <span class='ocrx_word' id='word_1_414' title='bbox 1452 3613 1558 3681; x_wconf 79' lang='lat' dir='ltr'><strong>fac,</strong></span> <span class='ocrx_word' id='word_1_415' title='bbox 1583 3618 1630 3664; x_wconf 90' lang='lat' dir='ltr'><strong>et</strong></span> <span class='ocrx_word' id='word_1_416' title='bbox 1662 3612 1978 3681; x_wconf 87' lang='lat' dir='ltr'><strong>compeditos</strong></span> <span class='ocrx_word' id='word_1_417' title='bbox 2004 3613 2158 3667; x_wconf 85' lang='lat' dir='ltr'><strong>corde</strong></span> 
     </span>
    </p>
   </div>
   <div class='ocr_carea' id='block_1_54' title="bbox 561 3700 2158 3772">
    <p class='ocr_par' dir='ltr' id='par_1_54' title="bbox 561 3700 2158 3772">
     <span class='ocr_line' id='line_1_54' title="bbox 561 3700 2158 3772; baseline 0.004 -18"><span class='ocrx_word' id='word_1_418' title='bbox 561 3700 615 3754; x_wconf 87' lang='lat' dir='ltr'><strong>in</strong></span> <span class='ocrx_word' id='word_1_419' title='bbox 639 3701 915 3772; x_wconf 80' lang='lat' dir='ltr'><strong>sapientia.</strong></span> <span class='ocrx_word' id='word_1_420' title='bbox 935 3700 992 3756; x_wconf 85' lang='lat' dir='ltr'><strong>In</strong></span> <span class='ocrx_word' id='word_1_421' title='bbox 1020 3700 1340 3772; x_wconf 86' lang='lat' dir='ltr'><strong>quibusdam</strong></span> <span class='ocrx_word' id='word_1_422' title='bbox 1360 3701 1639 3757; x_wconf 88' lang='lat' dir='ltr'><strong>codicibus</strong></span> <span class='ocrx_word' id='word_1_423' title='bbox 1669 3703 1886 3771; x_wconf 83' lang='lat' dir='ltr'><strong>dicitur,</strong></span> <span class='ocrx_word' id='word_1_424' title='bbox 1905 3706 2158 3760; x_wconf 82' lang='lat' dir='ltr'><strong>eruditos:</strong></span> 
     </span>
    </p>
   </div>
   <div class='ocr_carea' id='block_1_55' title="bbox 561 3793 2155 3866">
    <p class='ocr_par' dir='ltr' id='par_1_55' title="bbox 561 3793 2155 3866">
     <span class='ocr_line' id='line_1_55' title="bbox 561 3793 2155 3866; baseline 0.003 -16"><span class='ocrx_word' id='word_1_425' title='bbox 561 3793 618 3850; x_wconf 75' lang='lat' dir='ltr'><strong>in</strong></span> <span class='ocrx_word' id='word_1_426' title='bbox 659 3793 782 3850; x_wconf 86' lang='lat' dir='ltr'><strong>aliis</strong></span> <span class='ocrx_word' id='word_1_427' title='bbox 828 3793 1052 3862; x_wconf 86' lang='lat' dir='ltr'><strong>dicitur,</strong></span> <span class='ocrx_word' id='word_1_428' title='bbox 1097 3795 1433 3866; x_wconf 82' lang='lat' dir='ltr'><strong>compeditos.</strong></span> <span class='ocrx_word' id='word_1_429' title='bbox 1483 3796 1642 3851; x_wconf 82' lang='lat' dir='ltr'><strong>Aliud</strong></span> <span class='ocrx_word' id='word_1_430' title='bbox 1696 3797 1961 3864; x_wconf 89' lang='lat' dir='ltr'><strong>eruditus,</strong></span> <span class='ocrx_word' id='word_1_431' title='bbox 2011 3799 2155 3854; x_wconf 87' lang='lat' dir='ltr'><strong>aliud</strong></span> 
     </span>
    </p>
   </div>
   <div class='ocr_carea' id='block_1_56' title="bbox 563 3885 2158 3958">
    <p class='ocr_par' dir='ltr' id='par_1_56' title="bbox 563 3885 2158 3958">
     <span class='ocr_line' id='line_1_56' title="bbox 563 3885 2158 3958; baseline 0.003 -18"><span class='ocrx_word' id='word_1_432' title='bbox 563 3885 910 3954; x_wconf 88' lang='lat' dir='ltr'><strong>compeditus</strong></span> <span class='ocrx_word' id='word_1_433' title='bbox 962 3886 1255 3958; x_wconf 85' lang='lat' dir='ltr'><strong>signiﬁcat.</strong></span> <span class='ocrx_word' id='word_1_434' title='bbox 1299 3885 1439 3954; x_wconf 87' lang='lat' dir='ltr'><strong>Quid</strong></span> <span class='ocrx_word' id='word_1_435' title='bbox 1483 3901 1615 3958; x_wconf 83' lang='lat' dir='ltr'><strong>ergo</strong></span> <span class='ocrx_word' id='word_1_436' title='bbox 1664 3887 1794 3942; x_wconf 89' lang='lat' dir='ltr'><strong>dicit</strong></span> <span class='ocrx_word' id='word_1_437' title='bbox 1829 3907 1842 3944; x_wconf 89' lang='lat'><strong>:</strong></span> <span class='ocrx_word' id='word_1_438' title='bbox 1878 3888 2158 3945; x_wconf 75' lang='lat' dir='ltr'><strong>Dexteram</strong></span> 
     </span>
    </p>
   </div>
   <div class='ocr_carea' id='block_1_57' title="bbox 563 3977 2155 4046">
    <p class='ocr_par' dir='ltr' id='par_1_57' title="bbox 563 3977 2155 4046">
     <span class='ocr_line' id='line_1_57' title="bbox 563 3977 2155 4046; baseline 0.006 -19"><span class='ocrx_word' id='word_1_439' title='bbox 563 3982 706 4028; x_wconf 85' lang='lat' dir='ltr'><strong>tuam</strong></span> <span class='ocrx_word' id='word_1_440' title='bbox 736 3987 914 4030; x_wconf 90' lang='lat' dir='ltr'><strong>notam</strong></span> <span class='ocrx_word' id='word_1_441' title='bbox 950 3978 1055 4046; x_wconf 77' lang='lat' dir='ltr'><strong>fac.</strong></span> <span class='ocrx_word' id='word_1_442' title='bbox 1088 3978 1228 4046; x_wconf 84' lang='lat' dir='ltr'><strong>Quid</strong></span> <span class='ocrx_word' id='word_1_443' title='bbox 1277 3977 1483 4033; x_wconf 90' lang='lat' dir='ltr'><strong>tamdiu</strong></span> <span class='ocrx_word' id='word_1_444' title='bbox 1520 3980 1800 4036; x_wconf 84' lang='lat' dir='ltr'><strong>dexteram</strong></span> <span class='ocrx_word' id='word_1_445' title='bbox 1849 3990 1990 4036; x_wconf 85' lang='lat' dir='ltr'><strong>tuam</strong></span> <span class='ocrx_word' id='word_1_446' title='bbox 2021 3998 2155 4037; x_wconf 88' lang='lat' dir='ltr'><strong>con-</strong></span> 
     </span>
    </p>
   </div>
   <div class='ocr_carea' id='block_1_58' title="bbox 563 4065 2153 4137">
    <p class='ocr_par' dir='ltr' id='par_1_58' title="bbox 563 4065 2153 4137">
     <span class='ocr_line' id='line_1_58' title="bbox 563 4065 2153 4137; baseline 0.006 -18"><span class='ocrx_word' id='word_1_447' title='bbox 563 4065 771 4120; x_wconf 83' lang='lat' dir='ltr'><strong>trahis?</strong></span> <span class='ocrx_word' id='word_1_448' title='bbox 802 4066 945 4121; x_wconf 84' lang='lat' dir='ltr'><strong>Deus</strong></span> <span class='ocrx_word' id='word_1_449' title='bbox 975 4082 1144 4137; x_wconf 91' lang='lat' dir='ltr'><strong>quare</strong></span> <span class='ocrx_word' id='word_1_450' title='bbox 1171 4068 1374 4124; x_wconf 87' lang='lat' dir='ltr'><strong>avertis</strong></span> <span class='ocrx_word' id='word_1_451' title='bbox 1423 4085 1642 4125; x_wconf 90' lang='lat' dir='ltr'><strong>manum</strong></span> <span class='ocrx_word' id='word_1_452' title='bbox 1694 4079 1837 4125; x_wconf 90' lang='lat' dir='ltr'><strong>tuam</strong></span> <span class='ocrx_word' id='word_1_453' title='bbox 1869 4073 1920 4126; x_wconf 91' lang='lat' dir='ltr'><strong>in</strong></span> <span class='ocrx_word' id='word_1_454' title='bbox 1975 4074 2153 4129; x_wconf 91' lang='lat' dir='ltr'><strong>sinum</strong></span> 
     </span>
    </p>
   </div>
   <div class='ocr_carea' id='block_1_59' title="bbox 563 4159 2151 4232">
    <p class='ocr_par' dir='ltr' id='par_1_59' title="bbox 563 4159 2151 4232">
     <span class='ocr_line' id='line_1_59' title="bbox 563 4159 2151 4232; baseline 0.006 -19"><span class='ocrx_word' id='word_1_455' title='bbox 563 4160 758 4214; x_wconf 84' lang='lat' dir='ltr'><strong>tuum?</strong></span> <span class='ocrx_word' id='word_1_456' title='bbox 787 4160 841 4215; x_wconf 92' lang='lat' dir='ltr'><strong>in</strong></span> <span class='ocrx_word' id='word_1_457' title='bbox 864 4159 972 4214; x_wconf 90' lang='lat' dir='ltr'><strong>alio</strong></span> <span class='ocrx_word' id='word_1_458' title='bbox 1001 4161 1215 4232; x_wconf 89' lang='lat' dir='ltr'><strong>psalmo</strong></span> <span class='ocrx_word' id='word_1_459' title='bbox 1236 4161 1453 4217; x_wconf 91' lang='lat' dir='ltr'><strong>dicitur.</strong></span> <span class='ocrx_word' id='word_1_460' title='bbox 1485 4161 1624 4230; x_wconf 85' lang='lat' dir='ltr'><strong>Quid</strong></span> <span class='ocrx_word' id='word_1_461' title='bbox 1649 4164 1885 4220; x_wconf 78' lang='lat' dir='ltr'><strong>dicitur?</strong></span> <span class='ocrx_word' id='word_1_462' title='bbox 1909 4165 2018 4222; x_wconf 79' lang='lat' dir='ltr'><strong>Hoc</strong></span> <span class='ocrx_word' id='word_1_463' title='bbox 2049 4176 2151 4232; x_wconf 90' lang='lat' dir='ltr'><strong>est,</strong></span> 
     </span>
    </p>
   </div>
   <div class='ocr_carea' id='block_1_60' title="bbox 565 4252 2150 4328">
    <p class='ocr_par' dir='ltr' id='par_1_60' title="bbox 565 4252 2150 4328">
     <span class='ocr_line' id='line_1_60' title="bbox 565 4252 2150 4328; baseline 0.005 -20"><span class='ocrx_word' id='word_1_464' title='bbox 565 4252 621 4308; x_wconf 87' lang='lat' dir='ltr'><strong>in</strong></span> <span class='ocrx_word' id='word_1_465' title='bbox 669 4252 992 4324; x_wconf 80' lang='lat' dir='ltr'><strong>aegritudine</strong></span> <span class='ocrx_word' id='word_1_466' title='bbox 1038 4254 1201 4324; x_wconf 89' lang='lat' dir='ltr'><strong>positi</strong></span> <span class='ocrx_word' id='word_1_467' title='bbox 1244 4269 1460 4322; x_wconf 90' lang='lat' dir='ltr'><strong>sumus,</strong></span> <span class='ocrx_word' id='word_1_468' title='bbox 1490 4259 1543 4310; x_wconf 92' lang='lat' dir='ltr'><strong>in</strong></span> <span class='ocrx_word' id='word_1_469' title='bbox 1588 4259 1824 4326; x_wconf 87' lang='lat' dir='ltr'><strong>peccatis</strong></span> <span class='ocrx_word' id='word_1_470' title='bbox 1862 4258 2150 4328; x_wconf 85' lang='lat' dir='ltr'><strong>jacemus:</strong></span> 
     </span>
    </p>
   </div>
   <div class='ocr_carea' id='block_1_61' title="bbox 2260 1832 3861 1914">
    <p class='ocr_par' dir='ltr' id='par_1_61' title="bbox 2260 1832 3861 1914">
     <span class='ocr_line' id='line_1_61' title="bbox 2260 1832 3861 1914; baseline 0.004 -19"><span class='ocrx_word' id='word_1_471' title='bbox 2260 1841 2381 1897; x_wconf 87' lang='lat' dir='ltr'><strong>loco</strong></span> <span class='ocrx_word' id='word_1_472' title='bbox 2412 1860 2423 1895; x_wconf 88' lang='lat'>:</span> <span class='ocrx_word' id='word_1_473' title='bbox 2452 1842 2569 1898; x_wconf 88' lang='lat' dir='ltr'><strong>Non</strong></span> <span class='ocrx_word' id='word_1_474' title='bbox 2603 1832 2944 1914; x_wconf 84' lang='lat' dir='ltr'><strong>permanebit</strong></span> <span class='ocrx_word' id='word_1_475' title='bbox 2974 1844 3197 1913; x_wconf 88' lang='lat' dir='ltr'><strong>spiritus</strong></span> <span class='ocrx_word' id='word_1_476' title='bbox 3248 1860 3401 1902; x_wconf 92' lang='lat' dir='ltr'><strong>meus</strong></span> <span class='ocrx_word' id='word_1_477' title='bbox 3442 1846 3495 1900; x_wconf 92' lang='lat' dir='ltr'><strong>in</strong></span> <span class='ocrx_word' id='word_1_478' title='bbox 3544 1832 3861 1901; x_wconf 83' lang='lat' dir='ltr'><strong>hominibus</strong></span> 
     </span>
    </p>
   </div>
   <div class='ocr_carea' id='block_1_62' title="bbox 2263 1936 3862 2010">
    <p class='ocr_par' dir='ltr' id='par_1_62' title="bbox 2263 1936 3862 2010">
     <span class='ocr_line' id='line_1_62' title="bbox 2263 1936 3862 2010; baseline 0.002 -21"><span class='ocrx_word' id='word_1_479' title='bbox 2263 1936 2382 1990; x_wconf 89' lang='lat' dir='ltr'><strong>istis</strong></span> <span class='ocrx_word' id='word_1_480' title='bbox 2417 1953 2430 1990; x_wconf 90' lang='lat'><strong>:</strong></span> <span class='ocrx_word' id='word_1_481' title='bbox 2462 1937 2585 2006; x_wconf 85' lang='lat' dir='ltr'><strong>quia</strong></span> <span class='ocrx_word' id='word_1_482' title='bbox 2618 1953 2746 1992; x_wconf 87' lang='lat' dir='ltr'><strong>caro</strong></span> <span class='ocrx_word' id='word_1_483' title='bbox 2797 1946 2922 1992; x_wconf 91' lang='lat' dir='ltr'><strong>sunt</strong></span> <span class='ocrx_word' id='word_1_484' title='bbox 2954 1937 3110 2010; x_wconf 85' lang='lat' dir='ltr'><strong>(Gen.</strong></span> <span class='ocrx_word' id='word_1_485' title='bbox 3150 1938 3250 2008; x_wconf 81' lang='lat' dir='ltr'><strong>vi).</strong></span> <span class='ocrx_word' id='word_1_486' title='bbox 3283 1939 3549 2006; x_wconf 89' lang='lat' dir='ltr'><strong>Quoniam</strong></span> <span class='ocrx_word' id='word_1_487' title='bbox 3605 1938 3862 1994; x_wconf 86' lang='lat' dir='ltr'><strong>homines</strong></span> 
     </span>
    </p>
   </div>
   <div class='ocr_carea' id='block_1_63' title="bbox 2261 2027 3856 2100">
    <p class='ocr_par' dir='ltr' id='par_1_63' title="bbox 2261 2027 3856 2100">
     <span class='ocr_line' id='line_1_63' title="bbox 2261 2027 3856 2100; baseline 0.004 -21"><span class='ocrx_word' id='word_1_488' title='bbox 2261 2035 2410 2094; x_wconf 89' lang='lat' dir='ltr'><strong>sunt,</strong></span> <span class='ocrx_word' id='word_1_489' title='bbox 2443 2036 2730 2098; x_wconf 86' lang='lat' dir='ltr'><strong>propterea</strong></span> <span class='ocrx_word' id='word_1_490' title='bbox 2759 2043 2891 2084; x_wconf 89' lang='lat' dir='ltr'><strong>caro</strong></span> <span class='ocrx_word' id='word_1_491' title='bbox 2915 2037 3062 2083; x_wconf 88' lang='lat' dir='ltr'><strong>sunt.</strong></span> <span class='ocrx_word' id='word_1_492' title='bbox 3092 2027 3235 2098; x_wconf 88' lang='lat' dir='ltr'><strong>Ergo</strong></span> <span class='ocrx_word' id='word_1_493' title='bbox 3259 2028 3382 2100; x_wconf 89' lang='lat' dir='ltr'><strong>quia</strong></span> <span class='ocrx_word' id='word_1_494' title='bbox 3413 2027 3509 2083; x_wconf 87' lang='lat' dir='ltr'><strong>filii</strong></span> <span class='ocrx_word' id='word_1_495' title='bbox 3549 2028 3856 2097; x_wconf 86' lang='lat' dir='ltr'><strong>hominum,</strong></span> 
     </span>
    </p>
   </div>
   <div class='ocr_carea' id='block_1_64' title="bbox 2262 2119 3857 2192">
    <p class='ocr_par' dir='ltr' id='par_1_64' title="bbox 2262 2119 3857 2192">
     <span class='ocr_line' id='line_1_64' title="bbox 2262 2119 3857 2192; baseline 0.004 -21"><span class='ocrx_word' id='word_1_496' title='bbox 2262 2125 2318 2172; x_wconf 89' lang='lat' dir='ltr'><strong>et</strong></span> <span class='ocrx_word' id='word_1_497' title='bbox 2363 2119 2698 2188; x_wconf 89' lang='lat' dir='ltr'><strong>perdidimus</strong></span> <span class='ocrx_word' id='word_1_498' title='bbox 2724 2136 2846 2179; x_wconf 89' lang='lat' dir='ltr'><strong>esse</strong></span> <span class='ocrx_word' id='word_1_499' title='bbox 2891 2122 2985 2176; x_wconf 87' lang='lat' dir='ltr'><strong>lilii</strong></span> <span class='ocrx_word' id='word_1_500' title='bbox 3030 2122 3150 2189; x_wconf 88' lang='lat' dir='ltr'><strong>Dei,</strong></span> <span class='ocrx_word' id='word_1_501' title='bbox 3183 2132 3236 2177; x_wconf 89' lang='lat' dir='ltr'><strong>et</strong></span> <span class='ocrx_word' id='word_1_502' title='bbox 3267 2124 3415 2192; x_wconf 90' lang='lat' dir='ltr'><strong>pravi</strong></span> <span class='ocrx_word' id='word_1_503' title='bbox 3446 2123 3573 2178; x_wconf 84' lang='lat' dir='ltr'><strong>facti</strong></span> <span class='ocrx_word' id='word_1_504' title='bbox 3625 2139 3813 2179; x_wconf 89' lang='lat' dir='ltr'><strong>sumus</strong></span> <span class='ocrx_word' id='word_1_505' title='bbox 3843 2140 3857 2178; x_wconf 90' lang='lat'>:</span> 
     </span>
    </p>
   </div>
   <div class='ocr_carea' id='block_1_65' title="bbox 2265 2213 3851 2284">
    <p class='ocr_par' dir='ltr' id='par_1_65' title="bbox 2265 2213 3851 2284">
     <span class='ocr_line' id='line_1_65' title="bbox 2265 2213 3851 2284; baseline 0.003 -20"><span class='ocrx_word' id='word_1_506' title='bbox 2265 2220 2549 2281; x_wconf 87' lang='lat' dir='ltr'><strong>propterea</strong></span> <span class='ocrx_word' id='word_1_507' title='bbox 2580 2213 2757 2284; x_wconf 81' lang='lat' dir='ltr'><strong>dirige</strong></span> <span class='ocrx_word' id='word_1_508' title='bbox 2797 2229 2917 2281; x_wconf 87' lang='lat' dir='ltr'><strong>nos,</strong></span> <span class='ocrx_word' id='word_1_509' title='bbox 2948 2225 3002 2270; x_wconf 89' lang='lat' dir='ltr'><strong>et</strong></span> <span class='ocrx_word' id='word_1_510' title='bbox 3041 2230 3262 2270; x_wconf 82' lang='lat' dir='ltr'><strong>rursum</strong></span> <span class='ocrx_word' id='word_1_511' title='bbox 3295 2216 3368 2269; x_wconf 92' lang='lat' dir='ltr'><strong>tui</strong></span> <span class='ocrx_word' id='word_1_512' title='bbox 3400 2214 3715 2270; x_wconf 86' lang='lat' dir='ltr'><strong>efficiamur</strong></span> <span class='ocrx_word' id='word_1_513' title='bbox 3739 2216 3851 2270; x_wconf 89' lang='lat' dir='ltr'><strong>lilii.</strong></span> 
     </span>
    </p>
   </div>
   <div class='ocr_carea' id='block_1_66' title="bbox 2333 2304 3854 2382">
    <p class='ocr_par' dir='ltr' id='par_1_66' title="bbox 2333 2304 3854 2382">
     <span class='ocr_line' id='line_1_66' title="bbox 2333 2304 3854 2382; baseline 0.005 -24"><span class='ocrx_word' id='word_1_514' title='bbox 2333 2304 2401 2359; x_wconf 84' lang='lat' dir='ltr'><strong>Et</strong></span> <span class='ocrx_word' id='word_1_515' title='bbox 2427 2307 2492 2360; x_wconf 87' lang='lat' dir='ltr'><strong>sit</strong></span> <span class='ocrx_word' id='word_1_516' title='bbox 2515 2307 2762 2372; x_wconf 83' lang='lat' dir='ltr'><strong>splendor</strong></span> <span class='ocrx_word' id='word_1_517' title='bbox 2792 2306 3006 2363; x_wconf 82' lang='lat' dir='ltr'><strong>Domini</strong></span> <span class='ocrx_word' id='word_1_518' title='bbox 3031 2308 3133 2364; x_wconf 87' lang='lat' dir='ltr'><strong>Dei</strong></span> <span class='ocrx_word' id='word_1_519' title='bbox 3177 2311 3340 2365; x_wconf 83' lang='lat' dir='ltr'><strong>nostri</strong></span> <span class='ocrx_word' id='word_1_520' title='bbox 3363 2323 3522 2382; x_wconf 83' lang='lat' dir='ltr'><strong>super</strong></span> <span class='ocrx_word' id='word_1_521' title='bbox 3563 2328 3679 2366; x_wconf 86' lang='lat' dir='ltr'><strong>nos.</strong></span> <span class='ocrx_word' id='word_1_522' title='bbox 3717 2311 3854 2367; x_wconf 88' lang='lat' dir='ltr'><strong>Dicit</strong></span> 
     </span>
    </p>
   </div>
   <div class='ocr_carea' id='block_1_67' title="bbox 2262 2397 3856 2474">
    <p class='ocr_par' dir='ltr' id='par_1_67' title="bbox 2262 2397 3856 2474">
     <span class='ocr_line' id='line_1_67' title="bbox 2262 2397 3856 2474; baseline 0.005 -24"><span class='ocrx_word' id='word_1_523' title='bbox 2262 2403 2316 2450; x_wconf 90' lang='lat' dir='ltr'><strong>et</strong></span> <span class='ocrx_word' id='word_1_524' title='bbox 2340 2397 2632 2465; x_wconf 87' lang='lat' dir='ltr'><strong>Apostolus</strong></span> <span class='ocrx_word' id='word_1_525' title='bbox 2666 2397 2736 2454; x_wconf 92' lang='lat' dir='ltr'><strong>ad</strong></span> <span class='ocrx_word' id='word_1_526' title='bbox 2769 2399 3027 2455; x_wconf 85' lang='lat' dir='ltr'><strong>llebraeos</strong></span> <span class='ocrx_word' id='word_1_527' title='bbox 3059 2416 3071 2454; x_wconf 87' lang='lat'>:</span> <span class='ocrx_word' id='word_1_528' title='bbox 3112 2400 3379 2469; x_wconf 90' lang='lat' dir='ltr'><strong>Quoniam</strong></span> <span class='ocrx_word' id='word_1_529' title='bbox 3405 2401 3675 2458; x_wconf 91' lang='lat' dir='ltr'><strong>Dominus</strong></span> <span class='ocrx_word' id='word_1_530' title='bbox 3701 2413 3856 2474; x_wconf 86' lang='lat' dir='ltr'><strong>atquo</strong></span> 
     </span>
    </p>
   </div>
   <div class='ocr_carea' id='block_1_68' title="bbox 2263 2489 3856 2565">
    <p class='ocr_par' dir='ltr' id='par_1_68' title="bbox 2263 2489 3856 2565">
     <span class='ocr_line' id='line_1_68' title="bbox 2263 2489 3856 2565; baseline 0.003 -21"><span class='ocrx_word' id='word_1_531' title='bbox 2263 2489 2512 2544; x_wconf 86' lang='lat' dir='ltr'><strong>Salvator</strong></span> <span class='ocrx_word' id='word_1_532' title='bbox 2538 2490 2804 2560; x_wconf 89' lang='lat' dir='ltr'><strong>splendor</strong></span> <span class='ocrx_word' id='word_1_533' title='bbox 2835 2493 2906 2548; x_wconf 90' lang='lat' dir='ltr'><strong>sit</strong></span> <span class='ocrx_word' id='word_1_534' title='bbox 2929 2493 3116 2562; x_wconf 65' lang='lat' dir='ltr'><strong>gloriae</strong></span> <span class='ocrx_word' id='word_1_535' title='bbox 3144 2493 3320 2548; x_wconf 87' lang='lat' dir='ltr'><strong>Patris</strong></span> <span class='ocrx_word' id='word_1_536' title='bbox 3351 2493 3554 2564; x_wconf 86' lang='lat' dir='ltr'><strong>(Hebr.</strong></span> <span class='ocrx_word' id='word_1_537' title='bbox 3591 2495 3662 2565; x_wconf 86' lang='lat' dir='ltr'><strong>t).</strong></span> <span class='ocrx_word' id='word_1_538' title='bbox 3689 2493 3758 2549; x_wconf 86' lang='lat' dir='ltr'><strong>Et</strong></span> <span class='ocrx_word' id='word_1_539' title='bbox 3792 2497 3856 2548; x_wconf 82' lang='lat' dir='ltr'><strong>sit</strong></span> 
     </span>
    </p>
   </div>
   <div class='ocr_carea' id='block_1_69' title="bbox 2263 2582 3852 2659">
    <p class='ocr_par' dir='ltr' id='par_1_69' title="bbox 2263 2582 3852 2659">
     <span class='ocr_line' id='line_1_69' title="bbox 2263 2582 3852 2659; baseline 0.004 -23"><span class='ocrx_word' id='word_1_540' title='bbox 2263 2582 2510 2654; x_wconf 86' lang='lat' dir='ltr'><strong>splendor</strong></span> <span class='ocrx_word' id='word_1_541' title='bbox 2543 2583 2753 2639; x_wconf 87' lang='lat' dir='ltr'><strong>Domini</strong></span> <span class='ocrx_word' id='word_1_542' title='bbox 2786 2584 2884 2640; x_wconf 86' lang='lat' dir='ltr'><strong>Dei</strong></span> <span class='ocrx_word' id='word_1_543' title='bbox 2909 2587 3068 2641; x_wconf 87' lang='lat' dir='ltr'><strong>nostri</strong></span> <span class='ocrx_word' id='word_1_544' title='bbox 3095 2602 3252 2659; x_wconf 83' lang='lat' dir='ltr'><strong>super</strong></span> <span class='ocrx_word' id='word_1_545' title='bbox 3283 2602 3395 2641; x_wconf 88' lang='lat' dir='ltr'><strong>nos.</strong></span> <span class='ocrx_word' id='word_1_546' title='bbox 3448 2588 3564 2642; x_wconf 84' lang='lat' dir='ltr'><strong>Hoc</strong></span> <span class='ocrx_word' id='word_1_547' title='bbox 3598 2598 3686 2642; x_wconf 89' lang='lat' dir='ltr'><strong>est</strong></span> <span class='ocrx_word' id='word_1_548' title='bbox 3714 2588 3852 2659; x_wconf 89' lang='lat' dir='ltr'><strong>quod</strong></span> 
     </span>
    </p>
   </div>
   <div class='ocr_carea' id='block_1_70' title="bbox 2263 2673 3855 2750">
    <p class='ocr_par' dir='ltr' id='par_1_70' title="bbox 2263 2673 3855 2750">
     <span class='ocr_line' id='line_1_70' title="bbox 2263 2673 3855 2750; baseline 0.005 -23"><span class='ocrx_word' id='word_1_549' title='bbox 2263 2673 2463 2729; x_wconf 91' lang='lat' dir='ltr'><strong>dicitur</strong></span> <span class='ocrx_word' id='word_1_550' title='bbox 2491 2685 2546 2730; x_wconf 93' lang='lat' dir='ltr'><strong>et</strong></span> <span class='ocrx_word' id='word_1_551' title='bbox 2575 2675 2628 2730; x_wconf 93' lang='lat' dir='ltr'><strong>in</strong></span> <span class='ocrx_word' id='word_1_552' title='bbox 2654 2677 2765 2731; x_wconf 91' lang='lat' dir='ltr'><strong>alio</strong></span> <span class='ocrx_word' id='word_1_553' title='bbox 2794 2677 2916 2733; x_wconf 93' lang='lat' dir='ltr'><strong>loco</strong></span> <span class='ocrx_word' id='word_1_554' title='bbox 2950 2696 2963 2732; x_wconf 90' lang='lat'><strong>:</strong></span> <span class='ocrx_word' id='word_1_555' title='bbox 3007 2678 3288 2749; x_wconf 87' lang='lat' dir='ltr'><strong>Signatuttt</strong></span> <span class='ocrx_word' id='word_1_556' title='bbox 3319 2687 3408 2734; x_wconf 90' lang='lat' dir='ltr'><strong>est</strong></span> <span class='ocrx_word' id='word_1_557' title='bbox 3433 2694 3600 2750; x_wconf 88' lang='lat' dir='ltr'><strong>super</strong></span> <span class='ocrx_word' id='word_1_558' title='bbox 3629 2695 3731 2734; x_wconf 89' lang='lat' dir='ltr'><strong>nos</strong></span> <span class='ocrx_word' id='word_1_559' title='bbox 3782 2680 3855 2735; x_wconf 82' lang='lat' dir='ltr'><strong>lu-</strong></span> 
     </span>
    </p>
   </div>
   <div class='ocr_carea' id='block_1_71' title="bbox 2263 2769 3848 2844">
    <p class='ocr_par' dir='ltr' id='par_1_71' title="bbox 2263 2769 3848 2844">
     <span class='ocr_line' id='line_1_71' title="bbox 2263 2769 3848 2844; baseline 0.003 -21"><span class='ocrx_word' id='word_1_560' title='bbox 2263 2783 2388 2824; x_wconf 89' lang='lat' dir='ltr'><strong>men</strong></span> <span class='ocrx_word' id='word_1_561' title='bbox 2416 2769 2596 2824; x_wconf 88' lang='lat' dir='ltr'><strong>vultus</strong></span> <span class='ocrx_word' id='word_1_562' title='bbox 2635 2769 2736 2834; x_wconf 94' lang='lat' dir='ltr'><strong>tui,</strong></span> <span class='ocrx_word' id='word_1_563' title='bbox 2765 2771 2993 2826; x_wconf 90' lang='lat' dir='ltr'><strong>Domine</strong></span> <span class='ocrx_word' id='word_1_564' title='bbox 3022 2771 3207 2842; x_wconf 83' lang='lat' dir='ltr'><strong>(Psal.</strong></span> <span class='ocrx_word' id='word_1_565' title='bbox 3242 2772 3358 2843; x_wconf 91' lang='lat' dir='ltr'><strong>tv).</strong></span> <span class='ocrx_word' id='word_1_566' title='bbox 3389 2773 3617 2844; x_wconf 88' lang='lat' dir='ltr'><strong>Signum</strong></span> <span class='ocrx_word' id='word_1_567' title='bbox 3651 2778 3848 2843; x_wconf 82' lang='lat' dir='ltr'><strong>crucis,</strong></span> 
     </span>
    </p>
   </div>
   <div class='ocr_carea' id='block_1_72' title="bbox 2262 2861 3852 2938">
    <p class='ocr_par' dir='ltr' id='par_1_72' title="bbox 2262 2861 3852 2938">
     <span class='ocr_line' id='line_1_72' title="bbox 2262 2861 3852 2938; baseline 0.004 -23"><span class='ocrx_word' id='word_1_568' title='bbox 2262 2861 2529 2916; x_wconf 75' lang='lat' dir='ltr'><strong>vexillum</strong></span> <span class='ocrx_word' id='word_1_569' title='bbox 2559 2874 2804 2918; x_wconf 88' lang='lat' dir='ltr'><strong>nostrum</strong></span> <span class='ocrx_word' id='word_1_570' title='bbox 2834 2872 2938 2920; x_wconf 92' lang='lat' dir='ltr'><strong>est.</strong></span> <span class='ocrx_word' id='word_1_571' title='bbox 2974 2865 3099 2921; x_wconf 75' lang='lat' dir='ltr'><strong>Haec</strong></span> <span class='ocrx_word' id='word_1_572' title='bbox 3132 2866 3354 2922; x_wconf 89' lang='lat' dir='ltr'><strong>interim</strong></span> <span class='ocrx_word' id='word_1_573' title='bbox 3384 2867 3453 2922; x_wconf 92' lang='lat' dir='ltr'><strong>de</strong></span> <span class='ocrx_word' id='word_1_574' title='bbox 3483 2868 3699 2938; x_wconf 89' lang='lat' dir='ltr'><strong>psalmo</strong></span> <span class='ocrx_word' id='word_1_575' title='bbox 3718 2868 3852 2925; x_wconf 86' lang='lat' dir='ltr'><strong>dixi-</strong></span> 
     </span>
    </p>
   </div>
   <div class='ocr_carea' id='block_1_73' title="bbox 2263 2957 3853 3032">
    <p class='ocr_par' dir='ltr' id='par_1_73' title="bbox 2263 2957 3853 3032">
     <span class='ocr_line' id='line_1_73' title="bbox 2263 2957 3853 3032; baseline 0.005 -22"><span class='ocrx_word' id='word_1_576' title='bbox 2263 2971 2415 3024; x_wconf 88' lang='lat' dir='ltr'><strong>mus,</strong></span> <span class='ocrx_word' id='word_1_577' title='bbox 2447 2966 2501 3011; x_wconf 91' lang='lat' dir='ltr'><strong>et</strong></span> <span class='ocrx_word' id='word_1_578' title='bbox 2527 2965 2585 3011; x_wconf 92' lang='lat' dir='ltr'><strong>ut</strong></span> <span class='ocrx_word' id='word_1_579' title='bbox 2609 2957 2822 3013; x_wconf 80' lang='lat' dir='ltr'><strong>aestimo</strong></span> <span class='ocrx_word' id='word_1_580' title='bbox 2845 3000 2859 3026; x_wconf 91' lang='lat'><strong>,</strong></span> <span class='ocrx_word' id='word_1_581' title='bbox 2890 2959 3097 3015; x_wconf 89' lang='lat' dir='ltr'><strong>diutius</strong></span> <span class='ocrx_word' id='word_1_582' title='bbox 3125 2975 3289 3032; x_wconf 90' lang='lat' dir='ltr'><strong>quam</strong></span> <span class='ocrx_word' id='word_1_583' title='bbox 3319 2960 3689 3018; x_wconf 86' lang='lat' dir='ltr'><strong>debueramus</strong></span> <span class='ocrx_word' id='word_1_584' title='bbox 3713 3005 3730 3029; x_wconf 89' lang='lat'><strong>,</strong></span> <span class='ocrx_word' id='word_1_585' title='bbox 3763 2963 3853 3017; x_wconf 88' lang='lat' dir='ltr'><strong>im-</strong></span> 
     </span>
    </p>
   </div>
   <div class='ocr_carea' id='block_1_74' title="bbox 2264 3051 3849 3125">
    <p class='ocr_par' dir='ltr' id='par_1_74' title="bbox 2264 3051 3849 3125">
     <span class='ocr_line' id='line_1_74' title="bbox 2264 3051 3849 3125; baseline 0.004 -21"><span class='ocrx_word' id='word_1_586' title='bbox 2264 3051 2462 3105; x_wconf 86' lang='lat' dir='ltr'><strong>morati</strong></span> <span class='ocrx_word' id='word_1_587' title='bbox 2497 3066 2705 3107; x_wconf 90' lang='lat' dir='ltr'><strong>sumus.</strong></span> <span class='ocrx_word' id='word_1_588' title='bbox 2732 3051 3093 3122; x_wconf 88' lang='lat' dir='ltr'><strong>lntelligimus</strong></span> <span class='ocrx_word' id='word_1_589' title='bbox 3119 3069 3220 3110; x_wconf 91' lang='lat' dir='ltr'><strong>nos</strong></span> <span class='ocrx_word' id='word_1_590' title='bbox 3251 3054 3421 3110; x_wconf 90' lang='lat' dir='ltr'><strong>multo</strong></span> <span class='ocrx_word' id='word_1_591' title='bbox 3438 3055 3593 3125; x_wconf 92' lang='lat' dir='ltr'><strong>plura</strong></span> <span class='ocrx_word' id='word_1_592' title='bbox 3626 3055 3849 3122; x_wconf 85' lang='lat' dir='ltr'><strong>dixisse,</strong></span> 
     </span>
    </p>
   </div>
   <div class='ocr_carea' id='block_1_75' title="bbox 2186 3130 3847 3219">
    <p class='ocr_par' dir='ltr' id='par_1_75' title="bbox 2186 3130 3847 3219">
     <span class='ocr_line' id='line_1_75' title="bbox 2186 3130 3847 3219; baseline 0.004 -22"><span class='ocrx_word' id='word_1_593' title='bbox 2186 3130 2236 3195; x_wconf 86' lang='lat' dir='ltr'><strong><em>C</em></strong></span> <span class='ocrx_word' id='word_1_594' title='bbox 2262 3159 2423 3214; x_wconf 88' lang='lat' dir='ltr'><strong>quam</strong></span> <span class='ocrx_word' id='word_1_595' title='bbox 2466 3145 2752 3201; x_wconf 89' lang='lat' dir='ltr'><strong>debuimus</strong></span> <span class='ocrx_word' id='word_1_596' title='bbox 2778 3146 2992 3206; x_wconf 84' lang='lat' dir='ltr'><strong>dicere:</strong></span> <span class='ocrx_word' id='word_1_597' title='bbox 3026 3147 3121 3203; x_wconf 90' lang='lat' dir='ltr'><strong>sed</strong></span> <span class='ocrx_word' id='word_1_598' title='bbox 3149 3163 3254 3203; x_wconf 92' lang='lat' dir='ltr'><strong>non</strong></span> <span class='ocrx_word' id='word_1_599' title='bbox 3300 3163 3588 3219; x_wconf 91' lang='lat' dir='ltr'><strong>possumus</strong></span> <span class='ocrx_word' id='word_1_600' title='bbox 3638 3149 3847 3204; x_wconf 88' lang='lat' dir='ltr'><strong>Domini</strong></span> 
     </span>
    </p>
   </div>
   <div class='ocr_carea' id='block_1_76' title="bbox 2261 3238 3848 3312">
    <p class='ocr_par' dir='ltr' id='par_1_76' title="bbox 2261 3238 3848 3312">
     <span class='ocr_line' id='line_1_76' title="bbox 2261 3238 3848 3312; baseline 0.004 -21"><span class='ocrx_word' id='word_1_601' title='bbox 2261 3238 2434 3292; x_wconf 87' lang='lat' dir='ltr'><strong>nostri</strong></span> <span class='ocrx_word' id='word_1_602' title='bbox 2481 3240 2655 3307; x_wconf 22' lang='lat' dir='ltr'><strong>verba,</strong></span> <span class='ocrx_word' id='word_1_603' title='bbox 2711 3239 2984 3307; x_wconf 88' lang='lat' dir='ltr'><strong>reticere,</strong></span> <span class='ocrx_word' id='word_1_604' title='bbox 3046 3255 3154 3296; x_wconf 93' lang='lat' dir='ltr'><strong>non</strong></span> <span class='ocrx_word' id='word_1_605' title='bbox 3203 3256 3490 3312; x_wconf 90' lang='lat' dir='ltr'><strong>possumus</strong></span> <span class='ocrx_word' id='word_1_606' title='bbox 3539 3243 3848 3299; x_wconf 90' lang='lat' dir='ltr'><strong>inchoatum</strong></span> 
     </span>
    </p>
   </div>
   <div class='ocr_carea' id='block_1_77' title="bbox 2262 3331 3852 3406">
    <p class='ocr_par' dir='ltr' id='par_1_77' title="bbox 2262 3331 3852 3406">
     <span class='ocr_line' id='line_1_77' title="bbox 2262 3331 3852 3406; baseline 0.006 -24"><span class='ocrx_word' id='word_1_607' title='bbox 2262 3333 2529 3400; x_wconf 89' lang='lat' dir='ltr'><strong>psalmum</strong></span> <span class='ocrx_word' id='word_1_608' title='bbox 2563 3331 2892 3403; x_wconf 82' lang='lat' dir='ltr'><strong>relinquere.</strong></span> <span class='ocrx_word' id='word_1_609' title='bbox 2921 3332 3039 3388; x_wconf 81' lang='lat' dir='ltr'><strong>Non</strong></span> <span class='ocrx_word' id='word_1_610' title='bbox 3070 3343 3152 3390; x_wconf 90' lang='lat' dir='ltr'><strong>est</strong></span> <span class='ocrx_word' id='word_1_611' title='bbox 3177 3334 3433 3403; x_wconf 91' lang='lat' dir='ltr'><strong>multum,</strong></span> <span class='ocrx_word' id='word_1_612' title='bbox 3475 3335 3852 3406; x_wconf 88' lang='lat' dir='ltr'><strong>quodcumque</strong></span> 
     </span>
    </p>
   </div>
   <div class='ocr_carea' id='block_1_78' title="bbox 2260 3422 3851 3498">
    <p class='ocr_par' dir='ltr' id='par_1_78' title="bbox 2260 3422 3851 3498">
     <span class='ocr_line' id='line_1_78' title="bbox 2260 3422 3851 3498; baseline 0.005 -23"><span class='ocrx_word' id='word_1_613' title='bbox 2260 3422 2483 3493; x_wconf 89' lang='lat' dir='ltr'><strong>prodest</strong></span> <span class='ocrx_word' id='word_1_614' title='bbox 2509 3424 2740 3480; x_wconf 67' lang='lat' dir='ltr'><strong>animae:</strong></span> <span class='ocrx_word' id='word_1_615' title='bbox 2774 3425 2908 3480; x_wconf 90' lang='lat' dir='ltr'><strong>nihil</strong></span> <span class='ocrx_word' id='word_1_616' title='bbox 2943 3427 3075 3482; x_wconf 88' lang='lat' dir='ltr'><strong>satis</strong></span> <span class='ocrx_word' id='word_1_617' title='bbox 3102 3435 3212 3492; x_wconf 92' lang='lat' dir='ltr'><strong>est,</strong></span> <span class='ocrx_word' id='word_1_618' title='bbox 3246 3427 3390 3498; x_wconf 91' lang='lat' dir='ltr'><strong>quod</strong></span> <span class='ocrx_word' id='word_1_619' title='bbox 3422 3427 3614 3482; x_wconf 90' lang='lat' dir='ltr'><strong>bonum</strong></span> <span class='ocrx_word' id='word_1_620' title='bbox 3651 3437 3769 3494; x_wconf 88' lang='lat' dir='ltr'><strong>est,</strong></span> <span class='ocrx_word' id='word_1_621' title='bbox 3801 3429 3851 3483; x_wconf 88' lang='lat' dir='ltr'><strong>si</strong></span> 
     </span>
    </p>
   </div>
   <div class='ocr_carea' id='block_1_79' title="bbox 2262 3518 3848 3592">
    <p class='ocr_par' dir='ltr' id='par_1_79' title="bbox 2262 3518 3848 3592">
     <span class='ocr_line' id='line_1_79' title="bbox 2262 3518 3848 3592; baseline 0.004 -21"><span class='ocrx_word' id='word_1_622' title='bbox 2262 3525 2440 3572; x_wconf 89' lang='lat' dir='ltr'><strong>tamen</strong></span> <span class='ocrx_word' id='word_1_623' title='bbox 2488 3518 2713 3574; x_wconf 91' lang='lat' dir='ltr'><strong>bonum.</strong></span> <span class='ocrx_word' id='word_1_624' title='bbox 2745 3519 3017 3589; x_wconf 81' lang='lat' dir='ltr'><strong>Rogemus</strong></span> <span class='ocrx_word' id='word_1_625' title='bbox 3062 3520 3224 3592; x_wconf 90' lang='lat' dir='ltr'><strong>igitur</strong></span> <span class='ocrx_word' id='word_1_626' title='bbox 3267 3519 3557 3577; x_wconf 89' lang='lat' dir='ltr'><strong>Dominum</strong></span> <span class='ocrx_word' id='word_1_627' title='bbox 3601 3531 3848 3577; x_wconf 80' lang='lat' dir='ltr'><strong>n05trum</strong></span> 
     </span>
    </p>
   </div>
   <div class='ocr_carea' id='block_1_80' title="bbox 2262 3608 3848 3683">
    <p class='ocr_par' dir='ltr' id='par_1_80' title="bbox 2262 3608 3848 3683">
     <span class='ocr_line' id='line_1_80' title="bbox 2262 3608 3848 3683; baseline 0.004 -18"><span class='ocrx_word' id='word_1_628' title='bbox 2262 3608 2626 3676; x_wconf 88' lang='lat' dir='ltr'><strong>Salvatorem,</strong></span> <span class='ocrx_word' id='word_1_629' title='bbox 2653 3622 2709 3665; x_wconf 90' lang='lat' dir='ltr'><strong>ut</strong></span> <span class='ocrx_word' id='word_1_630' title='bbox 2737 3613 2999 3682; x_wconf 90' lang='lat' dir='ltr'><strong>splendor</strong></span> <span class='ocrx_word' id='word_1_631' title='bbox 3024 3613 3142 3683; x_wconf 90' lang='lat' dir='ltr'><strong>ejus</strong></span> <span class='ocrx_word' id='word_1_632' title='bbox 3167 3614 3349 3670; x_wconf 90' lang='lat' dir='ltr'><strong>luceat</strong></span> <span class='ocrx_word' id='word_1_633' title='bbox 3371 3614 3423 3669; x_wconf 93' lang='lat' dir='ltr'><strong>in</strong></span> <span class='ocrx_word' id='word_1_634' title='bbox 3443 3614 3704 3670; x_wconf 87' lang='lat' dir='ltr'><strong>cordibus</strong></span> <span class='ocrx_word' id='word_1_635' title='bbox 3721 3631 3848 3671; x_wconf 89' lang='lat' dir='ltr'><strong>uos-</strong></span> 
     </span>
    </p>
   </div>
   <div class='ocr_carea' id='block_1_81' title="bbox 2263 3703 3845 3778">
    <p class='ocr_par' dir='ltr' id='par_1_81' title="bbox 2263 3703 3845 3778">
     <span class='ocr_line' id='line_1_81' title="bbox 2263 3703 3845 3778; baseline 0.005 -21"><span class='ocrx_word' id='word_1_636' title='bbox 2263 3703 2360 3757; x_wconf 86' lang='lat' dir='ltr'><strong>tris</strong></span> <span class='ocrx_word' id='word_1_637' title='bbox 2385 3744 2399 3769; x_wconf 92' lang='lat'><strong>,</strong></span> <span class='ocrx_word' id='word_1_638' title='bbox 2450 3711 2506 3758; x_wconf 94' lang='lat' dir='ltr'><strong>ut</strong></span> <span class='ocrx_word' id='word_1_639' title='bbox 2537 3704 2717 3774; x_wconf 90' lang='lat' dir='ltr'><strong>ejiciat</strong></span> <span class='ocrx_word' id='word_1_640' title='bbox 2746 3721 2775 3760; x_wconf 87' lang='lat' dir='ltr'><strong>a</strong></span> <span class='ocrx_word' id='word_1_641' title='bbox 2807 3706 2964 3762; x_wconf 88' lang='lat' dir='ltr'><strong>nobis</strong></span> <span class='ocrx_word' id='word_1_642' title='bbox 2995 3707 3339 3763; x_wconf 88' lang='lat' dir='ltr'><strong>tenebrarum</strong></span> <span class='ocrx_word' id='word_1_643' title='bbox 3373 3707 3807 3778; x_wconf 84' lang='lat' dir='ltr'><strong>impugnationes</strong></span> <span class='ocrx_word' id='word_1_644' title='bbox 3829 3749 3845 3775; x_wconf 85' lang='lat'><em>.</em></span> 
     </span>
    </p>
   </div>
   <div class='ocr_carea' id='block_1_82' title="bbox 2259 3794 3849 3871">
    <p class='ocr_par' dir='ltr' id='par_1_82' title="bbox 2259 3794 3849 3871">
     <span class='ocr_line' id='line_1_82' title="bbox 2259 3794 3849 3871; baseline 0.003 -21"><span class='ocrx_word' id='word_1_645' title='bbox 2259 3803 2313 3850; x_wconf 89' lang='lat' dir='ltr'><strong>et</strong></span> <span class='ocrx_word' id='word_1_646' title='bbox 2338 3794 2590 3851; x_wconf 90' lang='lat' dir='ltr'><strong>sordidas</strong></span> <span class='ocrx_word' id='word_1_647' title='bbox 2621 3798 3004 3867; x_wconf 88' lang='lat' dir='ltr'><strong>cogitationes,</strong></span> <span class='ocrx_word' id='word_1_648' title='bbox 3036 3810 3090 3854; x_wconf 92' lang='lat' dir='ltr'><strong>et</strong></span> <span class='ocrx_word' id='word_1_649' title='bbox 3113 3798 3295 3854; x_wconf 89' lang='lat' dir='ltr'><strong>omnia</strong></span> <span class='ocrx_word' id='word_1_650' title='bbox 3327 3808 3550 3870; x_wconf 87' lang='lat' dir='ltr'><strong>peccata</strong></span> <span class='ocrx_word' id='word_1_651' title='bbox 3582 3802 3849 3871; x_wconf 79' lang='lat' dir='ltr'><strong>propellat</strong></span> 
     </span>
    </p>
   </div>
   <div class='ocr_carea' id='block_1_83' title="bbox 2259 3888 3844 3959">
    <p class='ocr_par' dir='ltr' id='par_1_83' title="bbox 2259 3888 3844 3959">
     <span class='ocr_line' id='line_1_83' title="bbox 2259 3888 3844 3959; baseline 0.003 -16"><span class='ocrx_word' id='word_1_652' title='bbox 2259 3888 2327 3943; x_wconf 91' lang='lat' dir='ltr'><strong>de</strong></span> <span class='ocrx_word' id='word_1_653' title='bbox 2354 3889 2613 3944; x_wconf 89' lang='lat' dir='ltr'><strong>cordibus</strong></span> <span class='ocrx_word' id='word_1_654' title='bbox 2643 3892 2869 3958; x_wconf 90' lang='lat' dir='ltr'><strong>nostris,</strong></span> <span class='ocrx_word' id='word_1_655' title='bbox 2918 3900 2976 3945; x_wconf 92' lang='lat' dir='ltr'><strong>ut</strong></span> <span class='ocrx_word' id='word_1_656' title='bbox 3017 3891 3284 3946; x_wconf 91' lang='lat' dir='ltr'><strong>illumiuet</strong></span> <span class='ocrx_word' id='word_1_657' title='bbox 3314 3903 3532 3947; x_wconf 89' lang='lat' dir='ltr'><strong>nostras</strong></span> <span class='ocrx_word' id='word_1_658' title='bbox 3565 3893 3844 3959; x_wconf 88' lang='lat' dir='ltr'><strong>tenebras,</strong></span> 
     </span>
    </p>
   </div>
   <div class='ocr_carea' id='block_1_84' title="bbox 2263 3982 3844 4054">
    <p class='ocr_par' dir='ltr' id='par_1_84' title="bbox 2263 3982 3844 4054">
     <span class='ocr_line' id='line_1_84' title="bbox 2263 3982 3844 4054; baseline 0.003 -18"><span class='ocrx_word' id='word_1_659' title='bbox 2263 3990 2321 4036; x_wconf 83' lang='lat' dir='ltr'><strong>ut</strong></span> <span class='ocrx_word' id='word_1_660' title='bbox 2343 3982 2554 4052; x_wconf 79' lang='lat' dir='ltr'><strong>fugiant</strong></span> <span class='ocrx_word' id='word_1_661' title='bbox 2578 3983 2922 4049; x_wconf 70' lang='lat' dir='ltr'><strong>tenebraz,.et</strong></span> <span class='ocrx_word' id='word_1_662' title='bbox 2950 3984 3157 4039; x_wconf 90' lang='lat' dir='ltr'><strong>habitet</strong></span> <span class='ocrx_word' id='word_1_663' title='bbox 3183 3984 3444 4054; x_wconf 90' lang='lat' dir='ltr'><strong>splendor</strong></span> <span class='ocrx_word' id='word_1_664' title='bbox 3479 3985 3617 4040; x_wconf 92' lang='lat' dir='ltr'><strong>lucis</strong></span> <span class='ocrx_word' id='word_1_665' title='bbox 3645 3986 3696 4040; x_wconf 92' lang='lat' dir='ltr'><strong>in</strong></span> <span class='ocrx_word' id='word_1_666' title='bbox 3725 4001 3844 4041; x_wconf 87' lang='lat' dir='ltr'><strong>eor-</strong></span> 
     </span>
    </p>
   </div>
   <div class='ocr_carea' id='block_1_85' title="bbox 2259 4072 3839 4145">
    <p class='ocr_par' dir='ltr' id='par_1_85' title="bbox 2259 4072 3839 4145">
     <span class='ocr_line' id='line_1_85' title="bbox 2259 4072 3839 4145; baseline 0.002 -17"><span class='ocrx_word' id='word_1_667' title='bbox 2259 4072 2419 4128; x_wconf 91' lang='lat' dir='ltr'><strong>dibus</strong></span> <span class='ocrx_word' id='word_1_668' title='bbox 2447 4073 2676 4129; x_wconf 90' lang='lat' dir='ltr'><strong>nostris.</strong></span> <span class='ocrx_word' id='word_1_669' title='bbox 2711 4073 2997 4145; x_wconf 84' lang='lat' dir='ltr'><strong>Templum</strong></span> <span class='ocrx_word' id='word_1_670' title='bbox 3032 4075 3270 4141; x_wconf 91' lang='lat' dir='ltr'><strong>Domini,</strong></span> <span class='ocrx_word' id='word_1_671' title='bbox 3306 4084 3360 4131; x_wconf 90' lang='lat' dir='ltr'><strong>et</strong></span> <span class='ocrx_word' id='word_1_672' title='bbox 3385 4075 3799 4132; x_wconf 86' lang='lat' dir='ltr'><strong>tabernaculum</strong></span> <span class='ocrx_word' id='word_1_673' title='bbox 3824 4117 3839 4143; x_wconf 92' lang='lat'><strong>,</strong></span> 
     </span>
    </p>
   </div>
   <div class='ocr_carea' id='block_1_86' title="bbox 2258 4168 3845 4241">
    <p class='ocr_par' dir='ltr' id='par_1_86' title="bbox 2258 4168 3845 4241">
     <span class='ocr_line' id='line_1_86' title="bbox 2258 4168 3845 4241; baseline 0 -17"><span class='ocrx_word' id='word_1_674' title='bbox 2258 4177 2313 4224; x_wconf 91' lang='lat' dir='ltr'><strong>et</strong></span> <span class='ocrx_word' id='word_1_675' title='bbox 2338 4168 2534 4225; x_wconf 81' lang='lat' dir='ltr'><strong>Sancta</strong></span> <span class='ocrx_word' id='word_1_676' title='bbox 2559 4177 2901 4236; x_wconf 89' lang='lat' dir='ltr'><strong>sanctorum,</strong></span> <span class='ocrx_word' id='word_1_677' title='bbox 2936 4185 3152 4241; x_wconf 89' lang='lat' dir='ltr'><strong>semper</strong></span> <span class='ocrx_word' id='word_1_678' title='bbox 3186 4171 3463 4226; x_wconf 82' lang='lat' dir='ltr'><strong>lucernam</strong></span> <span class='ocrx_word' id='word_1_679' title='bbox 3496 4170 3736 4226; x_wconf 87' lang='lat' dir='ltr'><strong>habeant</strong></span> <span class='ocrx_word' id='word_1_680' title='bbox 3762 4186 3845 4226; x_wconf 88' lang='lat' dir='ltr'><strong>ar-</strong></span> 
     </span>
    </p>
   </div>
   <div class='ocr_carea' id='block_1_87' title="bbox 2257 4261 3843 4334">
    <p class='ocr_par' dir='ltr' id='par_1_87' title="bbox 2257 4261 3843 4334">
     <span class='ocr_line' id='line_1_87' title="bbox 2257 4261 3843 4334; baseline 0.003 -17"><span class='ocrx_word' id='word_1_681' title='bbox 2257 4261 2477 4320; x_wconf 89' lang='lat' dir='ltr'><strong>dentem</strong></span> <span class='ocrx_word' id='word_1_682' title='bbox 2512 4279 2523 4316; x_wconf 92' lang='lat'>:</span> <span class='ocrx_word' id='word_1_683' title='bbox 2553 4277 2772 4334; x_wconf 90' lang='lat' dir='ltr'><strong>semper</strong></span> <span class='ocrx_word' id='word_1_684' title='bbox 2807 4266 3158 4334; x_wconf 91' lang='lat' dir='ltr'><strong>superluceat</strong></span> <span class='ocrx_word' id='word_1_685' title='bbox 3198 4265 3420 4321; x_wconf 88' lang='lat' dir='ltr'><strong>lucerna</strong></span> <span class='ocrx_word' id='word_1_686' title='bbox 3452 4263 3506 4320; x_wconf 92' lang='lat' dir='ltr'><strong>in</strong></span> <span class='ocrx_word' id='word_1_687' title='bbox 3539 4265 3707 4320; x_wconf 91' lang='lat' dir='ltr'><strong>domo</strong></span> <span class='ocrx_word' id='word_1_688' title='bbox 3739 4267 3843 4321; x_wconf 88' lang='lat' dir='ltr'><strong>Do-</strong></span> 
     </span>
    </p>
   </div>
   <div class='ocr_carea' id='block_1_88' title="bbox 565 4344 3840 4423">
    <p class='ocr_par' dir='ltr' id='par_1_88' title="bbox 565 4344 3840 4423">
     <span class='ocr_line' id='line_1_88' title="bbox 565 4344 3840 4423; baseline 0.005 -24"><span class='ocrx_word' id='word_1_689' title='bbox 565 4344 720 4399; x_wconf 90' lang='lat' dir='ltr'><strong>mitte</strong></span> <span class='ocrx_word' id='word_1_690' title='bbox 749 4344 1028 4400; x_wconf 80' lang='lat' dir='ltr'><strong>dexteram</strong></span> <span class='ocrx_word' id='word_1_691' title='bbox 1060 4354 1232 4414; x_wconf 89' lang='lat' dir='ltr'><strong>tuam,</strong></span> <span class='ocrx_word' id='word_1_692' title='bbox 1263 4356 1318 4402; x_wconf 90' lang='lat' dir='ltr'><strong>et</strong></span> <span class='ocrx_word' id='word_1_693' title='bbox 1366 4349 1518 4402; x_wconf 88' lang='lat' dir='ltr'><strong>eleva</strong></span> <span class='ocrx_word' id='word_1_694' title='bbox 1550 4363 1675 4405; x_wconf 91' lang='lat' dir='ltr'><strong>nos.</strong></span> <span class='ocrx_word' id='word_1_695' title='bbox 1721 4349 1901 4416; x_wconf 87' lang='lat' dir='ltr'><strong>Quare</strong></span> <span class='ocrx_word' id='word_1_696' title='bbox 1948 4352 2152 4408; x_wconf 90' lang='lat' dir='ltr'><strong>tamdiu</strong></span> <span class='ocrx_word' id='word_1_697' title='bbox 2245 4355 2412 4415; x_wconf 82' lang='lat' dir='ltr'><strong>mitti.</strong></span> <span class='ocrx_word' id='word_1_698' title='bbox 2449 4355 2505 4411; x_wconf 90' lang='lat' dir='ltr'><strong>Si</strong></span> <span class='ocrx_word' id='word_1_699' title='bbox 2537 4357 2683 4411; x_wconf 93' lang='lat' dir='ltr'><strong>enim</strong></span> <span class='ocrx_word' id='word_1_700' title='bbox 2710 4357 2983 4412; x_wconf 84' lang='lat' dir='ltr'><strong>exstincta</strong></span> <span class='ocrx_word' id='word_1_701' title='bbox 3015 4356 3181 4412; x_wconf 85' lang='lat' dir='ltr'><strong>fuerit</strong></span> <span class='ocrx_word' id='word_1_702' title='bbox 3209 4357 3450 4423; x_wconf 86' lang='lat' dir='ltr'><strong>lucerna,</strong></span> <span class='ocrx_word' id='word_1_703' title='bbox 3486 4357 3752 4414; x_wconf 90' lang='lat' dir='ltr'><strong>Dominus</strong></span> <span class='ocrx_word' id='word_1_704' title='bbox 3792 4359 3840 4414; x_wconf 92' lang='lat' dir='ltr'><strong>in</strong></span> 
     </span>
    </p>
   </div>
   <div class='ocr_carea' id='block_1_89' title="bbox 561 4434 2150 4502">
    <p class='ocr_par' dir='ltr' id='par_1_89' title="bbox 561 4434 2150 4502">
     <span class='ocr_line' id='line_1_89' title="bbox 561 4434 2150 4502; baseline 0.006 -10"><span class='ocrx_word' id='word_1_705' title='bbox 561 4434 848 4492; x_wconf 80' lang='lat' dir='ltr'><strong>dexteram</strong></span> <span class='ocrx_word' id='word_1_706' title='bbox 883 4448 1027 4493; x_wconf 90' lang='lat' dir='ltr'><strong>tuam</strong></span> <span class='ocrx_word' id='word_1_707' title='bbox 1060 4439 1230 4494; x_wconf 90' lang='lat' dir='ltr'><strong>habes</strong></span> <span class='ocrx_word' id='word_1_708' title='bbox 1253 4440 1306 4495; x_wconf 92' lang='lat' dir='ltr'><strong>in</strong></span> <span class='ocrx_word' id='word_1_709' title='bbox 1330 4441 1454 4496; x_wconf 90' lang='lat' dir='ltr'><strong>sinu</strong></span> <span class='ocrx_word' id='word_1_710' title='bbox 1485 4442 1612 4496; x_wconf 88' lang='lat' dir='ltr'><strong>tuo?</strong></span> <span class='ocrx_word' id='word_1_711' title='bbox 1633 4442 1855 4499; x_wconf 87' lang='lat' dir='ltr'><strong>Eructet</strong></span> <span class='ocrx_word' id='word_1_712' title='bbox 1881 4460 1976 4501; x_wconf 89' lang='lat' dir='ltr'><strong>cor</strong></span> <span class='ocrx_word' id='word_1_713' title='bbox 2003 4457 2150 4502; x_wconf 92' lang='lat' dir='ltr'><strong>tuum</strong></span> 
     </span>
    </p>
   </div>
   <div class='ocr_carea' id='block_1_90' title="bbox 2261 4447 3841 4521">
    <p class='ocr_par' dir='ltr' id='par_1_90' title="bbox 2261 4447 3841 4521">
     <span class='ocr_line' id='line_1_90' title="bbox 2261 4447 3841 4521; baseline 0.005 -21"><span class='ocrx_word' id='word_1_714' title='bbox 2261 4447 2500 4503; x_wconf 86' lang='lat' dir='ltr'><strong>tenebris</strong></span> <span class='ocrx_word' id='word_1_715' title='bbox 2552 4464 2658 4505; x_wconf 93' lang='lat' dir='ltr'><strong>non</strong></span> <span class='ocrx_word' id='word_1_716' title='bbox 2701 4449 2930 4505; x_wconf 87' lang='lat' dir='ltr'><strong>habitat.</strong></span> <span class='ocrx_word' id='word_1_717' title='bbox 2974 4449 3224 4505; x_wconf 89' lang='lat' dir='ltr'><strong>Dicamus</strong></span> <span class='ocrx_word' id='word_1_718' title='bbox 3251 4451 3418 4521; x_wconf 87' lang='lat' dir='ltr'><strong>igitur</strong></span> <span class='ocrx_word' id='word_1_719' title='bbox 3447 4461 3502 4506; x_wconf 88' lang='lat' dir='ltr'><strong>et</strong></span> <span class='ocrx_word' id='word_1_720' title='bbox 3553 4467 3656 4507; x_wconf 90' lang='lat' dir='ltr'><strong>nos</strong></span> <span class='ocrx_word' id='word_1_721' title='bbox 3693 4472 3704 4505; x_wconf 94' lang='lat'>:</span> <span class='ocrx_word' id='word_1_722' title='bbox 3739 4452 3841 4508; x_wconf 87' lang='lat' dir='ltr'><strong>Lu-</strong></span> 
     </span>
    </p>
   </div>
   <div class='ocr_carea' id='block_1_91' title="bbox 563 4519 3839 4614">
    <p class='ocr_par' dir='ltr' id='par_1_91' title="bbox 563 4519 3839 4614">
     <span class='ocr_line' id='line_1_91' title="bbox 563 4519 3839 4614; baseline 0.004 -30"><span class='ocrx_word' id='word_1_723' title='bbox 563 4531 792 4586; x_wconf 84' lang='lat' dir='ltr'><strong>verbum</strong></span> <span class='ocrx_word' id='word_1_724' title='bbox 840 4530 1040 4587; x_wconf 88' lang='lat' dir='ltr'><strong>bonum</strong></span> <span class='ocrx_word' id='word_1_725' title='bbox 1077 4550 1090 4587; x_wconf 93' lang='lat'><strong>:</strong></span> <span class='ocrx_word' id='word_1_726' title='bbox 1127 4533 1282 4589; x_wconf 90' lang='lat' dir='ltr'><strong>mitte</strong></span> <span class='ocrx_word' id='word_1_727' title='bbox 1324 4533 1610 4591; x_wconf 86' lang='lat' dir='ltr'><strong>dexteram</strong></span> <span class='ocrx_word' id='word_1_728' title='bbox 1661 4546 1828 4604; x_wconf 81' lang='lat' dir='ltr'><strong>luant,</strong></span> <span class='ocrx_word' id='word_1_729' title='bbox 1873 4548 1930 4595; x_wconf 88' lang='lat' dir='ltr'><strong>et</strong></span> <span class='ocrx_word' id='word_1_730' title='bbox 1981 4540 2152 4598; x_wconf 87' lang='lat' dir='ltr'><strong>libera</strong></span> <span class='ocrx_word' id='word_1_731' title='bbox 2183 4519 2425 4596; x_wconf 86' lang='lat' dir='ltr'><strong>Dcerna</strong></span> <span class='ocrx_word' id='word_1_732' title='bbox 2465 4541 2694 4612; x_wconf 84' lang='lat' dir='ltr'><strong>pedibus</strong></span> <span class='ocrx_word' id='word_1_733' title='bbox 2731 4543 2868 4598; x_wconf 86' lang='lat' dir='ltr'><strong>meis</strong></span> <span class='ocrx_word' id='word_1_734' title='bbox 2912 4542 3138 4600; x_wconf 85' lang='lat' dir='ltr'><strong>verbum</strong></span> <span class='ocrx_word' id='word_1_735' title='bbox 3193 4519 3367 4611; x_wconf 35' lang='lat' dir='ltr'><strong>tuu‘m,</strong></span> <span class='ocrx_word' id='word_1_736' title='bbox 3413 4543 3642 4600; x_wconf 90' lang='lat' dir='ltr'><strong>Domine</strong></span> <span class='ocrx_word' id='word_1_737' title='bbox 3671 4543 3839 4614; x_wconf 83' lang='lat' dir='ltr'><strong>(Psal.</strong></span> 
     </span>
    </p>
   </div>
   <div class='ocr_carea' id='block_1_92' title="bbox 561 4623 2149 4700">
    <p class='ocr_par' dir='ltr' id='par_1_92' title="bbox 561 4623 2149 4700">
     <span class='ocr_line' id='line_1_92' title="bbox 561 4623 2149 4700; baseline 0.005 -19"><span class='ocrx_word' id='word_1_738' title='bbox 561 4636 681 4681; x_wconf 91' lang='lat' dir='ltr'><strong>nos.</strong></span> <span class='ocrx_word' id='word_1_739' title='bbox 700 4623 896 4680; x_wconf 86' lang='lat' dir='ltr'><strong>Notum</strong></span> <span class='ocrx_word' id='word_1_740' title='bbox 927 4625 1085 4681; x_wconf 92' lang='lat' dir='ltr'><strong>nobis</strong></span> <span class='ocrx_word' id='word_1_741' title='bbox 1112 4625 1196 4682; x_wconf 89' lang='lat' dir='ltr'><strong>fac</strong></span> <span class='ocrx_word' id='word_1_742' title='bbox 1225 4628 1570 4699; x_wconf 89' lang='lat' dir='ltr'><strong>mysterium,</strong></span> <span class='ocrx_word' id='word_1_743' title='bbox 1595 4630 1737 4700; x_wconf 90' lang='lat' dir='ltr'><strong>quod</strong></span> <span class='ocrx_word' id='word_1_744' title='bbox 1766 4631 2149 4689; x_wconf 89' lang='lat' dir='ltr'><strong>absconditum</strong></span> 
     </span>
    </p>
   </div>
   <div class='ocr_carea' id='block_1_93' title="bbox 557 4717 2149 4796">
    <p class='ocr_par' dir='ltr' id='par_1_93' title="bbox 557 4717 2149 4796">
     <span class='ocr_line' id='line_1_93' title="bbox 557 4717 2149 4796; baseline 0.007 -24"><span class='ocrx_word' id='word_1_745' title='bbox 557 4717 658 4774; x_wconf 77' lang='lat' dir='ltr'><strong>fuit</strong></span> <span class='ocrx_word' id='word_1_746' title='bbox 678 4733 706 4772; x_wconf 88' lang='lat' dir='ltr'><strong>a</strong></span> <span class='ocrx_word' id='word_1_747' title='bbox 733 4718 1200 4790; x_wconf 83' lang='lat' dir='ltr'><strong>generationibus.</strong></span> <span class='ocrx_word' id='word_1_748' title='bbox 1227 4719 1511 4776; x_wconf 74' lang='lat' dir='ltr'><strong>Dexteram</strong></span> <span class='ocrx_word' id='word_1_749' title='bbox 1534 4733 1672 4778; x_wconf 76' lang='lat' dir='ltr'><strong>tuam</strong></span> <span class='ocrx_word' id='word_1_750' title='bbox 1695 4736 1868 4780; x_wconf 87' lang='lat' dir='ltr'><strong>notam</strong></span> <span class='ocrx_word' id='word_1_751' title='bbox 1890 4726 2149 4796; x_wconf 83' lang='lat' dir='ltr'><strong>fac.Quid</strong></span> 
     </span>
    </p>
   </div>
   <div class='ocr_carea' id='block_1_94' title="bbox 563 4808 2150 4882">
    <p class='ocr_par' dir='ltr' id='par_1_94' title="bbox 563 4808 2150 4882">
     <span class='ocr_line' id='line_1_94' title="bbox 563 4808 2150 4882; baseline 0.006 -18"><span class='ocrx_word' id='word_1_752' title='bbox 563 4809 838 4880; x_wconf 88' lang='lat' dir='ltr'><strong>subrepis,</strong></span> <span class='ocrx_word' id='word_1_753' title='bbox 867 4810 1002 4865; x_wconf 85' lang='lat' dir='ltr'><strong>Ari?</strong></span> <span class='ocrx_word' id='word_1_754' title='bbox 1049 4808 1165 4865; x_wconf 86' lang='lat' dir='ltr'><strong>Non</strong></span> <span class='ocrx_word' id='word_1_755' title='bbox 1197 4809 1354 4882; x_wconf 82' lang='lat' dir='ltr'><strong>dixit,</strong></span> <span class='ocrx_word' id='word_1_756' title='bbox 1388 4813 1667 4870; x_wconf 83' lang='lat' dir='ltr'><strong>dexteram</strong></span> <span class='ocrx_word' id='word_1_757' title='bbox 1699 4823 1844 4871; x_wconf 87' lang='lat' dir='ltr'><strong>tuam</strong></span> <span class='ocrx_word' id='word_1_758' title='bbox 1874 4817 1976 4873; x_wconf 84' lang='lat' dir='ltr'><strong>l&#39;ac.</strong></span> <span class='ocrx_word' id='word_1_759' title='bbox 2007 4819 2150 4874; x_wconf 91' lang='lat' dir='ltr'><strong>Deus</strong></span> 
     </span>
    </p>
   </div>
   <div class='ocr_carea' id='block_1_95' title="bbox 561 4902 2149 4978">
    <p class='ocr_par' dir='ltr' id='par_1_95' title="bbox 561 4902 2149 4978">
     <span class='ocr_line' id='line_1_95' title="bbox 561 4902 2149 4978; baseline 0.004 -20"><span class='ocrx_word' id='word_1_760' title='bbox 561 4903 706 4959; x_wconf 85' lang='lat' dir='ltr'><strong>enim</strong></span> <span class='ocrx_word' id='word_1_761' title='bbox 734 4903 854 4959; x_wconf 91' lang='lat' dir='ltr'><strong>siue</strong></span> <span class='ocrx_word' id='word_1_762' title='bbox 874 4902 1095 4959; x_wconf 85' lang='lat' dir='ltr'><strong>dextera</strong></span> <span class='ocrx_word' id='word_1_763' title='bbox 1122 4917 1216 4959; x_wconf 88' lang='lat' dir='ltr'><strong>sua</strong></span> <span class='ocrx_word' id='word_1_764' title='bbox 1242 4920 1533 4976; x_wconf 88' lang='lat' dir='ltr'><strong>numquam</strong></span> <span class='ocrx_word' id='word_1_765' title='bbox 1557 4905 1678 4964; x_wconf 85' lang='lat' dir='ltr'><strong>fuit.</strong></span> <span class='ocrx_word' id='word_1_766' title='bbox 1705 4907 1810 4963; x_wconf 92' lang='lat' dir='ltr'><strong>Sed</strong></span> <span class='ocrx_word' id='word_1_767' title='bbox 1827 4909 1953 4978; x_wconf 82' lang='lat' dir='ltr'><strong>quid</strong></span> <span class='ocrx_word' id='word_1_768' title='bbox 1982 4909 2149 4965; x_wconf 80' lang='lat' dir='ltr'><strong>dixit?</strong></span> 
     </span>
    </p>
   </div>
   <div class='ocr_carea' id='block_1_96' title="bbox 563 4992 2148 5071">
    <p class='ocr_par' dir='ltr' id='par_1_96' title="bbox 563 4992 2148 5071">
     <span class='ocr_line' id='line_1_96' title="bbox 563 4992 2148 5071; baseline 0.005 -22"><span class='ocrx_word' id='word_1_769' title='bbox 563 4992 842 5050; x_wconf 73' lang='lat' dir='ltr'><strong>Dexteram</strong></span> <span class='ocrx_word' id='word_1_770' title='bbox 866 5003 1033 5064; x_wconf 87' lang='lat' dir='ltr'><strong>tuam,</strong></span> <span class='ocrx_word' id='word_1_771' title='bbox 1056 5010 1177 5066; x_wconf 75' lang='lat' dir='ltr'><strong>qua:</strong></span> <span class='ocrx_word' id='word_1_772' title='bbox 1199 5011 1416 5068; x_wconf 89' lang='lat' dir='ltr'><strong>semper</strong></span> <span class='ocrx_word' id='word_1_773' title='bbox 1442 4998 1562 5065; x_wconf 89' lang='lat' dir='ltr'><strong>fuit,</strong></span> <span class='ocrx_word' id='word_1_774' title='bbox 1591 5009 1642 5053; x_wconf 88' lang='lat' dir='ltr'><strong>et</strong></span> <span class='ocrx_word' id='word_1_775' title='bbox 1677 5000 1730 5054; x_wconf 92' lang='lat' dir='ltr'><strong>in</strong></span> <span class='ocrx_word' id='word_1_776' title='bbox 1753 4998 1875 5055; x_wconf 91' lang='lat' dir='ltr'><strong>sinu</strong></span> <span class='ocrx_word' id='word_1_777' title='bbox 1908 5010 2000 5057; x_wconf 93' lang='lat' dir='ltr'><strong>tuo</strong></span> <span class='ocrx_word' id='word_1_778' title='bbox 2027 5002 2148 5071; x_wconf 82' lang='lat' dir='ltr'><strong>fuit,</strong></span> 
     </span>
    </p>
   </div>
   <div class='ocr_carea' id='block_1_97' title="bbox 559 5089 2150 5161">
    <p class='ocr_par' dir='ltr' id='par_1_97' title="bbox 559 5089 2150 5161">
     <span class='ocr_line' id='line_1_97' title="bbox 559 5089 2150 5161; baseline 0.006 -19"><span class='ocrx_word' id='word_1_779' title='bbox 559 5098 737 5143; x_wconf 86' lang='lat' dir='ltr'><strong>notam</strong></span> <span class='ocrx_word' id='word_1_780' title='bbox 768 5089 873 5160; x_wconf 79' lang='lat' dir='ltr'><strong>fac.</strong></span> <span class='ocrx_word' id='word_1_781' title='bbox 905 5089 1174 5156; x_wconf 89' lang='lat' dir='ltr'><strong>Quoniam</strong></span> <span class='ocrx_word' id='word_1_782' title='bbox 1220 5089 1375 5144; x_wconf 79' lang='lat' dir='ltr'><strong>illurn</strong></span> <span class='ocrx_word' id='word_1_783' title='bbox 1405 5102 1811 5161; x_wconf 88' lang='lat' dir='ltr'><strong>permanentem</strong></span> <span class='ocrx_word' id='word_1_784' title='bbox 1847 5091 1902 5148; x_wconf 85' lang='lat' dir='ltr'><strong>iu</strong></span> <span class='ocrx_word' id='word_1_785' title='bbox 1949 5095 2150 5152; x_wconf 89' lang='lat' dir='ltr'><strong>deitate</strong></span> 
     </span>
    </p>
   </div>
   <div class='ocr_carea' id='block_1_98' title="bbox 557 5181 2149 5254">
    <p class='ocr_par' dir='ltr' id='par_1_98' title="bbox 557 5181 2149 5254">
     <span class='ocr_line' id='line_1_98' title="bbox 557 5181 2149 5254; baseline 0.006 -19"><span class='ocrx_word' id='word_1_786' title='bbox 557 5193 655 5236; x_wconf 87' lang='lat' dir='ltr'><strong>sua</strong></span> <span class='ocrx_word' id='word_1_787' title='bbox 684 5196 848 5236; x_wconf 89' lang='lat' dir='ltr'><strong>nosse</strong></span> <span class='ocrx_word' id='word_1_788' title='bbox 875 5196 980 5236; x_wconf 92' lang='lat' dir='ltr'><strong>non</strong></span> <span class='ocrx_word' id='word_1_789' title='bbox 1008 5195 1296 5250; x_wconf 92' lang='lat' dir='ltr'><strong>possumus</strong></span> <span class='ocrx_word' id='word_1_790' title='bbox 1330 5198 1344 5236; x_wconf 92' lang='lat'><strong>:</strong></span> <span class='ocrx_word' id='word_1_791' title='bbox 1378 5193 1622 5239; x_wconf 83' lang='lat' dir='ltr'><strong>assumat</strong></span> <span class='ocrx_word' id='word_1_792' title='bbox 1646 5181 1944 5254; x_wconf 90' lang='lat' dir='ltr'><strong>hominem,</strong></span> <span class='ocrx_word' id='word_1_793' title='bbox 1979 5195 2033 5242; x_wconf 90' lang='lat' dir='ltr'><strong>et</strong></span> <span class='ocrx_word' id='word_1_794' title='bbox 2069 5189 2149 5244; x_wconf 89' lang='lat' dir='ltr'><strong>sic</strong></span> 
     </span>
    </p>
   </div>
   <div class='ocr_carea' id='block_1_99' title="bbox 557 5272 2147 5350">
    <p class='ocr_par' dir='ltr' id='par_1_99' title="bbox 557 5272 2147 5350">
     <span class='ocr_line' id='line_1_99' title="bbox 557 5272 2147 5350; baseline 0.003 -20"><span class='ocrx_word' id='word_1_795' title='bbox 557 5273 926 5344; x_wconf 82' lang='lat' dir='ltr'><strong>intelligamus</strong></span> <span class='ocrx_word' id='word_1_796' title='bbox 954 5273 1101 5329; x_wconf 82' lang='lat' dir='ltr'><strong>eum.</strong></span> <span class='ocrx_word' id='word_1_797' title='bbox 1135 5272 1421 5329; x_wconf 73' lang='lat' dir='ltr'><strong>Dexteram</strong></span> <span class='ocrx_word' id='word_1_798' title='bbox 1469 5284 1611 5329; x_wconf 85' lang='lat' dir='ltr'><strong>tuam</strong></span> <span class='ocrx_word' id='word_1_799' title='bbox 1637 5277 1712 5330; x_wconf 87' lang='lat' dir='ltr'><strong>sic</strong></span> <span class='ocrx_word' id='word_1_800' title='bbox 1757 5287 1930 5332; x_wconf 84' lang='lat' dir='ltr'><strong>notam</strong></span> <span class='ocrx_word' id='word_1_801' title='bbox 1959 5281 2069 5350; x_wconf 85' lang='lat' dir='ltr'><strong>fac,</strong></span> <span class='ocrx_word' id='word_1_802' title='bbox 2099 5290 2147 5334; x_wconf 86' lang='lat' dir='ltr'><strong>et</strong></span> 
     </span>
    </p>
   </div>
   <div class='ocr_carea' id='block_1_100' title="bbox 553 5365 2147 5440">
    <p class='ocr_par' dir='ltr' id='par_1_100' title="bbox 553 5365 2147 5440">
     <span class='ocr_line' id='line_1_100' title="bbox 553 5365 2147 5440; baseline 0.003 -18"><span class='ocrx_word' id='word_1_803' title='bbox 553 5367 876 5436; x_wconf 82' lang='lat' dir='ltr'><strong>compeditos</strong></span> <span class='ocrx_word' id='word_1_804' title='bbox 907 5365 1061 5420; x_wconf 91' lang='lat' dir='ltr'><strong>corde</strong></span> <span class='ocrx_word' id='word_1_805' title='bbox 1088 5366 1146 5420; x_wconf 86' lang='lat' dir='ltr'><strong>in</strong></span> <span class='ocrx_word' id='word_1_806' title='bbox 1177 5367 1454 5437; x_wconf 78' lang='lat' dir='ltr'><strong>sapientia.</strong></span> <span class='ocrx_word' id='word_1_807' title='bbox 1487 5367 1597 5423; x_wconf 87' lang='lat' dir='ltr'><strong>Eos</strong></span> <span class='ocrx_word' id='word_1_808' title='bbox 1626 5369 1716 5439; x_wconf 92' lang='lat' dir='ltr'><strong>qui</strong></span> <span class='ocrx_word' id='word_1_809' title='bbox 1748 5369 2026 5440; x_wconf 59' lang='lat' dir='ltr'><strong>sapientiae</strong></span> <span class='ocrx_word' id='word_1_810' title='bbox 2050 5370 2147 5426; x_wconf 87' lang='lat' dir='ltr'><strong>ha-</strong></span> 
     </span>
    </p>
   </div>
   <div class='ocr_carea' id='block_1_101' title="bbox 557 5458 2146 5532">
    <p class='ocr_par' dir='ltr' id='par_1_101' title="bbox 557 5458 2146 5532">
     <span class='ocr_line' id='line_1_101' title="bbox 557 5458 2146 5532; baseline 0.003 -16"><span class='ocrx_word' id='word_1_811' title='bbox 557 5461 686 5516; x_wconf 88' lang='lat' dir='ltr'><strong>bent</strong></span> <span class='ocrx_word' id='word_1_812' title='bbox 712 5459 1026 5530; x_wconf 91' lang='lat' dir='ltr'><strong>compedes,</strong></span> <span class='ocrx_word' id='word_1_813' title='bbox 1053 5458 1156 5515; x_wconf 89' lang='lat' dir='ltr'><strong>boc</strong></span> <span class='ocrx_word' id='word_1_814' title='bbox 1184 5466 1288 5521; x_wconf 85' lang='lat' dir='ltr'><strong>est.</strong></span> <span class='ocrx_word' id='word_1_815' title='bbox 1313 5463 1402 5531; x_wconf 90' lang='lat' dir='ltr'><strong>qui</strong></span> <span class='ocrx_word' id='word_1_816' title='bbox 1429 5462 1723 5532; x_wconf 89' lang='lat' dir='ltr'><strong>compediti</strong></span> <span class='ocrx_word' id='word_1_817' title='bbox 1748 5473 1875 5519; x_wconf 87' lang='lat' dir='ltr'><strong>sunt</strong></span> <span class='ocrx_word' id='word_1_818' title='bbox 1905 5464 1956 5518; x_wconf 92' lang='lat' dir='ltr'><strong>in</strong></span> <span class='ocrx_word' id='word_1_819' title='bbox 1981 5467 2146 5522; x_wconf 86' lang='lat' dir='ltr'><strong>corde</strong></span> 
     </span>
    </p>
   </div>
   <div class='ocr_carea' id='block_1_102' title="bbox 545 5541 2144 5626">
    <p class='ocr_par' dir='ltr' id='par_1_102' title="bbox 545 5541 2144 5626">
     <span class='ocr_line' id='line_1_102' title="bbox 545 5541 2144 5626; baseline 0.004 -19"><span class='ocrx_word' id='word_1_820' title='bbox 545 5563 646 5622; x_wconf 84' lang='lat' dir='ltr'><strong>per</strong></span> <span class='ocrx_word' id='word_1_821' title='bbox 672 5541 994 5621; x_wconf 73' lang='lat' dir='ltr'><strong>sapientiam</strong></span> <span class='ocrx_word' id='word_1_822' title='bbox 1019 5557 1192 5608; x_wconf 89' lang='lat' dir='ltr'><strong>tuam.</strong></span> <span class='ocrx_word' id='word_1_823' title='bbox 1224 5549 1344 5608; x_wconf 85' lang='lat' dir='ltr'><strong>Non</strong></span> <span class='ocrx_word' id='word_1_824' title='bbox 1373 5553 1533 5608; x_wconf 89' lang='lat' dir='ltr'><strong>vobis</strong></span> <span class='ocrx_word' id='word_1_825' title='bbox 1563 5555 1636 5610; x_wconf 87' lang='lat' dir='ltr'><strong>sit</strong></span> <span class='ocrx_word' id='word_1_826' title='bbox 1672 5556 1989 5623; x_wconf 92' lang='lat' dir='ltr'><strong>molestum,</strong></span> <span class='ocrx_word' id='word_1_827' title='bbox 2020 5559 2144 5626; x_wconf 85' lang='lat' dir='ltr'><strong>quia</strong></span> 
     </span>
    </p>
   </div>
   <div class='ocr_carea' id='block_1_103' title="bbox 551 5644 2142 5718">
    <p class='ocr_par' dir='ltr' id='par_1_103' title="bbox 551 5644 2142 5718">
     <span class='ocr_line' id='line_1_103' title="bbox 551 5644 2142 5718; baseline 0.005 -19"><span class='ocrx_word' id='word_1_828' title='bbox 551 5645 811 5701; x_wconf 82' lang='lat' dir='ltr'><strong>obscurus</strong></span> <span class='ocrx_word' id='word_1_829' title='bbox 837 5653 921 5700; x_wconf 90' lang='lat' dir='ltr'><strong>est</strong></span> <span class='ocrx_word' id='word_1_830' title='bbox 949 5644 1120 5699; x_wconf 89' lang='lat' dir='ltr'><strong>locus.</strong></span> <span class='ocrx_word' id='word_1_831' title='bbox 1156 5645 1442 5715; x_wconf 78' lang='lat' dir='ltr'><strong>Prophetze</strong></span> <span class='ocrx_word' id='word_1_832' title='bbox 1473 5646 1745 5703; x_wconf 90' lang='lat' dir='ltr'><strong>habebant</strong></span> <span class='ocrx_word' id='word_1_833' title='bbox 1775 5649 2095 5718; x_wconf 84' lang='lat' dir='ltr'><strong>sapientiam</strong></span> <span class='ocrx_word' id='word_1_834' title='bbox 2127 5667 2142 5707; x_wconf 88' lang='lat'><strong>:</strong></span> 
     </span>
    </p>
   </div>
   <div class='ocr_carea' id='block_1_104' title="bbox 547 5736 2145 5812">
    <p class='ocr_par' dir='ltr' id='par_1_104' title="bbox 547 5736 2145 5812">
     <span class='ocr_line' id='line_1_104' title="bbox 547 5736 2145 5812; baseline 0.004 -20"><span class='ocrx_word' id='word_1_835' title='bbox 547 5737 644 5792; x_wconf 76' lang='lat' dir='ltr'><strong>sed</strong></span> <span class='ocrx_word' id='word_1_836' title='bbox 686 5737 799 5806; x_wconf 86' lang='lat' dir='ltr'><strong>ipsa</strong></span> <span class='ocrx_word' id='word_1_837' title='bbox 848 5736 1112 5808; x_wconf 87' lang='lat' dir='ltr'><strong>sapientia</strong></span> <span class='ocrx_word' id='word_1_838' title='bbox 1167 5737 1546 5810; x_wconf 87' lang='lat' dir='ltr'><strong>compediebat</strong></span> <span class='ocrx_word' id='word_1_839' title='bbox 1591 5753 1710 5807; x_wconf 89' lang='lat' dir='ltr'><strong>eos,</strong></span> <span class='ocrx_word' id='word_1_840' title='bbox 1736 5754 1842 5796; x_wconf 91' lang='lat' dir='ltr'><strong>non</strong></span> <span class='ocrx_word' id='word_1_841' title='bbox 1891 5750 2145 5812; x_wconf 79' lang='lat' dir='ltr'><strong>paterant</strong></span> 
     </span>
    </p>
   </div>
   <div class='ocr_carea' id='block_1_105' title="bbox 2258 4633 3838 4704">
    <p class='ocr_par' dir='ltr' id='par_1_105' title="bbox 2258 4633 3838 4704">
     <span class='ocr_line' id='line_1_105' title="bbox 2258 4633 3838 4704; baseline 0.001 -17"><span class='ocrx_word' id='word_1_842' title='bbox 2258 4633 2461 4702; x_wconf 75' lang='lat' dir='ltr'><strong>cxvni)</strong></span> <span class='ocrx_word' id='word_1_843' title='bbox 2500 4652 2510 4687; x_wconf 93' lang='lat'>:</span> <span class='ocrx_word' id='word_1_844' title='bbox 2537 4634 2622 4689; x_wconf 89' lang='lat' dir='ltr'><strong>cui</strong></span> <span class='ocrx_word' id='word_1_845' title='bbox 2653 4635 2725 4690; x_wconf 89' lang='lat' dir='ltr'><strong>sit</strong></span> <span class='ocrx_word' id='word_1_846' title='bbox 2751 4635 2920 4704; x_wconf 90' lang='lat' dir='ltr'><strong>gloria</strong></span> <span class='ocrx_word' id='word_1_847' title='bbox 2947 4633 3000 4690; x_wconf 89' lang='lat' dir='ltr'><strong>in</strong></span> <span class='ocrx_word' id='word_1_848' title='bbox 3034 4635 3234 4691; x_wconf 59' lang='lat' dir='ltr'><strong>saecula</strong></span> <span class='ocrx_word' id='word_1_849' title='bbox 3263 4634 3615 4692; x_wconf 66' lang='lat' dir='ltr'><strong>saeculorum.</strong></span> <span class='ocrx_word' id='word_1_850' title='bbox 3650 4635 3838 4693; x_wconf 71' lang='lat' dir='ltr'><strong>Amen.</strong></span> 
     </span>
    </p>
   </div>
   <div class='ocr_carea' id='block_1_106' title="bbox 2806 4770 3276 4829">
    <p class='ocr_par' dir='ltr' id='par_1_106' title="bbox 2806 4770 3276 4829">
     <span class='ocr_line' id='line_1_106' title="bbox 2806 4770 3276 4829; baseline 0 -2"><span class='ocrx_word' id='word_1_851' title='bbox 2806 4770 3126 4829; x_wconf 77' lang='lat' dir='ltr'><strong>PSALMUS</strong></span> <span class='ocrx_word' id='word_1_852' title='bbox 3163 4772 3276 4829; x_wconf 78' lang='lat' dir='ltr'><strong>XC.</strong></span> 
     </span>
    </p>
   </div>
   <div class='ocr_carea' id='block_1_107' title="bbox 2256 4861 3838 4936">
    <p class='ocr_par' dir='ltr' id='par_1_107' title="bbox 2256 4861 3838 4936">
     <span class='ocr_line' id='line_1_107' title="bbox 2256 4861 3838 4936; baseline 0.003 -20"><span class='ocrx_word' id='word_1_853' title='bbox 2256 4861 2361 4917; x_wconf 88' lang='lat' dir='ltr'><strong>Iste</strong></span> <span class='ocrx_word' id='word_1_854' title='bbox 2377 4861 2614 4936; x_wconf 73' lang='lat' dir='ltr'><strong>psalmus</strong></span> <span class='ocrx_word' id='word_1_855' title='bbox 2638 4876 2749 4917; x_wconf 92' lang='lat' dir='ltr'><strong>non</strong></span> <span class='ocrx_word' id='word_1_856' title='bbox 2765 4864 2928 4936; x_wconf 71' lang='lat' dir='ltr'><strong>habet</strong></span> <span class='ocrx_word' id='word_1_857' title='bbox 2945 4865 3184 4931; x_wconf 90' lang='lat' dir='ltr'><strong>titulum,</strong></span> <span class='ocrx_word' id='word_1_858' title='bbox 3201 4880 3266 4921; x_wconf 92' lang='lat' dir='ltr'><strong>eo</strong></span> <span class='ocrx_word' id='word_1_859' title='bbox 3285 4865 3424 4935; x_wconf 93' lang='lat' dir='ltr'><strong>quod</strong></span> <span class='ocrx_word' id='word_1_860' title='bbox 3439 4865 3506 4921; x_wconf 90' lang='lat' dir='ltr'><strong>de</strong></span> <span class='ocrx_word' id='word_1_861' title='bbox 3527 4865 3733 4936; x_wconf 87' lang='lat' dir='ltr'><strong>capite,</strong></span> <span class='ocrx_word' id='word_1_862' title='bbox 3755 4866 3838 4923; x_wconf 77' lang='lat' dir='ltr'><strong>vel</strong></span> 
     </span>
    </p>
   </div>
   <div class='ocr_carea' id='block_1_108' title="bbox 2323 4933 3838 5004">
    <p class='ocr_par' dir='ltr' id='par_1_108' title="bbox 2323 4933 3838 5004">
     <span class='ocr_line' id='line_1_108' title="bbox 2323 4933 3838 5004; baseline 0.003 -16"><span class='ocrx_word' id='word_1_863' title='bbox 2323 4933 2864 5004; x_wconf 88' lang='lat' dir='ltr'><strong>membriscantatur.</strong></span> <span class='ocrx_word' id='word_1_864' title='bbox 2885 4934 3123 5004; x_wconf 89' lang='lat' dir='ltr'><strong>Caputin</strong></span> <span class='ocrx_word' id='word_1_865' title='bbox 3138 4937 3279 4992; x_wconf 63' lang='lat' dir='ltr'><strong>caelo</strong></span> <span class='ocrx_word' id='word_1_866' title='bbox 3300 4933 3315 4989; x_wconf 76' lang='grc' dir='ltr'>Ξ</span> <span class='ocrx_word' id='word_1_867' title='bbox 3336 4937 3580 4992; x_wconf 87' lang='lat' dir='ltr'><strong>membra</strong></span> <span class='ocrx_word' id='word_1_868' title='bbox 3599 4933 3651 4992; x_wconf 84' lang='lat' dir='ltr'><strong>in</strong></span> <span class='ocrx_word' id='word_1_869' title='bbox 3677 4947 3838 4993; x_wconf 88' lang='lat' dir='ltr'><strong>terra.</strong></span> 
     </span>
    </p>
   </div>
   <div class='ocr_carea' id='block_1_109' title="bbox 2330 5003 3841 5076">
    <p class='ocr_par' dir='ltr' id='par_1_109' title="bbox 2330 5003 3841 5076">
     <span class='ocr_line' id='line_1_109' title="bbox 2330 5003 3841 5076; baseline 0.005 -20"><span class='ocrx_word' id='word_1_870' title='bbox 2330 5003 2399 5056; x_wconf 77' lang='lat' dir='ltr'><strong>Et</strong></span> <span class='ocrx_word' id='word_1_871' title='bbox 2427 5007 2648 5076; x_wconf 84' lang='lat' dir='ltr'><strong>proprie</strong></span> <span class='ocrx_word' id='word_1_872' title='bbox 2681 5003 3000 5076; x_wconf 84' lang='lat' dir='ltr'><strong>intelligitur</strong></span> <span class='ocrx_word' id='word_1_873' title='bbox 3017 5007 3082 5062; x_wconf 92' lang='lat' dir='ltr'><strong>de</strong></span> <span class='ocrx_word' id='word_1_874' title='bbox 3100 5007 3329 5074; x_wconf 85' lang='lat' dir='ltr'><strong>jejunio,</strong></span> <span class='ocrx_word' id='word_1_875' title='bbox 3348 5017 3403 5062; x_wconf 91' lang='lat' dir='ltr'><strong>et</strong></span> <span class='ocrx_word' id='word_1_876' title='bbox 3432 5007 3520 5062; x_wconf 88' lang='lat' dir='ltr'><strong>illa</strong></span> <span class='ocrx_word' id='word_1_877' title='bbox 3544 5010 3841 5064; x_wconf 89' lang='lat' dir='ltr'><strong>tentatione</strong></span> 
     </span>
    </p>
   </div>
   <div class='ocr_carea' id='block_1_110' title="bbox 2329 5074 3842 5149">
    <p class='ocr_par' dir='ltr' id='par_1_110' title="bbox 2329 5074 3842 5149">
     <span class='ocr_line' id='line_1_110' title="bbox 2329 5074 3842 5149; baseline 0.003 -22"><span class='ocrx_word' id='word_1_878' title='bbox 2329 5075 2522 5149; x_wconf 71' lang='lat' dir='ltr'><strong>eremi.</strong></span> <span class='ocrx_word' id='word_1_879' title='bbox 2565 5074 2908 5149; x_wconf 70' lang='lat' dir='ltr'><strong>Prtevidebat</strong></span> <span class='ocrx_word' id='word_1_880' title='bbox 2944 5077 3230 5147; x_wconf 85' lang='lat' dir='ltr'><strong>propheta,</strong></span> <span class='ocrx_word' id='word_1_881' title='bbox 3254 5079 3399 5149; x_wconf 87' lang='lat' dir='ltr'><strong>quod</strong></span> <span class='ocrx_word' id='word_1_882' title='bbox 3436 5087 3694 5134; x_wconf 84' lang='lat' dir='ltr'><strong>venturus</strong></span> <span class='ocrx_word' id='word_1_883' title='bbox 3725 5090 3842 5133; x_wconf 88' lang='lat' dir='ltr'><strong>erat</strong></span> 
     </span>
    </p>
   </div>
   <div class='ocr_carea' id='block_1_111' title="bbox 2328 5144 3839 5222">
    <p class='ocr_par' dir='ltr' id='par_1_111' title="bbox 2328 5144 3839 5222">
     <span class='ocr_line' id='line_1_111' title="bbox 2328 5144 3839 5222; baseline 0.003 -22"><span class='ocrx_word' id='word_1_884' title='bbox 2328 5144 2573 5201; x_wconf 85' lang='lat' dir='ltr'><strong>Christus</strong></span> <span class='ocrx_word' id='word_1_885' title='bbox 2594 5148 2646 5201; x_wconf 93' lang='lat' dir='ltr'><strong>in</strong></span> <span class='ocrx_word' id='word_1_886' title='bbox 2670 5161 2856 5215; x_wconf 91' lang='lat' dir='ltr'><strong>carne,</strong></span> <span class='ocrx_word' id='word_1_887' title='bbox 2878 5158 2931 5202; x_wconf 94' lang='lat' dir='ltr'><strong>ut</strong></span> <span class='ocrx_word' id='word_1_888' title='bbox 2948 5144 3522 5205; x_wconf 80' lang='lat' dir='ltr'><strong>tentareturadiabolo</strong></span> <span class='ocrx_word' id='word_1_889' title='bbox 3538 5149 3720 5222; x_wconf 74' lang='lat' dir='ltr'><strong>(Matt.</strong></span> <span class='ocrx_word' id='word_1_890' title='bbox 3740 5151 3839 5220; x_wconf 88' lang='lat' dir='ltr'><strong>tv).</strong></span> 
     </span>
    </p>
   </div>
   <div class='ocr_carea' id='block_1_112' title="bbox 2328 5279 3839 5356">
    <p class='ocr_par' dir='ltr' id='par_1_112' title="bbox 2328 5279 3839 5356">
     <span class='ocr_line' id='line_1_112' title="bbox 2328 5279 3839 5356; baseline 0.007 -23"><span class='ocrx_word' id='word_1_891' title='bbox 2328 5280 2432 5348; x_wconf 84' lang='lat' dir='ltr'><strong>Qui</strong></span> <span class='ocrx_word' id='word_1_892' title='bbox 2458 5279 2658 5335; x_wconf 85' lang='lat' dir='ltr'><strong>habitat</strong></span> <span class='ocrx_word' id='word_1_893' title='bbox 2681 5281 3028 5353; x_wconf 71' lang='lat' dir='ltr'><strong>in‘udjutorio</strong></span> <span class='ocrx_word' id='word_1_894' title='bbox 3059 5283 3335 5338; x_wconf 79' lang='lat' dir='ltr'><strong>Altissimi.</strong></span> <span class='ocrx_word' id='word_1_895' title='bbox 3367 5282 3718 5356; x_wconf 80' lang='lat' dir='ltr'><strong>Adjutorium</strong></span> <span class='ocrx_word' id='word_1_896' title='bbox 3754 5287 3839 5343; x_wconf 87' lang='lat' dir='ltr'><strong>in-</strong></span> 
     </span>
    </p>
   </div>
   <div class='ocr_carea' id='block_1_113' title="bbox 2252 5373 3841 5452">
    <p class='ocr_par' dir='ltr' id='par_1_113' title="bbox 2252 5373 3841 5452">
     <span class='ocr_line' id='line_1_113' title="bbox 2252 5373 3841 5452; baseline 0.005 -24"><span class='ocrx_word' id='word_1_897' title='bbox 2252 5382 2616 5444; x_wconf 88' lang='lat' dir='ltr'><strong>terpretatur,</strong></span> <span class='ocrx_word' id='word_1_898' title='bbox 2651 5373 2835 5430; x_wconf 77' lang='lat' dir='ltr'><strong>Ezras.</strong></span> <span class='ocrx_word' id='word_1_899' title='bbox 2881 5373 3122 5446; x_wconf 90' lang='lat' dir='ltr'><strong>Denique</strong></span> <span class='ocrx_word' id='word_1_900' title='bbox 3141 5376 3326 5448; x_wconf 80' lang='grc' dir='ltr'><strong>βοηθὸς</strong></span> <span class='ocrx_word' id='word_1_901' title='bbox 3367 5377 3536 5434; x_wconf 84' lang='lat' dir='ltr'><strong>Ezras</strong></span> <span class='ocrx_word' id='word_1_902' title='bbox 3575 5381 3841 5452; x_wconf 78' lang='lat' dir='ltr'><strong>propheta</strong></span> 
     </span>
    </p>
   </div>
   <div class='ocr_carea' id='block_1_114' title="bbox 2251 5463 3842 5542">
    <p class='ocr_par' dir='ltr' id='par_1_114' title="bbox 2251 5463 3842 5542">
     <span class='ocr_line' id='line_1_114' title="bbox 2251 5463 3842 5542; baseline 0.007 -23"><span class='ocrx_word' id='word_1_903' title='bbox 2251 5463 2470 5520; x_wconf 91' lang='lat' dir='ltr'><strong>dicitur.</strong></span> <span class='ocrx_word' id='word_1_904' title='bbox 2503 5465 2608 5522; x_wconf 87' lang='lat' dir='ltr'><strong>Iste</strong></span> <span class='ocrx_word' id='word_1_905' title='bbox 2635 5477 2720 5522; x_wconf 90' lang='lat' dir='ltr'><strong>est</strong></span> <span class='ocrx_word' id='word_1_906' title='bbox 2744 5465 2838 5537; x_wconf 91' lang='lat' dir='ltr'><strong>qui</strong></span> <span class='ocrx_word' id='word_1_907' title='bbox 2877 5467 3094 5524; x_wconf 83' lang='lat' dir='ltr'><strong>reduxit</strong></span> <span class='ocrx_word' id='word_1_908' title='bbox 3124 5468 3384 5540; x_wconf 87' lang='lat' dir='ltr'><strong>populum</strong></span> <span class='ocrx_word' id='word_1_909' title='bbox 3430 5470 3499 5526; x_wconf 86' lang='lat' dir='ltr'><strong>de</strong></span> <span class='ocrx_word' id='word_1_910' title='bbox 3527 5473 3842 5542; x_wconf 80' lang='lat' dir='ltr'><strong>captivitate</strong></span> 
     </span>
    </p>
   </div>
   <div class='ocr_carea' id='block_1_115' title="bbox 2253 5558 3838 5636">
    <p class='ocr_par' dir='ltr' id='par_1_115' title="bbox 2253 5558 3838 5636">
     <span class='ocr_line' id='line_1_115' title="bbox 2253 5558 3838 5636; baseline 0.006 -23"><span class='ocrx_word' id='word_1_911' title='bbox 2253 5558 2586 5630; x_wconf 87' lang='lat' dir='ltr'><strong>Babyloniae,</strong></span> <span class='ocrx_word' id='word_1_912' title='bbox 2611 5569 2668 5617; x_wconf 89' lang='lat' dir='ltr'><strong>et</strong></span> <span class='ocrx_word' id='word_1_913' title='bbox 2691 5560 2976 5616; x_wconf 81' lang='lat' dir='ltr'><strong>induxitin</strong></span> <span class='ocrx_word' id='word_1_914' title='bbox 3009 5571 3207 5618; x_wconf 90' lang='lat' dir='ltr'><strong>terram</strong></span> <span class='ocrx_word' id='word_1_915' title='bbox 3235 5565 3706 5636; x_wconf 84' lang='lat' dir='ltr'><strong>repromissionis.</strong></span> <span class='ocrx_word' id='word_1_916' title='bbox 3737 5566 3838 5636; x_wconf 90' lang='lat' dir='ltr'><strong>Qui</strong></span> 
     </span>
    </p>
   </div>
   <div class='ocr_carea' id='block_1_116' title="bbox 2251 5651 3840 5720">
    <p class='ocr_par' dir='ltr' id='par_1_116' title="bbox 2251 5651 3840 5720">
     <span class='ocr_line' id='line_1_116' title="bbox 2251 5651 3840 5720; baseline 0.004 -14"><span class='ocrx_word' id='word_1_917' title='bbox 2251 5665 2381 5720; x_wconf 90' lang='lat' dir='ltr'><strong>ergo</strong></span> <span class='ocrx_word' id='word_1_918' title='bbox 2420 5651 2627 5706; x_wconf 90' lang='lat' dir='ltr'><strong>habitat</strong></span> <span class='ocrx_word' id='word_1_919' title='bbox 2656 5652 2709 5707; x_wconf 91' lang='lat' dir='ltr'><strong>in</strong></span> <span class='ocrx_word' id='word_1_920' title='bbox 2739 5652 2906 5709; x_wconf 80' lang='lat' dir='ltr'><strong>Ezras</strong></span> <span class='ocrx_word' id='word_1_921' title='bbox 2930 5691 2946 5719; x_wconf 90' lang='lat'><strong>,</strong></span> <span class='ocrx_word' id='word_1_922' title='bbox 2980 5652 3186 5708; x_wconf 89' lang='lat' dir='ltr'><strong>habitat</strong></span> <span class='ocrx_word' id='word_1_923' title='bbox 3217 5653 3269 5708; x_wconf 92' lang='lat' dir='ltr'><strong>in</strong></span> <span class='ocrx_word' id='word_1_924' title='bbox 3315 5654 3468 5711; x_wconf 81' lang='lat' dir='ltr'><strong>Jesu.</strong></span> <span class='ocrx_word' id='word_1_925' title='bbox 3497 5653 3723 5712; x_wconf 83' lang='lat' dir='ltr'><strong>Interim</strong></span> <span class='ocrx_word' id='word_1_926' title='bbox 3755 5672 3840 5712; x_wconf 89' lang='lat' dir='ltr'><strong>se-</strong></span> 
     </span>
    </p>
   </div>
   <div class='ocr_carea' id='block_1_117' title="bbox 2248 5742 3840 5814">
    <p class='ocr_par' dir='ltr' id='par_1_117' title="bbox 2248 5742 3840 5814">
     <span class='ocr_line' id='line_1_117' title="bbox 2248 5742 3840 5814; baseline 0.005 -16"><span class='ocrx_word' id='word_1_927' title='bbox 2248 5742 2482 5798; x_wconf 87' lang='lat' dir='ltr'><strong>cundum</strong></span> <span class='ocrx_word' id='word_1_928' title='bbox 2534 5742 3055 5814; x_wconf 82' lang='lat' dir='ltr'><strong>tropologiaszui</strong></span> <span class='ocrx_word' id='word_1_929' title='bbox 3108 5742 3401 5803; x_wconf 79' lang='lat' dir='ltr'><strong>aediﬁcavit</strong></span> <span class='ocrx_word' id='word_1_930' title='bbox 3449 5746 3673 5804; x_wconf 89' lang='lat' dir='ltr'><strong>domum</strong></span> <span class='ocrx_word' id='word_1_931' title='bbox 3722 5748 3840 5807; x_wconf 76' lang='lat' dir='ltr'><strong>sine</strong></span> 
     </span>
    </p>
   </div>
  </div>
