4016 6330
160 286 319 344 1097

1148 278 1576 339 ΒιιιεγιΑιιιυιι
1618 276 1682 334 ΙΝ
1723 272 2057 334 PSALMOS.
2098 271 2349 332 PSALM.
2390 269 2501 328 XC.

3336 263 3476 323 1098

161 400 437 456 manibus
463 397 618 469 juxta
652 394 1002 467 Apostolum,
1028 395 1177 451 illam
1200 396 1422 451 domum
1452 407 1612 464 quam
1638 390 1775 446 aedi-

1899 425 2071 465 tumus
2121 408 2432 478 intelligere
2478 403 2863 461 haereticorum
2905 410 2962 459 et
2989 399 3475 475 philosOpltorum,

164 492 442 548 ticaverat
499 491 760 545 Dominus
792 489 960 545 etiam
1012 487 1404 544 obstetricibus
1450 486 1503 541 in
1541 484 1777 555 rEgypto

165 584 403 660 (Exod.
450 584 527 655 t).
579 582 644 637 In
681 584 999 656 proiectione
1039 578 1138 635 Dei
1191 580 1307 635 caeli
1352 577 1776 634 commorabitur.

165 678 329 735 Dicet
369 677 603 733 Domino
638 692 658 731 :
691 675 981 747 Susceptor
1018 689 1161 730 meus
1202 689 1256 727 es
1302 680 1354 727 tu
1382 712 1397 737 ,
1428 681 1476 725 et
1511 669 1779 739 refugium

166 787 374 838 meum,
405 770 546 826 Deus
569 784 733 824 meus.
766 766 921 823 Multi
943 766 1089 823 enim
1114 779 1202 821 me
1227 770 1634 835 persequuntur
1662 760 1781 816 hos-

170 875 265 923 tes
297 883 311 917 :
347 874 635 936 propterea
667 870 725 917 tu
757 875 819 918 es
843 860 1115 930 refugium
1144 872 1323 913 meum
1348 897 1366 924 ,
1416 855 1560 912 Deus
1603 867 1776 911 meus.

171 958 423 1030 Sperabo
450 956 505 1012 in
532 954 758 1010 Domino
782 970 801 1010 :
830 955 1072 1025 quoniam
1094 952 1205 1022 ipse
1230 949 1472 1006 liberabit
1496 964 1578 1003 me
1604 948 1670 1003 de
1702 947 1783 1001 la-

171 1067 316 1123 queo
371 1048 686 1105 venantium.
733 1046 848 1104 Non
899 1045 1059 1112 dixit,
1101 1058 1308 1115 spero:
1350 1040 1446 1098 sed
1471 1084 1485 1108 ,
1538 1030 1775 1109 sperabo.

172 1143 456 1213 Quamdiu
485 1142 631 1201 enim
663 1155 973 1213 peccamus,
1003 1155 1110 1197 non
1135 1150 1444 1208 speramus.
1467 1132 1527 1190 Si
1554 1146 1780 1202 peccare

172 1237 512 1296 desierimus
532 1281 547 1304 ,
573 1252 880 1308 speramus.
916 1236 1173 1304 Quoniam
1201 1235 1311 1306 ipse
1341 1227 1582 1286 liberabit
1611 1244 1691 1283 me
1717 1227 1784 1282 de

174 1332 373 1403 laqueo
400 1330 717 1385 cenantium;
756 1328 905 1386 Multi
932 1338 1063 1384 sunt
1087 1334 1380 1382 venatores
1406 1322 1461 1377 in
1492 1321 1601 1377 isto
1624 1334 1782 1376 mun-

175 1423 277 1491 do,
307 1424 398 1496 qui
427 1422 667 1478 animam
711 1431 952 1477 nostram
996 1419 1182 1477 venari
1214 1424 1502 1474 conantur.
1539 1413 1783 1484 Denique

177 1528 242 1575 et
269 1516 507 1574 Ncmrod
534 1516 628 1572 ille
648 1517 838 1589 gigas,
869 1529 1098 1587 magnus
1123 1513 1177 1569 in
1206 1518 1505 1583 conspectu
1554 1508 1645 1564 Dei
1691 1522 1785 1562 ve-

178 1617 350 1666 nator
367 1608 469 1664 fuit
492 1605 657 1680 (Gen.
682 1606 762 1681 ι),
786 1617 841 1665 et
854 1609 998 1664 Esau
1011 1614 1367 1663 venatorerat
1391 1601 1554 1676 (Gen.
1572 1600 1780 1673 xxvu):

177 1710 208 1741 ⁸
232 1700 498 1774 quoniam
534 1710 787 1770 peccator
816 1708 936 1756 erat
970 1717 983 1752 :
1017 1708 1073 1754 et
1095 1697 1310 1770 penitus
1340 1711 1446 1753 non
1477 1695 1785 1752 invenimus

1881 511 1932 558 et
1957 499 2305 565 Judteorutn,
2355 505 2410 554 ct
2442 497 2546 553 hoc
2577 495 2731 566 quasi
2763 495 2997 552 verbum
3026 508 3279 562 asperum
3299 538 3313 562 ,
3367 509 3475 547 non

1879 602 1966 650 est
1981 608 2193 658 verum,
2217 591 2312 647 sed
2330 590 2561 646 mendax
2581 596 2687 646 est.
2709 588 3010 658 Propterea
3023 587 3168 642 enim
3195 584 3475 640 turbidum

1880 696 1985 752 est,
2016 686 2143 756 quia
2177 683 2412 739 mendax
2445 694 2547 739 est.
2583 681 2881 752 Propterea
2915 679 3190 736 turbidum
3214 689 3319 746 est,
3351 678 3476 748 quia

1878 779 2176 835 conturbat
2214 778 2429 833 animus
2475 785 2697 831 nostras
2722 815 2737 842 ,
2785 789 2882 845 per
2911 772 3250 829 mendacium
3296 785 3477 826 suum.

1883 870 2146 926 Dominus
2178 883 2314 941 ergo
2357 868 2451 940 qui
2501 868 2702 924 veritas
2733 874 2818 922 est
2844 912 2858 934 ,
2912 875 2968 920 et
2990 864 3121 921 dicit
3155 882 3166 918 :
3203 863 3314 934 Ego
3358 876 3480 917 sum

1883 962 2086 1019 veritas
2116 963 2135 1034 (
2158 960 2324 1018 Joan.
2370 960 2541 1031 xw),
2591 969 2753 1017 scuto
2802 958 3109 1014 circumdat
3144 973 3245 1012 nos
3275 956 3482 1012 veritas

1882 1056 2035 1126 ejus,
2085 1070 2154 1112 ne
2196 1053 2519 1111 ardentibus
2568 1053 2784 1124 sagittis
2826 1050 3031 1108 diaboli
3087 1051 3479 1122 perctttiamur.

1884 1147 2179 1218 Propterea
2207 1145 2461 1202 Christus
2487 1144 2588 1217 qui
2613 1155 2697 1201 est
2729 1144 2955 1211 veritas,
2982 1144 3239 1216 supponit
3264 1153 3478 1199 scutum

1883 1252 2076 1303 suum,
2111 1246 2170 1293 ut
2206 1248 2367 1294 scuto
2395 1237 2644 1294 veritatis
2688 1243 2917 1306 superet
2944 1236 3313 1293 mendacium.
3356 1234 3482 1290 Non

1886 1330 2089 1385 timebis
2116 1347 2148 1385 a
2180 1330 2367 1385 timore
2402 1338 2675 1383 nocturno.
2714 1327 2973 1384 Diabolus
3002 1327 3148 1383 enim
3180 1343 3398 1399 semper
3426 1328 3480 1383 in

1887 1424 2133 1481 tenebris
2153 1435 2268 1490 est;
2301 1433 2358 1479 ut
2393 1424 2700 1495 percutiat,
2733 1421 2938 1493 inquit,
2975 1423 3028 1477 in
3058 1423 3290 1479 occultis
3322 1425 3479 1479 inno-

1886 1525 2103 1573 centem
2130 1515 2264 1587 (Ps.
2297 1532 2352 1572 Ix
2380 1526 2427 1572 et
2456 1517 2640 1587 mn).
2680 1514 2846 1571 Vides
2873 1529 3003 1586 ergo
3041 1514 3188 1586 quod
3217 1515 3310 1586 qui
3345 1516 3480 1572 sim-

1888 1609 2014 1679 plex
2047 1618 2150 1681 est,
2174 1609 2440 1667 innocens
2465 1620 2578 1676 est,
2612 1618 2671 1666 et
2696 1625 2921 1681 semper
2947 1611 3001 1666 in
3032 1610 3266 1667 occultis
3284 1625 3483 1682 percu-

1887 1702 2042 1758 titur.
2076 1701 2202 1757 Non
2226 1702 2426 1758 timebis
2450 1719 2484 1756 a
2513 1703 2696 1758 timore
2720 1710 2994 1758 nocturno.
3025 1701 3181 1771 Quod
3207 1701 3361 1772 dicit,
3382 1701 3487 1760 hoc

177 1793 240 1852 in
293 1792 595 1865 Seripturis
658 1793 895 1861 sanctis,
964 1799 1211 1848 sanctum
1265 1790 1502 1862 aliquem
1565 1797 1789 1845 venato-
1817 1791 1864 1853 Β
1891 1804 1978 1851 est
2006 1815 2018 1849 :
2054 1794 2184 1852 licet
2213 1796 2266 1851 in
2299 1810 2491 1851 errore
2520 1794 2713 1861 fueris,
2739 1809 2863 1867 qua:
2894 1809 2999 1851 nox
3028 1804 3141 1864 est,
3175 1803 3353 1853 tamen
3376 1811 3487 1852 non

178 1904 322 1948 rem.
350 1888 658 1945 Piscatores
687 1887 998 1943 invenimus
1021 1896 1261 1943 sanctos.

262 1981 524 2048 Quoniam
572 1981 683 2052 ipse
728 1979 963 2035 liberabit
1001 1995 1083 2034 me
1129 1979 1193 2034 de
1239 1980 1423 2050 laqueo
1468 1977 1781 2033 certantium.

182 2073 384 2131 Anima
415 2081 600 2131 nostra
631 2073 771 2129 sicut
800 2086 988 2143 passer
1014 2079 1204 2142 erepta
1246 2080 1329 2127 est
1364 2070 1432 2126 de
1469 2070 1668 2140 laqueo
1695 2084 1790 2124 ve-
1828 2078 1833 2079 ί

185 2170 460 2227 nantium.
493 2168 742 2240 Laqueus
769 2167 1040 2224 contritus
1067 2175 1184 2234 est,
1230 2174 1285 2222 et
1313 2181 1414 2222 nos
1455 2165 1668 2221 liberati
1698 2178 1788 2219 su-

190 2279 315 2321 mus
342 2264 362 2336 (
388 2261 479 2318 Ps.
506 2276 670 2318 cum
700 2263 741 2333 ).
770 2261 906 2331 Quis
925 2270 1009 2317 est
1036 2262 1140 2317 iste
1164 2261 1388 2331 laqueus
1409 2258 1503 2329 qui
1522 2256 1790 2313 contritus

189 2358 320 2415 est?
350 2358 633 2423 Dominus,
658 2356 856 2428 inquit,
881 2364 1131 2412 conterat
1153 2354 1408 2412 Satanam
1437 2352 1539 2409 sub
1561 2350 1788 2423 pedibus

194 2450 401 2509 nostris
433 2449 725 2515 velociter;
753 2457 808 2505 et
838 2447 1138 2520 Apostolus
1169 2446 1303 2502 dicit
1333 2463 1348 2499 :
1381 2445 1451 2502 Ut
1479 2444 1788 2501 liberemini

195 2561 227 2602 a
280 2546 477 2616 laqueo
526 2542 728 2598 diaboli
758 2540 778 2615 (
804 2541 959 2597 Rom.
982 2556 1072 2596 xvt
1095 2538 1138 2613 ).
1168 2538 1334 2596 Vides
1377 2552 1510 2609 ergo
1536 2537 1789 2609 quoniam

194 2638 300 2696 iste
329 2645 560 2696 venator
590 2648 694 2701 est,
726 2636 820 2707 qui
846 2635 1055 2691 animas
1085 2642 1298 2690 nostras
1328 2632 1520 2688 venari
1549 2629 1698 2701 cupit
1725 2628 1791 2685 ad

195 2728 601 2805 perditionem?
631 2727 830 2784 Multos
871 2726 1037 2785 habet
1066 2724 1318 2781 diabolus
1342 2724 1568 2794 laqueos
1589 2763 1604 2790 ,
1630 2730 1686 2779 et
1712 2719 1796 2777 di-

195 2839 394 2883 versos
424 2823 585 2880 habet
617 2822 864 2894 laqueos.
894 2808 1137 2875 Avaritia
1174 2815 1383 2874 diaboli
1408 2816 1638 2887 laqueus
1663 2824 1748 2872 est
1779 2832 1790 2867 :

196 2920 303 2987 ira,
327 2918 623 2983 detractio,
640 2928 747 2973 etc.
763 2914 1037 2971 Etaverbo
1059 2909 1552 2985 aspero.Quamdiu
1573 2910 1624 2965 in
1637 2922 1794 2965 sanc-

200 3019 357 3074 titatc
386 3029 611 3081 sumus,
650 3013 830 3069 anima
866 3021 1054 3066 nostra
1089 3007 1383 3080 tranquilla
1422 3012 1525 3072 est.
1567 3001 1796 3073 Quando

197 3092 336 3167 vero
379 3109 449 3164 de
493 3105 740 3179 peccatis
788 3105 1035 3177 cogitare
1078 3102 1313 3173 ceperit
1355 3098 1535 3154 anima
1569 3103 1794 3162 nostra,

1891 1886 2145 1954 timebis,
2177 1888 2302 1958 quia
2332 1887 2502 1945 habes
2537 1898 2757 1944 scutum
2788 1887 3055 1945 veritatis.

1963 1980 2005 2034 Α
2031 1980 2222 2053 sagitta
2274 1979 2480 2036 volante
2508 1981 2563 2036 in
2614 1981 2718 2035 die.
2749 1979 2960 2052 Sagitta
3008 1981 3204 2039 volans
3239 1982 3484 2051 diaboli,

1889 2072 2109 2130 videtur
2157 2074 2291 2129 mihi
2322 2089 2510 2130 sermo
2549 2090 2672 2131 esse
2703 2074 3086 2132 haereticorum
3115 2118 3128 2144 ,
3161 2088 3217 2133 et
3248 2079 3489 2147 philoso-

1892 2167 2144 2238 pltorum.
2183 2168 2249 2222 Et
2278 2168 2368 2223 isti
2388 2168 2534 2223 enim
2562 2169 2741 2225 lucem
2768 2168 3023 2225 scientia:
3055 2173 3398 2242 promittunt,
3435 2184 3492 2231 et

1891 2256 2078 2317 dicunt
2102 2274 2163 2317 se
2193 2260 2396 2317 habere
2409 2260 2587 2328 diem;
2614 2269 2669 2317 et
2695 2276 2802 2317 non
2830 2272 3057 2332 possunt
3078 2263 3353 2335 decipere,
3385 2268 3488 2323 nisi

1894 2355 2069 2413 lucem
2092 2354 2472 2427 promiserint.
2488 2354 2691 2412 Verum
2715 2356 2809 2412 lux
2832 2357 2938 2413 ista
2964 2372 3127 2428 quam
3142 2362 3486 2431 promittunt,

1890 2448 1961 2505 de
2004 2448 2324 2505 ardentibus
2353 2448 2570 2520 sagittis
2598 2457 2707 2504 est.
2740 2447 2809 2503 Et
2840 2462 3131 2521 propterea
3165 2451 3372 2509 dicitur
3403 2472 3417 2508 :
3448 2456 3493 2510 Α

1891 2540 2083 2613 sagitta
2110 2539 2316 2594 volante
2344 2538 2399 2593 in
2427 2538 2533 2606 die,
2565 2556 2598 2594 a
2623 2540 2831 2611 negotio
2858 2541 3250 2612 perambulante
3272 2545 3325 2599 in
3356 2553 3494 2602 tene-

1895 2633 2020 2689 bris.
2055 2633 2262 2706 Sagitta
2293 2633 2516 2704 quidem
2538 2633 2686 2689 volat
2704 2635 2858 2704 quasi
2889 2634 2941 2690 in
2961 2635 3071 2700 dic,
3099 2636 3193 2692 sed
3218 2641 3492 2710 negotium

1894 2738 1981 2781 εει
2034 2725 2424 2796 perambulans
2473 2726 2525 2781 in
2587 2724 2847 2782 tenebris.
2894 2727 2971 2782 Ab
3015 2728 3227 2784 incursu
3290 2740 3341 2785 et
3392 2731 3501 2788 da:-

1896 2818 2069 2874 monio
2125 2818 2434 2875 meridiano.
2513 2818 2705 2875 Melius
2758 2829 2843 2874 est
2908 2820 3093 2879 dicere
3153 2823 3343 2881 Graece
3397 2828 3499 2884 ἀπὸ

1898 2916 2310 2985 συμπτώματος.
2342 2915 2641 2987 Σύμπτωμα
2670 2921 2851 2968 autem
2878 2912 3081 2970 dicitur
3106 2927 3360 2988 eventus,
3394 2919 3497 2977 hoc

1896 3016 2001 3074 est,
2033 3005 2252 3076 quando
2284 3020 2391 3061 non
2423 3019 2736 3076 speramus,
2772 3016 2828 3061 et
2850 3005 3055 3078 aliquid
3080 3009 3202 3063 novi
3229 3013 3496 3069 evenerit.

1901 3097 2007 3154 Aut
2033 3101 2335 3172 σύμπτωμα
2360 3096 2561 3154 dicitur
2584 3138 2600 3165 ,
2627 3098 2847 3169 quando
2875 3098 3038 3155 simul
3081 3101 3237 3156 multi
3267 3104 3493 3162 cadunt.

203 3206 452 3264 turbatur
474 3245 489 3269 ,
529 3211 585 3258 et
621 3199 775 3272 quasi
816 3195 1141 3270 quibusdam
1170 3194 1430 3250 ﬂuctibus
1463 3190 1793 3248 concutitur.
1822 3186 1869 3250 C
1906 3189 2099 3247 Videte
2113 3206 2244 3263 ergo
2273 3190 2402 3261 quid
2427 3189 2768 3247 dicat:Licet
2801 3191 2985 3262 plures
3016 3193 3221 3251 indocti
3251 3194 3490 3267 luerunt,

276 3298 529 3370 Scapulis
568 3296 678 3351 suis
707 3292 1028 3350 obuntbrabit
1060 3290 1172 3345 tibi.
1198 3288 1306 3347 Sed
1343 3288 1459 3344 haec
1499 3283 1796 3343 secundum

201 3389 337 3449 illud
391 3385 801 3446 Deuteronomii
836 3404 849 3439 :
891 3383 1154 3439 Dominus
1202 3380 1356 3453 quasi
1402 3378 1581 3449 pullos
1626 3391 1755 3432 suos
1781 3419 1795 3445 ,

202 3485 304 3541 alis
352 3482 470 3541 suis
516 3479 750 3553 protegit
800 3492 900 3534 nos
945 3476 1099 3549 quasi
1130 3475 1311 3545 aquila
1342 3473 1361 3543 (
1392 3471 1547 3533 Deut.
1582 3470 1798 3541 χχιιι).

203 3579 420 3637 Dicitur
441 3576 589 3634 enim
619 3574 716 3641 ibi,
738 3571 896 3646 quasi
923 3570 1100 3643 aquila
1128 3580 1415 3640 protegere
1442 3565 1618 3637 pullos
1647 3579 1791 3620 suos.

204 3670 360 3728 Licet
389 3682 521 3740 ergo
566 3665 842 3738 possimus
880 3662 1065 3719 dicere
1094 3660 1232 3728 hoc,
1275 3657 1421 3730 quod
1473 3657 1619 3713 Deus
1648 3652 1801 3727 quasi

204 3774 360 3837 pater
398 3778 498 3819 nos
532 3760 769 3833 protegit
796 3800 812 3825 ,
855 3766 911 3815 et
937 3755 1093 3828 quasi
1130 3752 1329 3826 gallina
1362 3750 1601 3823 protegit
1629 3748 1802 3820 pullos

204 3875 334 3918 suos
356 3903 371 3928 ,
399 3871 468 3914 ne
494 3854 778 3926 rapiantur
803 3851 876 3907 ab
917 3848 1177 3920 accipitre
1205 3847 1225 3919 (
1249 3845 1444 3901 Matth.
1475 3860 1610 3900 χχιιι
1631 3845 1670 3913 ).
1693 3842 1800 3898 'l'a-

204 3971 331 4014 meo
374 3961 428 4009 et
454 3949 600 4006 aliud
631 3959 920 4020 possumus
942 3944 1128 4000 dicere
1154 3961 1167 3996 :
1196 3940 1445 4011 Scapulis
1484 3939 1591 3994 suis
1622 3937 1803 3992 obum-

205 4047 378 4104 brabit
405 4044 517 4099 tibi.
550 4039 895 4097 Exaltabitur
921 4039 974 4091 in
1002 4050 1195 4103 cruce,
1226 4032 1484 4091 extendet
1512 4046 1724 4098 manus,
1746 4039 1803 4087 et

208 4147 469 4214 proteget
493 4151 617 4191 nos.
649 4133 718 4190 Et
744 4133 840 4189 sub
865 4131 1047 4205 pennis
1074 4129 1186 4200 ejus
1208 4126 1459 4199 sperabis.
1491 4125 1799 4195 Aspiciens,

210 4232 426 4305 inquit,
463 4244 657 4286 manus
697 4228 819 4298 ejus
846 4226 1168 4293 cruciﬂxas,
1200 4233 1255 4279 et
1281 4224 1327 4279 si
1355 4234 1409 4279 te
1433 4234 1805 4293 serpensmo-

208 4323 502 4393 morderit,
528 4318 1016 4391 sanaberis(Num.
1032 4315 1169 4388 ut).
1188 4315 1338 4370 Licet
1359 4315 1604 4371 ambules
1632 4314 1687 4368 in
1707 4311 1805 4368 dc-

212 4427 364 4476 serto
394 4415 552 4471 istius
577 4411 860 4470 saeculizsi
891 4420 943 4467 te
970 4409 1305 4482 percusserit
1324 4406 1804 4478 scorpio,sircgu—

210 4512 299 4570 lus
324 4555 341 4582 ,
370 4511 415 4567 si
446 4508 626 4580 aspis,
659 4506 703 4562 si
727 4512 927 4563 cmtera
948 4510 1223 4560 venenata
1255 4499 1536 4567 animalia,
1576 4515 1803 4556 securus

1902 3291 2085 3340 tamen
2101 3293 2155 3338 tu
2173 3282 2499 3354 quisanctus
2510 3297 2571 3340 es
2585 3324 2600 3350 ,
2625 3298 2732 3339 non
2750 3283 3042 3341 inducaris.
3061 3286 3138 3342 Do
3158 3291 3494 3362 exemplum,

1901 3388 1961 3434 ut
2004 3376 2370 3448 simpliciores
2402 3375 2615 3446 possint
2661 3376 2968 3449 intelligere
2996 3378 3125 3450 quid
3158 3379 3364 3437 dicitur
3391 3401 3404 3439 :
3438 3384 3496 3441 Si

1902 3472 2037 3529 ieris
2061 3472 2116 3527 in
2144 3471 2422 3527 civitatem
2452 3470 2755 3527 monachus
2780 3472 3022 3542 solus,et
3053 3478 3291 3548 carperis
3312 3479 3500 3536 deam-

1900 3565 2126 3631 balare,
2174 3572 2232 3621 et
2261 3564 2503 3620 audieris
2543 3565 2841 3622 clamorem
2892 3567 2944 3622 in
2973 3567 3164 3638 circo,
3218 3581 3269 3626 et
3305 3572 3500 3645 aliquis

1905 3657 2001 3715 tibi
2029 3656 2251 3724 dixerit,
2287 3658 2411 3714 veni
2433 3667 2489 3713 et
2514 3666 2702 3728 specta
2729 3658 2941 3715 :circus
2961 3670 3076 3725 est;
3109 3667 3419 3736 etetepcris
3450 3669 3502 3725 ei

1907 3759 1962 3806 tu
2014 3748 2200 3805 dicere
2226 3788 2241 3814 ,
2292 3762 2401 3804 non
2434 3747 2563 3805 licet
2590 3766 2602 3802 :
2634 3764 2742 3806 non
2776 3766 2995 3822 possum
3026 3754 3131 3811 ire.
3164 3754 3221 3811 Si
3270 3758 3361 3816 illc
3402 3761 3501 3818 tibi

1904 3842 2213 3901 ostenderit
2248 3840 2460 3899 inﬁnita
2487 3842 2768 3906 hominum
2798 3844 2964 3900 millia
2986 3886 3002 3913 ,
3054 3857 3110 3904 et
3139 3848 3337 3907 dixerit
3360 3854 3454 3910 tibi
3484 3871 3494 3908 :

1904 3938 2138 3996 ducenta
2182 3939 2465 3995 hominum
2499 3937 2666 3994 ttuillia
2711 3939 2783 3995 ibi
2826 3950 2994 3998 sunt:
3027 3957 3161 4014 ergo
3192 3944 3268 4001 illi
3306 3962 3501 4007 omnes

1904 4031 2134 4106 perituri
2160 4038 2324 4097 sunt;
2365 4041 2422 4088 et
2448 4038 2505 4086 tu
2536 4030 2687 4087 solus
2719 4031 2912 4088 Salvus
2939 4035 3081 4090 eris?
3113 4036 3191 4092 Tu
3218 4037 3390 4097 debes
3414 4044 3500 4101 in-

1906 4126 2174 4197 telligere,
2206 4125 2328 4198 quia
2351 4135 2661 4198 symptoma
2687 4124 2890 4181 diaboli
2922 4135 3026 4195 est,
3053 4127 3157 4185 hoc
3181 4140 3267 4187 est
3293 4173 3309 4200 ,
3357 4137 3514 4201 scire,

1904 4218 2074 4277 debes
2121 4219 2246 4291 quia
2285 4218 2470 4290 plures
2516 4218 2741 4274 cadunt.
2791 4216 2859 4272 Et
2889 4219 3147 4278 dientonio
3176 4226 3492 4288 meridiano.

1905 4313 2105 4370 Dicunt
2147 4312 2366 4386 quidem
2411 4312 2565 4368 multi
2592 4331 2605 4367 :
2629 4312 2758 4384 quia
2786 4323 2911 4370 sunt
2939 4314 3217 4374 daemones
3243 4328 3300 4376 et
3327 4324 3498 4380 meri-

1906 4406 2052 4462 diani
2073 4448 2090 4476 ,
2123 4415 2178 4462 et
2208 4404 2313 4461 hoc
2343 4407 2504 4477 vulgo
2529 4405 2750 4462 dicitur.
2783 4406 3055 4465 Caeterum
3087 4424 3191 4483 ego
3218 4412 3343 4471 dico
3372 4417 3507 4474 sitn-

1908 4499 2162 4571 pliciter:
2196 4498 2453 4569 quoniam
2484 4496 2817 4553 dromonittm
2865 4513 2932 4556 eo
2965 4511 3212 4573 tempore
3253 4514 3502 4576 potesm-

208 4617 329 4663 esto
365 4603 433 4659 de
463 4603 699 4658 sanitate
734 4618 746 4654 :
783 4598 1027 4669 Serpens
1058 4596 1114 4652 in
1143 4607 1334 4652 eremo
1364 4605 1662 4661 suspensus
1696 4599 1799 4646 est.
1826 4591 1881 4654 D
1908 4602 2017 4649 tem
2043 4592 2207 4648 habet
2234 4593 2287 4646 in
2312 4606 2432 4659 uos,
2462 4589 2680 4660 quando
2705 4604 3017 4659 peccamus.
3039 4596 3168 4650 Sive
3196 4614 3355 4656 mane
3377 4619 3507 4671 pec.

282 4700 443 4754 Scuto
473 4692 808 4751 circumdabit
837 4703 886 4747 te
916 4691 1100 4747 veritas
1132 4688 1267 4759 ejus.
1299 4684 1523 4744 Scutum
1553 4691 1802 4741 nostrum

207 4790 510 4851 rotundum
531 4799 634 4856 est,
668 4787 773 4843 hoc
804 4795 990 4853 cst,ex
1018 4782 1168 4839 omni
1198 4789 1354 4853 parte
1382 4780 1656 4849 nossepit.
1685 4777 1803 4833 Non

211 4884 390 4942 solum
419 4889 629 4938 scutum
658 4886 763 4945 est,
804 4877 898 4935 sed
931 4884 988 4933 et
1036 4889 1246 4930 ltlllt'us.
1282 4871 1533 4936 Domine,
1564 4880 1624 4926 ut
1651 4878 1808 4926 scuto

213 4978 374 5035 bona:
398 4973 698 5065 voluntath
719 4984 825 5027 tua:
847 4968 1132 5027 coronasti
1164 4983 1282 5024 nos.
1314 4966 1544 5035 Aliquos
1563 4964 1630 5021 de
1651 4971 1811 5020 scuto

214 5079 464 5130 coronat.
494 5058 693 5126 Videte
722 5065 853 5139 quid
880 5064 1026 5121 dicat
1053 5080 1067 5119 :
1101 5061 1354 5125 Domine,
1379 5067 1440 5114 ut
1466 5065 1623 5114 scuto
1655 5058 1810 5111 bona:

218 5162 518 5223 voluntatis
562 5171 669 5217 tua:
708 5157 986 5215 coronasti
1013 5170 1115 5211 nos
1136 5154 1158 5228 (
1181 5152 1330 5211 Psal.
1359 5167 1391 5206 v
1409 5153 1449 5222 ).
1478 5148 1620 5218 Quid
1651 5146 1815 5204 dicit?

220 5258 482 5332 Proteges
525 5273 654 5323 nos;
702 5262 760 5311 et
787 5252 957 5311 facies
985 5251 1208 5308 vincere
1232 5291 1250 5317 ,
1299 5255 1357 5304 et
1383 5253 1504 5318 post
1532 5244 1815 5300 victoriam

222 5351 538 5410 coronabis.
566 5348 727 5406 Scuto
746 5344 1086 5401 circumdabit
1107 5351 1155 5397 te
1180 5341 1367 5397 ueritas
1386 5338 1523 5403 eius.
1546 5336 1815 5406 Quoniam

222 5444 473 5513 dixerat,
516 5460 547 5497 a
578 5442 728 5498 verbo
758 5455 975 5513 aspero,
1009 5447 1063 5494 et
1091 5435 1321 5493 verbum
1351 5447 1612 5505 asperum
1640 5474 1657 5503 ,
1684 5448 1816 5505 pos-

294 5610 322 5638 α
347 5599 527 5655 Verus
554 5597 871 5669 Hieronym.
910 5599 962 5669 in
991 5593 1273 5669 Michaeam
1293 5607 1418 5664 cap.
1450 5608 1486 5647 ν
1515 5609 1529 5646 :
1555 5591 1821 5659 Quantum

228 5687 317 5744 ego
372 5684 586 5744 possum
612 5665 1012 5744 _ntea'recolere
1058 5665 1306 5744 m_em_ori_a
1330 5705 1346 5732 ,
1391 5679 1677 5744 numqugm
1732 5679 1817 5717 ve-

232 5733 463 5800 n'atorem
509 5741 561 5795 in
605 5738 791 5794 bonam
844 5750 1043 5808 partem
1091 5738 1212 5807 legi.
1255 5733 1449 5792 Isutael
1480 5746 1529 5791 et
1560 5733 1705 5808 Esau
1733 5748 1817 5808 ge-

234 5823 435 5874 natores
478 5810 727 5883 fuerunt,
777 5802 1243 5882 et'prteccsser'ttnt
1270 5809 1326 5863 in
1366 5817 1489 5881 typo
1519 5803 1703 5880 populi
1726 5802 1823 5861 Ju-

513 5908 794 5973 ΡΑτιιοι..
840 5900 1076 5969 XXVI.

1910 4684 2240 4747 caverimus,
2264 4682 2477 4737 daemon
2501 4679 2804 4751 ingreditur
2826 4680 2880 4736 in
2912 4684 3087 4752 nobis,
3113 4687 3230 4744 sive
3254 4706 3502 4765 vespere,

1912 4777 2028 4833 sive
2057 4781 2217 4831 nocte
2241 4791 2252 4828 :
2294 4786 2636 4844 quacumque
2667 4774 3071 4842 peccaverimus
3100 4776 3257 4846 hora,
3284 4781 3502 4844 dzctnon

1916 4868 2220 4943 ingreditur
2268 4868 2321 4924 itt
2384 4867 2561 4924 nobis.
2627 4865 2831 4923 Videtis
2865 4882 2996 4940 ergo
3041 4870 3187 4939 quod
3242 4872 3502 4937 frivolum

1915 4974 2003 5023 est
2035 4962 2178 5036 quod
2216 4962 2377 5035 vulgo
2415 4961 2636 5017 dicitur.
2670 4958 2810 5027 Quid
2833 4974 2964 5032 ergo
2994 4960 3157 5031 dicit,
3194 4983 3226 5019 a
3247 4966 3503 5029 dcemonio

1921 5056 2242 5113 meridiano?
2281 5054 2548 5125 Quoniam
2596 5051 2873 5110 Abraham
2927 5054 3152 5127 angelos
3190 5072 3511 5133 susceperat

1922 5152 1978 5208 in
2028 5149 2283 5214 meridie,
2335 5157 2393 5205 et
2437 5147 2637 5217 losepb
2685 5145 2884 5202 fratres
2924 5160 3054 5202 suos
3103 5149 3170 5205 ad
3226 5154 3507 5221 prandium

1919 5242 2247 5301 invitaverat
2294 5241 2349 5297 in
2395 5237 2627 5296 meridie
2655 5235 2820 5311 (Gen.
2836 5252 2969 5294 xvnt
3003 5248 3050 5294 et
3079 5242 3274 5314 mu).
3316 5245 3508 5307 Sancti

1922 5339 2071 5397 enim
2114 5344 2306 5402 erant,
2337 5343 2395 5391 et
2418 5332 2694 5391 Abraham
2742 5342 2797 5387 et
2846 5331 3071 5405 losepb,
3122 5347 3175 5392 et
3228 5348 3513 5411 propterea

1923 5429 2236 5491 convivium
2258 5443 2450 5486 eorum
2480 5429 2534 5482 in
2554 5425 2701 5481 clara
2726 5425 2852 5482 luce
2881 5435 3019 5499 erat,
3042 5436 3099 5486 et
3121 5430 3239 5489 sole
3251 5434 3513 5504 perfecto.

1927 5590 2088 5647 (laici.
2134 5586 2365 5662 Quibus;
2390 5583 3009 5662 succ_iuit__A_mbrosius
3045 5589 3106 5662 in
3138 5591 3278 5662 psal.
3308 5606 3478 5652 cxvm
3508 5615 3519 5655 ε

1878 5696 1881 5699 λ
1924 5657 2481 5719 Ναιιηηιίηυεηὶηιιιε
2510 5658 2565 5711 in
2614 5657 2904 5713 divinarum
2950 5660 3082 5716 serie
3127 5657 3417 5721 litterarum
3458 5668 3523 5728 de

1926 5732 2254 5793 renatoribus
2291 5733 2516 5803 justum.

2886 5895 2969 5961 35
