4016 6330
529 286 671 349 1099

1326 273 1677 336 APPENDIX
1711 270 1805 327 AD
1842 265 2089 325 TOMUM
2132 257 2480 323 SEPTIMUM
2522 258 2581 317 8.
2625 253 3034 321 HIERONYMI.

3706 240 3855 302 Ποῦ

517 411 815 479 Propterea
841 408 1072 475 pascunt
1094 400 1146 455 in
1174 392 1425 452 meridie.
1462 393 1531 448 Et
1550 406 1675 463 ego.
1702 388 1747 443 si
1776 388 1992 459 plenam
2021 381 2117 438 lta-
2142 381 2198 447 Α
2220 382 2355 451 forte
2385 374 2620 444 o/fenttas
2645 372 2714 428 ad
2736 372 2968 442 lapidem
2994 367 3173 442 pedem
3203 374 3370 422 tuum.
3399 359 3668 479 Diabolus
3704 359 3849 415 nihil

515 477 691 560 buero
715 498 999 558 scientiam
1025 494 1462 559 Scripturarum,
1488 486 1618 542 licet
1647 483 1782 539 hora
1814 480 1972 537 tertia
2000 477 2073 533 sit
2097 519 2112 545 ,

519 606 703 651 tamen
756 603 919 663 pasco
948 599 1045 641 vos
1090 583 1144 639 in
1177 579 1428 637 meridie.
1461 578 1702 649 Denique
1743 584 1798 630 et
1816 586 2031 645 sponsa
2062 569 2115 624 in

524 661 1115 742 Canticovcanticorum
1142 673 1276 730 dicit
1309 690 1324 728 :
1360 671 1461 726 Ubi
1490 669 1671 740 pascis
1695 709 1710 733 ,
1758 667 1977 738 inquit,
2027 661 2118 717 ubi

520 775 727 833 cubas?
757 773 817 828 in
841 766 1074 825 meridie
1098 764 1288 839 (Cant.
1316 763 1365 834 1)
1388 760 1411 816 τ
1432 759 1645 817 Videtis
1665 758 1922 829 quoniam
1953 769 2119 825 spon-

522 882 616 924 sus
639 880 747 921 non
781 859 980 933 pascit,
1017 873 1126 914 non
1169 853 1441 912 recumbit
1470 852 1526 908 in
1559 851 1692 907 hora
1719 849 1877 905 tertia
1897 888 1913 913 ,
1934 845 2029 902 sed
2060 843 2117 900 in
2194 908 2201 911 η

518 957 774 1017 meridie.
806 954 911 1013 Ubi
943 951 1144 1024 pascis,
1176 948 1269 1005 ubi
1295 946 1495 1013 cubas,
1520 944 1612 1001 ubi
1646 953 1699 998 te
1728 940 1951 998 invenio
1973 980 1990 1006 ,
2023 937 2116 992 ubi

523 1052 741 1109 deliciis
769 1046 971 1104 frueris
997 1089 1012 1115 ,
1047 1043 1139 1100 ubi
1185 1051 1237 1098 te
1283 1054 1504 1111 possum
1553 1035 1819 1101 invenire,
1847 1048 1881 1086 o
1912 1044 2117 1101 sponse

515 1143 718 1202 meus?
747 1141 840 1197 Vis
862 1154 949 1195 me
974 1133 1261 1193 invenire?
1287 1132 1349 1187 Itt
1375 1128 1628 1196 meridie,
1661 1128 1715 1182 in
1738 1123 1965 1180 scientia
1995 1136 2117 1192 per-

514 1238 656 1295 fecta
682 1254 693 1289 :
729 1236 785 1290 in
816 1232 975 1288 bonis
1005 1227 1265 1300 operibus
1301 1244 1312 1278 :
1344 1225 1396 1279 in
1426 1223 1577 1279 claro
1600 1219 1822 1275 lumine.
1845 1215 2113 1284 Quoniam

518 1343 652 1401 ergo
677 1326 944 1383 habemus
976 1336 1076 1377 nos
1106 1317 1391 1377 meridiem
1427 1332 1441 1369 :
1483 1322 1774 1384 propterea
1801 1307 1970 1365 etiam
1997 1304 2112 1362 dia-

508 1398 671 1481 bolus
701 1416 1123 1477 transformatur
1170 1413 1225 1468 in
1253 1409 1509 1480 angelum
1541 1406 1681 1462 lucis
1710 1403 1787 1474 (ll
1814 1400 1934 1458 Cor.
1968 1415 2022 1455 xt
2051 1398 2069 1470 )
2096 1438 2111 1463 ,

510 1525 570 1572 et
615 1514 731 1585 ipse
775 1509 999 1568 simulat
1043 1506 1247 1561 habere
1277 1517 1337 1557 se
1368 1501 1577 1563 lucem,
1613 1497 1815 1552 habere
1841 1509 1903 1549 se
1945 1491 2112 1549 meri-

511 1608 685 1664 diem.
734 1600 964 1671 Quando
1008 1596 1254 1654 ltzeretici
1286 1592 1442 1664 quasi
1473 1589 1733 1663 mysteria
1773 1585 1956 1657 aliqua
1988 1598 2112 1654 pro-

511 1698 767 1761 mittunt,
799 1690 1018 1762 quando
1044 1703 1209 1759 regna
1259 1684 1548 1744 caelorum,
1580 1679 1796 1751 quando
1825 1675 2111 1733 continen—

2219 470 2464 541 atnplius
2491 467 2656 534 dixit,
2683 466 2789 522 nisi
2815 466 2950 520 hoc:
2979 463 3248 531 Quoniam
3275 457 3484 530 angelis
3516 456 3635 513 suis
3686 469 3849 508 tnan-

2217 560 2366 617 davit
2394 559 2463 616 de
2494 569 2567 623 te,
2609 568 2664 613 ut
2707 558 2758 612 in
2799 555 3051 612 manibus
3094 557 3316 624 portent.
3352 559 3440 615 te,
3482 564 3551 604 ne
3588 546 3741 602 forte
3774 544 3845 600 ad

2219 655 2454 726 lapidem
2483 652 2729 710 offendas
2756 651 2951 724 pedem
2982 657 3154 704 tuum.
3184 644 3410 703 Mediam
3433 650 3647 713 partem
3678 639 3846 695 dimi-

2219 747 2310 803 sit.
2344 745 2443 802 llic
2469 747 2612 801 enim
2636 744 2864 801 dicitur:
2892 739 3160 810 Quoniam
3183 735 3392 809 angelis
3412 734 3531 791 suis
3553 730 3845 789 mandavit

2219 837 2289 895 de
2312 849 2386 905 te,
2432 846 2491 894 ut
2527 834 2834 895 custodiant
2857 845 2909 891 te
2936 835 2990 890 itt
3012 831 3267 889 omnibus
3297 828 3394 885 viis
3423 828 3547 884 tuis.
3583 826 3705 883 Hoc
3732 841 3839 880 non

2224 931 2389 996 dixit.
2420 939 2480 986 ut
2503 930 2814 988 custodiant
2840 944 2929 986 te:
2972 927 3179 987 sciebat
3202 925 3347 983 enim
3377 935 3569 983 contra
3600 938 3661 979 se
3691 936 3838 979 esse.

2226 1026 2449 1082 Poterat
2467 1024 2613 1081 enim
2644 1023 2903 1081 Dominus
2923 1024 2973 1077 ci
2996 1019 3365 1091 respondere:
3397 1016 3456 1073 Si
3478 1015 3728 1074 custodit
3753 1030 3839 1071 me

2219 1119 2486 1175 Dominus
2517 1119 2569 1174 iu
2612 1117 2866 1174 omnibus
2905 1115 3050 1170 viis:
3099 1127 3230 1185 ergo
3270 1121 3327 1169 et
3362 1126 3393 1165 a
3431 1119 3484 1165 te
3522 1107 3834 1166 custodior.

2218 1211 2410 1269 Tacuit
2453 1227 2584 1282 ergo
2623 1209 2769 1282 quod
2812 1209 3022 1266 sciebat
3060 1221 3251 1265 contra
3282 1221 3343 1262 se
3381 1221 3540 1270 esse,
3572 1213 3629 1261 et
3659 1203 3840 1276 posuit

2215 1306 2359 1378 quod
2390 1321 2487 1376 pro
2518 1320 2577 1361 se
2607 1313 2743 1361 erat.
2778 1303 2917 1360 Vere
2946 1301 3200 1359 diabolus
3230 1298 3391 1371 quasi
3420 1297 3712 1362 diabolus,
3756 1296 3839 1350 in-

2216 1406 2547 1468 terpretatur
2574 1398 2642 1454 de
2669 1396 2977 1465 Salvatore,
3004 1394 3150 1467 quod
3179 1411 3287 1450 non
3315 1392 3492 1449 estde
3516 1391 3831 1449 Salvatore.

2214 1490 2275 1549 Si
2303 1493 2450 1547 enim
2481 1490 2549 1547 de
2578 1490 2862 1547 Salvatore
2889 1499 2973 1545 est
3005 1496 3150 1543 totus
3183 1487 3447 1558 psalmus,
3478 1484 3626 1542 sicut
3660 1483 3834 1539 inter-

2213 1586 2471 1656 pretaris,
2501 1600 2534 1640 ο
2561 1583 2794 1647 diabolo,
2827 1592 2884 1639 et
2908 1581 2979 1639 de
3006 1581 3127 1652 ipso
3156 1580 3408 1651 estquod
3441 1579 3686 1637 dicitur:

2284 1675 2566 1748 Protegam
2593 1692 2731 1745 eum,
2762 1675 3011 1747 quoniam
3031 1674 3266 1746 cognovit
3294 1689 3479 1728 nomen
3501 1688 3697 1728 meum.
3724 1670 3837 1728 lloc

513 1793 643 1848 tiam
669 1831 684 1857 ,
712 1785 933 1859 quando
953 1781 1197 1854 jejunia,
1229 1776 1451 1849 quando
1475 1774 1848 1835 sanctitatem,
1895 1764 2110 1841 qttaodo
2142 1764 2191 1825 B
2216 1781 2320 1836 est,
2349 1786 2452 1841 ego
2485 1771 2642 1838 Pater
2672 1778 2951 1841 protegam
2985 1768 3186 1824 Filium
3217 1783 3419 1824 meum.
3449 1765 3510 1824 Si
3548 1767 3632 1823 sic
3667 1766 3834 1822 inter-

512 1883 986 1944 renuntiationem
1028 1874 1256 1941 saeculi,
1291 1871 1618 1943 promittunt
1658 1864 1965 1922 meridiem.
2004 1860 2110 1917 Sed

509 1981 768 2053 quoniam
792 1991 898 2033 non
927 1982 1014 2030 est
1042 1968 1241 2025 Christi
1285 1967 1472 2022 lumen
1508 1982 1519 2017 :
1555 1977 1665 2019 non
1694 1969 1781 2017 est
1810 1955 2069 2014 meridies
2095 1998 2109 2022 ,

508 2073 606 2131 sed
639 2069 979 2128 daemonium
1011 2060 1403 2120 meridianum.

586 2160 780 2217 Cadent
807 2174 840 2212 a
866 2156 1026 2211 latere
1051 2160 1139 2207 tuo
1171 2149 1312 2204 mille
1332 2189 1348 2214 ,
1394 2155 1439 2201 et
1469 2144 1645 2198 decem
1667 2138 1838 2196 millia
1867 2154 1897 2192 a
1920 2134 2115 2191 dextris

515 2257 641 2313 tuis.
688 2250 910 2323 Singula
954 2247 1122 2304 verba
1161 2242 1608 2313 Scripturarum,
1657 2233 1870 2305 singula
1922 2242 2113 2287 sacra-

526 2358 710 2405 menta
742 2353 893 2401 sunt.
930 2341 1034 2396 lsta
1066 2337 1252 2402 verba,
1287 2348 1410 2405 quae
1440 2329 1643 2388 rustica
1675 2333 1936 2399 putantur
1962 2339 1990 2377 ιι
2018 2337 2119 2379 sat--

517 2442 630 2501 culi
663 2437 1011 2501 hominibus,
1064 2432 1221 2504 plena
1263 2435 1395 2485 sunt
1419 2422 1805 2482 sacramentis.
1843 2417 2117 2474 Habemus

520 2534 666 2591 enim
702 2533 1021 2586 thesaurum
1050 2526 1212 2579 istum
1235 2523 1286 2576 in
1310 2521 1456 2574 vasis
1480 2515 1740 2573 lictilihus
1766 2511 1845 2583 (ιι
1861 2509 1981 2566 Cor.
2018 2509 2112 2580 tv).

519 2626 900 2687 Tltesaurutn,
950 2632 1171 2674 sensum
1202 2615 1484 2675 divinum,
1529 2607 1791 2665 habemus
1838 2607 1893 2660 in
1935 2600 2119 2659 verbis

514 2716 820 2774 vilissimis.
849 2710 1045 2769 Cadent
1069 2726 1101 2764 a
1130 2709 1291 2763 latere
1316 2715 1404 2761 tuo
1426 2703 1590 2767 mille,
1621 2711 1668 2756 et
1696 2697 1872 2755 decem
1902 2694 2068 2751 millia
2086 2710 2119 2748 a

520 2811 720 2869 dextris
764 2808 887 2863 tuis.
934 2804 1015 2861 Es
1070 2804 1241 2858 latere
1270 2798 1470 2871 cujus?
1507 2796 1590 2853 Ab
1629 2794 1761 2864 ejus
1795 2793 1882 2848 cui
1914 2789 2120 2846 dictum

523 2905 706 2961 fuerat
736 2919 750 2957 :
785 2900 945 2958 Scuto
975 2895 1313 2954 circumdabit
1332 2905 1379 2947 te
1399 2891 1587 2946 ueritas
1614 2892 1769 2964 ejus:
1794 2903 1897 2943 non
1920 2884 2119 2942 timebis

516 3016 551 3054 a
577 2999 761 3053 timore
784 3002 1053 3049 nocturno.
1075 2990 1209 3058 Quis
1223 2995 1309 3043 est
1331 2986 1470 3043 iste?
1494 2986 1569 3040 De
1591 2998 1701 3053 quo
1718 2996 1883 3052 supra
1914 2980 2120 3035 dictum

521 3099 647 3148 est:
686 3088 789 3156 Qui
817 3085 1017 3141 habitat
1044 3084 1099 3139 in
1117 3081 1384 3154 adjutorio
1417 3077 1692 3147 Altissimi,
1716 3077 1769 3131 in
1801 3073 2121 3148 protectione

2218 1872 2479 1933 pretatur,
2519 1862 2753 1926 diabole,
2797 1860 3072 1933 quomodo
3115 1871 3169 1916 ttt
3211 1859 3511 1932 intelligis:
3550 1859 3835 1916 videamus

2217 1957 2263 2011 si
2288 1964 2399 2013 stet
2426 1971 2619 2012 sensus
2645 1972 2660 2009 :
2694 1955 2980 2025 Protegam
3009 1968 3154 2019 eum,
3183 1953 3306 2025 quia
3334 1951 3600 2023 cognovit
3627 1966 3826 2007 nomen

2218 2065 2401 2107 meum
2437 2068 2453 2107 :
2484 2051 2586 2106 hoc
2616 2057 2721 2119 est,
2751 2063 2853 2120 ego
2884 2048 3049 2105 Pater
3080 2047 3276 2104 Filium
3310 2064 3489 2103 meum
3523 2057 3830 2118 protegant.

2289 2143 2546 2199 Clamauit
2584 2144 2653 2197 ad
2692 2158 2790 2209 me,
2836 2152 2881 2196 et
2920 2142 3197 2197 exaudiam
3224 2158 3364 2198 eum.
3402 2140 3515 2197 Hoc
3543 2150 3634 2196 est
3661 2141 3714 2195 in
3743 2140 3830 2196 die

2218 2236 2416 2293 erucis.
2448 2235 2578 2291 Cum
2609 2237 2720 2308 ipso
2745 2250 2864 2290 sum
2891 2235 2943 2289 in
2971 2234 3327 2300 tribulatione,
3373 2233 3596 2303 eripiam
3636 2248 3754 2287 etim
3782 2240 3829 2287 et

2217 2328 2521 2403 gloriﬁcabo
2551 2344 2690 2382 eum.
2719 2326 2833 2383 Hoc
2852 2335 2959 2393 est,
2986 2341 3111 2382 eum
3145 2325 3340 2383 iaciam
3372 2339 3687 2396 resurgere.

2290 2419 2640 2494 Longitudine
2669 2419 2873 2474 dierum
2902 2419 3108 2489 replebo
3136 2434 3276 2475 eum.
3306 2418 3423 2473 Hoc
3447 2427 3555 2484 est,
3591 2417 3647 2472 in
3674 2427 3831 2473 mter-

2219 2529 2348 2568 nnm
2376 2518 2543 2571 vivet.
2577 2512 2641 2568 Et
2673 2511 2777 2567 hoc
2808 2511 3175 2583 intelligamus
3200 2510 3273 2567 de
3306 2509 3444 2565 Filio
3476 2510 3597 2567 Dei.
3632 2509 3823 2581 Longi-

2222 2606 2408 2663 tudine
2436 2604 2645 2662 dierum
2674 2604 2898 2675 replebo
2920 2619 3066 2660 eum.
3096 2603 3210 2659 Hoc
3229 2601 3375 2674 quod
3404 2604 3676 2672 sequitur,
3698 2616 3827 2672 quo—

2222 2696 2385 2754 modo
2419 2706 2524 2752 stat
2575 2698 2629 2753 in
2675 2696 2997 2755 Salvatore?
3045 2695 3113 2750 Et
3162 2695 3554 2750 ostendam-illi
3600 2694 3825 2750 salutare

2221 2804 2410 2844 meum.
2439 2789 2686 2847 Salutare
2717 2788 2835 2855 Dei,
2868 2788 3033 2845 Filius
3059 2789 3152 2847 Dei
3182 2798 3288 2843 est.
3320 2787 3376 2844 Si
3403 2802 3536 2859 ergo
3577 2787 3648 2843 de
3686 2786 3821 2843 Filio

2221 2881 2442 2949 dicitur,
2470 2881 2745 2954 quomodo
2776 2893 2954 2951 potest
2995 2889 3175 2938 stare:
3221 2881 3348 2954 quia
3398 2880 3639 2937 salutare
3694 2880 3858 2948 Dei,‘

2223 2975 2393 3033 Filius
2417 2975 2513 3031 Dei
2541 2975 2666 3032 est?
2699 2974 2860 3033 Vides
2887 2990 3020 3046 ergo
3046 2974 3300 3046 quoniam
3331 2974 3472 3029 male
3505 2974 3828 3043 interpreta-

2225 3078 2312 3125 tus
2340 3084 2423 3137 es,
2455 3085 2489 3126 ο
2518 3069 2755 3125 diabole.
2790 3068 2896 3125 Sed
2920 3067 3005 3127 lac
3029 3076 3084 3124 ut
3112 3068 3190 3124 sic
3225 3068 3638 3138 interpretetur,
3678 3074 3739 3122 ut
3775 3075 3828 3123 tu

521 3183 623 3241 Dei
670 3153 787 3237 cali
826 3153 1252 3235 commorabitur.
1284 3172 1369 3231 Ab
1405 3188 1473 3231 eo
1514 3187 1650 3241 ergo
1681 3172 1771 3239 qui
1805 3168 2015 3224 habitat
2067 3166 2120 3221 in
2148 3153 2193 3216 C
2225 3163 2384 3220 dicis.
2420 3164 2611 3219 Dixisti
2640 3178 2654 3222 :
2687 3162 2953 3232 Quoniam
2982 3162 3191 3234 angelis
3213 3162 3325 3221 suis
3354 3160 3630 3216 mandavit
3656 3160 3729 3217 de
3757 3170 3825 3226 te,

528 3273 803 3347 adjutorio
832 3269 1070 3335 Domini,
1091 3268 1291 3324 cadent
1316 3281 1345 3321 a
1377 3264 1552 3321 latere
1582 3261 1700 3335 ejus
1731 3260 1901 3328 mille,
1936 3270 1991 3315 et
2020 3258 2120 3314 de-

530 3384 647 3425 cem
697 3366 867 3423 millia
918 3379 948 3418 a
993 3361 1203 3419 dextris
1231 3359 1369 3429 ejus.
1418 3357 1652 3412 Dextera
1683 3352 1856 3410 sancti
1884 3351 2119 3407 dicitur:

526 3460 750 3516 sinistra
799 3471 906 3512 non
937 3454 1170 3519 dicitur,
1227 3449 1324 3506 Sed
1357 3448 1522 3504 latus.
1561 3445 1752 3501 Videte
1794 3443 1942 3501 enim
1999 3441 2125 3512 quid

530 3551 732 3608 dicitur
764 3566 775 3601 :
810 3546 879 3601 Et
907 3546 1082 3602 decem
1109 3543 1276 3599 millia
1306 3558 1338 3595 a
1373 3540 1570 3595 dextris
1601 3538 1724 3593 tuis.
1760 3536 1823 3591 Et
1853 3535 2128 3607 quomodo

530 3641 752 3700 dixeras
781 3658 793 3692 ι
821 3637 1018 3696 Cadent
1056 3653 1089 3689 a
1135 3635 1294 3689 latere
1344 3640 1431 3686 tuo
1472 3628 1665 3684 mille?
1710 3628 1937 3697 Quando
1982 3627 2129 3683 enim

532 3737 758 3792 dextera
788 3732 1014 3798 dicitur,
1049 3740 1102 3785 et
1133 3727 1356 3782 sinistra
1389 3739 1497 3780 non
1524 3721 1840 3779 nominatur
1874 3738 1888 3776 :
1922 3736 2021 3791 pro
2052 3721 2130 3776 si-

535 3828 731 3895 nistra,
775 3826 919 3881 latus
951 3820 1284 3877 nominatur.
1334 3815 1454 3873 Non
1494 3814 1640 3870 enim
1677 3820 1895 3884 poterat
1924 3812 2131 3882 justutn

537 3935 662 3976 esse
685 3963 700 3987 ,
733 3930 789 3973 ut
822 3917 1006 3987 jusms
1037 3912 1269 3968 haberet
1295 3908 1596 3965 sinistram.
1627 3905 1730 3975 Qui
1779 3915 1827 3961 te
1848 3945 1865 3972 ,
1919 3907 2133 3977 inquit,

542 4009 877 4084 percusserit
909 4007 963 4062 in
986 4004 1273 4061 dexteram
1306 4001 1604 4065 maxillam,
1635 3998 1819 4071 pratbe
1850 3999 1898 4055 ei
1922 4010 1975 4053 et
2001 3999 2138 4055 alte-

545 4119 687 4160 ram.
720 4099 839 4156 Non
867 4098 1029 4166 dixit,
1058 4106 1114 4152 et
1138 4095 1416 4151 sinistram
1444 4112 1455 4146 :
1486 4108 1593 4148 non
1627 4092 1772 4147 enim
1802 4100 1887 4147 est
1915 4090 2136 4147 sinistra

547 4210 671 4268 qua:
699 4193 996 4267 praebetur,
1032 4189 1128 4247 sed
1154 4188 1380 4244 destera
1413 4190 1606 4241 altera.
1640 4185 1786 4256 Ergo
1817 4184 2142 4254 simpliciter

550 4288 673 4344 dico
697 4305 710 4342 :
738 4288 995 4357 quoniam
1016 4283 1199 4355 justus
1226 4278 1361 4337 duas
1388 4278 1640 4336 deiteras
1670 4278 1849 4334 habet.
1902 4277 2143 4348 Denique

550 4391 605 4439 et
630 4380 723 4435 ille
754 4375 940 4449 Ajoth,
969 4376 1060 4446 qui
1090 4372 1344 4430 scribitur
1372 4373 1426 4427 in
1448 4370 1698 4428 Judicum
1746 4370 1909 4433 libro,
1927 4377 2145 4440 propte-

550 4488 648 4530 rea
672 4472 806 4528 duas
836 4469 1091 4526 dexteras
1118 4465 1322 4522 habere
1362 4465 1563 4520 dicitur
1599 4482 1609 4516 :
1642 4463 1767 4535 quia
1791 4462 1971 4535 justus
1992 4471 2142 4529 erat,

2227 3268 2283 3313 ut
2309 3256 2362 3313 in
2396 3257 2646 3313 manibus
2670 3264 2882 3327 portent
2906 3265 2983 3327 te,
3014 3271 3083 3313 ue
3119 3255 3259 3313 forte
3298 3254 3540 3312 otl'endas
3579 3254 3647 3311 ad
3693 3255 3827 3325 lapi-

2227 3350 2350 3405 dem
2401 3349 2590 3420 pedem
2627 3358 2795 3404 tuum.
2846 3348 2937 3402 Dic
2983 3346 3126 3419 quod
3179 3346 3445 3418 sequitur.
3476 3345 3614 3417 Quid
3647 3347 3831 3403 taces?

2228 3440 2407 3512 Super
2436 3440 2702 3512 aSpidem,
2726 3453 2777 3496 et
2802 3439 3113 3497 basiliscutn
3157 3438 3479 3509 ambulabit,
3524 3447 3581 3494 ct
3615 3439 3831 3495 concul-

2229 3536 2376 3591 cabit
2421 3536 2632 3591 leonem
2659 3543 2713 3590 et
2737 3534 3029 3590 draconem
3061 3533 3306 3590 Christus
3336 3532 3600 3590 Dominus
3628 3542 3829 3600 noster,

2231 3625 2323 3700 qui
2353 3624 2485 3680 vivit
2511 3635 2567 3682 et
2598 3635 2783 3698 regnat
2807 3623 2862 3678 in
2889 3622 3088 3680 sarcula
3115 3623 3461 3679 saeculorum.
3496 3624 3691 3680 Amen.

2785 3733 3108 3793 PSALMUS
3143 3732 3279 3791 XCI.

2240 3844 2484 3902 Psalmus
2510 3846 2699 3902 cantici
2728 3845 2782 3898 in
2808 3844 2895 3899 die
2919 3842 3138 3898 sabbati.
3160 3843 3269 3899 Iste
3290 3843 3530 3913 psalmus
3551 3842 3656 3900 hoc
3684 3846 3838 3902 titulo

2310 3928 2663 3989 prazttOIatur.
2703 3917 2818 3972 Non
2846 3925 3050 3989 potest
3078 3914 3221 3989 diem
3249 3914 3469 3989 sabbati
3510 3930 3693 3986 agere,
3738 3918 3839 3973 nisi

2309 3984 2398 4059 qui
2427 4005 2521 4045 sex
2547 3990 2664 4045 dies
2694 3984 2984 4059 transierit.
3017 3984 3127 4043 Sex
3156 3985 3347 4059 diebus
3364 3984 3707 4059 ‘laborantus
3733 4030 3747 4054 ,
3786 3990 3835 4042 in

2311 4055 2539 4131 septima
2586 4060 2673 4115 die
2718 4056 3128 4131 requiescimus.
3177 4055 3838 4131 ErgoDAominocantare

2314 4127 2420 4186 non
2453 4147 2762 4202 possumus,
2796 4129 2899 4202 nisi
2929 4129 2990 4202 in_
3012 4129 3102 4184 die
3130 4127 3361 4183 sabbati.
3380 4127 3653 4202 Quamdiu
3675 4144 3839 4199 opera

2315 4198 2469 4259 istius
2491 4202 2675 4258 mundi
2704 4201 2952 4266 facimus,
2976 4198 3078 4255 hoc
3101 4208 3206 4264 Bal,
3237 4214 3331 4255 sex
3362 4198 3577 4267 diebus,
3612 4198 3841 4256 Domino

2317 4281 2538 4330 cantare
2563 4290 2667 4328 non
2693 4286 2998 4342 possumus.
3029 4270 3267 4342 Denique
3288 4269 3484 4324 dicitur
3501 4270 3552 4324 in
3574 4270 3838 4342 Levitit‘o:

2314 4345 2429 4399 Non
2455 4344 2662 4399 facietis
2684 4340 2735 4398 in
2760 4343 2846 4398 die
2867 4341 3073 4397 sabbati
3094 4340 3254 4397 omne
3274 4356 3407 4411 opus
3429 4340 3630 4397 servile
3654 4342 3839 4409 (Leuit.

2321 4417 2510 4487 xxttt).
2538 4416 2874 4485 Quicumque
2905 4413 3381 4487 ergor_in_sabbato
3415 4420 3529 4487 est.
3556 4421 3613 4487 et
3649 4414 3704 4467 in
3739 4431 3849 4487 re-

2322 4482 2707 4556 quie'Dotnini,
2736 4482 2875 4555 opus
2901 4483 3102 4556 servile
3133 4484 3311 4540 facere
3354 4498 3455 4556 non
3498 4482 3695 4556 debet,
3738 4484 3849 4543 huc

553 4573 611 4622 et
657 4559 926 4618 interfecit
971 4549 1125 4614 illum
1172 4556 1588 4630 pinguissimum
1632 4571 1838 4625 regem.
1874 4551 2069 4609 Cadent
2116 4530 2229 4609 aD
2738 4530 3845 4630 ξ’ιῖιῖιῖὧῖιῆἷξιιίἶιῖᾜξιτξῖξιὲιξ’ξέίῖίιῖίίιῖ

554 4659 714 4713 latere
738 4664 825 4709 tuo
853 4651 997 4707 mille
1021 4668 1037 4705 :
1069 4659 1116 4705 et
1138 4650 1311 4705 decem
1333 4648 1501 4705 millia
1523 4667 1554 4703 a
1583 4649 1775 4704 dextris
1808 4648 1928 4702 tuis.
1958 4646 2149 4703 Plures

555 4759 700 4813 sunt,
752 4745 844 4819 qui
894 4743 1225 4800 insidiantur
1253 4742 1494 4799 dextera:
1522 4750 1754 4807 nostrae;
1784 4749 1838 4796 et
1882 4755 1989 4795 tton
2025 4748 2151 4794 sunt

562 4842 767 4917 plures,
799 4840 891 4911 qui
922 4838 1245 4894 insidiantur
1274 4838 1531 4892 sinistrae.
1564 4835 1856 4905 Pr0pterea
1899 4849 1931 4888 a
1979 4832 2151 4893 latere

559 4936 708 4990 mille
738 4933 968 4999 cadent,
1021 4940 1078 4988 et
1103 4946 1132 4985 a
1182 4930 1394 4987 dextris
1419 4930 1607 4985 decem
1638 4928 1845 4983 miltiam
1871 4925 1969 4984 Ubi
2002 4925 2147 4982 enim

559 5040 736 5110 major
767 5052 976 5108 pugna,
1016 5034 1194 5105 major
1224 5032 1479 5089 victoria.
1512 5031 1680 5087 Pauci
1710 5029 2042 5086 insidiantur
2069 5028 2150 5085 la-

559 5134 661 5191 teri
689 5151 703 5188 :
735 5130 918 5202 plures
949 5127 1273 5185 insidiantur
1314 5126 1579 5187 dexterae.

629 5220 887 5290 Quoniam
916 5215 1114 5290 angelis
1139 5216 1247 5271 suis
1276 5213 1537 5270 mandavit
1566 5214 1630 5268 de
1657 5222 1727 5279 te,
1772 5223 1825 5266 ut
1856 5211 2149 5268 custodiant

548 5325 596 5369 te
622 5314 677 5368 in
704 5310 943 5366 omnibus
970 5310 1064 5364 riis
1111 5311 1249 5375 tuis,
1305 5317 1414 5364 etc.
1467 5306 1631 5363 Istum
1675 5307 1853 5362 locum
1903 5304 2147 5363 diabolus

546 5423 712 5481 super
755 5405 985 5460 Domino
1028 5404 1418 5473 interpretatus
1456 5409 1562 5469 est,
1613 5416 1679 5459 eo
1716 5401 1861 5456 enim
1903 5408 2147 5485 tempore

543 5517 654 5573 quo
702 5500 932 5556 tentavit
981 5497 1267 5553 Dominum
1303 5494 1428 5563 :Si,
1483 5494 1682 5565 inquit,
1734 5493 1903 5550 Filius
1934 5494 2025 5549 Dei
2058 5507 2141 5557 es,

542 5597 696 5653 mitte
726 5604 779 5649 te
807 5591 1065 5649 deorsum
1100 5588 1291 5660 (Matt.
1329 5588 1427 5658 tv).
1465 5587 1739 5657 Scriptum
1777 5597 1861 5642 est
1893 5588 2035 5641 enim
2056 5584 2141 5640 de

536 5697 613 5751 te,
645 5683 907 5755 Quosdam
931 5681 1127 5753 angelis
1163 5682 1271 5737 suis
1298 5679 1558 5735 mandavit
1584 5680 1648 5732 de
1673 5689 1741 5745 te,
1770 5687 1824 5732 ut
1850 5676 2140 5733 custodiant

532 5784 585 5833 ts
611 5780 665 5832 in
690 5775 925 5831 omnibus
955 5774 1050 5830 viis
1086 5775 1208 5829 tuis.
1252 5770 1320 5828 In
1362 5772 1596 5827 manibus
1636 5769 1914 5842 portabunt
1951 5780 1997 5825 ts
2021 5810 2036 5838 ,
2077 5784 2139 5824 ne

2330 4625 2493 4684 debet
2519 4644 2652 4697 opus
2707 4630 2903 4694 facere,
2951 4625 3094 4696 quod.
3136 4627 3202 4679 ad
3249 4625 3531 4681 sabbatum
3582 4627 3840 4694 pertinet.

2330 4700 2506 4756 Vultis
2532 4701 2673 4755 scire
2701 4701 2953 4769 quoniam
2986 4699 3037 4751 in
3071 4697 3297 4769 sabbato
3330 4705 3626 4769 operantur
3652 4713 3844 4753 sacer-

2327 4773 2484 4828 dotes
2515 4772 2568 4826 in
2596 4770 2803 4839 templo
2834 4768 3082 4839 Domiuill
3104 4768 3218 4824 Non
3248 4768 3373 4823 licet
3399 4770 3451 4822 in
3477 4768 3708 4824 sabbato
3727 4771 3849 4825 cui-

2330 4857 2559 4914 cumque
2581 4837 2725 4911 ligna
2744 4839 2956 4896 caedere
2983 4837 3183 4965 ﬁNum.
3216 4838 3292 4909 v).
3322 4839 3563 4909 Denique
3588 4857 3728 4896 unus
3745 4841 3844 4912 qui

2335 4915 2674 4965 inventusest
2696 4911 2748 4965 itt
2769 4925 2975 4965 eremo.
3013 4908 3257 4965 atiidatus
3279 4920 3383 4965 est.
3408 4918 3463 4965 et
3484 4914 3716 4965 occisus.
3743 4912 3844 4965 De-

2335 4908 2583 4969 inventus
2595 4908 2674 4967 est
2696 4911 2748 4965 in
2769 4925 2975 4976 eremo,
2991 4908 3257 4980 lapidatus
3279 4920 3383 4980 est,
3408 4918 3463 4966 et
3480 4908 3716 4966 occisus.
3743 4908 3846 4967 De-

2332 4985 2494 5058 nique
2514 5000 2619 5058 non
2648 4984 2771 5058 licet
2799 4984 2981 5058 ignent_
2986 4982 3328 5058 succendere
3351 4998 3501 5055 :gtnn
3530 4982 3652 5037 licet
3683 4983 3847 5039 etiam

2325 5051 2522 5128 aliquid
2539 5055 2716 5125 operis
2740 5052 2938 5128 facere.
2958 5051 3163 5128 Videtis
3185 5064 3362 5107 autem
3379 5051 3640 5128 Quoniam
3662 5056 3849 5128 omnia

2326 5123 2440 5184 tuac
2461 5123 2647 5196 quaiin
2663 5124 3028 5196 mundoalicui
3051 5123 3229 5196 facere
3249 5139 3355 5196 non
3378 5124 3505 5186 licet
3526 5125 3577 5178 in
3596 5125 3846 5191 sabbato,

2322 5192 2691 5256 sacerdotibus
2718 5195 2848 5251 solis
2874 5193 3018 5250 licet.
3051 5192 3182 5247 Nam
3221 5204 3277 5249 et
3322 5194 3463 5263 ligna
3506 5197 3742 5261 credunt,
3794 5205 3851 5252 et

2323 5271 2498 5341 ignem
2529 5274 2939 5341 tcupponnntLet
2962 5265 3061 5319 alia
3093 5264 3293 5320 faciunt
3322 5265 3639 5341 ministeria,
3666 5277 3719 5321 et
3752 5267 3850 5320 ho-

2318 5336 2449 5398 stias
2486 5336 2786 5397 immolant.
2820 5338 2950 5395 .lloc
2983 5346 3150 5391 totum
3180 5352 3354 5406 quare
3374 5338 3521 5392 dixi?
3549 5336 3617 5393 Ut
3664 5349 3849 5393 osten-

2324 5415 2507 5471 derem
2541 5411 2948 5482 scriptumgesse
2969 5411 3033 5482 in
3065 5409 3209 5482 lege,
3250 5408 3468 5482 debere
3492 5427 3591 5464 ttos
3629 5424 3848 5482 cessare

2326 5488 2485 5541 etiam
2517 5487 2567 5539 in
2593 5477 2678 5539 die
2706 5480 2911 5536 sabbati
2935 5477 3262 5547 ab0peribus
3287 5478 3501 5547 mundi,
3524 5489 3653 5535 etea
3671 5480 3848 5535 facere

2323 5572 2441 5623 qua:
2460 5557 2525 5611 ad
2551 5554 2715 5611 Deum
2730 5550 3017 5624 pertinent.
3035 5549 3278 5605 Psalmus
3299 5551 3462 5620 igitur
3478 5552 3670 5624 cantici
3683 5560 3769 5605 est
3793 5549 3847 5603 in

2320 5627 2407 5683 die
2436 5627 2643 5683 sabbati
2671 5623 2920 5692 :q’uando
2946 5637 3050 5677 non
3079 5634 3372 5692 operantur
3398 5623 3696 5689 mundo,et
3725 5636 3850 5688 ope-

2321 5714 2503 5756 ramur
2540 5698 2670 5755 Deo.
2723 5690 3008 5749 Videamus
3054 5690 3181 5761 quid
3212 5690 3368 5749 nobis
3410 5694 3482 5749 sit
3520 5695 3849 5751 cantandum

2317 5770 2371 5827 in
2404 5769 2653 5836 sabbato,
2681 5763 2893 5839 quando
2922 5780 2948 5818 a
2978 5760 3161 5820 mundi
3187 5776 3465 5821 cessamus
3495 5778 3617 5838 open
3630 5761 3774 5821 ibus.
