4016 6332
198 288 346 350 net
426 366 433 371 ι

192 502 490 563 Διιὶεεὶηιε.
524 506 640 564 Non
668 509 808 566 dixit
833 528 846 566 :
875 510 1074 568 bonum
1105 522 1189 575 est
1215 514 1477 586 psallere,
1518 526 1572 573 et
1615 526 1807 588 postea

192 597 493 656 conﬁteri:
521 600 615 657 sed
647 603 772 659 vide
811 604 1057 663 ordinem
1096 626 1107 660 ε
1149 607 1355 666 Bonum
1401 619 1485 666 est
1533 610 1805 679 conﬁteri,

192 700 255 747 et
288 690 491 750 bonum
523 704 607 752 est
641 697 897 769 psallere.
927 699 1166 759 Primum
1191 716 1292 774 age
1321 705 1719 775 paenitentiam,
1753 716 1808 762 et

190 778 460 861 iaerymis
489 786 611 845 dele
642 799 885 861 peccata,
918 801 973 849 et
998 804 1184 869 postea
1214 805 1370 852 cauta
1406 797 1662 856 Domino:
1703 798 1806 854 Bo-

194 897 326 935 num
352 892 427 936 est
456 880 692 954 conﬁteri
724 883 982 953 Domino;
1010 902 1115 944 non
1153 887 1485 961 hominibus,
1531 892 1628 949 sed
1656 892 1803 954 Deo:

193 970 280 1028 illi
320 973 583 1031 conﬁtere
614 986 856 1046 peccata,
888 976 978 1050 qui
1005 994 1199 1039 sanare
1240 992 1438 1053 potest.
1472 982 1545 1039 Et
1584 984 1808 1059 psallere

194 1065 403 1121 nomini
432 1075 540 1138 tuo,
571 1066 851 1125 Altissime.

274 1157 360 1212 Ad
389 1161 805 1243 annuntiandgm
827 1180 978 1219 mane
1005 1165 1418 1221 misericordiam
1445 1178 1607 1237 tuam,
1641 1177 1688 1224 et
1724 1184 1807 1224 re-

188 1250 402 1307 ritatem
433 1261 575 1307 tuam
613 1271 702 1326 per
739 1263 961 1312 noctem.
1003 1255 1299 1329 Diligenter
1337 1257 1618 1331 intelliglte
1662 1260 1805 1328 quod

188 1341 431 1400 dicitur:
463 1343 546 1400 Ad
571 1349 991 1407 annnntiandum
1016 1368 1166 1406 mane
1192 1351 1597 1408 misericordiam
1624 1360 1767 1407 tuam
1786 1395 1802 1420 ,

188 1446 244 1492 et
274 1438 540 1493 veritatem
565 1446 706 1496 tuam
736 1457 824 1505 per
842 1452 1063 1499 noctem.
1092 1443 1299 1517 Singuli
1324 1444 1581 1502 versiculi
1602 1443 1668 1501 ad
1694 1446 1808 1502 sin-

186 1530 353 1605 gulos
383 1530 710 1588 referuntur.
742 1532 945 1591 Bonum
967 1544 1040 1592 est
1068 1536 1302 1609 conﬁteri
1329 1534 1588 1593 Domino:
1613 1538 1681 1593 ad
1708 1555 1807 1594 an-

191 1624 542 1680 nuntiandum
568 1643 719 1682 mane
761 1628 1171 1684 misericordiam
1217 1639 1377 1685 tuam.
1424 1630 1480 1687 Si
1526 1630 1806 1687 conﬁteris

192 1717 450 1788 Domino,
478 1719 805 1777 annuntians
836 1737 994 1777 mane
1023 1720 1429 1778 misericordias
1460 1722 1695 1779 Domini.
1731 1721 1800 1778 Et

1183 299 1611 366 BREVIARIUM
1650 303 1719 365 IN
1755 303 2082 373 PSALMOS.
2122 312 2372 384 PSALM.
2411 324 2546 388 XCI.

278 410 485 469 Bonum
516 422 590 469 est
616 416 854 487 conﬁteri
881 397 1124 484 Domino,
1157 421 1456 491 et'psallere
1483 423 1680 479 ::omini
1697 432 1809 491 tuo,
1842 426 1883 485 Α
1918 450 1948 487 o

3372 355 3509 415 Ηυξ).

1951 434 2154 506 paribus
2177 458 2644 506 manuumtuarum
2663 457 2951 513 exsultatio.
2974 456 3318 524 Christianus
3331 474 3507 542 quod-

1911 544 2139 643 cumque
2168 538 2383 643 viderit,
2418 557 2636 619 semper
2660 546 2981 643 aediﬁcatur.
3014 553 3330 618 Monachum
3351 538 3504 643 nihil

1911 624 2174 729 destruet,
2202 629 2304 688 nisi
2330 647 2627 729 peceatum.
2647 640 3034 720 Quodcumque
3054 658 3352 729 aspexeris,
3377 624 3510 719 midi-

1912 715 2089 813 ﬁcium
2108 729 2262 813 tuum
2274 737 2375 782 est.
2401 725 2562 787 Vides
2581 732 2775 790 omium
2793 779 2807 805 ,
2824 715 2975 799 vides
2986 715 3155 800 solem
3174 789 3189 813 ,
3205 715 3354 806 vides

1910 806 2179 915 laszvides
2197 815 2404 915 lunam,
2427 818 2531 878 hoc
2554 824 2784 883 mditicm
2807 837 2882 886 te.
2907 826 3080 891 Debes
3104 806 3247 894 enim
3270 806 3505 915 cogitare

1910 908 1966 957 et
1989 900 2197 962 dicere:
2224 906 2279 965 Si
2303 911 2406 979 sol,
2448 924 2504 970 et
2550 914 2697 987 luna,
2737 930 2791 975 et
2829 922 3049 993 caelum,
3093 938 3149 985 et
3189 900 3366 990 stella:

1910 995 2178 1096 serviunt:
2194 1015 2360 1071 quare
2391 1019 2491 1075 ego
2514 1022 2619 1062 non
2642 1013 2909 1070 serviam?
2930 1015 3086 1076 Vides
3105 1028 3330 1096 terram,
3354 1029 3507 1093 vides

1909 1087 2185 1159 animalia,
2215 1103 2270 1148 et
2298 1096 2479 1153 omnia
2510 1115 2630 1171 qua:
2661 1102 2711 1157 in
2737 1106 2897 1163 terris
2921 1118 3067 1179 sunt,
3099 1125 3154 1169 et
3180 1113 3284 1174 hoc
3316 1087 3505 1179 confer

1908 1193 2031 1235 cum
2080 1182 2264 1239 animo
2307 1194 2431 1259 tuo,
2481 1201 2534 1246 et
2582 1193 2817 1252 aediﬁcat
2861 1209 2935 1266 te,
2974 1211 3029 1258 et
3053 1204 3141 1262 dic
3166 1211 3346 1267 animo
3375 1222 3503 1271 tuo:

1907 1271 2099 1330 Omnia
2130 1277 2182 1331 in
2231 1296 2332 1333 suo
2384 1290 2629 1357 tempore
2676 1302 2925 1348 currunt.
2975 1294 3255 1369 Siquidem
3307 1322 3400 1361 ver
3450 1324 3504 1365 et

1908 1377 2089 1438 testas,
2119 1383 2412 1430 autumnus
2441 1385 2493 1435 et
2522 1377 2731 1451 hyems,
2767 1401 3057 1458 numquam
3089 1404 3366 1455 mutantur
3387 1399 3503 1461 btet:

1909 1468 2174 1533 tempora,
2203 1466 2298 1521 sed
2328 1469 2625 1528 secundum
2650 1470 3063 1549 dispositionem
3089 1468 3300 1544 Domini
3323 1495 3501 1551 omnia

1908 1556 2171 1655 serviunt.
2198 1553 2410 1615 Caelum
2439 1561 2627 1629 servit,
2653 1573 2705 1620 et
2733 1576 2874 1622 terra
2902 1569 3091 1634 servit.
3117 1584 3171 1630 et
3194 1576 3380 1636 infelix
3401 1599 3503 1655 ego

1907 1642 2074 1702 homo
2101 1661 2209 1703 non
2255 1655 2456 1707 servio.
2507 1650 2800 1713 Veniamus
2841 1660 2908 1716 ad
2960 1661 3162 1721 minuta
3211 1642 3504 1732 animalia:

1908 1733 2127 1837 dimitto
2161 1755 2314 1837 nunc
2360 1740 2429 1799 de
2476 1744 2804 1819 elephantis,
2853 1752 3068 1811 dimitto
3114 1758 3183 1814 de
3234 1762 3500 1837 leonibus,

189 1812 419 1884 psallere
448 1812 644 1869 nomini
672 1824 783 1881 tuo,
815 1812 1094 1869 Altissitne.
1136 1814 1305 1870 Istum
1349 1815 1678 1871 versiculum
1716 1831 1786 1872 re-

1905 1830 2122 1889 dimitto
2144 1832 2213 1890 de
2237 1832 2468 1896 diversis
2495 1841 2843 1910 animalibus,
2878 1848 3036 1905 venio
3057 1850 3124 1906 ad
3157 1854 3359 1915 minuta
3389 1811 3506 1914 ani:

186 1905 303 1964 fert
318 1907 384 1961 ad
405 1906 551 1963 hunc
566 1905 658 1979 qui
676 1908 940 1979 sequitur,
961 1916 1007 1963 et
1024 1910 1282 1964 veritatem
1303 1916 1446 1966 tuam
1467 1926 1558 1979 per
1574 1896 1797 1965 noctem.

186 1998 425 2069 Quando
452 2000 595 2056 enim
626 2001 948 2055 conﬁtemur
978 2000 1229 2071 Domino,
1263 2016 1550 2073 speramus
1589 2002 1802 2058 miseri-

185 2090 459 2148 cordiam.
491 2092 718 2163 Quando
746 2108 876 2149 vero
907 2093 1207 2164 psallimus,
1231 2109 1521 2163 uperamur
1547 2091 1794 2149 virtutes.

185 2184 275 2240 Ad
301 2184 721 2240 annuntiandum
741 2202 894 2241 mane
921 2187 1331 2241 misericordiam
1355 2196 1518 2241 tuam.
1542 2185 1646 2243 Ubi
1672 2195 1800 2242 sunt

187 2277 281 2350 qui
314 2276 608 2333 secundum
640 2279 873 2333 litteram
904 2277 1213 2349 Scripturas
1238 2277 1584 2349 intelligunt?
1622 2278 1794 2333 Media

184 2371 277 2427 die
302 2370 730 2429 misericordiam
766 2373 854 2428 Dei
884 2371 1213 2430 annuntiare
1240 2389 1347 2428 non
1377 2371 1702 2445 possumus?
1733 2372 1797 2429 Et

185 2471 340 2519 certe
369 2461 812 2518 Christianorum
840 2472 898 2520 et
924 2461 1311 2521 monachorum
1343 2472 1444 2531 cst,
1477 2465 1714 2519 maxime
1739 2464 1792 2518 in

183 2556 442 2612 noctibus
487 2564 705 2627 peccata
749 2571 846 2612 sua
892 2556 1158 2614 conﬁteri.
1216 2557 1283 2612 Et
1331 2557 1604 2629 quomodo
1653 2572 1796 2612 nunc

184 2648 358 2706 dicit:
403 2649 484 2705 Ad
528 2649 949 2705 annuntiandunt
987 2666 1138 2706 mune
1165 2652 1576 2706 misericordiam
1606 2652 1794 2706 tuam!

184 2741 347 2813 Quod
375 2743 527 2812 dicit,
548 2742 651 2800 hoc
667 2754 751 2801 est
773 2762 789 2801 :
810 2744 925 2800 Non
950 2760 1238 2819 possumus
1263 2744 1509 2802 conﬁteri
1539 2746 1790 2813 Domino,

184 2847 241 2895 et
263 2837 691 2895 misericordiam
714 2838 834 2911 ejus
853 2840 1134 2910 consequi,
1168 2838 1269 2896 nisi
1293 2838 1523 2911 cmperit
1546 2838 1601 2895 in
1624 2839 1791 2896 corde

182 2941 378 2989 nostro
403 2932 611 2989 clarum
643 2932 823 2990 lumen
851 2933 1054 2990 lucere.
1087 2933 1197 2990 Nisi
1229 2935 1612 3005 praecesserint
1638 2943 1792 2992 tene-

183 3026 321 3096 brae,
353 3036 411 3083 et
440 3043 599 3084 inane
631 3024 827 3084 factum
860 3026 1044 3097 fuerit,
1093 3028 1524 3085 misericordiam
1578 3028 1787 3084 Domini

181 3121 445 3192 consequi
470 3136 577 3174 non
602 3134 909 3193 possumus.
933 3119 1085 3177 Tunc
1111 3129 1289 3177 autem
1316 3124 1601 3181 annuntias
1629 3137 1787 3178 mane

1906 1923 2086 1979 malia.
2113 1924 2345 1997 Respice
2364 1945 2547 1999 apem,
2566 1933 2776 2001 resiiice
2799 1935 3107 1998 formicam:
3138 1944 3262 2000 vide
3282 1961 3501 2020 corpus,

1904 2022 1958 2107 et
2009 2015 2222 2087 inquire
2262 2020 2583 2091 sapientiam
2625 2021 2823 2097 (Prov.
2859 2044 2907 2082 vi
2943 2040 2990 2083 et
3024 2032 3176 2106 xxx).
3210 2015 3500 2107 Major’sa;

1903 2102 2124 2174 pientia,
2152 2123 2313 2179 quam
2343 2114 2589 2183 corporis
2619 2116 2949 2186 magnitudo.
2985 2102 3220 2193 Apes'et
3250 2102 3498 2190 formica:

1901 2195 2144 2265 cogitant
2190 2198 2438 2273 hyemem
2485 2218 2608 2260 esse
2658 2215 2981 2274 venturam;
3010 2221 3069 2267 et
3116 2221 3413 2276 monachus
3446 2233 3502 2279 et

1900 2284 2239 2343 Christianus
2279 2307 2385 2347 non
2433 2294 2674 2365 cogitant
2715 2296 2978 2367 judicium
3020 2318 3143 2361 esse
3188 2321 3498 2375 venturum.

1896 2376 2284 2475 Illae-cegitant
2332 2385 2586 2455 quoniam
2633 2388 2773 2444 fante
2821 2393 3114 2462 periclitari
3153 2414 3413 2475 possunt,
3454 2409 3498 2463 si

1898 2485 2005 2525 non
2035 2470 2402 2531 laboraverint
2433 2476 2485 2533 in
2514 2489 2703 2535 aestate
2743 2483 2885 2540 unde
2936 2488 3118 2544 vivant
3162 2491 3214 2548 in
3264 2470 3495 2568 hyeme:

1898 2577 1999 2620 nos
2039 2579 2145 2620 non
2188 2567 2512 2640 cogitamus,
2541 2571 2665 2647 quia
2693 2574 2813 2629 sine
2847 2592 3011 2651 opere
3037 2567 3413 2655 torquehimur
3444 2593 3495 2648 in

1894 2657 2163 2727 gehenna.
2193 2659 2306 2718 Hoc
2330 2670 2496 2719 totum
2520 2681 2689 2739 quare
2717 2668 2869 2727 dixi?
2899 2673 3163 2743 Quoniam
3193 2697 3337 2740 nunc
3357 2688 3499 2744 scri-

1891 2758 2046 2833 ptum
2079 2762 2196 2809 est:
2232 2753 2367 2823 Quia
2394 2756 2662 2815 delectasti
2680 2777 2778 2831 me,
2812 2761 3055 2838 Domine,
3083 2771 3136 2826 in
3158 2775 3361 2844 factura
3381 2788 3490 2835 tua.

1893 2844 2597 2940 Quodcumqueaspexero,
2627 2852 2861 2911 delectat
2902 2876 3008 2918 me.
3048 2863 3300 2940 Intelligo
3345 2873 3491 2933 enim

1894 2936 2176 3006 factorem,
2202 2946 2257 2994 et
2285 2938 2545 2997 benedico
2574 2943 2766 3000 Dettm.
2801 2945 2867 3003 Et
2891 2950 2943 3005 in
2972 2956 3212 3023 operibus
3232 2936 3493 3020 inauuum

1891 3035 2102 3084 tuarum
2125 3031 2413 3090 exsultabo.
2443 3030 2615 3091 Video
2653 3038 2925 3106 arborem,
2952 3054 3005 3098 et
3035 3035 3324 3109 considero
3353 3072 3491 3126 quo-

1892 3120 2055 3176 modo
2080 3132 2269 3178 cortex
2298 3123 2511 3181 arboris
2537 3136 2621 3183 est
2647 3130 2798 3197 quasi
2831 3135 3029 3201 tunica,
3077 3155 3179 3208 qua
3225 3120 3485 3217 vestiiur,

181 3190 615 3272 misericordiam
665 3214 908 3279 Domini,
954 3230 1075 3269 cum
1125 3214 1209 3272 sol
1246 3215 1477 3285 iustitia:
1528 3225 1682 3272 ortus
1733 3190 1857 3272 inC
1890 3224 1945 3270 ει
1982 3216 2135 3288 quasi
2185 3231 2405 3288 germen
2445 3220 2602 3276 viret.
2654 3190 2719 3278 Et
2767 3224 2965 3283 deinde
3011 3190 3169 3288 vid'co

180 3304 350 3361 corde
382 3314 475 3361 tuo
499 3303 684 3361 fuerit.
716 3304 784 3359 Et
818 3307 1084 3365 veritatem
1113 3317 1256 3362 tuam
1283 3323 1375 3380 per
1411 3316 1627 3362 noctem.
1678 3306 1784 3364 Ve-

180 3400 319 3455 ritas
366 3398 580 3456 Domini
626 3415 732 3456 non
780 3402 1155 3468 annuntiatur,
1198 3399 1301 3456 nisi
1340 3400 1407 3456 ad
1442 3412 1658 3458 noctem
1686 3418 1699 3455 :
1732 3401 1786 3461 in

180 3492 273 3550 die
301 3508 408 3551 non
434 3504 611 3566 potest
640 3494 973 3550 auuuntiari.
1008 3493 1125 3553 Non
1152 3496 1299 3553 enim
1340 3505 1571 3568 possunt
1615 3496 1787 3553 imbe-

181 3584 337 3643 cilles
369 3583 511 3642 l'erre
538 3601 660 3658 quae
687 3601 879 3658 magna
900 3599 1058 3643 sunt:
1085 3602 1261 3660 neque
1285 3574 1511 3658 possunt
1533 3602 1597 3644 ea
1620 3588 1786 3643 susti-

179 3695 317 3735 nere
343 3695 464 3751 quae
497 3679 735 3751 pretiosa
764 3686 912 3741 sunt.
943 3677 1101 3737 Unde
1127 3679 1328 3737 dicitur
1355 3690 1411 3737 et
1441 3679 1495 3737 in
1525 3680 1634 3737 alio
1664 3679 1785 3737 loco

178 3772 250 3829 de
270 3771 417 3829 Deo:
447 3771 631 3829 Posuit
649 3773 903 3831 tenebras
927 3771 1206 3830 latibulum
1224 3789 1383 3830 suum
1408 3772 1594 3845 (Psat.
1622 3773 1780 3846 xvn),

179 3866 289 3923 hoc
315 3873 420 3933 est,
455 3865 713 3922 Dominus
742 3867 921 3937 posuit
966 3866 1217 3925 tenebras
1266 3867 1547 3923 latibulum
1597 3883 1776 3926 suum.

176 3957 250 4015 Et
280 3959 481 4015 veritas
507 3972 638 4031 ergo
672 3957 884 4013 Domini
917 3958 1272 4015 annnntiatur
1300 3958 1352 4015 in
1384 3968 1542 4015 nocte
1571 3977 1581 4013 :
1624 3959 1781 4030 quasi

176 4051 507 4124 quibusdam
559 4051 845 4108 verborum
892 4053 1137 4109 tenebris
1172 4051 1499 4108 obvolvitur.
1532 4051 1587 4107 in
1614 4053 1781 4127 :enig-

172 4154 331 4204 mate
359 4145 583 4213 dicitur,
612 4151 668 4199 et
697 4145 750 4199 in
795 4145 1107 4215 parabolis:
1151 4155 1208 4205 ut
1255 4146 1499 4204 videntes
1545 4163 1649 4203 non
1698 4148 1746 4203 vi

174 4237 370 4304 deant,
393 4244 451 4290 et
475 4233 757 4291 audientes
784 4251 893 4291 non
918 4236 1219 4309 intelligant
1247 4237 1456 4313 (Marc.
1487 4240 1588 4315 tv).
1618 4239 1773 4311 Legi-

172 4343 304 4385 mus
330 4329 384 4383 in
410 4325 570 4395 Osee,
604 4336 658 4384 et
680 4326 880 4385 dicitur
903 4327 969 4385 ad
1005 4333 1364 4404 prephetaui:
1397 4332 1477 4389 Tu
1517 4333 1682 4403 vade,
1722 4344 1778 4392 et

173 4421 368 4490 accipe
409 4419 500 4477 tibi
541 4436 789 4487 uxorem,
832 4438 1055 4480 uxorem
1104 4425 1447 4481 fornicariam
1482 4426 1650 4498 (Osee
1681 4427 1772 4501 t):

171 4510 352 4570 Judaei
375 4521 429 4571 et
449 4513 683 4585 gentiles
715 4514 913 4570 rident.
945 4515 1124 4582 Quare
1155 4515 1367 4572 rident?
1392 4517 1656 4586 Quoniam
1684 4536 1772 4577 ve-

171 4605 311 4663 ritas
338 4606 389 4660 in
421 4615 581 4663 nocte
610 4606 785 4679 posita
813 4618 913 4677 est,
947 4622 1053 4665 non
1078 4609 1131 4664 in
1153 4608 1262 4667 die.
1286 4607 1461 4667 Vultis
1482 4612 1623 4669 scire
1644 4628 1774 4685 quo-

173 4697 325 4755 niam
369 4699 569 4757 veritas
614 4698 709 4756 Dei
751 4700 806 4758 in
840 4710 997 4758 nocte
1024 4710 1131 4770 est,
1159 4710 1215 4759 et
1244 4703 1396 4774 quasi
1428 4703 1481 4761 in
1511 4704 1769 4775 tenebris,

172 4790 309 4848 etin
339 4791 607 4864 parabolis
636 4792 812 4862 posita
836 4794 956 4850 est?
986 4794 1197 4867 Moyses
1227 4797 1473 4853 ascendit
1520 4798 1572 4854 in
1618 4816 1773 4856 mon-

174 4892 288 4940 tem
311 4881 463 4952 Sina,
487 4884 835 4958 etingressus
856 4896 961 4953 est,
986 4888 1178 4960 inquit,
1198 4890 1252 4946 in
1277 4891 1565 4957 turbinem,
1582 4896 1769 4952 etcali-

172 4973 377 5047 ginem,
405 4984 460 5033 et
487 4976 540 5032 in
573 4978 846 5047 tenebras,
874 4990 924 5037 et
954 4980 1026 5037 ibi
1054 4981 1262 5041 locutus
1284 4995 1362 5043 εει
1387 5001 1509 5041 cum
1537 4984 1770 5042 Domino

174 5067 373 5143 (Exod.
392 5069 684 5145 xxrv)'Neq
693 5088 758 5129 ue
774 5076 918 5130 enim
935 5072 1316 5144 poteratlsrael
1338 5079 1565 5152 populus
1580 5079 1767 5136 videre

170 5164 431 5237 mysteria
466 5162 601 5222 Dei:
637 5166 760 5240 quia
792 5165 845 5223 in
876 5166 1160 5240 caliginem
1194 5169 1282 5226 Dei
1311 5186 1418 5226 non
1453 5171 1764 5227 intraverat.

245 5253 314 5310 In
326 5254 651 5313 decachordo
676 5256 944 5328 psalterio,
965 5275 1082 5314 cum
1094 5261 1294 5316 cantico
1317 5270 1364 5317 et
1384 5262 1602 5318 cithara.
1626 5261 1767 5319 Sim-

168 5345 386 5420 pliciter
428 5348 583 5418 dico,
626 5350 1070 5423 quotiescumque
1119 5350 1362 5409 levamus
1410 5367 1602 5409 manus
1651 5355 1768 5411 sine

171 5437 586 5510 cogitationibus
640 5450 698 5499 et
751 5441 1278 5515 disceptationibus,
1324 5445 1378 5500 in
1424 5443 1767 5503 decachordo

175 5533 457 5607 psallimus
486 5535 736 5610 Domino.
767 5533 834 5592 In
854 5537 1178 5593 decachordo
1202 5535 1466 5610 psalterio,
1500 5552 1617 5593 cum
1643 5554 1767 5594 can-

180 5625 352 5681 ticoin
373 5627 595 5683 cithara.
620 5628 677 5686 lu
699 5629 907 5686 cithara
932 5638 1135 5697 nostra,
1162 5640 1217 5687 et
1236 5643 1454 5705 corpus,
1487 5639 1542 5687 et
1564 5631 1763 5699 anima,

181 5727 236 5776 et
255 5719 495 5792 spiritus,
530 5724 779 5782 omnibus
801 5724 1022 5783 chordis
1053 5726 1347 5796 composita
1380 5738 1526 5784 sunt.

253 5812 386 5882 Quia
412 5814 680 5872 delectasti
707 5835 805 5888 me,
840 5815 1075 5883 Domine,
1106 5818 1161 5873 in
1209 5823 1410 5889 factura
1458 5831 1566 5888 tua,
1618 5831 1666 5875 et
1713 5822 1766 5877 in

1889 3305 1988 3362 llos
2021 3306 2113 3363 ﬁt:
2148 3310 2422 3381 quomodo
2454 3312 2551 3368 llos
2579 3314 2755 3380 cadat.
2788 3316 2904 3388 ipse
2929 3329 2983 3376 et
3014 3322 3116 3379 llos
3146 3305 3389 3387 ver—tatur
3432 3336 3488 3390 in

1887 3413 2129 3473 pomum.
2159 3400 2324 3494 Video
2351 3404 2605 3473 paulatim
2640 3424 2734 3477 per
2760 3410 3002 3483 singulos
3030 3415 3169 3486 dies,
3203 3419 3253 3476 in
3280 3423 3487 3494 singula

1887 3497 2129 3562 tempora
2158 3493 2287 3548 mihi
2321 3508 2569 3550 naturam
2591 3500 2825 3571 operari,
2858 3511 2912 3558 et
2939 3504 2990 3560 in
3021 3523 3172 3564 meos
3194 3512 3346 3569 cibos
3368 3493 3489 3573 cre-

1885 3581 2239 3640 scere.Video
2264 3585 2534 3655 quomodo
2562 3588 2705 3646 Deus
2733 3591 2783 3646 in
2814 3595 3063 3653 omnibus
3095 3601 3225 3659 mihi
3253 3603 3485 3674 laborat,

1883 3681 1943 3728 ut
1970 3673 2100 3729 mihi
2126 3675 2255 3731 nihil
2285 3674 2445 3732 desit.
2481 3677 2777 3748 Propterea
2806 3686 3017 3742 exsulto
3045 3687 3098 3743 in
3132 3698 3203 3758 te,
3238 3692 3485 3754 Domine.

1960 3766 2131 3834 Quam
2159 3768 2493 3844 magnificam
2532 3780 2651 3826 sunt
2680 3789 2835 3841 opera
2864 3786 2981 3846 tua,
3014 3777 3273 3841 Domine!
3294 3786 3349 3844 ln
3383 3790 3484 3845 hoc

1885 3858 2007 3916 loco
2047 3859 2286 3916 Marcion
2318 3870 2376 3918 et
2424 3863 2754 3922 Manichacus
2798 3883 3107 3943 erumpunt.
3158 3876 3297 3948 Quid
3336 3884 3480 3939 enim

1883 3952 2168 4010 dicunt?Si
2193 3956 2376 4011 omnia
2402 3956 2544 4013 Deus
2570 3955 2718 4027 fecit,
2743 3969 2799 4016 et
2821 3962 2873 4017 in
2890 3965 3177 4025 utilitatem
3203 3969 3479 4032 hominum

1882 4042 2039 4102 fecit:
2073 4045 2198 4117 quid
2230 4061 2458 4105 necesse
2505 4049 2601 4104 fuit
2644 4051 2890 4110 cimieem
2916 4056 3096 4114 facere
3123 4073 3176 4118 et
3206 4065 3481 4135 pulieem?

1882 4136 1996 4208 Ego
2010 4139 2103 4194 tibi
2121 4138 2359 4196 breviter
2381 4143 2684 4212 respondeo
2712 4156 2799 4201 :ut
2813 4150 3218 4223 ostenderetur,
3238 4172 3272 4212 o
3287 4158 3468 4228 homo,

1879 4229 2145 4303 fragilitas
2176 4240 2285 4289 tua.
2313 4232 2415 4302 Qui
2442 4238 2587 4292 enim
2606 4236 2987 4311 cogitationem
3020 4256 3164 4302 tuam
3199 4251 3251 4305 in
3276 4254 3472 4313 caelum

1881 4324 2058 4397 ponis,
2098 4326 2327 4398 respice,
2376 4328 2646 4387 morderis
2682 4346 2712 4387 a
2744 4334 2961 4405 cimice,
2994 4346 3050 4395 et
3075 4350 3475 4408 contremiscis.

1879 4417 2018 4488 Quid
2048 4418 2275 4493 erlgeris
2305 4422 2355 4477 iu
2380 4424 2609 4491 coelum,
2642 4434 2694 4481 et
2728 4429 2984 4499 cogitatio
3015 4441 3104 4490 tua
3143 4444 3479 4503 transcendit

1879 4510 1933 4568 in
1962 4512 2197 4570 caelum?
2226 4514 2363 4569 Ecce
2403 4529 2432 4568 a
2460 4515 2638 4608 pulice
2662 4518 2985 4577 vulneraris.
3034 4503 3205 4591 Quam
3230 4537 3474 4608 magni/5.

1879 4615 1994 4661 cata
2017 4616 2137 4662 sunt
2165 4621 2319 4679 opera
2346 4614 2454 4670 tua,
2486 4604 2738 4663 Domine!
2760 4609 2928 4666 Parva
2962 4616 3177 4684 quidem
3210 4604 3469 4697 corpora,

1877 4698 1973 4757 sed
2003 4701 2385 4791 magnaratlo.
2416 4699 2639 4773 Singula
2658 4699 2863 4760 habent
2888 4708 3147 4767 utilitates
3184 4729 3331 4772 suas.
3356 4719 3469 4791 Ego

1877 4791 1958 4847 sic
2001 4792 2170 4846 miror
2200 4788 2489 4847 Dominum
2533 4792 2588 4848 in
2633 4792 2979 4864 elephantis,
3027 4805 3306 4873 quomodo
3327 4820 3382 4866 et
3408 4788 3466 4870 in

1877 4881 2100 4940 formica
2127 4902 2141 4939 :
2173 4884 2251 4939 sic
2302 4884 2449 4940 illum
2497 4885 2733 4957 prmdiro
2762 4887 2816 4944 in
2853 4892 3083 4959 camelo,
3111 4902 3383 4967 quomodo
3409 4918 3466 4963 et

1876 4982 1929 5040 in
1959 4979 2151 5034 culice.
2180 4977 2314 5035 Vide
2344 4980 2571 5036 culicem
2605 4984 2874 5055 quomodo
2898 4986 3051 5054 quasi
3081 5001 3339 5058 punctum
3372 5012 3466 5053 Ctt-

1868 5067 2090 5142 jusdam
2117 5071 2418 5143 corpusculi
2460 5080 2565 5139 est,
2599 5083 2651 5127 et
2680 5083 2861 5129 tamen
2888 5075 3009 5131 vide
3039 5078 3092 5133 in
3122 5082 3240 5150 ipso
3269 5102 3466 5155 puncto

1872 5159 2212 5232 corpusculi,
2262 5162 2440 5216 omnia
2487 5177 2607 5219 esse
2653 5165 2894 5221 membra
2940 5167 3133 5225 divisa.
3163 5173 3334 5234 liabet
3364 5196 3459 5240 sex

1873 5260 2057 5333 pedes,
2098 5259 2262 5317 habet
2304 5262 2443 5317 duos
2481 5263 2690 5331 oculos,
2720 5263 2886 5320 habet
2913 5282 2996 5334 os,
3028 5270 3190 5330 habet
3237 5286 3294 5333 et
3333 5296 3465 5338 ven-

1874 5372 2035 5427 trem,
2068 5360 2232 5420 habet
2258 5376 2312 5420 et
2353 5363 2531 5419 tubam
2564 5365 2738 5430 vocis,
2768 5366 2929 5424 habet
2956 5380 3012 5427 et
3035 5372 3169 5431 alas.
3194 5378 3251 5436 Si
3280 5389 3463 5440 consi-

1873 5456 2151 5514 deraveris
2196 5457 2459 5527 membra,
2506 5473 2703 5528 corpus
2755 5475 2859 5516 non
2908 5459 3139 5541 invenis,
3181 5482 3238 5527 et
3282 5485 3459 5535 tamen

1873 5546 2249 5620 magniﬁcatur
2296 5549 2458 5617 Deus,
2508 5550 2631 5621 quia
2665 5550 2783 5606 sine
2811 5567 3040 5624 corpore
3064 5562 3306 5622 membra
3336 5546 3463 5626 sunt

1871 5640 2074 5698 omnia.
2121 5640 2292 5697 Νίηιεε
2323 5642 2601 5714 profunda,
2635 5647 2786 5712 farta:
2811 5654 2932 5699 sunt
2961 5650 3296 5721 cogitationes
3335 5671 3457 5721 tuaz.

1870 5732 2259 5805 Quodcumque
2326 5736 2665 5807 cogitaverit,
2738 5735 2979 5798 invenire
3056 5759 3163 5803 non
3220 5768 3459 5825 possum,

1871 5823 2117 5896 Aliysmts
2156 5826 2360 5895 judicia
2409 5837 2518 5885 tua.
2576 5826 2622 5885 Ο
2660 5830 2979 5899 profundum
3016 5835 3324 5904 divitiarum
3373 5872 3460 5910 sa-
