4010 6222
558 234 698 295 1105

1354 223 1702 286 APPENDIX
1746 223 1839 281 AD
1878 218 2125 280 ΤΟΜΙῖΜ
2163 216 2509 277 SEPTIMUM
2548 217 2609 276 S.
2650 210 3052 275 HIERONYMI.

3774 198 3925 259 HM

556 345 780 418 pientim
830 348 885 398 ct
931 340 1173 398 scientia:
1230 337 1342 395 Dei.
1380 339 1568 393 Dicam
1597 346 1653 393 et
1682 350 1785 407 ego
1813 349 1938 389 cum
1970 332 2157 389 Eccle-
2182 340 2235 401 Α
2263 330 2536 387 tilabimus
2571 344 2742 385 cornu
2771 325 2945 411 (Paul.
2975 319 3152 393 mn).
3197 313 3450 389 Denique
3487 312 3733 372 nullum
3797 315 3924 368 ani-

560 441 725 494 siastc
751 454 762 491 :
792 436 946 501 Dixi,
993 434 1211 503 sapiens
1248 429 1471 495 alliciar,
1513 439 1568 485 et
1604 429 1717 498 ipsa
1764 426 1977 497 longius
2018 424 2156 478 facta

557 540 647 586 est
676 545 705 583 a
738 543 824 584 me
855 544 870 583 :
907 525 1118 595 longius
1168 521 1337 578 multo
1386 536 1544 592 quam
1592 527 1729 576 erat.
1774 517 1842 573 Et
1890 513 2155 586 profunda

557 622 682 693 quis
716 616 959 675 invenire
991 623 1169 687 potest
1198 611 1424 686 (Eccles.
1454 611 1586 682 vn)?
1618 610 1976 665 Ecclesiastes
2014 605 2154 678 quod

569 714 730 775 dicit.
772 711 876 765 hoc
923 715 1010 763 est
1057 725 1069 761 :
1112 706 1416 775 Antequam
1449 701 1831 775 cogitationem
1880 714 2056 756 meam
2101 698 2157 753 in

556 820 723 877 opere
772 816 1055 874 ponerem,
1112 814 1223 855 non
1270 799 1519 855 videbam
1548 795 2001 879 magniﬁcentiam
2034 792 2154 850 Dei.

554 898 675 952 Dixi
699 938 713 963 ,
739 895 957 965 sapiens
990 894 1224 959 efficiar,
1255 892 1359 947 huc
1384 901 1500 960 est,
1534 889 1688 957 dixi,
1713 889 1886 945 debeo
1913 902 2158 960 qna'rere

555 990 800 1044 rationes
853 985 1192 1058 singularum
1234 998 1545 1051 causarum,
1583 992 1641 1039 et
1679 982 1799 1053 ipsa
1827 983 1986 1053 longe
2014 980 2155 1035 facta

552 1092 640 1137 est
668 1096 699 1137 a
727 1097 835 1148 me,
868 1081 1081 1151 longius
1112 1079 1283 1134 multo
1307 1093 1468 1149 quam
1496 1086 1638 1140 erat,
1666 1074 1771 1131 hoc
1800 1081 1904 1140 est,
1936 1074 2159 1143 sapien-

553 1176 689 1230 tiam
730 1189 895 1247 quam
940 1180 1067 1228 ante
1106 1188 1211 1227 non
1255 1170 1556 1242 inquirens,
1593 1168 2155 1240 ignorabamzpostea

551 1281 803 1337 quaerere
833 1266 972 1336 coepi
991 1305 1007 1332 ,
1032 1278 1195 1335 quam
1222 1261 1468 1318 invenire
1506 1276 1612 1315 non
1642 1268 1908 1330 poterant.

634 1359 677 1414 V
684 1346 743 1415 ir.
760 1358 1012 1429 insipiens
1052 1372 1155 1410 non
1178 1355 1463 1425 cognoscit,
1491 1360 1538 1406 et
1566 1353 1758 1407 stultus
1784 1367 1888 1405 non
1917 1348 2156 1420 intelligit

552 1453 686 1507 lucc.
730 1450 1070 1519 Quicumque
1104 1462 1211 1501 non
1240 1454 1328 1502 est
1356 1444 1723 1512 Christianus,
1747 1442 1871 1499 etin
1898 1444 2156 1515 operibus

549 1564 665 1607 non
697 1544 952 1617 intelligit
980 1526 1297 1599 Creatorem
1318 1582 1333 1606 ,
1365 1539 1469 1596 iste
1496 1538 1757 1609 insipiens
1784 1548 1887 1594 est.

634 1637 768 1693 Cum
799 1636 965 1691 exorti
997 1633 1191 1705 fuerint
1223 1641 1518 1701 peccatores
1552 1630 1686 1685 sicut
1719 1629 1914 1699 fenum.
1957 1627 2155 1684 Vidisti

2257 426 2365 481 mal
2393 426 2445 480 in
2495 424 2697 493 templo
2744 410 3055 476 immolatur
3090 415 3319 470 Domiuo
3350 412 3455 467 nisi
3504 409 3673 481 quod
3724 423 3918 462 cornu

2261 518 2443 572 habet.
2476 514 2603 571 Tria
2651 511 3073 568 immolabantur
3116 505 3345 562 Domino
3389 503 3445 559 in
3491 500 3761 572 templo,
3804 500 3912 553 im-
3968 530 3969 533 η

2260 608 2565 665 mnlabatur
2610 615 2818 673 taurus,
2847 599 3228 659 immolabatur
3273 598 3441 662 aries,
3473 592 3912 649 immolabatur

2260 703 2468 759 hircus.
2523 699 2651 757 Tria
2708 697 3159 758 immolabantur,
3217 700 3273 748 et
3321 691 3579 746 universa
3643 698 3907 743 cornuta
3968 692 3969 733 ξ

2261 803 2411 855 sunt.
2442 794 2555 851 Nisi
2586 794 2729 868 enim
2755 790 2950 863 aliquis
2977 786 3229 844 habuerit
3252 801 3423 841 cornu
3452 784 3507 838 in
3541 795 3668 854 quo
3707 782 3906 836 inimi-

2259 888 2354 947 cos
2381 888 2626 953 ventilet,
2650 901 2757 942 non
2786 896 2873 943 est
2898 883 3095 954 dignus
3133 878 3405 935 immolari
3433 877 3575 932 Deo.
3615 875 3906 946 Propter-

2260 999 2323 1041 ea
2347 991 2404 1039 et
2420 982 2683 1039 Dominus
2708 995 2878 1035 cornu
2908 976 3127 1045 dicitur,
3145 975 3227 1031 his
3243 974 3336 1045 qui
3357 970 3599 1028 credunt
3628 970 3694 1025 in
3722 985 3896 1026 eum:

2262 1077 2330 1133 Et
2373 1077 2430 1133 in
2476 1075 2735 1133 cornibus
2774 1072 2955 1129 crucis
2988 1084 3101 1126 suae
3139 1065 3424 1125 ventilavit
3459 1063 3763 1120 inimicos.
3820 1062 3897 1117 liii

2258 1170 2507 1227 confudit
2560 1168 2878 1232 diabolum,
2934 1176 2991 1221 et
3037 1178 3256 1219 omnem
3323 1159 3445 1232 ejus
3492 1157 3837 1216 exercitum
3880 1174 3891 1207 -.

2259 1263 2509 1321 Christus
2536 1261 2756 1332 quidem
2784 1257 3078 1317 cruciﬁxus
3102 1265 3220 1312 erat
3249 1254 3303 1309 in
3334 1266 3575 1324 corpore
3604 1268 3618 1305 :
3648 1249 3761 1306 sed
3797 1264 3893 1306 ve-

2258 1372 2321 1413 re
2369 1354 2719 1427 eruciligebat
2766 1352 2836 1409 ibi
2876 1350 3175 1407 daemones.
3215 1347 3332 1404 Non
3383 1345 3487 1401 fuit
3536 1360 3686 1401 crux
3726 1362 3739 1397 :
3789 1342 3889 1399 sed

2258 1450 2567 1521 triumphus
2606 1447 2734 1509 fuit.
2782 1444 2879 1501 sed
2926 1441 3183 1499 vexillum
3225 1439 3344 1496 fuit.
3388 1437 3706 1508 Propterea
3752 1452 3890 1491 cou-

2258 1542 2470 1599 sceudit
2495 1556 2735 1607 erucem,
2759 1548 2818 1594 ut
2838 1552 2937 1593 nos
2966 1536 3036 1592 de
3066 1543 3214 1590 terra
3244 1533 3295 1589 in
3328 1532 3499 1587 altum
3529 1529 3789 1585 tolleret.
3819 1527 3887 1583 Et
3968 1570 3969 1575 η

2259 1643 2391 1705 puto
2426 1647 2642 1689 crucem
2684 1628 2986 1688 Salvatoris
3013 1628 3174 1683 istam
3202 1641 3325 1683 esse
3349 1624 3556 1679 scalam
3588 1638 3771 1694 quam
3800 1622 3885 1675 vi-

550 1730 919 1800 imperatores
954 1744 965 1777 :
1008 1721 1196 1778 vidisti
1241 1720 1539 1792 praefectos
1570 1739 1580 1772 :
1607 1720 1790 1775 vidisti
1834 1720 2149 1776 exercitus:

2257 1727 2334 1783 dit
2356 1726 2549 1784 lacob.
2576 1725 2631 1781 In
2664 1725 2765 1780 ista
2796 1724 2942 1780 scala
2975 1719 3381 1778 descendebant
3406 1716 3614 1787 angeli,
3646 1727 3711 1771 et
3744 1730 3881 1771 cou-

550 1821 743 1878 vitlisti
774 1818 1033 1875 victorias
1081 1825 1137 1871 et
1183 1814 1510 1886 triumphos.
1555 1814 1685 1870 Πειὶ
1733 1814 1863 1883 fuit,
1894 1824 1949 1869 et
1991 1812 2155 1869 hodie

552 1931 664 1971 non
691 1923 793 1970 est.
828 1910 898 1966 Et
939 1908 1284 1982 apparuerint
1325 1923 1503 1961 omnes
1529 1908 1617 1978 qui
1648 1915 1929 1978 operantur
1960 1905 2156 1974 iniqui-

545 2016 727 2075 tatem,
768 2014 824 2060 ut
850 2004 1103 2058 intereant
1142 2001 1197 2055 in
1225 1999 1468 2057 steculum
1511 1997 1712 2054 swculi.
1748 1998 1871 2054 lleri
1904 1996 2156 2067 apparuit

545 2098 708 2171 quasi
742 2098 842 2153 llos
879 2112 890 2147 :
924 2094 1089 2150 hodie
1116 2092 1215 2148 llos
1248 2093 1368 2164 ipse
1392 2108 1499 2147 non
1531 2098 1830 2161 comparet.
1860 2089 1983 2143 lleri
2014 2088 2154 2143 vire-

542 2192 642 2248 bat
694 2189 865 2246 herba
898 2207 911 2242 :
948 2187 1110 2243 hodie
1153 2185 1353 2241 siccata
1388 2193 1493 2239 est.
1522 2184 1621 2240 Ubi
1655 2193 1740 2239 est
1775 2181 1869 2237 illa
1911 2181 2153 2252 pulchri-

542 2284 712 2340 tudo?
761 2282 907 2337 Nihil
953 2280 1157 2335 bonum
1209 2288 1325 2344 est,
1387 2276 1495 2332 nisi
1551 2275 1699 2347 quod
1751 2285 2018 2332 aeternum
2043 2284 2152 2330 est.

543 2377 695 2434 Nihil
744 2376 944 2431 bonum
999 2380 1112 2440 est,
1154 2370 1259 2427 nisi
1294 2368 1439 2441 quod
1483 2380 1800 2440 perpetuum
1833 2376 1939 2423 est.
1969 2366 2155 2435 Quod-

543 2484 788 2541 cumque
819 2468 983 2522 tinem
1031 2466 1218 2530 habet,
1268 2478 1369 2518 nec
1415 2462 1558 2517 inter
1585 2461 1724 2516 bona
1755 2460 2153 2517 numerandum

543 2573 650 2621 est.
682 2560 820 2629 Quid
850 2560 994 2615 enim
1025 2558 1159 2612 mihi
1192 2555 1443 2626 prodest,
1475 2554 1522 2609 si
1563 2553 1683 2609 heri
1722 2553 2014 2624 prmfectus
2046 2551 2151 2618 fui,

546 2668 604 2714 et
630 2653 794 2711 hodie
823 2652 966 2709 fame
1000 2649 1238 2707 morior?
1284 2647 1429 2718 Quid
1468 2647 1613 2704 enim
1653 2646 1788 2701 mihi
1822 2645 2075 2717 prodest,
2106 2644 2155 2700 si

546 2748 823 2806 anteriori
868 2747 961 2803 die
1008 2762 1103 2801 rex
1137 2743 1209 2799 fni
1232 2787 1247 2812 ,
1281 2754 1337 2799 et
1384 2742 1546 2799 hodie
1574 2740 1628 2797 in
1661 2756 1882 2798 carcere
1910 2738 2154 2795 morior?

548 2844 721 2899 Omne
744 2840 889 2914 quod
939 2839 1279 2910 prmteritum
1331 2845 1439 2904 est,
1491 2845 1546 2891 et
1577 2835 1741 2890 linem
1787 2833 1982 2900 habet,
2017 2829 2154 2887 nihil

548 2949 654 2995 est.
686 2934 1069 3006 Unusquisque
1113 2942 1360 2988 nostrum
1395 2930 1463 2987 de
1508 2928 1714 2986 saeculo
1740 2929 1891 2985 venit
1916 2927 1985 2983 ad
2014 2928 2153 2981 hanc

544 3034 734 3088 vitam.
771 3030 925 3086 Alius
957 3037 1186 3085 matrem
1210 3026 1456 3098 reliquit,
1485 3025 1627 3080 alius
1659 3024 1823 3092 filios,
1852 3022 1992 3079 alius
2014 3037 2151 3079 uso-

2256 1820 2592 1877 scandebant
2609 1817 2769 1891 (Gen.
2791 1816 3022 1889 Luxu).
3039 1815 3096 1870 ιιι
3111 1814 3215 1870 ista
3233 1812 3404 1880 scala,
3425 1810 3530 1867 hoc
3547 1820 3660 1879 est,
3678 1825 3875 1873 cruce,

2258 1915 2604 1973 descendunt
2652 1912 2848 1980 Judmi,
2913 1921 2970 1969 et
3035 1907 3415 1966 conscendunt
3482 1905 3752 1978 gentiles.
3804 1901 3873 1956 Et

2258 2006 2571 2063 exai'tabitur
2593 2005 2725 2061 sicut
2758 2002 3031 2058 unicornis
3069 2016 3230 2055 cornu
3265 2014 3462 2053 meum.
3484 1994 3593 2052 Alii
3629 1995 3874 2051 habeant

2258 2102 2415 2173 plura
2444 2115 2649 2157 cornua
2680 2117 2691 2152 :
2724 2114 2825 2169 ego
2866 2112 3031 2153 unum
3072 2094 3249 2150 solum
3290 2107 3465 2147 cornu
3494 2089 3706 2145 habeo.
3740 2087 3870 2143 Mihi

2257 2205 2437 2251 autem
2464 2195 2609 2252 absit
2630 2190 2855 2266 gloriari
2883 2192 2983 2247 nisi
3015 2191 3070 2246 iu
3095 2204 3260 2245 cruce
3287 2185 3501 2243 Domini
3527 2204 3539 2238 :
3575 2201 3673 2255 per
3703 2199 3866 2254 quem

2257 2288 2391 2345 mihi
2421 2286 2656 2344 mundus
2684 2286 2983 2343 crucilixus
3012 2292 3116 2348 est,
3146 2289 3203 2337 et
3230 2297 3329 2351 ego
3361 2276 3570 2334 mundo
3602 2275 3863 2348 (Cum).

2330 2383 2397 2438 Et
2436 2390 2667 2437 senectus
2706 2396 2820 2434 mea
2868 2379 2921 2433 in
2974 2373 3334 2431 misericordia
3375 2371 3538 2426 uberi.
3595 2370 3863 2428 Senectus

2256 2485 2442 2533 nostra
2459 2477 2586 2532 oleo
2610 2475 2708 2531 Dei
2730 2472 2953 2545 indiget.
2982 2469 3270 2539 Quomodo
3294 2470 3437 2526 enim
3465 2482 3707 2537 corpora
3734 2482 3861 2522 nos-

2256 2577 2336 2623 tra
2383 2567 2600 2639 quando
2648 2565 2958 2622 laboramus
3012 2561 3247 2637 (loquor
3284 2559 3590 2632 simplicius
3640 2568 3859 2629 propter

2256 2659 2621 2731 simpliciores
2649 2659 2874 2724 fratres,
2908 2658 2997 2729 qui
3042 2671 3148 2711 non
3180 2664 3408 2728 possunt
3434 2653 3746 2726 intelligere
3772 2668 3858 2707 su-

2253 2752 2495 2822 blimius)
2522 2750 2794 2823 quomodo
2820 2764 3046 2821 corpora
3078 2757 3286 2815 nostra,
3318 2745 3536 2818 quando
3570 2746 3849 2812 laborant,

2255 2861 2361 2900 non
2391 2845 2728 2910 reficiuntur,
2764 2843 2864 2898 nisi
2895 2842 3151 2898 unctione
3191 2841 3295 2897 olei
3322 2859 3336 2895 :
3365 2838 3642 2910 quomodo
3673 2838 3850 2894 lumen

2253 2936 2396 3009 quod
2425 2937 2476 2992 in
2510 2937 2731 2992 lucerna
2778 2944 2899 3000 est,
2926 2933 3034 2991 nisi
3060 2933 3238 2991 oleum
3278 2932 3521 2999 miseris,
3552 2931 3850 3002 exstingui-

2253 3037 2345 3084 tur
2371 3048 2381 3082 :
2408 3029 2486 3084 sic
2513 3038 2568 3086 ct
2598 3028 2776 3084 lumen
2798 3027 3099 3084 senectutis
3126 3041 3286 3091 nte-.e,
3314 3024 3434 3081 oleo
3463 3033 3518 3080 et
3544 3022 3853 3079 misericor-

543 3141 684 3191 rem,
717 3124 854 3181 alius
885 3134 1161 3194 parentes.
1206 3120 1585 3177 Recordemur
1626 3119 1868 3174 infantia:
1898 3128 2098 3173 nostrae
2134 3136 2145 3171 :
2174 3121 2221 3185 ο
2253 3121 2340 3177 dia
2373 3122 2465 3177 Dei
2491 3119 2695 3193 indiget
2719 3131 2776 3176 ut
2798 3130 3031 3176 crescat.
3054 3118 3296 3190 Denique
3318 3126 3374 3173 et
3401 3116 3632 3190 apostoli
3665 3131 3851 3172 ascen-

546 3218 906 3277 rccordemur
953 3215 1342 3273 adolescentia
1390 3232 1401 3265 :
1457 3212 1812 3268 recordemur
1860 3210 2004 3280 quod
2049 3211 2151 3266 ali-

545 3310 770 3383 quando
796 3309 1154 3366 habuerimus
1180 3306 1419 3371 divitias,
1450 3315 1503 3361 et
1534 3304 1909 3376 unusquisque
1937 3318 2037 3374 pro
2066 3302 2151 3358 vi-

546 3404 705 3471 ribus
753 3403 871 3457 suis
924 3401 1117 3455 habuit
1144 3399 1288 3471 quod
1320 3400 1514 3469 potuit.
1541 3398 1683 3453 Ecce
1712 3397 2059 3452 transivimus
2085 3393 2151 3451 ad

547 3494 693 3551 hanc
744 3495 936 3548 vitam.
984 3490 1088 3547 Ubi
1138 3499 1267 3547 sunt
1292 3490 1383 3544 illa
1429 3489 1651 3546 omnia?
1702 3485 1945 3559 Cogitata
1976 3486 2152 3558 magis

548 3588 802 3643 dolorem
826 3583 1069 3651 faciunt,
1101 3598 1268 3653 quam
1303 3582 1653 3650 voluptatem.
1686 3581 1831 3637 Nihil
1859 3589 1943 3636 est
1972 3581 2154 3651 itaque

545 3682 752 3740 bonum
775 3723 790 3748 ,
826 3679 927 3736 nisi
956 3678 1100 3751 quod
1132 3686 1451 3749 perpetuum
1482 3686 1588 3731 est.

548 3824 553 3836 λ
624 3775 703 3830 Tu
747 3782 922 3829 autem
970 3770 1270 3825 Altissimus
1324 3769 1377 3823 in
1403 3777 1656 3823 retentum
1689 3811 1705 3835 ,
1737 3764 1980 3832 Domine,
2022 3781 2152 3836 quo-

552 3872 696 3926 niam
722 3885 839 3924 ecce
868 3866 1065 3921 inimici
1096 3864 1194 3932 tui,
1230 3862 1491 3918 Domine:
1517 3861 1766 3933 quoniam
1803 3875 1918 3914 ecce
1955 3859 2157 3915 inimici

551 3962 628 4018 tui
655 3958 916 4032 peribunt,
949 3968 995 4012 ct
1039 3956 1404 4028 dispergentur
1427 3970 1601 4009 omnes
1629 3953 1718 4024 qui
1743 3959 2024 4027 aperantur
2051 3951 2153 4004 ini-

551 4058 820 4126 quitatem.
862 4052 919 4109 Si
968 4050 1245 4121 peribunt,
1275 4046 1547 4118 quomodo
1576 4044 2009 4116 dispergentur?‘
2047 4041 2151 4112 Qui

544 4146 694 4204 enim
757 4140 925 4199 semel
988 4137 1241 4212 perierit,
1304 4138 1545 4209 dispergi
1614 4154 1721 4192 non
1785 4145 1979 4206 patest.
2038 4134 2146 4192 De-

551 4240 677 4297 buit
718 4238 903 4294 dicere
935 4253 948 4290 :
982 4234 1125 4290 Ecce
1164 4233 1549 4304 dispergentur
1593 4239 1650 4287 et
1686 4228 1959 4300 peribunt.
1992 4226 2148 4297 Quod

549 4349 683 4405 ergo
725 4331 879 4395 dicit,
916 4327 1021 4385 hoc
1067 4334 1192 4383 est:
1221 4325 1417 4379 inimici
1468 4324 1567 4391 tui,
1608 4323 1853 4390 Domine,
1884 4321 2144 4395 peribunt,

551 4442 676 4485 cum
706 4424 889 4480 omnia
921 4422 1015 4478 tibi
1040 4420 1281 4491 subjecta
1312 4418 1548 4476 fuerint:
1574 4418 1752 4474 omnis
1785 4416 1875 4489 qui
1898 4417 2148 4474 inimicus

2256 3216 2395 3271 dunt
2422 3216 2474 3270 in
2504 3229 2744 3271 montem
2790 3213 3020 3282 Oliveti,
3064 3222 3122 3269 ut
3153 3213 3407 3285 quoniam
3435 3212 3563 3267 lassi
3591 3218 3769 3277 erant,
3798 3216 3849 3264 et

2255 3307 2571 3379 indigebant
2603 3308 2843 3364 lucernae
2893 3308 3135 3379 ipsorum
3166 3306 3290 3363 oleo
3325 3305 3561 3370 Domini,
3613 3304 3684 3359 de
3730 3303 3847 3359 oleo

2257 3398 2478 3456 Domini
2511 3401 2901 3457 illuminentur.
2940 3399 3093 3457 Unde
3120 3399 3252 3455 dicit
3279 3407 3334 3455 et
3359 3400 3535 3470 justus
3568 3415 3585 3451 :
3616 3397 3727 3469 Ego
3755 3412 3848 3451 au-

2256 3501 2366 3547 tem
2392 3493 2529 3548 sicut
2559 3493 2698 3548 oliva
2732 3492 3010 3549 fructifera
3040 3491 3093 3547 iu
3116 3491 3281 3548 domo
3303 3489 3514 3547 Domini
3533 3488 3711 3562 (Psal.
3740 3488 3839 3561 ιι).

2255 3587 2324 3644 Et
2352 3587 2404 3643 in
2428 3587 2535 3643 alio
2562 3587 2685 3645 loco
2710 3587 2913 3644 dicitur
2945 3604 2958 3641 :
2987 3586 3112 3643 Filii
3141 3588 3216 3643 lui
3246 3587 3389 3643 sicut
3416 3585 3647 3642 novellae
3687 3585 3843 3640 oliva-

2256 3696 2375 3738 rum
2422 3681 2473 3736 in
2505 3682 2734 3738 circuitu
2766 3697 2968 3738 mensa:
3014 3692 3121 3738 tua:
3169 3678 3340 3754 (Psul.
3370 3678 3631 3752 ccxxvtt).
3661 3678 3840 3735 Nullus

2256 3772 2393 3828 alius
2416 3788 2569 3828 mnus
2592 3783 2729 3841 erat,
2762 3772 2831 3829 de
2860 3789 2969 3842 quo
2994 3772 3238 3829 ascendit
3266 3771 3528 3829 Dominus
3552 3787 3716 3842 regna
3744 3786 3842 3828 ete-

2255 3864 2463 3934 lorum,
2498 3865 2599 3920 nisi
2640 3880 2798 3921 mons
2842 3863 3077 3921 Oliveti?
3102 3864 3375 3936 Numquid
3403 3882 3509 3920 uou
3547 3873 3668 3921 erat
3694 3880 3839 3919 mons

2255 3957 2538 4014 sublimior
2565 3958 2616 4014 in
2656 3957 2907 4026 Galilaea,
2936 3958 3194 4015 'l‘habor?
3227 3959 3367 4027 Quid
3390 3973 3617 4016 necesse
3657 3959 3751 4014 fuit
3786 3967 3837 4014 ut

2253 4051 2515 4109 Dominus
2541 4052 2606 4108 de
2631 4060 2814 4107 monte
2842 4051 3037 4110 Oliveti
3076 4053 3467 4110 conscenderet
3519 4054 3572 4109 in
3628 4067 3834 4125 regnum

2254 4144 2557 4201 ett-lorum?
2601 4144 2705 4201 Sed
2748 4145 2871 4202 vide
2893 4145 3021 4217 quid
3052 4155 3103 4202 te
3133 4145 3417 4216 Scriptura
3465 4146 3665 4203 doceat
3694 4144 3835 4202 :Nisi

2255 4237 2349 4293 tibi
2379 4246 2434 4293 et
2466 4236 2803 4308 lampadibus
2828 4237 2936 4295 tuis
2956 4238 3136 4294 oleum
3179 4239 3427 4305 miseris,
3484 4254 3595 4296 non
3645 4239 3835 4311 poteris

2253 4328 2549 4385 ascendere
2580 4328 2631 4384 in
2687 4346 2852 4402 regna
2884 4332 3170 4389 ('celorum.
3206 4330 3382 4388 Debes
3410 4345 3533 4388 esse
3580 4332 3636 4387 in
3669 4340 3835 4387 monte

2252 4423 2480 4491 Oliveti,
2508 4434 2562 4481 et
2593 4442 2698 4481 non
2727 4427 2778 4482 in
2804 4427 2944 4484 valle
2973 4426 3254 4483 Olivarum
3275 4470 3291 4497 ,
3316 4425 3414 4483 sed
3442 4426 3496 4482 in
3524 4435 3706 4481 monte
3734 4424 3833 4480 Oli-

551 4531 680 4577 tuus
711 4515 895 4583 fuerit,
944 4525 1131 4586 postea
1175 4510 1441 4568 efficietur
1488 4512 1717 4578 amicus,
1753 4510 1854 4566 hoc
1902 4518 2009 4576 est,
2040 4524 2148 4565 non

2256 4519 2383 4574 veti.
2419 4518 2573 4574 Dicat
2603 4519 2799 4591 aliquis
2828 4537 2844 4576 :
2895 4523 3028 4587 Quae
3080 4531 3162 4577 est
3212 4519 3314 4576 isra
3346 4518 3503 4574 vallis
3534 4515 3830 4573 Olivarum?

551 4612 756 4686 peribit
794 4609 959 4665 homo
999 4625 1012 4662 :
1056 4606 1153 4663 sed
1188 4605 1390 4678 peribit
1441 4605 1715 4662 inimicus.
1758 4604 1859 4671 Qui
1898 4603 2148 4659 inimicus

555 4708 684 4775 fuit,
714 4702 924 4761 amicus
966 4702 1171 4767 erit,et
1217 4701 1297 4756 sic
1338 4699 1534 4770 peribit
1586 4698 1855 4755 inimicus.
1888 4697 2148 4763 Quoniam

554 4817 674 4859 ecce
702 4797 901 4854 inimici
931 4795 1004 4850 tui
1050 4793 1309 4867 peribunt,
1339 4800 1388 4847 et
1431 4791 1791 4865 dispergentur
1835 4806 2008 4846 omnes
2057 4790 2149 4860 qui

552 4900 839 4965 operantur
858 4886 1206 4956 iniquitatem.
1235 4882 1520 4952 Quomodo
1545 4884 1589 4937 si
1618 4882 1792 4938 sancti
1815 4882 1976 4938 simul
1997 4888 2143 4948 sunt,

552 4982 852 5056 gratiosum
880 4989 963 5034 est
1000 4979 1116 5032 :sic
1148 4976 1194 5032 si
1225 4985 1539 5046 peccatores
1567 4975 1726 5030 simul
1754 4973 2147 5044 fuerint,qnasi

550 5076 792 5149 pessima
842 5070 1191 5144 congregatio
1236 5075 1319 5125 est
1345 5067 1499 5141 (Gen.
1544 5065 1718 5139 xvm).
1752 5068 1965 5136 Quanto
2002 5067 2147 5124 enim

551 5170 739 5241 plures
770 5166 934 5222 simul
965 5163 1186 5230 fuerint,
1214 5171 1365 5217 tanto
1392 5163 1609 5233 pejores
1634 5171 1783 5221 sunt.
1818 5162 2062 5234 Denique
2081 5176 2148 5217 eo

553 5274 805 5334 tempore
833 5274 946 5332 quo
977 5258 1141 5314 turris
1182 5256 1553 5313 aedificabatur
1586 5268 1774 5313 contra
1819 5256 2012 5323 Denm,
2036 5255 2147 5312 dis-

552 5350 1000 5427 pergebanturin
1047 5348 1336 5405 utilitatem
1368 5364 1544 5404 suam.
1591 5349 1905 5405 Consensus
1955 5363 2143 5406 eorum

547 5448 727 5505 malus
752 5446 850 5501 fuit
878 5463 892 5501 :
922 5444 1192 5515 dispersio
1231 5458 1365 5505 vero
1414 5444 1618 5515 profuit
1662 5445 1826 5502 etiam
1865 5445 1972 5501 illis
2014 5446 2145 5515 ipsis

546 5542 638 5611 qui
676 5540 905 5610 dispersi
945 5546 1093 5593 sunt.

616 5631 951 5687 Exaltabitur
989 5631 1121 5685 sicut
1172 5630 1432 5686 unicornis
1476 5647 1637 5686 cornu
1676 5647 1863 5688 meum.
1913 5633 2140 5703 Semper

543 5736 714 5778 conm
740 5722 793 5776 in
816 5735 987 5792 regno
1011 5720 1256 5791 ponitur.
1293 5722 1350 5779 In
1390 5732 1443 5781 te
1486 5722 1734 5781 inimicos
1765 5735 1985 5783 nostros
2006 5741 2135 5783 ven-

2256 4612 2431 4669 llabet
2459 4611 2703 4669 diabolus
2733 4614 2904 4669 olivas
2931 4627 3057 4669 snas
3085 4631 3097 4665 :
3126 4611 3289 4668 habet
3318 4611 3715 4682 philosophos:
3747 4609 3832 4666 ha-

2255 4702 2347 4759 bet
2374 4701 2659 4760 hzureticos
2692 4723 2702 4757 :
2732 4703 2935 4762 habent
2964 4713 3022 4760 et
3051 4703 3154 4775 ipsi
3185 4703 3389 4758 oleum.
3427 4701 3497 4758 Et
3528 4702 3633 4773 ipsi
3664 4702 3826 4757 lumen

2254 4795 2501 4851 scientiae
2527 4797 2887 4866 promittunt,
2922 4796 3015 4854 sed
3049 4796 3137 4853 illa
3164 4796 3362 4852 oliveta
3403 4796 3457 4851 in
3486 4794 3825 4868 perditionem

2253 4887 2566 4945 deducunt:
2596 4890 2789 4946 Oleum
2818 4901 2998 4948 autem
3047 4890 3353 4962 peccatoris
3407 4905 3516 4946 non
3549 4890 3825 4961 impinguet

2254 4993 2414 5054 caput
2442 4997 2618 5038 meum
2651 4982 2826 5053 (Psal.
2852 4976 3001 5054 cn).
3041 4982 3148 5039 Nos
3179 4998 3310 5055 ergo
3362 4998 3619 5055 rogemus
3662 4981 3822 5038 Domi-

2254 5090 2409 5141 num,
2452 5086 2511 5131 ut
2554 5085 2808 5133 senectus
2846 5087 3059 5141 nostra,
3108 5085 3162 5132 et
3205 5074 3385 5130 omnis
3432 5084 3619 5132 noster
3655 5073 3817 5141 labor,

2252 5177 2309 5225 et
2346 5183 2537 5225 omnes
2579 5169 2819 5227 tenebrae
2847 5178 3047 5226 nostra:
3070 5211 3086 5236 ,
3129 5169 3255 5226 oleo
3284 5166 3503 5223 Domini
3545 5166 3819 5223 illuminare

2252 5269 2361 5319 tur.
2421 5262 2720 5334 Diligenter
2766 5264 2992 5320 attendo
3065 5262 3119 5319 in
3180 5260 3517 5331 Seripturis,
3584 5261 3672 5315 ubi
3727 5258 3818 5331 pri-

2251 5371 2398 5411 mum
2430 5355 2657 5426 legerim
2698 5364 3055 5412 senectutem.
3103 5355 3273 5412 Adam
3302 5350 3592 5427 nongentis
3623 5353 3811 5429 triginta

2247 5449 2407 5503 annis
2428 5449 2593 5515 vixit,
2636 5457 2692 5506 et
2729 5458 2911 5506 tamen
2939 5464 3108 5507 senex
3137 5465 3243 5505 non
3272 5451 3473 5509 dicitur
3507 5472 3520 5507 :
3564 5454 3808 5510 Mathusa-

2246 5541 2354 5599 lem
2422 5543 2711 5615 nongentis
2756 5544 3035 5618 sexaginta
3093 5560 3288 5602 novem
3338 5547 3499 5604 annis
3563 5546 3716 5614 vixit,
3762 5554 3805 5602 et

2243 5652 2411 5694 senex
2479 5654 2585 5694 non
2638 5640 2859 5698 dicitur.
2920 5641 3092 5698 Venio
3164 5656 3334 5713 usque
3404 5642 3471 5698 ad
3539 5641 3800 5705 diluvium.

2241 5741 2296 5788 et
2353 5740 2475 5803 post
2497 5732 2762 5790 diluvium
2828 5750 2924 5806 per
2980 5724 3153 5792 annos
3214 5735 3385 5793 ferme
3453 5737 3553 5796 tria
3616 5737 3795 5805 millia,
