4016 6324
179 293 353 350 11Οὸ

1146 296 1571 357 ΒιιιεγιΑιιιιιΜ
1608 297 1675 355 ΙΝ
1717 295 2049 356 PSALMOS.
2090 299 2338 358 PSAIM.
2381 299 2562 356 XCIII.

3369 301 3507 358 “(36

174 420 245 465 et
321 411 531 465 nullum
593 410 813 466 invenio
875 411 965 483 qui
1044 412 1224 468 dictus
1281 423 1366 470 est
1431 429 1619 471 senex.
1680 415 2232 487 Pri-Aprarelegisti
2255 431 2349 473 cas
2379 426 2505 472 ante
2531 416 2973 474 constitutionem
3003 417 3215 486 mundi,
3244 429 3507 475 utessent

178 518 330 559 mus
378 504 653 560 Abraham
711 520 879 562 senex
939 507 1146 563 dicitur
1211 524 1227 563 :
1295 520 1348 565 et
1421 521 1573 565 certe
1633 509 1808 566 multo

180 596 443 653 minoris
495 598 676 653 aetatis
729 599 826 653 fuit
874 614 1034 671 quam
1086 599 1467 657 Mathusalem.
1530 601 1638 659 Sed
1685 616 1806 673 pro-

180 700 395 760 pterea
462 691 661 746 dicitur
718 706 927 757 senex,
998 695 1253 765 quoniam
1310 704 1565 752 senectus
1639 696 1807 766 ipsius

182 782 431 838 inuitata
484 782 585 837 fuit
611 784 733 839 oleo
764 782 936 839 uberi.
974 785 1223 857 Denique
1250 786 1514 859 scriptum
1564 799 1647 844 est
1679 787 1755 844 ibi
1791 808 1803 841 :

183 873 267 928 Et
336 866 587 931 mortuus
626 885 712 932 est
756 877 1059 945 Abraham,
1116 879 1353 935 nutritus
1405 881 1458 936 in
1525 890 1807 938 senectute

188 966 351 1021 bona
400 984 413 1019 :
463 968 679 1037 plenus,
728 969 931 1040 inquit,
991 970 1196 1026 dierum
1253 970 1408 1045 (Gen.
1454 972 1609 1043 xxv).
1669 972 1806 1027 Pro-

185 1068 394 1129 pterea
426 1060 480 1115 in
511 1071 795 1118 senectute
844 1061 985 1117 bona
1012 1109 1027 1132 ,
1058 1064 1313 1132 quoniam
1340 1064 1531 1134 plenus
1568 1064 1801 1121 dierum.

186 1155 386 1212 Omne
429 1157 572 1212 enim
628 1166 843 1228 tempus
889 1158 1014 1213 vitze
1046 1158 1245 1228 ipsius,
1277 1158 1395 1215 dies
1454 1158 1693 1228 fuerunt,
1752 1170 1809 1216 et

187 1264 316 1304 non
344 1265 473 1305 nox.
501 1249 613 1306 lloc
653 1250 833 1321 ipsum
862 1251 1007 1322 quod
1039 1251 1242 1308 dictum
1273 1260 1358 1308 est
1402 1252 1469 1309 de
1504 1251 1802 1320 Abraham,

184 1341 414 1398 dictum
445 1349 530 1398 est
548 1342 617 1399 de
641 1342 797 1400 Isaac
825 1352 881 1401 et
931 1344 1000 1400 de
1046 1343 1232 1403 Jacob.
1283 1346 1386 1415 Qui
1443 1347 1590 1403 enim
1640 1348 1804 1404 simul

186 1434 515 1489 servierunt
546 1434 807 1505 Domino,
841 1445 993 1493 recte
1030 1439 1194 1494 simul
1223 1455 1382 1496 senes
1411 1441 1623 1496 Domini
1657 1457 1802 1496 nun-

178 1539 497 1594 cupantur.
533 1526 602 1583 Ut
640 1528 821 1584 cedrus
847 1529 1035 1585 Libani
1078 1530 1509 1603 multiplicabitnr
1534 1550 1553 1588 :
1597 1534 1803 1604 lignum

191 1617 347 1674 bene
376 1619 551 1685 olens,
587 1621 788 1691 lignum
821 1622 966 1677 unde
995 1623 1176 1692 templi
1200 1632 1340 1679 tecta
1367 1632 1620 1680 contecta
1652 1633 1801 1680 sunt.

196 1707 273 1763 Ut
292 1711 487 1765 cedrus
509 1711 695 1767 Libani
720 1712 1151 1784 multiplicabitur
1171 1733 1191 1771 :
1217 1717 1417 1787 lignum
1448 1719 1798 1788 itnputribile.

1911 525 2081 581 genus
2130 511 2383 567 electum.
2414 509 2495 564 Et‘
2530 521 2652 567 tunc
2683 529 2714 567 η
2743 513 2933 568 stecnlo
2961 522 3017 567 tn
3065 529 3140 568 es.
3175 513 3239 569 Et
3262 523 3387 569 ante
3416 528 3505 569 re-

1912 602 2305 659 surrectionem
2338 603 2542 659 mundi.

1984 692 2323 750 Etevaverunt
2352 696 2596 766 ﬂrnnina,
2623 694 2847 752 Domine
2872 713 2891 752 :
2919 696 3248 755 etevaverunt
3277 699 3499 771 [Iuntina

1911 801 2079 840 vocem
2119 803 2288 841 suam.
2319 786 2565 857 Apostoli
2599 803 2870 859 :quorum
2921 788 3121 846 fluenta
3161 790 3507 862 prmdicatio—

1910 896 2081 944 num,
2140 879 2416 935 ariditates
2466 881 2708 953 gentium
2757 883 3140 954 irrigaverunt.
3206 886 3250 939 A
3299 885 3505 941 vocibus

1910 988 2161 1044 aquarum
2188 974 2491 1029 multarunt.
2527 975 2934 1030 Detrahentium
2966 977 3310 1047 pepulerum.

1982 1062 2254 1120 Mirabiles
2279 1064 2528 1120 elationes
2546 1067 2728 1119 maris.
2750 1064 2809 1122 In
2838 1068 3021 1123 saeculi
3041 1068 3199 1139 hujus
3225 1069 3503 1127 ﬂuctibus.

1911 1156 2172 1213 Mirabilis
2211 1159 2263 1212 in
2310 1159 2431 1213 altis
2487 1158 2760 1215 Dominus.
2814 1160 3097 1218 Gloriosus
3155 1162 3402 1220 residens
3435 1164 3505 1221 ad

1908 1248 2190 1305 dexteram
2226 1248 2424 1305 Patris.

1984 1340 2300 1398 Testimonia
2320 1353 2430 1409 tua,
2456 1340 2701 1410 Domine,
2730 1345 2995 1401 credibilia
3017 1349 3160 1419 facta
3180 1359 3300 1404 sunt
3328 1351 3502 1405 nimis.

1909 1436 2012 1492 Per
2057 1436 2336 1507 apostolos
2386 1447 2527 1492 tuos.
2560 1421 2790 1492 Domum
2833 1449 2973 1494 tuam
3015 1442 3159 1498 decet
3189 1445 3503 1512 sanctitudo,

1908 1529 2153 1595 Domine,
2184 1534 2236 1583 in
2250 1528 2574 1603 longitudine
2596 1528 2819 1585 dierum.
2839 1530 3141 1589 Ecclesiam
3169 1543 3315 1590 tuam
3343 1550 3507 1606 quam

1908 1622 2200 1678 exhibuisti
2234 1621 2329 1677 tibi
2361 1638 2467 1677 non
2500 1621 2793 1680 habentem
2826 1625 3092 1680 maculam
3119 1636 3214 1681 aut
3239 1643 3424 1698 rugam
3448 1630 3501 1682 in

1908 1733 2011 1787 qua
2060 1731 2159 1773 nos
2211 1716 2450 1787 digneris
2480 1716 2713 1773 mundos
2759 1733 2823 1774 ac
2866 1718 3183 1787 splendidos
3228 1721 3507 1778 custodire

271 1802 517 1859 Plantati
540 1808 593 1859 in
614 1806 770 1860 domo
794 1806 1034 1862 Domini:
1063 1811 1118 1865 in
1164 1811 1316 1865 atriis
1331 1810 1430 1866 Dei
1460 1815 1625 1868 nostri
1644 1817 1798 1886 [lore-

1934 1807 2125 1881 Ephes.
2184 1807 2273 1880 v);
2342 1823 2443 1865 nec
2484 1811 2731 1880 polluere
2783 1811 3037 1883 baptismi
3087 1815 3354 1885 gratiam,
3408 1831 3507 1886 per

191 1893 353 1947 bunt.
388 1895 528 1949 Alibi
557 1895 888 1967 plantamur,
921 1900 973 1955 in
997 1903 1441 1973 regnocaalorum
1456 1903 1794 1964 ﬂorebimus.

193 1984 322 2058 Ego
367 1998 500 2045 vero
541 1990 811 2060 plantavi:
862 1992 1094 2064 Appollo
1142 1997 1374 2067 rigavit,
1408 2000 1504 2055 sed
1534 2000 1801 2057 Dominus

193 2078 604 2137 incrementum
646 2082 797 2140 dedit
852 2085 900 2158 (l
927 2086 1049 2145 Cor.
1086 2091 1190 2159 tn).
1224 2088 1504 2146 Plantatus
1539 2091 1596 2147 in
1635 2092 1801 2148 domo

194 2169 452 2238 Domini,
506 2172 611 2231 hoc
654 2185 774 2240 est,
828 2178 879 2232 in
914 2177 1154 2236 Ecclesia
1188 2201 1203 2237 :
1238 2197 1346 2238 non
1388 2182 1593 2249 muris,
1624 2185 1718 2240 sed
1746 2186 1801 2241 in

195 2263 567 2335 dogmatibus.
627 2268 868 2341 Regnum
896 2274 1040 2328 enim
1075 2274 1204 2343 Dei,
1254 2277 1461 2349 inquit,
1505 2278 1649 2335 intra
1701 2294 1801 2335 vos

196 2370 284 2413 est
314 2359 472 2431 (Luc.
491 2362 651 2433 χιιι).
677 2364 1014 2438 Quicumque
1044 2369 1313 2438 plantatus
1338 2370 1500 2427 fuerit
1547 2372 1599 2427 in
1640 2372 1802 2427 domo

178 2453 454 2525 .Domini,
508 2457 554 2512 si
612 2459 698 2514 hic
749 2459 960 2516 radices
1009 2463 1240 2533 miserit,
1289 2466 1362 2521 ibi
1406 2466 1568 2523 liores
1620 2467 1798 2524 atiert.

200 2545 442 2603 Plantati
474 2551 527 2604 in
573 2551 727 2608 domo
765 2551 976 2608 Domini
1007 2571 1027 2610 :
1054 2555 1107 2610 in
1147 2558 1298 2612 atriis
1326 2557 1426 2614 Dei
1457 2561 1621 2614 nostri
1648 2562 1805 2630 ﬂore—

196 2641 346 2697 bunt.
399 2642 501 2697 Ista
541 2653 665 2699 sunt
703 2653 905 2702 aeterna
950 2648 1317 2707 tabernacula.
1359 2652 1490 2720 Qua:
1535 2663 1662 2707 sunt
1701 2656 1800 2708 ista

194 2733 379 2788 atria?
399 2734 638 2791 Diversa:
660 2737 715 2792 in
745 2738 890 2795 coelo
913 2740 1241 2797 mansiones.
1267 2742 1439 2798 Simul
1474 2744 1654 2801 videte
1674 2747 1803 2818 quid

195 2831 346 2887 dicat
378 2850 392 2888 :
438 2831 672 2889 Plantati
695 2836 749 2890 in
781 2836 936 2891 domo
965 2836 1180 2893 Domini
1207 2854 1228 2893 :
1254 2840 1309 2893 in
1334 2841 1484 2894 atriis
1513 2841 1610 2896 Dei
1636 2843 1803 2897 nostri

196 2924 480 2996 ﬂorebunt.
506 2925 604 2982 Hic
617 2927 810 2983 domus
822 2937 943 2985 est:
968 2929 1042 2985 ibi
1064 2932 1261 2987 atrium
1285 2942 1387 2988 est.
1408 2933 1804 3005 Debuitutiqne

196 3019 441 3090 primum
473 3019 659 3076 dicere
705 3023 1004 3079 secundum
1035 3024 1317 3093 ordinem,
1350 3027 1551 3083 atrium
1585 3047 1596 3081 :
1634 3039 1688 3085 et
1724 3031 1806 3087 sic

200 3113 444 3168 domum.
474 3112 580 3170 Sed
613 3115 791 3172 videte
812 3116 938 3188 quid
962 3118 1130 3174 dicat.
1160 3119 1259 3176 Hic
1280 3122 1407 3177 licet
1437 3123 1722 3180 videamur
1747 3126 1800 3180 in

200 3204 371 3260 domo
396 3219 518 3261 esse
554 3225 565 3259 :
607 3221 731 3263 cum
765 3208 1186 3280 migraret-imus
1215 3213 1281 3269 ad
1314 3230 1476 3286 regna
1508 3218 1795 3286 ctelorum,
1827 3189 1874 3252 c

200 3295 269 3350 ad
300 3299 762 3367 comparationem
807 3302 1152 3371 angelorum,
1202 3312 1256 3361 et
1283 3307 1543 3363 virtutum
1573 3318 1801 3365 caetera-

201 3404 350 3456 rum,
382 3406 488 3445 non
534 3406 724 3448 sumus
753 3393 806 3448 in
852 3394 1043 3462 domo,
1076 3398 1172 3453 sed
1216 3398 1266 3454 in
1295 3400 1435 3453 atrio
1464 3414 1653 3455 sumus
1680 3419 1691 3453 :
1742 3401 1797 3456 in

200 3481 357 3538 initio
385 3496 573 3538 sumus
600 3528 615 3553 ,
650 3500 756 3541 non
780 3487 832 3541 in
878 3487 1231 3557 perfectione.
1266 3489 1382 3544 Non
1416 3490 1560 3546 enim
1590 3491 1797 3547 erimus

200 3574 411 3645 angeli,
444 3575 539 3630 sed
562 3579 714 3648 quasi
742 3579 918 3649 angeli
950 3578 1130 3649 (Matt.
1162 3579 1319 3651 xm).
1355 3576 1471 3636 Non
1512 3582 1609 3636 tibi
1640 3583 1793 3653 quasi

202 3682 389 3739 parum
414 3667 665 3723 videatur
689 3670 854 3727 homo
874 3713 890 3737 ,
913 3672 957 3726 si
979 3672 1120 3727 sicut
1139 3672 1364 3745 angelus
1395 3672 1585 3729 fueris.

276 3758 458 3814 Adhuc
486 3760 977 3832 multiplicabuntur
1002 3766 1057 3819 in
1076 3777 1280 3821 senecta
1312 3766 1478 3821 uberi.
1508 3766 1666 3824 Felix
1702 3766 1796 3821 ille

201 3851 292 3922 qui
320 3853 515 3908 crescit
559 3853 837 3923 quotidie,
873 3857 965 3927 qui
989 3858 1224 3913 senescit
1255 3867 1438 3924 aetate.
1468 3859 1702 3914 senescit
1740 3869 1796 3914 et

201 3945 518 4001 virtutibus.
552 3947 683 4003 Ilaec
720 3948 942 4004 interim
992 3951 1061 4007 de
1107 3951 1372 4008 Psalterio
1396 3951 1634 4007 diximus
1669 3971 1678 4004 :
1712 3952 1792 4008 lo-

199 4042 310 4093 cutl
334 4053 519 4092 sumus
548 4047 605 4093 et
631 4038 701 4094 de
731 4040 1029 4110 Evangelia
1062 4057 1230 4112 pauca
1255 4086 1269 4109 ,
1301 4043 1540 4099 diximus
1571 4059 1788 4115 quoquc

204 4138 261 4185 et
287 4130 354 4183 de
391 4129 675 4199 Apostolo.
705 4130 938 4187 Oremus
984 4134 1269 4190 Dominum
1292 4178 1306 4202 ,
1355 4145 1414 4190 ut
1443 4151 1602 4191 omne
1649 4135 1792 4205 quod

202 4221 438 4277 diximus
480 4235 609 4285 nos,
642 4232 695 4278 et
733 4239 854 4294 qua:
889 4225 1139 4292 audistis,
1193 4242 1358 4297 opere
1399 4228 1791 4299 compleanms,

201 4323 257 4369 et
278 4312 437 4367 verba
461 4322 737 4369 vertamus
756 4315 813 4369 in
843 4329 1003 4385 opera
1033 4335 1044 4369 :
1072 4320 1228 4388 utqui
1254 4319 1339 4374 hic
1360 4321 1587 4391 plantuti
1603 4336 1793 4377 sumus

205 4409 259 4463 in
298 4405 457 4461 domo
502 4406 737 4474 Domini,
772 4410 827 4465 in
856 4410 995 4465 atrio
1017 4409 1217 4468 ChriSti
1243 4413 1531 4470 floreamus
1569 4416 1690 4471 :cui
1720 4404 1793 4474 ait

203 4500 364 4572 gloria
388 4501 438 4556 in
466 4502 664 4558 saecula
694 4504 1041 4559 surculorum.
1076 4508 1267 4561 Amen.

727 4618 1048 4676 PSALMUS
1090 4617 1253 4674 XCII.

207 4706 339 4786 Laus
365 4709 549 4786 cantici
582 4708 682 4780 ipsi
711 4708 881 4786 David
911 4711 964 4765 in
996 4711 1080 4765 die
1101 4720 1225 4786 ante
1252 4711 1554 4781 sabbatum,
1580 4718 1789 4786 quando

275 4778 488 4849 fundata
523 4778 611 4834 est
656 4793 809 4836 terra.
858 4783 965 4838 Iste
1000 4782 1241 4849 psalmus
1301 4797 1490 4840 vocem
1540 4778 1794 4845 continet

275 4849 569 4927 prophetae,
602 4852 855 4909 virtutem
883 4861 1046 4924 atque
1076 4853 1525 4927 magnificentiam
1580 4858 1793 4916 Domini

273 4919 621 4978 decantantis.

277 5037 521 5094 Dominus
544 5040 795 5112 regnavit,
825 5040 1062 5098 decorem
1089 5044 1281 5100 induit.
1313 5043 1450 5101 Cum
1486 5060 1779 5118 resurgens

209 5147 235 5188 a
265 5134 503 5200 mortuis,
529 5142 843 5189 sanctorum
872 5133 973 5190 sibi
1002 5135 1231 5192 chorum
1259 5137 1515 5207 adiunxit
1548 5154 1562 5197 :
1598 5137 1782 5194 Induit

210 5224 449 5280 Dominus
496 5225 873 5296 fortitudinem.
915 5226 1050 5294 Quia
1080 5227 1359 5284 diabolum
1391 5231 1684 5301 oppressit.
1718 5227 1788 5284 Et

209 5320 464 5390 prtecinxit
500 5334 554 5373 se
617 5319 821 5373 virtute.
878 5319 1106 5386 Quando
1157 5320 1500 5376 multitudine
1547 5321 1786 5392 angelica

213 5410 587 5476 circumdatus,
620 5409 885 5466 remeavit
910 5410 978 5465 ad
1007 5411 1246 5466 Patrem.

273 5502 469 5560 Etenim
490 5503 714 5572 ﬁrmavit
735 5503 908 5558 orbem
932 5512 1101 5571 term,
1120 5503 1209 5574 qui
1237 5519 1341 5557 non
1365 5505 1789 5561 commovebitur.

212 5594 464 5653 Instabilis
490 5593 654 5660 enim,
687 5604 741 5650 et
770 5592 984 5649 mobilis
1021 5601 1168 5650 esset
1195 5592 1371 5650 adhuc
1396 5594 1499 5650 nisi
1528 5608 1626 5651 sua
1655 5593 1787 5651 fuis-

214 5694 288 5748 set
305 5675 698 5744 resurrectione
727 5686 992 5744 ﬁrmatus.

276 5778 467 5836 Parata
519 5777 667 5837 sedes
695 5784 803 5835 tua.
830 5780 889 5837 In
917 5778 1206 5837 animabus
1232 5779 1479 5837 sanctis..
1512 5779 1593 5839 Tu
1653 5780 1799 5838 enim

1905 1900 2049 1973 quod
2082 1901 2134 1956 in
2161 1908 2214 1957 te
2234 1903 2406 1957 renati
2436 1918 2627 1959 sumus
2647 1904 2711 1959 ad
2740 1904 2906 1959 vitam
2938 1922 2952 1960 :
2987 1907 3111 1977 quia
3138 1906 3234 1962 tibi
3262 1917 3346 1963 est
3375 1923 3503 1964 cum

1906 2002 2112 2050 mterno
2148 1992 2311 2050 Patre
2349 2002 2405 2050 et
2441 1993 2646 2065 Spiritu
2690 2006 2904 2067 sancto,
2937 1998 3113 2054 honor
3155 2009 3209 2056 et
3238 2000 3414 2072 gloria
3443 2000 3500 2059 in

1905 2085 2102 2141 sarcula
2134 2086 2479 2144 sreculorum.
2504 2088 2698 2144 Amen.

2460 2202 2778 2262 PSALMUS
2804 2204 2986 2261 XCIII.

1910 2313 2158 2392 Paulinus
2210 2317 2375 2371 David
2422 2330 2612 2388 quarta
2668 2318 2884 2392 sabbati.
2926 2321 3176 2392 ,Semper
3220 2322 3290 2378 de
3346 2325 3500 2380 titulo

1979 2388 2349 2464 disputamus,
2402 2399 2457 2464 ut
2489 2407 2555 2446 ex
2591 2391 2744 2446 titulo
2776 2388 3105 2464 intelligatur
3148 2402 3205 2448 et
3241 2393 3499 2464 psalmus.

1981 2460 2229 2516 Psalmns
2277 2458 2452 2517 David
2500 2474 2687 2533 quarta
2739 2458 2977 2519 sabbati:
3017 2458 3504 2533 Quarta'sabbati,

1981 2533 2034 2587 in
2065 2534 2246 2589 medio
2277 2535 2491 2589 sabbati
2521 2544 2605 2588 cst
2635 2552 2647 2589 :
2677 2534 2831 2604 quasi
2861 2537 2913 2588 in
2938 2535 3105 2591 corde
3134 2535 3372 2603 sabbati,
3396 2537 3503 2593 hoc

1980 2612 2089 2671 est,
2120 2606 2172 2659 in
2199 2606 2378 2662 medio
2420 2605 2800 2677 hebdomadis.
2846 2606 2972 2662 Dies
2999 2607 3145 2668 enim
3171 2618 3361 2677 quarta
3393 2619 3501 2676 est,

1980 2687 2034 2748 et
2061 2687 2257 2747 quarta
2303 2677 2420 2732 dies
2456 2676 2622 2732 habet
2658 2691 2723 2731 es
2779 2689 3008 2747 utroque
3054 2676 3222 2733 latere
3260 2681 3505 2748 aequales

1981 2747 2117 2802 dies.
2168 2748 2343 2819 Habet
2393 2748 2540 2803 enim
2578 2764 2644 2804 ex
2688 2762 2795 2803 uno
2838 2748 3010 2804 latere
3056 2749 3199 2805 diem
3238 2747 3498 2819 primum,

1979 2818 2296 2885 secundum,
2345 2822 2560 2874 tertium
2595 2837 2608 2873 :
2641 2830 2698 2875 et
2723 2833 2788 2874 ex
2816 2819 2923 2874 alio
2955 2820 3123 2876 latere
3164 2818 3326 2875 habet
3352 2821 3496 2877 diem

1980 2890 2253 2964 quintum,
2303 2899 2541 2959 sextum,
2578 2891 2892 2964 septimum.
2936 2889 3144 2946 Videtis
3180 2891 3340 2962 igitur
3365 2908 3501 2964 quu-

1980 2964 2125 3015 niam
2174 2960 2291 3015 dies
2322 2974 2535 3032 quarta,
2593 2960 2695 3017 hoc
2750 2968 2853 3024 est,
2905 2972 3096 3031 quarta
3145 2960 3353 3017 sabbati
3371 2960 3399 3027 ,’
3430 2980 3499 3019 ex

1984 3041 2218 3101 utroque
2269 3032 2438 3087 latere
2467 3032 2669 3102 duplici
2702 3033 2946 3087 trinitate
2998 3035 3257 3088 firmatur.
3292 3034 3495 3093 Simul—

1982 3117 2089 3171 que
2134 3103 2586 3174 considerandurn
2614 3121 2626 3158 :
2654 3102 2780 3174 quia
2821 3110 3046 3173 quartus
3077 3119 3358 3169 numerus,
3389 3106 3501 3159 vir-

1984 3181 2098 3227 tute
2121 3174 2361 3230 decimus
2390 3183 2497 3230 est.
2525 3173 2845 3243 Quomodo?
2870 3175 2914 3230 si
2938 3176 3084 3229 enim
3102 3184 3404 3244 computes,
3438 3187 3495 3231 et

1980 3244 2230 3301 ordinem
2272 3246 2438 3300 facias
2472 3261 2704 3310 :unum,
2732 3245 2862 3310 duo,
2901 3258 3031 3308 tres.
3062 3254 3317 3314 quatuor,
3351 3245 3501 3301 deci-

1980 3330 2103 3372 mus
2142 3331 2402 3371 numerus
2456 3316 2715 3372 efficitur.
2761 3315 2988 3372 Vidistis
3031 3315 3193 3387 igitur
3241 3318 3499 3387 quoniam

1979 3397 2205 3457 quartus
2246 3402 2504 3442 numerus
2552 3388 2722 3443 efllcit
2748 3387 3042 3448 decimum,
3070 3398 3125 3443 et
3154 3387 3498 3443 considerate

1978 3472 2042 3512 es
2067 3457 2171 3514 hoc
2194 3474 2208 3512 :
2237 3460 2365 3529 quia
2392 3466 2628 3529 quatuor
2661 3460 2953 3529 Evangelia
2981 3458 3033 3512 in
3056 3457 3319 3528 decalugo
3343 3474 3498 3513 cum-

1975 3538 2246 3597 putantur,
2274 3599 2277 3600 ν
2302 3539 2360 3583 ιιι
2389 3528 2771 3600 quodcumque
2819 3528 3100 3585 dicebatur
3130 3530 3181 3583 in
3229 3530 3494 3600 decalogo

1976 3602 2080 3654 hoc
2106 3599 2442 3669 compleatur
2468 3601 2524 3656 in
2548 3607 2781 3669 quatuor
2808 3600 3135 3668 Evangeliis,
3158 3607 3222 3655 ut
3250 3616 3356 3655 non
3385 3599 3499 3656 dis-

1971 3672 2169 3742 sentiat
2195 3671 2279 3725 lex
2309 3679 2466 3725 vetus
2490 3671 2559 3725 ab
2579 3670 2890 3740 evangelica
2913 3671 3192 3742 dignitate.
3217 3670 3331 3725 Hoc
3350 3671 3496 3726 inte-

1973 3741 2074 3796 rim
2097 3742 2338 3797 diximus
2358 3742 2425 3797 de
2441 3743 2614 3811 titulo,
2647 3757 2788 3797 nunc
2810 3740 3085 3796 veniamus
3107 3740 3176 3797 ad
3204 3744 3495 3812 psalmum.

1886 3860 1891 3863 -
1971 3834 2110 3889 Dens
2157 3832 2412 3891 ultionum
2465 3834 2764 3902 Dominus,
2811 3832 2953 3888 Deus
3021 3832 3281 3890 ultionum
3335 3834 3496 3890 libere

1898 3927 2019 3998 egit.
2066 3925 2167 3994 Qui
2198 3936 2351 3982 tanto
2398 3938 2646 3998 tempore
2676 3926 2849 3993 latuit,
2887 3936 2940 3981 et
2970 3923 3404 3997 non'apparebat
3436 3928 3494 3984 in

1898 4020 2098 4090 populo
2123 4037 2137 4074 :
2159 4028 2341 4089 postea
2370 4020 2542 4075 libere
2572 4018 2701 4090 egit.
2733 4019 2869 4088 Quia
2915 4028 3078 4075 antea
3107 4012 3496 4089 ignorabatur,

1895 4121 2084 4185 postea
2116 4113 2466 4184 triumphavit
2499 4114 2554 4169 in
2588 4128 2771 4169 cruce.
2809 4110 2953 4168 Deus
2994 4113 3253 4167 ultionum
3300 4111 3493 4168 Domi-

1895 4220 2011 4259 nus.
2056 4202 2115 4261 Si
2156 4204 2298 4260 Deus
2343 4205 2608 4277 ultionem
2661 4203 2929 4260 Dominus
2988 4213 3110 4273 est,
3166 4203 3298 4260 mihi
3364 4206 3495 4260 vin-

1894 4296 2092 4353 dictam
2143 4280 2211 4354 et'
2243 4313 2345 4369 ego
2374 4298 2701 4364 retribuam,
2748 4298 2880 4353 dicit
2909 4298 3194 4365 Dominus,
3245 4297 3375 4369 quid
3437 4307 3493 4355 te

1893 4391 2046 4462 cupis
2073 4390 2367 4459 vindicare,
2402 4390 2605 4447 homo?
2636 4391 2818 4448 [Iabes
2850 4391 3086 4448 ultorem
3129 4390 3324 4447 Deum.
3352 4391 3493 4447 Dicit

1898 4482 2003 4539 hoc
2050 4494 2105 4539 et
2137 4486 2427 4554 Apostolus
2455 4502 2469 4538 :
2493 4483 2551 4540 Si
2597 4485 2856 4540 esurierit
2896 4484 3151 4540 inimicus
3192 4493 3338 4553 tuus,
3371 4485 3495 4542 ciba

1818 4568 2071 4633 Dillum.
2105 4579 2162 4633 Si
2206 4578 2342 4644 sitit,
2395 4577 2462 4632 da
2493 4576 2572 4632 illi
2616 4584 2825 4647 potum.
2879 4576 3007 4632 llzec.
3058 4577 3204 4632 enim
3257 4577 3490 4643 faciens,

1894 4667 2157 4726 carbones
2201 4669 2337 4740 ignis
2366 4668 2723 4739 congregabis
2751 4682 2915 4738 super
2943 4677 3105 4739 caput
3143 4667 3263 4737 ejus
3303 4666 3486 4739 (Deut.

1896 4777 2074 4828 xxxn;
2098 4761 2248 4815 Rom.
2284 4756 2407 4830 sn).
2442 4759 2555 4815 Hoc
2584 4775 2690 4814 non
2723 4759 2938 4833 videtur
2967 4759 3184 4828 pietatis
3211 4770 3364 4825 esse,
3395 4759 3495 4815 sed

1894 4852 2251 4908 crudelitatis.
2276 4852 2331 4907 Si
2360 4851 2502 4906 enim
2532 4852 2673 4907 bene
2702 4850 2778 4906 illi
2801 4850 2961 4917 facio,
2990 4859 3050 4904 ut
3076 4848 3155 4904 illi
3184 4849 3493 4906 malefaciat

1901 4946 2046 5001 Deus
2079 4960 2094 5001 :
2129 4958 2239 4999 non
2281 4944 2429 4999 venit
2460 4945 2564 4999 hoc
2590 4942 2659 4998 de
2691 4942 2912 5013 pietate,
2941 4939 3040 4996 sed
3074 4940 3144 4995 de
3164 4938 3492 4997 crudelitate

1904 5037 2125 5092 mentis.
2151 5035 2305 5103 Quod
2335 5036 2478 5093 enim
2502 5034 2634 5092 dicit
2658 5033 2952 5105 Apostolus
2979 5049 2995 5086 :
3027 5031 3082 5088 Si
3110 5031 3364 5087 esurierit
3387 5031 3492 5088 ini-

1897 5132 2073 5185 micus
2094 5138 2237 5194 tuus,
2269 5129 2387 5186 ciba
2418 5128 2573 5184 illum
2601 5144 2617 5182 :
2649 5128 2694 5183 si
2726 5126 2867 5193 sitit,
2898 5124 2966 5180 da
2992 5124 3070 5180 illi
3095 5132 3279 5194 potum
3311 5138 3328 5178 :
3355 5123 3491 5178 huc-

1899 5237 2070 5294 usque
2105 5222 2319 5279 videtur
2357 5222 2751 5278 misericordia.
2788 5220 2901 5276 Hoc
2928 5233 3061 5275 vero
3098 5216 3248 5289 quod
3281 5216 3490 5276 infert:

1899 5315 2027 5372 Haec
2056 5316 2202 5370 enim
2226 5314 2453 5383 faciens,
2481 5312 2757 5369 carbones
2785 5311 2923 5382 ignis
2944 5307 3300 5381 congregabis
3324 5322 3495 5379 super

1900 5415 2068 5478 caput
2106 5406 2245 5477 ejus.
2278 5405 2490 5461 Videtis
2514 5404 2660 5461 enim
2705 5410 2994 5476 propterea
3026 5415 3220 5473 panem
3246 5400 3400 5466 dare,
3436 5410 3495 5458 et

1900 5514 2097 5574 aquam
2120 5500 2255 5556 dare
2278 5499 2485 5566 bibere,
2512 5507 2573 5554 ut
2598 5497 2694 5554 illc
2721 5498 2773 5553 in
2803 5494 3022 5552 saiculis
3050 5505 3387 5567 torqueatur.
3421 5496 3493 5552 Et

1899 5595 2008 5653 hoc
2053 5595 2188 5652 dicit
2223 5592 2548 5666 Apostolus,
2606 5600 2661 5648 et
2722 5580 3114 5647 misericordiae
3166 5589 3494 5661 praedicator

1899 5688 2276 5746 crudelitatem
2317 5684 2521 5742 docet?
2566 5683 2682 5740 Non
2730 5683 2893 5756 igitur
2936 5683 3015 5739 sic
3072 5681 3485 5765 accipiendum,

1911 5781 2007 5839 sed
2037 5779 2147 5838 alio
2172 5792 2355 5837 sensu.
2394 5777 2453 5837 Si
2486 5785 2538 5835 te
2569 5778 2800 5849 percutit
2825 5775 3073 5833 inimicus
3092 5815 3107 5846 ,
3143 5766 3204 5833 tu
3232 5776 3280 5835 ei
3315 5768 3499 5849 praebe
