  <div class='ocr_page' id='page_1' title='image "/cluster/home/n/w/nwhite01/storage/ocr_20150623/26/uva.x000826568/561.png"; bbox 0 0 4016 6344; ppageno 0'>
   <div class='ocr_carea' id='block_1_1' title="bbox 510 270 2997 333">
    <p class='ocr_par' dir='ltr' id='par_1_1' title="bbox 510 270 2997 333">
     <span class='ocr_line' id='line_1_1' title="bbox 510 270 2997 333; baseline -0.001 -3"><span class='ocrx_word' id='word_1_1' title='bbox 510 277 647 331; x_wconf 57' lang='lat' dir='ltr'><strong>illi?</strong></span> <span class='ocrx_word' id='word_1_2' title='bbox 1306 270 1651 328; x_wconf 66' lang='lat' dir='ltr'><strong>APPE&#39;NDIX</strong></span> <span class='ocrx_word' id='word_1_3' title='bbox 1692 272 1784 327; x_wconf 72' lang='lat' dir='ltr'><strong>Al)</strong></span> <span class='ocrx_word' id='word_1_4' title='bbox 1823 270 2066 331; x_wconf 71' lang='lat' dir='ltr'><strong>TOMUM</strong></span> <span class='ocrx_word' id='word_1_5' title='bbox 2103 272 2452 333; x_wconf 69' lang='lat' dir='ltr'><strong>SEPTIMUM</strong></span> <span class='ocrx_word' id='word_1_6' title='bbox 2491 272 2550 328; x_wconf 88' lang='lat' dir='ltr'><strong>S.</strong></span> <span class='ocrx_word' id='word_1_7' title='bbox 2596 272 2997 328; x_wconf 62' lang='lat' dir='ltr'><strong>llll&#39;leONYMl.</strong></span> 
     </span>
    </p>
   </div>
   <div class='ocr_carea' id='block_1_2' title="bbox 510 383 3862 460">
    <p class='ocr_par' dir='ltr' id='par_1_2' title="bbox 510 383 3862 460">
     <span class='ocr_line' id='line_1_2' title="bbox 510 383 3862 460; baseline 0 -17"><span class='ocrx_word' id='word_1_8' title='bbox 510 402 565 444; x_wconf 75' lang='lat' dir='ltr'><strong>et</strong></span> <span class='ocrx_word' id='word_1_9' title='bbox 594 392 819 447; x_wconf 86' lang='lat' dir='ltr'><strong>alteram</strong></span> <span class='ocrx_word' id='word_1_10' title='bbox 852 390 1126 447; x_wconf 59' lang='lat' dir='ltr'><strong>maxillam</strong></span> <span class='ocrx_word' id='word_1_11' title='bbox 1157 385 1387 456; x_wconf 83' lang='lat' dir='ltr'><strong>(Matth.</strong></span> <span class='ocrx_word' id='word_1_12' title='bbox 1416 402 1444 439; x_wconf 95' lang='lat' dir='ltr'><strong>v</strong></span> <span class='ocrx_word' id='word_1_13' title='bbox 1467 383 1509 456; x_wconf 94' lang='lat'><strong>).</strong></span> <span class='ocrx_word' id='word_1_14' title='bbox 1543 384 1599 440; x_wconf 88' lang='lat' dir='ltr'><strong>Si</strong></span> <span class='ocrx_word' id='word_1_15' title='bbox 1632 384 1726 441; x_wconf 81' lang='lat' dir='ltr'><strong>lilii</strong></span> <span class='ocrx_word' id='word_1_16' title='bbox 1766 383 1860 440; x_wconf 87' lang='lat' dir='ltr'><strong>illo</strong></span> <span class='ocrx_word' id='word_1_17' title='bbox 1886 385 2107 443; x_wconf 83' lang='lat' dir='ltr'><strong>malefa-</strong></span> <span class='ocrx_word' id='word_1_18' title='bbox 2133 389 2189 451; x_wconf 72' lang='grc' dir='ltr'><strong>Α</strong></span> <span class='ocrx_word' id='word_1_19' title='bbox 2211 396 2301 440; x_wconf 82' lang='lat' dir='ltr'><strong>aut</strong></span> <span class='ocrx_word' id='word_1_20' title='bbox 2321 386 2410 455; x_wconf 90' lang='lat' dir='ltr'><strong>qui</strong></span> <span class='ocrx_word' id='word_1_21' title='bbox 2436 386 2589 456; x_wconf 70' lang='lat' dir='ltr'><strong>[uixit</strong></span> <span class='ocrx_word' id='word_1_22' title='bbox 2620 386 2858 450; x_wconf 85' lang='lat' dir='ltr'><strong>oculum,</strong></span> <span class='ocrx_word' id='word_1_23' title='bbox 2888 403 2991 440; x_wconf 89' lang='lat' dir='ltr'><strong>non</strong></span> <span class='ocrx_word' id='word_1_24' title='bbox 3020 384 3458 457; x_wconf 72' lang='lat' dir='ltr'><strong>considerattoui</strong></span> <span class='ocrx_word' id='word_1_25' title='bbox 3486 388 3704 460; x_wconf 71' lang='lat' dir='ltr'><strong>ligulus</strong></span> <span class='ocrx_word' id='word_1_26' title='bbox 3729 398 3862 457; x_wconf 80' lang='lat' dir='ltr'><strong>est,</strong></span> 
     </span>
    </p>
   </div>
   <div class='ocr_carea' id='block_1_3' title="bbox 511 474 3862 553">
    <p class='ocr_par' dir='ltr' id='par_1_3' title="bbox 511 474 3862 553">
     <span class='ocr_line' id='line_1_3' title="bbox 511 474 3862 553; baseline 0.001 -17"><span class='ocrx_word' id='word_1_27' title='bbox 511 486 617 552; x_wconf 88' lang='lat' dir='ltr'><strong>cit,</strong></span> <span class='ocrx_word' id='word_1_28' title='bbox 665 491 718 537; x_wconf 89' lang='grc' dir='ltr'><strong>ιιι</strong></span> <span class='ocrx_word' id='word_1_29' title='bbox 747 483 820 538; x_wconf 86' lang='lat' dir='ltr'><strong>illi</strong></span> <span class='ocrx_word' id='word_1_30' title='bbox 849 480 933 536; x_wconf 82' lang='lat' dir='ltr'><strong>fac</strong></span> <span class='ocrx_word' id='word_1_31' title='bbox 966 483 1121 535; x_wconf 75' lang='lat' dir='ltr'><strong>bene.</strong></span> <span class='ocrx_word' id='word_1_32' title='bbox 1159 476 1215 534; x_wconf 90' lang='lat' dir='ltr'><strong>Si</strong></span> <span class='ocrx_word' id='word_1_33' title='bbox 1251 477 1397 531; x_wconf 90' lang='lat' dir='ltr'><strong>enim</strong></span> <span class='ocrx_word' id='word_1_34' title='bbox 1436 475 1538 532; x_wconf 87' lang='lat' dir='ltr'><strong>hoc</strong></span> <span class='ocrx_word' id='word_1_35' title='bbox 1570 474 1797 547; x_wconf 75' lang='lat' dir='ltr'><strong>feceris,</strong></span> <span class='ocrx_word' id='word_1_36' title='bbox 1839 477 2108 532; x_wconf 96' lang='lat' dir='ltr'><strong>carbones</strong></span> <span class='ocrx_word' id='word_1_37' title='bbox 2212 477 2423 546; x_wconf 85' lang='lat' dir='ltr'><strong>ignorat</strong></span> <span class='ocrx_word' id='word_1_38' title='bbox 2451 490 2543 532; x_wconf 85' lang='lat' dir='ltr'><strong>vas</strong></span> <span class='ocrx_word' id='word_1_39' title='bbox 2572 477 2765 531; x_wconf 82' lang='lat' dir='ltr'><strong>suum?</strong></span> <span class='ocrx_word' id='word_1_40' title='bbox 2793 476 2897 544; x_wconf 81' lang='lat' dir='ltr'><strong>Qui</strong></span> <span class='ocrx_word' id='word_1_41' title='bbox 2938 477 3101 532; x_wconf 90' lang='lat' dir='ltr'><strong>alium</strong></span> <span class='ocrx_word' id='word_1_42' title='bbox 3131 477 3255 533; x_wconf 86' lang='lat' dir='ltr'><strong>l‘acit</strong></span> <span class='ocrx_word' id='word_1_43' title='bbox 3286 480 3501 547; x_wconf 83' lang='lat' dir='ltr'><strong>audire,</strong></span> <span class='ocrx_word' id='word_1_44' title='bbox 3534 495 3682 553; x_wconf 81' lang='lat' dir='ltr'><strong>ergo</strong></span> <span class='ocrx_word' id='word_1_45' title='bbox 3718 482 3862 551; x_wconf 74' lang='lat' dir='ltr'><strong>ipse</strong></span> 
     </span>
    </p>
   </div>
   <div class='ocr_carea' id='block_1_4' title="bbox 514 568 3859 646">
    <p class='ocr_par' dir='ltr' id='par_1_4' title="bbox 514 568 3859 646">
     <span class='ocr_line' id='line_1_4' title="bbox 514 568 3859 646; baseline 0 -16"><span class='ocrx_word' id='word_1_46' title='bbox 514 576 652 646; x_wconf 65' lang='lat' dir='ltr'><strong>ignis</strong></span> <span class='ocrx_word' id='word_1_47' title='bbox 685 571 1039 643; x_wconf 83' lang='lat' dir='ltr'><strong>congregabis</strong></span> <span class='ocrx_word' id='word_1_48' title='bbox 1082 584 1247 640; x_wconf 82' lang='lat' dir='ltr'><strong>super</strong></span> <span class='ocrx_word' id='word_1_49' title='bbox 1275 569 1604 638; x_wconf 75' lang='lat' dir='ltr'><strong>caputeius.</strong></span> <span class='ocrx_word' id='word_1_50' title='bbox 1641 569 1793 638; x_wconf 85' lang='lat' dir='ltr'><strong>Quod</strong></span> <span class='ocrx_word' id='word_1_51' title='bbox 1820 568 1982 637; x_wconf 89' lang='lat' dir='ltr'><strong>dicit,</strong></span> <span class='ocrx_word' id='word_1_52' title='bbox 2008 569 2112 627; x_wconf 91' lang='lat' dir='ltr'><strong>hoc</strong></span> <span class='ocrx_word' id='word_1_53' title='bbox 2212 583 2318 622; x_wconf 87' lang='lat' dir='ltr'><strong>non</strong></span> <span class='ocrx_word' id='word_1_54' title='bbox 2363 568 2584 623; x_wconf 85' lang='lat' dir='ltr'><strong>audiet?</strong></span> <span class='ocrx_word' id='word_1_55' title='bbox 2630 568 2730 636; x_wconf 78' lang='lat' dir='ltr'><strong>Qui</strong></span> <span class='ocrx_word' id='word_1_56' title='bbox 2762 569 2893 627; x_wconf 89' lang='lat' dir='ltr'><strong>milii</strong></span> <span class='ocrx_word' id='word_1_57' title='bbox 2940 570 3087 627; x_wconf 89' lang='lat' dir='ltr'><strong>dedit</strong></span> <span class='ocrx_word' id='word_1_58' title='bbox 3135 571 3345 638; x_wconf 84' lang='lat' dir='ltr'><strong>oculos,</strong></span> <span class='ocrx_word' id='word_1_59' title='bbox 3389 588 3524 644; x_wconf 85' lang='lat' dir='ltr'><strong>ergo</strong></span> <span class='ocrx_word' id='word_1_60' title='bbox 3562 575 3695 644; x_wconf 85' lang='lat' dir='ltr'><strong>ipse</strong></span> <span class='ocrx_word' id='word_1_61' title='bbox 3725 590 3859 632; x_wconf 79' lang='lat' dir='ltr'><strong>non</strong></span> 
     </span>
    </p>
   </div>
   <div class='ocr_carea' id='block_1_5' title="bbox 515 656 3858 736">
    <p class='ocr_par' dir='ltr' id='par_1_5' title="bbox 515 656 3858 736">
     <span class='ocr_line' id='line_1_5' title="bbox 515 656 3858 736; baseline -0.001 -11"><span class='ocrx_word' id='word_1_62' title='bbox 515 680 636 733; x_wconf 84' lang='lat' dir='ltr'><strong>est,</strong></span> <span class='ocrx_word' id='word_1_63' title='bbox 670 665 952 722; x_wconf 89' lang='lat' dir='ltr'><strong>mundabis</strong></span> <span class='ocrx_word' id='word_1_64' title='bbox 978 678 1101 720; x_wconf 89' lang='lat' dir='ltr'><strong>enm</strong></span> <span class='ocrx_word' id='word_1_65' title='bbox 1129 678 1155 714; x_wconf 89' lang='lat' dir='ltr'><strong>a</strong></span> <span class='ocrx_word' id='word_1_66' title='bbox 1188 672 1434 734; x_wconf 79' lang='lat' dir='ltr'><strong>peccato.</strong></span> <span class='ocrx_word' id='word_1_67' title='bbox 1468 662 1716 718; x_wconf 68' lang='lat' dir='ltr'><strong>vincitur</strong></span> <span class='ocrx_word' id='word_1_68' title='bbox 1750 663 1891 719; x_wconf 89' lang='lat' dir='ltr'><strong>enim</strong></span> <span class='ocrx_word' id='word_1_69' title='bbox 1920 662 2113 719; x_wconf 91' lang='lat' dir='ltr'><strong>crude-</strong></span> <span class='ocrx_word' id='word_1_70' title='bbox 2212 656 2396 714; x_wconf 88' lang='lat' dir='ltr'><strong>videt?</strong></span> <span class='ocrx_word' id='word_1_71' title='bbox 2441 657 2541 728; x_wconf 85' lang='lat' dir='ltr'><strong>Qui</strong></span> <span class='ocrx_word' id='word_1_72' title='bbox 2595 671 2785 716; x_wconf 89' lang='lat' dir='ltr'><strong>auctor</strong></span> <span class='ocrx_word' id='word_1_73' title='bbox 2811 670 2897 716; x_wconf 80' lang='lat' dir='ltr'><strong>est</strong></span> <span class='ocrx_word' id='word_1_74' title='bbox 2923 661 3299 732; x_wconf 67' lang='lat' dir='ltr'><strong>intelligentia:</strong></span> <span class='ocrx_word' id='word_1_75' title='bbox 3348 678 3506 733; x_wconf 65' lang='lat' dir='ltr'><strong>meae,</strong></span> <span class='ocrx_word' id='word_1_76' title='bbox 3564 667 3696 736; x_wconf 80' lang='lat' dir='ltr'><strong>ipse</strong></span> <span class='ocrx_word' id='word_1_77' title='bbox 3728 680 3858 724; x_wconf 77' lang='lat' dir='ltr'><strong>non</strong></span> 
     </span>
    </p>
   </div>
   <div class='ocr_carea' id='block_1_6' title="bbox 2215 751 3856 827">
    <p class='ocr_par' dir='ltr' id='par_1_6' title="bbox 2215 751 3856 827">
     <span class='ocr_line' id='line_1_6' title="bbox 2215 751 3856 827; baseline 0.005 -20"><span class='ocrx_word' id='word_1_78' title='bbox 2215 751 2503 824; x_wconf 77' lang='lat' dir='ltr'><strong>intelligit?</strong></span> <span class='ocrx_word' id='word_1_79' title='bbox 2552 762 2577 788; x_wconf 73' lang='grc' dir='ltr'><strong><em>ει</em></strong></span> <span class='ocrx_word' id='word_1_80' title='bbox 2610 752 2716 809; x_wconf 85' lang='lat' dir='ltr'><strong>iste</strong></span> <span class='ocrx_word' id='word_1_81' title='bbox 2745 752 2898 808; x_wconf 80' lang='lat' dir='ltr'><strong>locus</strong></span> <span class='ocrx_word' id='word_1_82' title='bbox 2926 752 3185 811; x_wconf 82' lang='lat' dir='ltr'><strong>adversus</strong></span> <span class='ocrx_word' id='word_1_83' title='bbox 3230 771 3328 812; x_wconf 89' lang='lat' dir='ltr'><strong>eos</strong></span> <span class='ocrx_word' id='word_1_84' title='bbox 3377 757 3621 815; x_wconf 76' lang='lat' dir='ltr'><strong>maxime</strong></span> <span class='ocrx_word' id='word_1_85' title='bbox 3678 759 3856 827; x_wconf 77' lang='lat' dir='ltr'><strong>facit,</strong></span> 
     </span>
    </p>
   </div>
   <div class='ocr_carea' id='block_1_7' title="bbox 2215 847 3858 919">
    <p class='ocr_par' dir='ltr' id='par_1_7' title="bbox 2215 847 3858 919">
     <span class='ocr_line' id='line_1_7' title="bbox 2215 847 3858 919; baseline 0.008 -19"><span class='ocrx_word' id='word_1_86' title='bbox 2215 847 2306 919; x_wconf 87' lang='lat' dir='ltr'><strong>qui</strong></span> <span class='ocrx_word' id='word_1_87' title='bbox 2338 847 2871 919; x_wconf 63' lang='lat' dir='ltr'><strong>Alitrupomttl‘l-llilm</strong></span> <span class='ocrx_word' id='word_1_88' title='bbox 2899 857 3046 918; x_wconf 88' lang='lat' dir='ltr'><strong>sunt,</strong></span> <span class='ocrx_word' id='word_1_89' title='bbox 3070 850 3160 919; x_wconf 86' lang='lat' dir='ltr'><strong>qui</strong></span> <span class='ocrx_word' id='word_1_90' title='bbox 3193 848 3385 907; x_wconf 82' lang='lat' dir='ltr'><strong>dicunt</strong></span> <span class='ocrx_word' id='word_1_91' title='bbox 3410 851 3582 908; x_wconf 86' lang='lat' dir='ltr'><strong>Deum</strong></span> <span class='ocrx_word' id='word_1_92' title='bbox 3614 850 3858 913; x_wconf 72' lang='lat' dir='ltr'><strong>habere</strong></span> 
     </span>
    </p>
   </div>
   <div class='ocr_carea' id='block_1_8' title="bbox 519 754 2114 827">
    <p class='ocr_par' dir='ltr' id='par_1_8' title="bbox 519 754 2114 827">
     <span class='ocr_line' id='line_1_8' title="bbox 519 754 2114 827; baseline -0.004 -10"><span class='ocrx_word' id='word_1_93' title='bbox 519 765 647 817; x_wconf 88' lang='lat' dir='ltr'><strong>litas</strong></span> <span class='ocrx_word' id='word_1_94' title='bbox 677 760 821 814; x_wconf 83' lang='lat' dir='ltr'><strong>illius</strong></span> <span class='ocrx_word' id='word_1_95' title='bbox 853 755 1105 824; x_wconf 71' lang='lat' dir='ltr'><strong>patientia</strong></span> <span class='ocrx_word' id='word_1_96' title='bbox 1144 763 1255 810; x_wconf 88' lang='lat' dir='ltr'><strong>tua.</strong></span> <span class='ocrx_word' id='word_1_97' title='bbox 1288 754 1342 813; x_wconf 91' lang='lat' dir='ltr'><strong>Si</strong></span> <span class='ocrx_word' id='word_1_98' title='bbox 1376 756 1625 826; x_wconf 72' lang='lat' dir='ltr'><strong>sagittam</strong></span> <span class='ocrx_word' id='word_1_99' title='bbox 1658 755 1857 827; x_wconf 80' lang='lat' dir='ltr'><strong>dirigas</strong></span> <span class='ocrx_word' id='word_1_100' title='bbox 1896 756 1948 811; x_wconf 92' lang='lat' dir='ltr'><strong>in</strong></span> <span class='ocrx_word' id='word_1_101' title='bbox 1978 754 2114 825; x_wconf 86' lang='lat' dir='ltr'><strong>lapi-</strong></span> 
     </span>
    </p>
   </div>
   <div class='ocr_carea' id='block_1_9' title="bbox 518 845 2110 921">
    <p class='ocr_par' dir='ltr' id='par_1_9' title="bbox 518 845 2110 921">
     <span class='ocr_line' id='line_1_9' title="bbox 518 845 2110 921; baseline -0.004 -13"><span class='ocrx_word' id='word_1_102' title='bbox 518 854 731 918; x_wconf 86' lang='lat' dir='ltr'><strong>dem,et</strong></span> <span class='ocrx_word' id='word_1_103' title='bbox 763 851 900 921; x_wconf 87' lang='lat' dir='ltr'><strong>lapis</strong></span> <span class='ocrx_word' id='word_1_104' title='bbox 925 849 1096 904; x_wconf 89' lang='lat' dir='ltr'><strong>durus</strong></span> <span class='ocrx_word' id='word_1_105' title='bbox 1130 845 1289 903; x_wconf 73' lang='lat' dir='ltr'><strong>fuerit</strong></span> <span class='ocrx_word' id='word_1_106' title='bbox 1325 866 1335 902; x_wconf 92' lang='lat'><strong>:</strong></span> <span class='ocrx_word' id='word_1_107' title='bbox 1364 862 1469 902; x_wconf 89' lang='lat' dir='ltr'><strong>non</strong></span> <span class='ocrx_word' id='word_1_108' title='bbox 1494 847 1669 902; x_wconf 85' lang='lat' dir='ltr'><strong>solum</strong></span> <span class='ocrx_word' id='word_1_109' title='bbox 1710 863 1816 903; x_wconf 89' lang='lat' dir='ltr'><strong>non</strong></span> <span class='ocrx_word' id='word_1_110' title='bbox 1853 847 2110 917; x_wconf 83' lang='lat' dir='ltr'><strong>infigitur,</strong></span> 
     </span>
    </p>
   </div>
   <div class='ocr_carea' id='block_1_10' title="bbox 520 941 2117 1013">
    <p class='ocr_par' dir='ltr' id='par_1_10' title="bbox 520 941 2117 1013">
     <span class='ocr_line' id='line_1_10' title="bbox 520 941 2117 1013; baseline -0.003 -13"><span class='ocrx_word' id='word_1_111' title='bbox 520 945 615 1002; x_wconf 88' lang='lat' dir='ltr'><strong>sed</strong></span> <span class='ocrx_word' id='word_1_112' title='bbox 647 943 843 1003; x_wconf 77' lang='lat' dir='ltr'><strong>resilit.</strong></span> <span class='ocrx_word' id='word_1_113' title='bbox 875 942 966 999; x_wconf 90' lang='lat' dir='ltr'><strong>Sic</strong></span> <span class='ocrx_word' id='word_1_114' title='bbox 1006 941 1259 997; x_wconf 87' lang='lat' dir='ltr'><strong>inimicus</strong></span> <span class='ocrx_word' id='word_1_115' title='bbox 1306 950 1428 999; x_wconf 84' lang='lat' dir='ltr'><strong>tuus</strong></span> <span class='ocrx_word' id='word_1_116' title='bbox 1473 943 1516 996; x_wconf 88' lang='lat' dir='ltr'><strong>si</strong></span> <span class='ocrx_word' id='word_1_117' title='bbox 1551 941 1910 1013; x_wconf 67' lang='lat' dir='ltr'><strong>percusserit,</strong></span> <span class='ocrx_word' id='word_1_118' title='bbox 1944 952 1999 995; x_wconf 90' lang='lat' dir='ltr'><strong>et</strong></span> <span class='ocrx_word' id='word_1_119' title='bbox 2031 956 2117 995; x_wconf 85' lang='lat' dir='ltr'><strong>ic-</strong></span> 
     </span>
    </p>
   </div>
   <div class='ocr_carea' id='block_1_11' title="bbox 518 1032 2111 1109">
    <p class='ocr_par' dir='ltr' id='par_1_11' title="bbox 518 1032 2111 1109">
     <span class='ocr_line' id='line_1_11' title="bbox 518 1032 2111 1109; baseline -0.003 -17"><span class='ocrx_word' id='word_1_120' title='bbox 518 1053 806 1109; x_wconf 72' lang='lat' dir='ltr'><strong>percu~sus</strong></span> <span class='ocrx_word' id='word_1_121' title='bbox 856 1051 962 1092; x_wconf 91' lang='lat' dir='ltr'><strong>non</strong></span> <span class='ocrx_word' id='word_1_122' title='bbox 1012 1035 1194 1097; x_wconf 80' lang='lat' dir='ltr'><strong>fuerit,</strong></span> <span class='ocrx_word' id='word_1_123' title='bbox 1245 1034 1504 1106; x_wconf 76' lang='lat' dir='ltr'><strong>patientia</strong></span> <span class='ocrx_word' id='word_1_124' title='bbox 1554 1045 1641 1090; x_wconf 90' lang='lat' dir='ltr'><strong>tua</strong></span> <span class='ocrx_word' id='word_1_125' title='bbox 1689 1041 2014 1104; x_wconf 65' lang='lat' dir='ltr'><strong>superatus,</strong></span> <span class='ocrx_word' id='word_1_126' title='bbox 2045 1032 2111 1087; x_wconf 91' lang='lat' dir='ltr'><strong>ad</strong></span> 
     </span>
    </p>
   </div>
   <div class='ocr_carea' id='block_1_12' title="bbox 520 1129 1134 1189">
    <p class='ocr_par' dir='ltr' id='par_1_12' title="bbox 520 1129 1134 1189">
     <span class='ocr_line' id='line_1_12' title="bbox 520 1129 1134 1189; baseline -0.01 -1"><span class='ocrx_word' id='word_1_127' title='bbox 520 1134 746 1189; x_wconf 84' lang='lat' dir='ltr'><strong>meliora</strong></span> <span class='ocrx_word' id='word_1_128' title='bbox 780 1129 1134 1185; x_wconf 83' lang='lat' dir='ltr'><strong>convertitur.</strong></span> 
     </span>
    </p>
   </div>
   <div class='ocr_carea' id='block_1_13' title="bbox 596 1219 2115 1299">
    <p class='ocr_par' dir='ltr' id='par_1_13' title="bbox 596 1219 2115 1299">
     <span class='ocr_line' id='line_1_13' title="bbox 596 1219 2115 1299; baseline -0.007 -15"><span class='ocrx_word' id='word_1_129' title='bbox 596 1229 869 1299; x_wconf 78' lang='lat' dir='ltr'><strong>Usquequo</strong></span> <span class='ocrx_word' id='word_1_130' title='bbox 902 1230 1225 1292; x_wconf 81' lang='lat' dir='ltr'><strong>peccatores,</strong></span> <span class='ocrx_word' id='word_1_131' title='bbox 1258 1219 1504 1283; x_wconf 87' lang='lat' dir='ltr'><strong>Domine,</strong></span> <span class='ocrx_word' id='word_1_132' title='bbox 1539 1234 1797 1290; x_wconf 74' lang='lat' dir='ltr'><strong>atqueque</strong></span> <span class='ocrx_word' id='word_1_133' title='bbox 1826 1229 2115 1291; x_wconf 80' lang='lat' dir='ltr'><strong>peccatores</strong></span> 
     </span>
    </p>
   </div>
   <div class='ocr_carea' id='block_1_14' title="bbox 522 1312 2117 1394">
    <p class='ocr_par' dir='ltr' id='par_1_14' title="bbox 522 1312 2117 1394">
     <span class='ocr_line' id='line_1_14' title="bbox 522 1312 2117 1394; baseline -0.004 -19"><span class='ocrx_word' id='word_1_134' title='bbox 522 1316 932 1394; x_wconf 80' lang='lat' dir='ltr'><strong>gloriabuntur?</strong></span> <span class='ocrx_word' id='word_1_135' title='bbox 983 1314 1323 1385; x_wconf 79' lang='lat' dir='ltr'><strong>[inpatientia</strong></span> <span class='ocrx_word' id='word_1_136' title='bbox 1399 1312 1631 1369; x_wconf 83' lang='lat' dir='ltr'><strong>liuniana</strong></span> <span class='ocrx_word' id='word_1_137' title='bbox 1682 1328 1788 1368; x_wconf 90' lang='lat' dir='ltr'><strong>non</strong></span> <span class='ocrx_word' id='word_1_138' title='bbox 1846 1314 1961 1368; x_wconf 85' lang='lat' dir='ltr'><strong>vult</strong></span> <span class='ocrx_word' id='word_1_139' title='bbox 2023 1312 2117 1368; x_wconf 84' lang='lat' dir='ltr'><strong>Dci</strong></span> 
     </span>
    </p>
   </div>
   <div class='ocr_carea' id='block_1_15' title="bbox 526 1406 2118 1482">
    <p class='ocr_par' dir='ltr' id='par_1_15' title="bbox 526 1406 2118 1482">
     <span class='ocr_line' id='line_1_15' title="bbox 526 1406 2118 1482; baseline -0.006 -11"><span class='ocrx_word' id='word_1_140' title='bbox 526 1417 725 1472; x_wconf 83' lang='lat' dir='ltr'><strong>habere</strong></span> <span class='ocrx_word' id='word_1_141' title='bbox 775 1408 1111 1482; x_wconf 77' lang='lat' dir='ltr'><strong>patientiam.</strong></span> <span class='ocrx_word' id='word_1_142' title='bbox 1148 1407 1329 1464; x_wconf 81' lang='lat' dir='ltr'><strong>Miseri</strong></span> <span class='ocrx_word' id='word_1_143' title='bbox 1365 1422 1485 1473; x_wconf 89' lang='lat' dir='ltr'><strong>nos,</strong></span> <span class='ocrx_word' id='word_1_144' title='bbox 1535 1407 1627 1478; x_wconf 91' lang='lat' dir='ltr'><strong>qui</strong></span> <span class='ocrx_word' id='word_1_145' title='bbox 1673 1406 1927 1462; x_wconf 85' lang='lat' dir='ltr'><strong>volumus</strong></span> <span class='ocrx_word' id='word_1_146' title='bbox 1961 1407 2118 1462; x_wconf 84' lang='lat' dir='ltr'><strong>nobis</strong></span> 
     </span>
    </p>
   </div>
   <div class='ocr_carea' id='block_1_16' title="bbox 522 1497 2119 1574">
    <p class='ocr_par' dir='ltr' id='par_1_16' title="bbox 522 1497 2119 1574">
     <span class='ocr_line' id='line_1_16' title="bbox 522 1497 2119 1574; baseline -0.006 -9"><span class='ocrx_word' id='word_1_147' title='bbox 522 1510 692 1565; x_wconf 88' lang='lat' dir='ltr'><strong>Deum</strong></span> <span class='ocrx_word' id='word_1_148' title='bbox 736 1521 857 1562; x_wconf 86' lang='lat' dir='ltr'><strong>esse</strong></span> <span class='ocrx_word' id='word_1_149' title='bbox 905 1505 1223 1574; x_wconf 84' lang='lat' dir='ltr'><strong>patientem,</strong></span> <span class='ocrx_word' id='word_1_150' title='bbox 1273 1508 1330 1556; x_wconf 90' lang='lat' dir='ltr'><strong>et</strong></span> <span class='ocrx_word' id='word_1_151' title='bbox 1360 1500 1594 1556; x_wconf 88' lang='lat' dir='ltr'><strong>inimicis</strong></span> <span class='ocrx_word' id='word_1_152' title='bbox 1641 1500 2033 1570; x_wconf 86' lang='lat' dir='ltr'><strong>impatientem.</strong></span> <span class='ocrx_word' id='word_1_153' title='bbox 2062 1497 2119 1557; x_wconf 88' lang='lat' dir='ltr'><strong>Si</strong></span> 
     </span>
    </p>
   </div>
   <div class='ocr_carea' id='block_1_17' title="bbox 524 1591 2117 1672">
    <p class='ocr_par' dir='ltr' id='par_1_17' title="bbox 524 1591 2117 1672">
     <span class='ocr_line' id='line_1_17' title="bbox 524 1591 2117 1672; baseline -0.005 -16"><span class='ocrx_word' id='word_1_154' title='bbox 524 1600 746 1672; x_wconf 87' lang='lat' dir='ltr'><strong>quando</strong></span> <span class='ocrx_word' id='word_1_155' title='bbox 797 1611 1128 1668; x_wconf 84' lang='lat' dir='ltr'><strong>peccamus,</strong></span> <span class='ocrx_word' id='word_1_156' title='bbox 1179 1592 1472 1664; x_wconf 80' lang='lat' dir='ltr'><strong>patientem</strong></span> <span class='ocrx_word' id='word_1_157' title='bbox 1512 1592 1762 1662; x_wconf 81' lang='lat' dir='ltr'><strong>cupimus</strong></span> <span class='ocrx_word' id='word_1_158' title='bbox 1825 1591 2016 1647; x_wconf 89' lang='lat' dir='ltr'><strong>Deum.</strong></span> <span class='ocrx_word' id='word_1_159' title='bbox 2061 1591 2117 1648; x_wconf 92' lang='lat' dir='ltr'><strong>Si</strong></span> 
     </span>
    </p>
   </div>
   <div class='ocr_carea' id='block_1_18' title="bbox 524 1684 2120 1763">
    <p class='ocr_par' dir='ltr' id='par_1_18' title="bbox 524 1684 2120 1763">
     <span class='ocr_line' id='line_1_18' title="bbox 524 1684 2120 1763; baseline -0.002 -17"><span class='ocrx_word' id='word_1_160' title='bbox 524 1691 746 1763; x_wconf 84' lang='lat' dir='ltr'><strong>quando</strong></span> <span class='ocrx_word' id='word_1_161' title='bbox 770 1688 844 1743; x_wconf 89' lang='lat' dir='ltr'><strong>ali</strong></span> <span class='ocrx_word' id='word_1_162' title='bbox 865 1689 967 1759; x_wconf 71' lang='lat' dir='ltr'><strong>[uis</strong></span> <span class='ocrx_word' id='word_1_163' title='bbox 999 1686 1051 1742; x_wconf 90' lang='lat' dir='ltr'><strong>in</strong></span> <span class='ocrx_word' id='word_1_164' title='bbox 1084 1700 1182 1741; x_wconf 90' lang='lat' dir='ltr'><strong>nos</strong></span> <span class='ocrx_word' id='word_1_165' title='bbox 1210 1684 1521 1757; x_wconf 79' lang='lat' dir='ltr'><strong>deliquerit,</strong></span> <span class='ocrx_word' id='word_1_166' title='bbox 1547 1685 1600 1739; x_wconf 91' lang='lat' dir='ltr'><strong>in</strong></span> <span class='ocrx_word' id='word_1_167' title='bbox 1632 1684 1805 1757; x_wconf 88' lang='lat' dir='ltr'><strong>ipsum</strong></span> <span class='ocrx_word' id='word_1_168' title='bbox 1831 1702 1936 1740; x_wconf 87' lang='lat' dir='ltr'><strong>non</strong></span> <span class='ocrx_word' id='word_1_169' title='bbox 1968 1686 2120 1743; x_wconf 85' lang='lat' dir='ltr'><strong>volu-</strong></span> 
     </span>
    </p>
   </div>
   <div class='ocr_carea' id='block_1_19' title="bbox 527 1776 1421 1850">
    <p class='ocr_par' dir='ltr' id='par_1_19' title="bbox 527 1776 1421 1850">
     <span class='ocr_line' id='line_1_19' title="bbox 527 1776 1421 1850; baseline -0.009 -12"><span class='ocrx_word' id='word_1_170' title='bbox 527 1802 647 1839; x_wconf 84' lang='lat' dir='ltr'><strong>mus</strong></span> <span class='ocrx_word' id='word_1_171' title='bbox 700 1798 824 1838; x_wconf 84' lang='lat' dir='ltr'><strong>esse</strong></span> <span class='ocrx_word' id='word_1_172' title='bbox 882 1781 1173 1850; x_wconf 70' lang='lat' dir='ltr'><strong>iaticutem</strong></span> <span class='ocrx_word' id='word_1_173' title='bbox 1229 1776 1421 1833; x_wconf 90' lang='lat' dir='ltr'><strong>Deum.</strong></span> 
     </span>
    </p>
   </div>
   <div class='ocr_carea' id='block_1_20' title="bbox 530 1870 2122 1950">
    <p class='ocr_par' dir='ltr' id='par_1_20' title="bbox 530 1870 2122 1950">
     <span class='ocr_line' id='line_1_20' title="bbox 530 1870 2122 1950; baseline -0.002 -20"><span class='ocrx_word' id='word_1_174' title='bbox 530 1872 935 1950; x_wconf 84' lang='lat' dir='ltr'><strong>gloriabuntur?</strong></span> <span class='ocrx_word' id='word_1_175' title='bbox 963 1872 1083 1929; x_wconf 87' lang='lat' dir='ltr'><strong>Non</strong></span> <span class='ocrx_word' id='word_1_176' title='bbox 1115 1870 1197 1927; x_wconf 80' lang='lat' dir='ltr'><strong>eis</strong></span> <span class='ocrx_word' id='word_1_177' title='bbox 1227 1870 1427 1927; x_wconf 84' lang='lat' dir='ltr'><strong>sufficit</strong></span> <span class='ocrx_word' id='word_1_178' title='bbox 1456 1885 1705 1942; x_wconf 85' lang='lat' dir='ltr'><strong>peccare,</strong></span> <span class='ocrx_word' id='word_1_179' title='bbox 1749 1870 1843 1926; x_wconf 89' lang='lat' dir='ltr'><strong>sed</strong></span> <span class='ocrx_word' id='word_1_180' title='bbox 1875 1870 2034 1926; x_wconf 82' lang='lat' dir='ltr'><strong>etiam</strong></span> <span class='ocrx_word' id='word_1_181' title='bbox 2069 1872 2122 1927; x_wconf 90' lang='lat' dir='ltr'><strong>in</strong></span> 
     </span>
    </p>
   </div>
   <div class='ocr_carea' id='block_1_21' title="bbox 530 1962 2121 2041">
    <p class='ocr_par' dir='ltr' id='par_1_21' title="bbox 530 1962 2121 2041">
     <span class='ocr_line' id='line_1_21' title="bbox 530 1962 2121 2041; baseline -0.004 -16"><span class='ocrx_word' id='word_1_182' title='bbox 530 1970 774 2041; x_wconf 81' lang='lat' dir='ltr'><strong>peccatis</strong></span> <span class='ocrx_word' id='word_1_183' title='bbox 802 1966 1129 2039; x_wconf 73' lang='lat' dir='ltr'><strong>gloriantur.</strong></span> <span class='ocrx_word' id='word_1_184' title='bbox 1182 1963 1361 2019; x_wconf 87' lang='lat' dir='ltr'><strong>Prima</strong></span> <span class='ocrx_word' id='word_1_185' title='bbox 1410 1962 1695 2019; x_wconf 63' lang='lat' dir='ltr'><strong>infelicius</strong></span> <span class='ocrx_word' id='word_1_186' title='bbox 1737 1970 1821 2019; x_wconf 87' lang='lat' dir='ltr'><strong>est</strong></span> <span class='ocrx_word' id='word_1_187' title='bbox 1856 1978 2121 2034; x_wconf 74' lang='lat' dir='ltr'><strong>peccare:</strong></span> 
     </span>
    </p>
   </div>
   <div class='ocr_carea' id='block_1_22' title="bbox 533 2055 2129 2126">
    <p class='ocr_par' dir='ltr' id='par_1_22' title="bbox 533 2055 2129 2126">
     <span class='ocr_line' id='line_1_22' title="bbox 533 2055 2129 2126; baseline -0.001 -11"><span class='ocrx_word' id='word_1_188' title='bbox 533 2062 769 2115; x_wconf 86' lang='lat' dir='ltr'><strong>secunda</strong></span> <span class='ocrx_word' id='word_1_189' title='bbox 789 2058 1095 2122; x_wconf 71' lang='lat' dir='ltr'><strong>infelicitas,</strong></span> <span class='ocrx_word' id='word_1_190' title='bbox 1122 2057 1289 2111; x_wconf 89' lang='lat' dir='ltr'><strong>immo</strong></span> <span class='ocrx_word' id='word_1_191' title='bbox 1311 2055 1632 2120; x_wconf 62' lang='lat' dir='ltr'><strong>novissima,</strong></span> <span class='ocrx_word' id='word_1_192' title='bbox 1651 2070 1756 2110; x_wconf 91' lang='lat' dir='ltr'><strong>non</strong></span> <span class='ocrx_word' id='word_1_193' title='bbox 1771 2070 1933 2126; x_wconf 88' lang='lat' dir='ltr'><strong>agere</strong></span> <span class='ocrx_word' id='word_1_194' title='bbox 1956 2055 2129 2124; x_wconf 71' lang='lat' dir='ltr'><strong>pinni-</strong></span> 
     </span>
    </p>
   </div>
   <div class='ocr_carea' id='block_1_23' title="bbox 536 2148 2129 2224">
    <p class='ocr_par' dir='ltr' id='par_1_23' title="bbox 536 2148 2129 2224">
     <span class='ocr_line' id='line_1_23' title="bbox 536 2148 2129 2224; baseline -0.001 -18"><span class='ocrx_word' id='word_1_195' title='bbox 536 2156 782 2210; x_wconf 86' lang='lat' dir='ltr'><strong>ientiain.</strong></span> <span class='ocrx_word' id='word_1_196' title='bbox 810 2154 901 2208; x_wconf 82' lang='lat' dir='ltr'><strong>Isti</strong></span> <span class='ocrx_word' id='word_1_197' title='bbox 927 2166 1059 2222; x_wconf 75' lang='lat' dir='ltr'><strong>ergo</strong></span> <span class='ocrx_word' id='word_1_198' title='bbox 1088 2160 1409 2224; x_wconf 80' lang='lat' dir='ltr'><strong>peccatores</strong></span> <span class='ocrx_word' id='word_1_199' title='bbox 1431 2164 1536 2205; x_wconf 90' lang='lat' dir='ltr'><strong>non</strong></span> <span class='ocrx_word' id='word_1_200' title='bbox 1554 2148 1730 2204; x_wconf 90' lang='lat' dir='ltr'><strong>solum</strong></span> <span class='ocrx_word' id='word_1_201' title='bbox 1766 2164 1870 2203; x_wconf 91' lang='lat' dir='ltr'><strong>non</strong></span> <span class='ocrx_word' id='word_1_202' title='bbox 1901 2149 2129 2205; x_wconf 84' lang='lat' dir='ltr'><strong>ﬂectunt</strong></span> 
     </span>
    </p>
   </div>
   <div class='ocr_carea' id='block_1_24' title="bbox 533 2242 2125 2313">
    <p class='ocr_par' dir='ltr' id='par_1_24' title="bbox 533 2242 2125 2313">
     <span class='ocr_line' id='line_1_24' title="bbox 533 2242 2125 2313; baseline -0.004 -10"><span class='ocrx_word' id='word_1_203' title='bbox 533 2247 831 2311; x_wconf 81' lang='lat' dir='ltr'><strong>cervicem,</strong></span> <span class='ocrx_word' id='word_1_204' title='bbox 853 2245 947 2300; x_wconf 89' lang='lat' dir='ltr'><strong>sed</strong></span> <span class='ocrx_word' id='word_1_205' title='bbox 972 2245 1143 2298; x_wconf 80' lang='lat' dir='ltr'><strong>libere</strong></span> <span class='ocrx_word' id='word_1_206' title='bbox 1172 2248 1291 2313; x_wconf 85' lang='lat' dir='ltr'><strong>post</strong></span> <span class='ocrx_word' id='word_1_207' title='bbox 1316 2249 1594 2312; x_wconf 84' lang='lat' dir='ltr'><strong>peccatum</strong></span> <span class='ocrx_word' id='word_1_208' title='bbox 1621 2257 1778 2295; x_wconf 89' lang='lat' dir='ltr'><strong>suum</strong></span> <span class='ocrx_word' id='word_1_209' title='bbox 1806 2242 2125 2312; x_wconf 81' lang='lat' dir='ltr'><strong>gloriantur.</strong></span> 
     </span>
    </p>
   </div>
   <div class='ocr_carea' id='block_1_25' title="bbox 615 2330 2130 2405">
    <p class='ocr_par' dir='ltr' id='par_1_25' title="bbox 615 2330 2130 2405">
     <span class='ocr_line' id='line_1_25' title="bbox 615 2330 2130 2405; baseline -0.001 -14"><span class='ocrx_word' id='word_1_210' title='bbox 615 2337 930 2405; x_wconf 75' lang='lat' dir='ltr'><strong>ft‘ﬂ&#39;abuntur</strong></span> <span class='ocrx_word' id='word_1_211' title='bbox 946 2333 1637 2405; x_wconf 78' lang='lat' dir='ltr'><strong>etloquenturiniquitutem.</strong></span> <span class='ocrx_word' id='word_1_212' title='bbox 1671 2331 1900 2403; x_wconf 83' lang='lat' dir='ltr'><strong>PrOprie</strong></span> <span class='ocrx_word' id='word_1_213' title='bbox 1926 2332 2041 2389; x_wconf 66' lang='lat' dir='ltr'><strong>haec</strong></span> <span class='ocrx_word' id='word_1_214' title='bbox 2063 2330 2130 2390; x_wconf 88' lang='lat' dir='ltr'><strong>de</strong></span> 
     </span>
    </p>
   </div>
   <div class='ocr_carea' id='block_1_26' title="bbox 539 2424 2132 2499">
    <p class='ocr_par' dir='ltr' id='par_1_26' title="bbox 539 2424 2132 2499">
     <span class='ocr_line' id='line_1_26' title="bbox 539 2424 2132 2499; baseline -0.002 -15"><span class='ocrx_word' id='word_1_215' title='bbox 539 2431 816 2485; x_wconf 71' lang='lat' dir='ltr'><strong>limi-.ticis</strong></span> <span class='ocrx_word' id='word_1_216' title='bbox 865 2428 1121 2497; x_wconf 79' lang='lat' dir='ltr'><strong>loquitur.</strong></span> <span class='ocrx_word' id='word_1_217' title='bbox 1152 2424 1452 2497; x_wconf 83' lang='lat' dir='ltr'><strong>Loquentur</strong></span> <span class='ocrx_word' id='word_1_218' title='bbox 1497 2441 1671 2481; x_wconf 85' lang='lat' dir='ltr'><strong>omnes</strong></span> <span class='ocrx_word' id='word_1_219' title='bbox 1712 2424 1800 2498; x_wconf 79' lang='lat' dir='ltr'><strong>qui</strong></span> <span class='ocrx_word' id='word_1_220' title='bbox 1851 2436 2132 2499; x_wconf 84' lang='lat' dir='ltr'><strong>aperantur</strong></span> 
     </span>
    </p>
   </div>
   <div class='ocr_carea' id='block_1_27' title="bbox 536 2520 2130 2597">
    <p class='ocr_par' dir='ltr' id='par_1_27' title="bbox 536 2520 2130 2597">
     <span class='ocr_line' id='line_1_27' title="bbox 536 2520 2130 2597; baseline -0.001 -18"><span class='ocrx_word' id='word_1_221' title='bbox 536 2526 888 2597; x_wconf 79' lang='lat' dir='ltr'><strong>iniquitatem.</strong></span> <span class='ocrx_word' id='word_1_222' title='bbox 942 2522 1135 2577; x_wconf 83' lang='lat' dir='ltr'><strong>Videte</strong></span> <span class='ocrx_word' id='word_1_223' title='bbox 1172 2522 1385 2590; x_wconf 86' lang='lat' dir='ltr'><strong>signum</strong></span> <span class='ocrx_word' id='word_1_224' title='bbox 1416 2520 1558 2589; x_wconf 74' lang='grc' dir='ltr'><strong><em>ιριιὶ</em></strong></span> <span class='ocrx_word' id='word_1_225' title='bbox 1598 2520 1874 2589; x_wconf 75' lang='lat' dir='ltr'><strong>loquitur,</strong></span> <span class='ocrx_word' id='word_1_226' title='bbox 1902 2536 2130 2579; x_wconf 88' lang='lat' dir='ltr'><strong>necesse</strong></span> 
     </span>
    </p>
   </div>
   <div class='ocr_carea' id='block_1_28' title="bbox 538 2613 2131 2672">
    <p class='ocr_par' dir='ltr' id='par_1_28' title="bbox 538 2613 2131 2672">
     <span class='ocr_line' id='line_1_28' title="bbox 538 2613 2131 2672; baseline -0.001 0"><span class='ocrx_word' id='word_1_227' title='bbox 538 2629 622 2672; x_wconf 75' lang='lat' dir='ltr'><strong>est</strong></span> <span class='ocrx_word' id='word_1_228' title='bbox 671 2627 728 2671; x_wconf 88' lang='lat' dir='ltr'><strong>ut</strong></span> <span class='ocrx_word' id='word_1_229' title='bbox 761 2616 903 2671; x_wconf 86' lang='lat' dir='ltr'><strong>male</strong></span> <span class='ocrx_word' id='word_1_230' title='bbox 946 2615 1132 2669; x_wconf 81' lang='lat' dir='ltr'><strong>faciat.</strong></span> <span class='ocrx_word' id='word_1_231' title='bbox 1167 2614 1240 2668; x_wconf 82' lang='lat' dir='ltr'><strong>Ex</strong></span> <span class='ocrx_word' id='word_1_232' title='bbox 1281 2614 1614 2671; x_wconf 73' lang='lat' dir='ltr'><strong>abundantia</strong></span> <span class='ocrx_word' id='word_1_233' title='bbox 1648 2615 1796 2669; x_wconf 85' lang='lat' dir='ltr'><strong>enim</strong></span> <span class='ocrx_word' id='word_1_234' title='bbox 1841 2613 2025 2670; x_wconf 84' lang='lat' dir='ltr'><strong>cordis</strong></span> <span class='ocrx_word' id='word_1_235' title='bbox 2069 2630 2131 2671; x_wconf 92' lang='lat' dir='ltr'><strong>os</strong></span> 
     </span>
    </p>
   </div>
   <div class='ocr_carea' id='block_1_29' title="bbox 540 2708 2133 2787">
    <p class='ocr_par' dir='ltr' id='par_1_29' title="bbox 540 2708 2133 2787">
     <span class='ocr_line' id='line_1_29' title="bbox 540 2708 2133 2787; baseline -0.004 -17"><span class='ocrx_word' id='word_1_236' title='bbox 540 2715 779 2787; x_wconf 86' lang='lat' dir='ltr'><strong>loquitur</strong></span> <span class='ocrx_word' id='word_1_237' title='bbox 810 2710 960 2785; x_wconf 83' lang='lat' dir='ltr'><strong>(Luc.</strong></span> <span class='ocrx_word' id='word_1_238' title='bbox 993 2712 1094 2783; x_wconf 86' lang='lat' dir='ltr'><strong>vi).</strong></span> <span class='ocrx_word' id='word_1_239' title='bbox 1125 2709 1463 2781; x_wconf 84' lang='lat' dir='ltr'><strong>Ubicumque</strong></span> <span class='ocrx_word' id='word_1_240' title='bbox 1487 2708 1820 2766; x_wconf 82' lang='lat' dir='ltr'><strong>conscientia</strong></span> <span class='ocrx_word' id='word_1_241' title='bbox 1853 2710 2133 2766; x_wconf 84' lang='lat' dir='ltr'><strong>vulnerata</strong></span> 
     </span>
    </p>
   </div>
   <div class='ocr_carea' id='block_1_30' title="bbox 540 2803 1454 2880">
    <p class='ocr_par' dir='ltr' id='par_1_30' title="bbox 540 2803 1454 2880">
     <span class='ocr_line' id='line_1_30' title="bbox 540 2803 1454 2880; baseline -0.008 -17"><span class='ocrx_word' id='word_1_242' title='bbox 540 2820 648 2880; x_wconf 83' lang='lat' dir='ltr'><strong>est,</strong></span> <span class='ocrx_word' id='word_1_243' title='bbox 673 2807 746 2863; x_wconf 90' lang='lat' dir='ltr'><strong>ibi</strong></span> <span class='ocrx_word' id='word_1_244' title='bbox 778 2805 830 2861; x_wconf 93' lang='lat' dir='ltr'><strong>in</strong></span> <span class='ocrx_word' id='word_1_245' title='bbox 863 2820 960 2861; x_wconf 86' lang='lat' dir='ltr'><strong>ore</strong></span> <span class='ocrx_word' id='word_1_246' title='bbox 988 2803 1147 2860; x_wconf 78' lang='lat' dir='ltr'><strong>facile</strong></span> <span class='ocrx_word' id='word_1_247' title='bbox 1177 2811 1454 2874; x_wconf 83' lang='lat' dir='ltr'><strong>peccatur.</strong></span> 
     </span>
    </p>
   </div>
   <div class='ocr_carea' id='block_1_31' title="bbox 620 2897 2139 2973">
    <p class='ocr_par' dir='ltr' id='par_1_31' title="bbox 620 2897 2139 2973">
     <span class='ocr_line' id='line_1_31' title="bbox 620 2897 2139 2973; baseline -0.001 -17"><span class='ocrx_word' id='word_1_248' title='bbox 620 2900 887 2973; x_wconf 76' lang='lat' dir='ltr'><strong>Populum</strong></span> <span class='ocrx_word' id='word_1_249' title='bbox 936 2908 1104 2965; x_wconf 81' lang='lat' dir='ltr'><strong>luunt,</strong></span> <span class='ocrx_word' id='word_1_250' title='bbox 1149 2897 1390 2966; x_wconf 79' lang='lat' dir='ltr'><strong>Domine,</strong></span> <span class='ocrx_word' id='word_1_251' title='bbox 1446 2897 1865 2953; x_wconf 80' lang='lat' dir='ltr'><strong>Itumiliarsrunt.</strong></span> <span class='ocrx_word' id='word_1_252' title='bbox 1901 2897 2139 2967; x_wconf 84' lang='lat' dir='ltr'><strong>Semper</strong></span> 
     </span>
    </p>
   </div>
   <div class='ocr_carea' id='block_1_32' title="bbox 543 2988 2135 3069">
    <p class='ocr_par' dir='ltr' id='par_1_32' title="bbox 543 2988 2135 3069">
     <span class='ocr_line' id='line_1_32' title="bbox 543 2988 2135 3069; baseline -0.003 -19"><span class='ocrx_word' id='word_1_253' title='bbox 543 2994 638 3069; x_wconf 79' lang='lat' dir='ltr'><strong>Dei</strong></span> <span class='ocrx_word' id='word_1_254' title='bbox 684 2993 909 3064; x_wconf 86' lang='lat' dir='ltr'><strong>populus</strong></span> <span class='ocrx_word' id='word_1_255' title='bbox 937 2992 1256 3048; x_wconf 86' lang='lat' dir='ltr'><strong>humiliatur</strong></span> <span class='ocrx_word' id='word_1_256' title='bbox 1291 2988 1425 3047; x_wconf 85' lang='lat' dir='ltr'><strong>:Dei</strong></span> <span class='ocrx_word' id='word_1_257' title='bbox 1476 2990 1705 3062; x_wconf 82' lang='lat' dir='ltr'><strong>pupulus</strong></span> <span class='ocrx_word' id='word_1_258' title='bbox 1752 2991 2080 3062; x_wconf 85' lang='lat' dir='ltr'><strong>Opprimitur</strong></span> <span class='ocrx_word' id='word_1_259' title='bbox 2120 3009 2135 3046; x_wconf 90' lang='lat'><strong>:</strong></span> 
     </span>
    </p>
   </div>
   <div class='ocr_carea' id='block_1_33' title="bbox 543 3082 2129 3158">
    <p class='ocr_par' dir='ltr' id='par_1_33' title="bbox 543 3082 2129 3158">
     <span class='ocr_line' id='line_1_33' title="bbox 543 3082 2129 3158; baseline -0.001 -16"><span class='ocrx_word' id='word_1_260' title='bbox 543 3087 806 3158; x_wconf 82' lang='lat' dir='ltr'><strong>Populum</strong></span> <span class='ocrx_word' id='word_1_261' title='bbox 827 3098 992 3150; x_wconf 87' lang='lat' dir='ltr'><strong>tuum.</strong></span> <span class='ocrx_word' id='word_1_262' title='bbox 1014 3085 1256 3152; x_wconf 81' lang='lat' dir='ltr'><strong>Domine,</strong></span> <span class='ocrx_word' id='word_1_263' title='bbox 1278 3082 1697 3141; x_wconf 82' lang='lat' dir='ltr'><strong>humiliaverunt.</strong></span> <span class='ocrx_word' id='word_1_264' title='bbox 1717 3083 1945 3155; x_wconf 86' lang='lat' dir='ltr'><strong>Semper</strong></span> <span class='ocrx_word' id='word_1_265' title='bbox 1960 3100 2129 3158; x_wconf 87' lang='lat' dir='ltr'><strong>popu-</strong></span> 
     </span>
    </p>
   </div>
   <div class='ocr_carea' id='block_1_34' title="bbox 2216 939 3851 1011">
    <p class='ocr_par' dir='ltr' id='par_1_34' title="bbox 2216 939 3851 1011">
     <span class='ocr_line' id='line_1_34' title="bbox 2216 939 3851 1011; baseline 0.004 -18"><span class='ocrx_word' id='word_1_266' title='bbox 2216 939 2483 1007; x_wconf 87' lang='lat' dir='ltr'><strong>membra,</strong></span> <span class='ocrx_word' id='word_1_267' title='bbox 2535 955 2654 1011; x_wconf 68' lang='lat' dir='ltr'><strong>qua:</strong></span> <span class='ocrx_word' id='word_1_268' title='bbox 2701 942 2866 995; x_wconf 87' lang='lat' dir='ltr'><strong>etiam</strong></span> <span class='ocrx_word' id='word_1_269' title='bbox 2914 955 3015 996; x_wconf 84' lang='lat' dir='ltr'><strong>nos</strong></span> <span class='ocrx_word' id='word_1_270' title='bbox 3054 940 3343 998; x_wconf 90' lang='lat' dir='ltr'><strong>habemus.</strong></span> <span class='ocrx_word' id='word_1_271' title='bbox 3398 942 3562 1003; x_wconf 82' lang='lat' dir='ltr'><strong>Verbi</strong></span> <span class='ocrx_word' id='word_1_272' title='bbox 3609 959 3851 1001; x_wconf 74' lang='lat' dir='ltr'><strong>causa:</strong></span> 
     </span>
    </p>
   </div>
   <div class='ocr_carea' id='block_1_35' title="bbox 2219 1030 3853 1108">
    <p class='ocr_par' dir='ltr' id='par_1_35' title="bbox 2219 1030 3853 1108">
     <span class='ocr_line' id='line_1_35' title="bbox 2219 1030 3853 1108; baseline 0.006 -23"><span class='ocrx_word' id='word_1_273' title='bbox 2219 1030 2441 1087; x_wconf 86' lang='lat' dir='ltr'><strong>Dicatur</strong></span> <span class='ocrx_word' id='word_1_274' title='bbox 2490 1030 2635 1087; x_wconf 79' lang='lat' dir='ltr'><strong>Deus</strong></span> <span class='ocrx_word' id='word_1_275' title='bbox 2667 1030 2870 1088; x_wconf 87' lang='lat' dir='ltr'><strong>habere</strong></span> <span class='ocrx_word' id='word_1_276' title='bbox 2900 1033 3091 1090; x_wconf 87' lang='lat' dir='ltr'><strong>oculos</strong></span> <span class='ocrx_word' id='word_1_277' title='bbox 3124 1052 3135 1087; x_wconf 94' lang='lat'>:</span> <span class='ocrx_word' id='word_1_278' title='bbox 3173 1035 3316 1090; x_wconf 90' lang='lat' dir='ltr'><strong>oculi</strong></span> <span class='ocrx_word' id='word_1_279' title='bbox 3371 1034 3590 1093; x_wconf 84' lang='lat' dir='ltr'><strong>Domini</strong></span> <span class='ocrx_word' id='word_1_280' title='bbox 3650 1039 3853 1108; x_wconf 79' lang='lat' dir='ltr'><strong>respi-</strong></span> 
     </span>
    </p>
   </div>
   <div class='ocr_carea' id='block_1_36' title="bbox 2217 1124 3848 1203">
    <p class='ocr_par' dir='ltr' id='par_1_36' title="bbox 2217 1124 3848 1203">
     <span class='ocr_line' id='line_1_36' title="bbox 2217 1124 3848 1203; baseline 0.007 -26"><span class='ocrx_word' id='word_1_281' title='bbox 2217 1124 2369 1178; x_wconf 92' lang='lat' dir='ltr'><strong>ciunt</strong></span> <span class='ocrx_word' id='word_1_282' title='bbox 2414 1124 2598 1179; x_wconf 86' lang='lat' dir='ltr'><strong>omnia</strong></span> <span class='ocrx_word' id='word_1_283' title='bbox 2632 1143 2643 1177; x_wconf 89' lang='lat'><strong>:</strong></span> <span class='ocrx_word' id='word_1_284' title='bbox 2677 1140 2869 1180; x_wconf 89' lang='lat' dir='ltr'><strong>manus</strong></span> <span class='ocrx_word' id='word_1_285' title='bbox 2914 1125 3007 1181; x_wconf 90' lang='lat' dir='ltr'><strong>Dei</strong></span> <span class='ocrx_word' id='word_1_286' title='bbox 3054 1125 3186 1182; x_wconf 80' lang='lat' dir='ltr'><strong>facit</strong></span> <span class='ocrx_word' id='word_1_287' title='bbox 3236 1129 3441 1184; x_wconf 86' lang='lat' dir='ltr'><strong>omnia.</strong></span> <span class='ocrx_word' id='word_1_288' title='bbox 3475 1129 3547 1187; x_wconf 81' lang='lat' dir='ltr'><strong>Et</strong></span> <span class='ocrx_word' id='word_1_289' title='bbox 3595 1130 3848 1203; x_wconf 65' lang='lat' dir='ltr'><strong>audivit,</strong></span> 
     </span>
    </p>
   </div>
   <div class='ocr_carea' id='block_1_37' title="bbox 2217 1215 3852 1290">
    <p class='ocr_par' dir='ltr' id='par_1_37' title="bbox 2217 1215 3852 1290">
     <span class='ocr_line' id='line_1_37' title="bbox 2217 1215 3852 1290; baseline 0.007 -21"><span class='ocrx_word' id='word_1_290' title='bbox 2217 1215 2413 1288; x_wconf 89' lang='lat' dir='ltr'><strong>inquit,</strong></span> <span class='ocrx_word' id='word_1_291' title='bbox 2443 1216 2617 1275; x_wconf 69' lang='lat' dir='ltr'><strong>Adam</strong></span> <span class='ocrx_word' id='word_1_292' title='bbox 2651 1232 2846 1274; x_wconf 89' lang='lat' dir='ltr'><strong>sonum</strong></span> <span class='ocrx_word' id='word_1_293' title='bbox 2879 1219 3075 1290; x_wconf 86' lang='lat' dir='ltr'><strong>pedum</strong></span> <span class='ocrx_word' id='word_1_294' title='bbox 3109 1219 3325 1276; x_wconf 88' lang='lat' dir='ltr'><strong>Domini</strong></span> <span class='ocrx_word' id='word_1_295' title='bbox 3348 1221 3769 1281; x_wconf 65' lang='lat' dir='ltr'><strong>deambulanti:</strong></span> <span class='ocrx_word' id='word_1_296' title='bbox 3793 1229 3852 1281; x_wconf 82' lang='lat' dir='ltr'><strong>in</strong></span> 
     </span>
    </p>
   </div>
   <div class='ocr_carea' id='block_1_38' title="bbox 2220 1309 3853 1385">
    <p class='ocr_par' dir='ltr' id='par_1_38' title="bbox 2220 1309 3853 1385">
     <span class='ocr_line' id='line_1_38' title="bbox 2220 1309 3853 1385; baseline 0.008 -22"><span class='ocrx_word' id='word_1_297' title='bbox 2220 1309 2473 1381; x_wconf 86' lang='lat' dir='ltr'><strong>paradiso</strong></span> <span class='ocrx_word' id='word_1_298' title='bbox 2524 1310 2680 1383; x_wconf 84' lang='lat' dir='ltr'><strong>(Gen.</strong></span> <span class='ocrx_word' id='word_1_299' title='bbox 2727 1312 2836 1384; x_wconf 85' lang='lat' dir='ltr'><strong>in).</strong></span> <span class='ocrx_word' id='word_1_300' title='bbox 2895 1311 3022 1368; x_wconf 69' lang='lat' dir='ltr'><strong>llaec</strong></span> <span class='ocrx_word' id='word_1_301' title='bbox 3076 1312 3401 1385; x_wconf 81' lang='lat' dir='ltr'><strong>simpliciter</strong></span> <span class='ocrx_word' id='word_1_302' title='bbox 3444 1315 3732 1383; x_wconf 86' lang='lat' dir='ltr'><strong>audiunt,</strong></span> <span class='ocrx_word' id='word_1_303' title='bbox 3790 1328 3853 1376; x_wconf 79' lang='lat' dir='ltr'><strong>et</strong></span> 
     </span>
    </p>
   </div>
   <div class='ocr_carea' id='block_1_39' title="bbox 2223 1403 3852 1479">
    <p class='ocr_par' dir='ltr' id='par_1_39' title="bbox 2223 1403 3852 1479">
     <span class='ocr_line' id='line_1_39' title="bbox 2223 1403 3852 1479; baseline 0.004 -20"><span class='ocrx_word' id='word_1_304' title='bbox 2223 1403 2484 1459; x_wconf 78' lang='lat' dir='ltr'><strong>humanas</strong></span> <span class='ocrx_word' id='word_1_305' title='bbox 2535 1403 2936 1462; x_wconf 85' lang='lat' dir='ltr'><strong>imbecillitates</strong></span> <span class='ocrx_word' id='word_1_306' title='bbox 2982 1405 3051 1462; x_wconf 89' lang='lat' dir='ltr'><strong>ad</strong></span> <span class='ocrx_word' id='word_1_307' title='bbox 3082 1406 3177 1464; x_wconf 87' lang='lat' dir='ltr'><strong>Dei</strong></span> <span class='ocrx_word' id='word_1_308' title='bbox 3206 1405 3672 1479; x_wconf 80' lang='lat' dir='ltr'><strong>magniﬁcentiam</strong></span> <span class='ocrx_word' id='word_1_309' title='bbox 3702 1410 3852 1467; x_wconf 74' lang='lat' dir='ltr'><strong>reie-</strong></span> 
     </span>
    </p>
   </div>
   <div class='ocr_carea' id='block_1_40' title="bbox 2223 1498 3847 1570">
    <p class='ocr_par' dir='ltr' id='par_1_40' title="bbox 2223 1498 3847 1570">
     <span class='ocr_line' id='line_1_40' title="bbox 2223 1498 3847 1570; baseline 0.003 -15"><span class='ocrx_word' id='word_1_310' title='bbox 2223 1508 2366 1556; x_wconf 88' lang='lat' dir='ltr'><strong>runt.</strong></span> <span class='ocrx_word' id='word_1_311' title='bbox 2414 1499 2527 1569; x_wconf 82' lang='lat' dir='ltr'><strong>Ego</strong></span> <span class='ocrx_word' id='word_1_312' title='bbox 2556 1509 2738 1556; x_wconf 87' lang='lat' dir='ltr'><strong>autem</strong></span> <span class='ocrx_word' id='word_1_313' title='bbox 2770 1498 2893 1555; x_wconf 84' lang='lat' dir='ltr'><strong>dico</strong></span> <span class='ocrx_word' id='word_1_314' title='bbox 2938 1499 3086 1570; x_wconf 88' lang='lat' dir='ltr'><strong>quod</strong></span> <span class='ocrx_word' id='word_1_315' title='bbox 3119 1501 3262 1557; x_wconf 80' lang='lat' dir='ltr'><strong>Deus</strong></span> <span class='ocrx_word' id='word_1_316' title='bbox 3289 1510 3435 1559; x_wconf 79' lang='lat' dir='ltr'><strong>totus</strong></span> <span class='ocrx_word' id='word_1_317' title='bbox 3476 1503 3675 1561; x_wconf 78' lang='lat' dir='ltr'><strong>oculus</strong></span> <span class='ocrx_word' id='word_1_318' title='bbox 3709 1516 3802 1560; x_wconf 84' lang='lat' dir='ltr'><strong>est</strong></span> <span class='ocrx_word' id='word_1_319' title='bbox 3830 1524 3847 1568; x_wconf 80' lang='lat'>;</span> 
     </span>
    </p>
   </div>
   <div class='ocr_carea' id='block_1_41' title="bbox 2224 1593 3846 1663">
    <p class='ocr_par' dir='ltr' id='par_1_41' title="bbox 2224 1593 3846 1663">
     <span class='ocr_line' id='line_1_41' title="bbox 2224 1593 3846 1663; baseline 0 -13"><span class='ocrx_word' id='word_1_320' title='bbox 2224 1601 2372 1650; x_wconf 85' lang='lat' dir='ltr'><strong>totus</strong></span> <span class='ocrx_word' id='word_1_321' title='bbox 2416 1608 2610 1649; x_wconf 88' lang='lat' dir='ltr'><strong>manus</strong></span> <span class='ocrx_word' id='word_1_322' title='bbox 2656 1601 2781 1649; x_wconf 87' lang='lat' dir='ltr'><strong>est:</strong></span> <span class='ocrx_word' id='word_1_323' title='bbox 2817 1601 2961 1650; x_wconf 89' lang='lat' dir='ltr'><strong>totus</strong></span> <span class='ocrx_word' id='word_1_324' title='bbox 3006 1609 3101 1663; x_wconf 83' lang='lat' dir='ltr'><strong>pes</strong></span> <span class='ocrx_word' id='word_1_325' title='bbox 3128 1604 3232 1651; x_wconf 87' lang='lat' dir='ltr'><strong>est.</strong></span> <span class='ocrx_word' id='word_1_326' title='bbox 3263 1593 3433 1651; x_wconf 80' lang='lat' dir='ltr'><strong>Totus</strong></span> <span class='ocrx_word' id='word_1_327' title='bbox 3479 1596 3682 1652; x_wconf 88' lang='lat' dir='ltr'><strong>oculus</strong></span> <span class='ocrx_word' id='word_1_328' title='bbox 3712 1609 3846 1654; x_wconf 79' lang='lat' dir='ltr'><strong>est:</strong></span> 
     </span>
    </p>
   </div>
   <div class='ocr_carea' id='block_1_42' title="bbox 2225 1687 3847 1762">
    <p class='ocr_par' dir='ltr' id='par_1_42' title="bbox 2225 1687 3847 1762">
     <span class='ocr_line' id='line_1_42' title="bbox 2225 1687 3847 1762; baseline 0.001 -18"><span class='ocrx_word' id='word_1_329' title='bbox 2225 1690 2348 1760; x_wconf 80' lang='lat' dir='ltr'><strong>quia</strong></span> <span class='ocrx_word' id='word_1_330' title='bbox 2391 1688 2576 1745; x_wconf 89' lang='lat' dir='ltr'><strong>oumia</strong></span> <span class='ocrx_word' id='word_1_331' title='bbox 2623 1687 2792 1744; x_wconf 81' lang='lat' dir='ltr'><strong>videt.</strong></span> <span class='ocrx_word' id='word_1_332' title='bbox 2843 1687 3013 1744; x_wconf 85' lang='lat' dir='ltr'><strong>Tutus</strong></span> <span class='ocrx_word' id='word_1_333' title='bbox 3065 1705 3259 1745; x_wconf 87' lang='lat' dir='ltr'><strong>manus</strong></span> <span class='ocrx_word' id='word_1_334' title='bbox 3307 1701 3390 1746; x_wconf 80' lang='lat' dir='ltr'><strong>est</strong></span> <span class='ocrx_word' id='word_1_335' title='bbox 3426 1706 3438 1742; x_wconf 91' lang='lat'>:</span> <span class='ocrx_word' id='word_1_336' title='bbox 3471 1690 3601 1762; x_wconf 86' lang='lat' dir='ltr'><strong>quia</strong></span> <span class='ocrx_word' id='word_1_337' title='bbox 3649 1692 3847 1748; x_wconf 65' lang='lat' dir='ltr'><strong>«milia</strong></span> 
     </span>
    </p>
   </div>
   <div class='ocr_carea' id='block_1_43' title="bbox 1503 1775 3847 1856">
    <p class='ocr_par' dir='ltr' id='par_1_43' title="bbox 1503 1775 3847 1856">
     <span class='ocr_line' id='line_1_43' title="bbox 1503 1775 3847 1856; baseline 0.003 -23"><span class='ocrx_word' id='word_1_338' title='bbox 1503 1775 1774 1847; x_wconf 64' lang='lat' dir='ltr'><strong>Usquequo</strong></span> <span class='ocrx_word' id='word_1_339' title='bbox 1831 1788 2123 1849; x_wconf 78' lang='lat' dir='ltr'><strong>peccatores</strong></span> <span class='ocrx_word' id='word_1_340' title='bbox 2151 1781 2200 1844; x_wconf 79' lang='grc' dir='ltr'><strong>Β</strong></span> <span class='ocrx_word' id='word_1_341' title='bbox 2227 1789 2506 1854; x_wconf 78' lang='lat' dir='ltr'><strong>operatur.</strong></span> <span class='ocrx_word' id='word_1_342' title='bbox 2551 1780 2721 1839; x_wconf 85' lang='lat' dir='ltr'><strong>Totus</strong></span> <span class='ocrx_word' id='word_1_343' title='bbox 2773 1797 2867 1852; x_wconf 88' lang='lat' dir='ltr'><strong>pes</strong></span> <span class='ocrx_word' id='word_1_344' title='bbox 2922 1792 3005 1838; x_wconf 90' lang='lat' dir='ltr'><strong>est</strong></span> <span class='ocrx_word' id='word_1_345' title='bbox 3045 1800 3056 1835; x_wconf 89' lang='lat'>:</span> <span class='ocrx_word' id='word_1_346' title='bbox 3100 1785 3224 1854; x_wconf 87' lang='lat' dir='ltr'><strong>quia</strong></span> <span class='ocrx_word' id='word_1_347' title='bbox 3281 1782 3480 1854; x_wconf 85' lang='lat' dir='ltr'><strong>ubique</strong></span> <span class='ocrx_word' id='word_1_348' title='bbox 3527 1795 3637 1842; x_wconf 89' lang='lat' dir='ltr'><strong>est.</strong></span> <span class='ocrx_word' id='word_1_349' title='bbox 3685 1784 3847 1856; x_wconf 75' lang='lat' dir='ltr'><strong>Ergo</strong></span> 
     </span>
    </p>
   </div>
   <div class='ocr_carea' id='block_1_44' title="bbox 2228 1874 3850 1947">
    <p class='ocr_par' dir='ltr' id='par_1_44' title="bbox 2228 1874 3850 1947">
     <span class='ocr_line' id='line_1_44' title="bbox 2228 1874 3850 1947; baseline 0.002 -19"><span class='ocrx_word' id='word_1_350' title='bbox 2228 1874 2408 1931; x_wconf 79' lang='lat' dir='ltr'><strong>videte</strong></span> <span class='ocrx_word' id='word_1_351' title='bbox 2455 1874 2583 1945; x_wconf 86' lang='lat' dir='ltr'><strong>quid</strong></span> <span class='ocrx_word' id='word_1_352' title='bbox 2614 1875 2794 1931; x_wconf 85' lang='lat' dir='ltr'><strong>dicat:</strong></span> <span class='ocrx_word' id='word_1_353' title='bbox 2829 1874 2930 1942; x_wconf 89' lang='lat' dir='ltr'><strong>Qui</strong></span> <span class='ocrx_word' id='word_1_354' title='bbox 2966 1874 3217 1947; x_wconf 73' lang='lat' dir='ltr'><strong>plantavit</strong></span> <span class='ocrx_word' id='word_1_355' title='bbox 3245 1891 3444 1943; x_wconf 79' lang='lat' dir='ltr'><strong>aurem,</strong></span> <span class='ocrx_word' id='word_1_356' title='bbox 3491 1892 3594 1931; x_wconf 90' lang='lat' dir='ltr'><strong>non</strong></span> <span class='ocrx_word' id='word_1_357' title='bbox 3621 1876 3850 1932; x_wconf 76' lang='lat' dir='ltr'><strong>audiet!</strong></span> 
     </span>
    </p>
   </div>
   <div class='ocr_carea' id='block_1_45' title="bbox 2228 1969 3843 2041">
    <p class='ocr_par' dir='ltr' id='par_1_45' title="bbox 2228 1969 3843 2041">
     <span class='ocr_line' id='line_1_45' title="bbox 2228 1969 3843 2041; baseline 0.001 -15"><span class='ocrx_word' id='word_1_358' title='bbox 2228 1969 2347 2027; x_wconf 83' lang='lat' dir='ltr'><strong>Non</strong></span> <span class='ocrx_word' id='word_1_359' title='bbox 2378 1969 2516 2026; x_wconf 91' lang='lat' dir='ltr'><strong>dixit</strong></span> <span class='ocrx_word' id='word_1_360' title='bbox 2540 1988 2555 2026; x_wconf 88' lang='lat'><strong>:</strong></span> <span class='ocrx_word' id='word_1_361' title='bbox 2577 1969 2669 2041; x_wconf 88' lang='lat' dir='ltr'><strong>qui</strong></span> <span class='ocrx_word' id='word_1_362' title='bbox 2697 1969 2961 2040; x_wconf 82' lang='lat' dir='ltr'><strong>plantavit</strong></span> <span class='ocrx_word' id='word_1_363' title='bbox 2982 1985 3189 2037; x_wconf 80' lang='lat' dir='ltr'><strong>aurem,</strong></span> <span class='ocrx_word' id='word_1_364' title='bbox 3213 1985 3345 2040; x_wconf 88' lang='lat' dir='ltr'><strong>ergo</strong></span> <span class='ocrx_word' id='word_1_365' title='bbox 3373 1970 3486 2040; x_wconf 85' lang='lat' dir='ltr'><strong>ipse</strong></span> <span class='ocrx_word' id='word_1_366' title='bbox 3512 1985 3709 2026; x_wconf 80' lang='lat' dir='ltr'><strong>aurem</strong></span> <span class='ocrx_word' id='word_1_367' title='bbox 3733 1984 3843 2027; x_wconf 82' lang='lat' dir='ltr'><strong>non</strong></span> 
     </span>
    </p>
   </div>
   <div class='ocr_carea' id='block_1_46' title="bbox 2232 2062 3842 2135">
    <p class='ocr_par' dir='ltr' id='par_1_46' title="bbox 2232 2062 3842 2135">
     <span class='ocr_line' id='line_1_46' title="bbox 2232 2062 3842 2135; baseline 0.003 -17"><span class='ocrx_word' id='word_1_368' title='bbox 2232 2062 2413 2119; x_wconf 87' lang='lat' dir='ltr'><strong>habet.</strong></span> <span class='ocrx_word' id='word_1_369' title='bbox 2445 2062 2563 2120; x_wconf 82' lang='lat' dir='ltr'><strong>Non</strong></span> <span class='ocrx_word' id='word_1_370' title='bbox 2594 2064 2731 2118; x_wconf 82' lang='lat' dir='ltr'><strong>dixit</strong></span> <span class='ocrx_word' id='word_1_371' title='bbox 2767 2082 2780 2117; x_wconf 89' lang='lat'><strong>:</strong></span> <span class='ocrx_word' id='word_1_372' title='bbox 2810 2079 2943 2135; x_wconf 83' lang='lat' dir='ltr'><strong>ergo</strong></span> <span class='ocrx_word' id='word_1_373' title='bbox 2978 2064 3093 2134; x_wconf 82' lang='lat' dir='ltr'><strong>ipse</strong></span> <span class='ocrx_word' id='word_1_374' title='bbox 3121 2064 3310 2120; x_wconf 70' lang='lat' dir='ltr'><strong>oculos</strong></span> <span class='ocrx_word' id='word_1_375' title='bbox 3343 2078 3452 2120; x_wconf 89' lang='lat' dir='ltr'><strong>non</strong></span> <span class='ocrx_word' id='word_1_376' title='bbox 3507 2065 3697 2121; x_wconf 77' lang='lat' dir='ltr'><strong>habet.</strong></span> <span class='ocrx_word' id='word_1_377' title='bbox 3731 2066 3842 2123; x_wconf 86' lang='lat' dir='ltr'><strong>Sed</strong></span> 
     </span>
    </p>
   </div>
   <div class='ocr_carea' id='block_1_47' title="bbox 2231 2157 3843 2232">
    <p class='ocr_par' dir='ltr' id='par_1_47' title="bbox 2231 2157 3843 2232">
     <span class='ocr_line' id='line_1_47' title="bbox 2231 2157 3843 2232; baseline 0.002 -21"><span class='ocrx_word' id='word_1_378' title='bbox 2231 2158 2362 2231; x_wconf 89' lang='lat' dir='ltr'><strong>quid</strong></span> <span class='ocrx_word' id='word_1_379' title='bbox 2402 2157 2573 2213; x_wconf 74' lang='lat' dir='ltr'><strong>dixit?</strong></span> <span class='ocrx_word' id='word_1_380' title='bbox 2601 2157 2703 2224; x_wconf 88' lang='lat' dir='ltr'><strong>Qui</strong></span> <span class='ocrx_word' id='word_1_381' title='bbox 2750 2158 3001 2230; x_wconf 76' lang='lat' dir='ltr'><strong>plantavit</strong></span> <span class='ocrx_word' id='word_1_382' title='bbox 3039 2174 3237 2225; x_wconf 80' lang='lat' dir='ltr'><strong>aurem,</strong></span> <span class='ocrx_word' id='word_1_383' title='bbox 3268 2176 3371 2214; x_wconf 87' lang='lat' dir='ltr'><strong>non</strong></span> <span class='ocrx_word' id='word_1_384' title='bbox 3419 2159 3647 2214; x_wconf 78' lang='lat' dir='ltr'><strong>audiet?</strong></span> <span class='ocrx_word' id='word_1_385' title='bbox 3676 2171 3726 2214; x_wconf 78' lang='lat' dir='ltr'><strong>et</strong></span> <span class='ocrx_word' id='word_1_386' title='bbox 3754 2164 3843 2232; x_wconf 72' lang='lat' dir='ltr'><strong>qui</strong></span> 
     </span>
    </p>
   </div>
   <div class='ocr_carea' id='block_1_48' title="bbox 2232 2252 3844 2323">
    <p class='ocr_par' dir='ltr' id='par_1_48' title="bbox 2232 2252 3844 2323">
     <span class='ocr_line' id='line_1_48' title="bbox 2232 2252 3844 2323; baseline 0.002 -15"><span class='ocrx_word' id='word_1_387' title='bbox 2232 2253 2383 2323; x_wconf 77' lang='lat' dir='ltr'><strong>ﬁnxit</strong></span> <span class='ocrx_word' id='word_1_388' title='bbox 2414 2254 2611 2322; x_wconf 90' lang='lat' dir='ltr'><strong>oculos,</strong></span> <span class='ocrx_word' id='word_1_389' title='bbox 2635 2269 2739 2309; x_wconf 88' lang='lat' dir='ltr'><strong>non</strong></span> <span class='ocrx_word' id='word_1_390' title='bbox 2769 2252 3062 2308; x_wconf 72' lang='lat' dir='ltr'><strong>considerat</strong></span> <span class='ocrx_word' id='word_1_391' title='bbox 3081 2255 3107 2308; x_wconf 73' lang='lat'><strong>.9</strong></span> <span class='ocrx_word' id='word_1_392' title='bbox 3135 2252 3379 2311; x_wconf 77' lang='lat' dir='ltr'><strong>Membra</strong></span> <span class='ocrx_word' id='word_1_393' title='bbox 3398 2253 3521 2310; x_wconf 86' lang='lat' dir='ltr'><strong>tulit</strong></span> <span class='ocrx_word' id='word_1_394' title='bbox 3554 2269 3570 2310; x_wconf 91' lang='lat'>:</span> <span class='ocrx_word' id='word_1_395' title='bbox 3600 2253 3844 2312; x_wconf 73' lang='lat' dir='ltr'><strong>efﬁcien-</strong></span> 
     </span>
    </p>
   </div>
   <div class='ocr_carea' id='block_1_49' title="bbox 2236 2346 2597 2406">
    <p class='ocr_par' dir='ltr' id='par_1_49' title="bbox 2236 2346 2597 2406">
     <span class='ocr_line' id='line_1_49' title="bbox 2236 2346 2597 2406; baseline -0.014 0"><span class='ocrx_word' id='word_1_396' title='bbox 2236 2350 2338 2406; x_wconf 87' lang='lat' dir='ltr'><strong>tias</strong></span> <span class='ocrx_word' id='word_1_397' title='bbox 2368 2346 2551 2404; x_wconf 83' lang='lat' dir='ltr'><strong>dedit?</strong></span> <span class='ocrx_word' id='word_1_398' title='bbox 2590 2369 2597 2373; x_wconf 93' lang='grc'><strong>·</strong></span> 
     </span>
    </p>
   </div>
   <div class='ocr_carea' id='block_1_50' title="bbox 2313 2441 3841 2516">
    <p class='ocr_par' dir='ltr' id='par_1_50' title="bbox 2313 2441 3841 2516">
     <span class='ocr_line' id='line_1_50' title="bbox 2313 2441 3841 2516; baseline 0.003 -19"><span class='ocrx_word' id='word_1_399' title='bbox 2313 2441 2416 2511; x_wconf 85' lang='lat' dir='ltr'><strong>Qui</strong></span> <span class='ocrx_word' id='word_1_400' title='bbox 2460 2442 2680 2514; x_wconf 84' lang='lat' dir='ltr'><strong>corripit</strong></span> <span class='ocrx_word' id='word_1_401' title='bbox 2726 2453 2925 2515; x_wconf 85' lang='lat' dir='ltr'><strong>gentes,</strong></span> <span class='ocrx_word' id='word_1_402' title='bbox 2975 2459 3081 2498; x_wconf 89' lang='lat' dir='ltr'><strong>non</strong></span> <span class='ocrx_word' id='word_1_403' title='bbox 3119 2453 3317 2516; x_wconf 77' lang='lat' dir='ltr'><strong>arguet.</strong></span> <span class='ocrx_word' id='word_1_404' title='bbox 3362 2443 3467 2512; x_wconf 85' lang='lat' dir='ltr'><strong>Qui</strong></span> <span class='ocrx_word' id='word_1_405' title='bbox 3494 2444 3638 2501; x_wconf 82' lang='lat' dir='ltr'><strong>alios</strong></span> <span class='ocrx_word' id='word_1_406' title='bbox 3663 2444 3841 2514; x_wconf 81' lang='lat' dir='ltr'><strong>docet,</strong></span> 
     </span>
    </p>
   </div>
   <div class='ocr_carea' id='block_1_51' title="bbox 2242 2537 3841 2609">
    <p class='ocr_par' dir='ltr' id='par_1_51' title="bbox 2242 2537 3841 2609">
     <span class='ocr_line' id='line_1_51' title="bbox 2242 2537 3841 2609; baseline 0.001 -15"><span class='ocrx_word' id='word_1_407' title='bbox 2242 2552 2376 2609; x_wconf 86' lang='lat' dir='ltr'><strong>ergo</strong></span> <span class='ocrx_word' id='word_1_408' title='bbox 2432 2538 2553 2609; x_wconf 85' lang='lat' dir='ltr'><strong>ipse</strong></span> <span class='ocrx_word' id='word_1_409' title='bbox 2584 2552 2690 2593; x_wconf 90' lang='lat' dir='ltr'><strong>non</strong></span> <span class='ocrx_word' id='word_1_410' title='bbox 2723 2537 2913 2593; x_wconf 75' lang='lat' dir='ltr'><strong>novit?</strong></span> <span class='ocrx_word' id='word_1_411' title='bbox 2940 2538 3044 2607; x_wconf 82' lang='lat' dir='ltr'><strong>Qui</strong></span> <span class='ocrx_word' id='word_1_412' title='bbox 3072 2539 3219 2595; x_wconf 79' lang='lat' dir='ltr'><strong>docet</strong></span> <span class='ocrx_word' id='word_1_413' title='bbox 3256 2540 3518 2595; x_wconf 79' lang='lat' dir='ltr'><strong>hominem</strong></span> <span class='ocrx_word' id='word_1_414' title='bbox 3549 2541 3841 2595; x_wconf 69' lang='lat' dir='ltr'><strong>scientiam.</strong></span> 
     </span>
    </p>
   </div>
   <div class='ocr_carea' id='block_1_52' title="bbox 2238 2630 3584 2703">
    <p class='ocr_par' dir='ltr' id='par_1_52' title="bbox 2238 2630 3584 2703">
     <span class='ocr_line' id='line_1_52' title="bbox 2238 2630 3584 2703; baseline 0 -15"><span class='ocrx_word' id='word_1_415' title='bbox 2238 2631 2595 2699; x_wconf 79' lang='lat' dir='ltr'><strong>Subauditur,</strong></span> <span class='ocrx_word' id='word_1_416' title='bbox 2626 2646 2759 2702; x_wconf 84' lang='lat' dir='ltr'><strong>ergo</strong></span> <span class='ocrx_word' id='word_1_417' title='bbox 2790 2633 2905 2703; x_wconf 86' lang='lat' dir='ltr'><strong>ipse</strong></span> <span class='ocrx_word' id='word_1_418' title='bbox 2931 2646 3037 2688; x_wconf 88' lang='lat' dir='ltr'><strong>non</strong></span> <span class='ocrx_word' id='word_1_419' title='bbox 3068 2630 3228 2687; x_wconf 89' lang='lat' dir='ltr'><strong>habet</strong></span> <span class='ocrx_word' id='word_1_420' title='bbox 3253 2631 3584 2688; x_wconf 70' lang='lat' dir='ltr'><strong>scientiam?</strong></span> 
     </span>
    </p>
   </div>
   <div class='ocr_carea' id='block_1_53' title="bbox 2324 2722 3847 2796">
    <p class='ocr_par' dir='ltr' id='par_1_53' title="bbox 2324 2722 3847 2796">
     <span class='ocr_line' id='line_1_53' title="bbox 2324 2722 3847 2796; baseline -0.002 -15"><span class='ocrx_word' id='word_1_421' title='bbox 2324 2724 2579 2782; x_wconf 75' lang='lat' dir='ltr'><strong>Dominus</strong></span> <span class='ocrx_word' id='word_1_422' title='bbox 2604 2725 2699 2780; x_wconf 89' lang='lat' dir='ltr'><strong>scit</strong></span> <span class='ocrx_word' id='word_1_423' title='bbox 2728 2725 3066 2796; x_wconf 80' lang='lat' dir='ltr'><strong>cogitationes</strong></span> <span class='ocrx_word' id='word_1_424' title='bbox 3085 2722 3356 2780; x_wconf 81' lang='lat' dir='ltr'><strong>hominum</strong></span> <span class='ocrx_word' id='word_1_425' title='bbox 3384 2740 3402 2779; x_wconf 89' lang='lat'><strong><em>:</em></strong></span> <span class='ocrx_word' id='word_1_426' title='bbox 3427 2725 3679 2792; x_wconf 80' lang='lat' dir='ltr'><strong>quoniam</strong></span> <span class='ocrx_word' id='word_1_427' title='bbox 3705 2739 3847 2779; x_wconf 68' lang='lat' dir='ltr'><strong>cana</strong></span> 
     </span>
    </p>
   </div>
   <div class='ocr_carea' id='block_1_54' title="bbox 2245 2820 3272 2893">
    <p class='ocr_par' dir='ltr' id='par_1_54' title="bbox 2245 2820 3272 2893">
     <span class='ocr_line' id='line_1_54' title="bbox 2245 2820 3272 2893; baseline -0.002 -16"><span class='ocrx_word' id='word_1_428' title='bbox 2245 2833 2390 2878; x_wconf 87' lang='lat' dir='ltr'><strong>sunt.</strong></span> <span class='ocrx_word' id='word_1_429' title='bbox 2421 2821 2675 2893; x_wconf 77' lang='lat' dir='ltr'><strong>Legimus</strong></span> <span class='ocrx_word' id='word_1_430' title='bbox 2707 2822 2758 2875; x_wconf 90' lang='lat' dir='ltr'><strong>in</strong></span> <span class='ocrx_word' id='word_1_431' title='bbox 2790 2832 2946 2891; x_wconf 82' lang='lat' dir='ltr'><strong>poeta</strong></span> <span class='ocrx_word' id='word_1_432' title='bbox 2977 2820 3222 2878; x_wconf 84' lang='lat' dir='ltr'><strong>sa-culari</strong></span> <span class='ocrx_word' id='word_1_433' title='bbox 3258 2838 3272 2875; x_wconf 87' lang='lat'><strong>:</strong></span> 
     </span>
    </p>
   </div>
   <div class='ocr_carea' id='block_1_55' title="bbox 2335 2941 3779 3009">
    <p class='ocr_par' dir='ltr' id='par_1_55' title="bbox 2335 2941 3779 3009">
     <span class='ocr_line' id='line_1_55' title="bbox 2335 2941 3779 3009; baseline 0 -14"><span class='ocrx_word' id='word_1_434' title='bbox 2335 2941 2378 2995; x_wconf 89' lang='grc'>0</span> <span class='ocrx_word' id='word_1_435' title='bbox 2402 2956 2549 2995; x_wconf 85' lang='lat' dir='ltr'><strong>curas</strong></span> <span class='ocrx_word' id='word_1_436' title='bbox 2571 2942 2820 2994; x_wconf 81' lang='lat' dir='ltr'><strong>hominum</strong></span> <span class='ocrx_word' id='word_1_437' title='bbox 2836 2944 2850 2993; x_wconf 84' lang='lat' dir='ltr'><strong>l</strong></span> <span class='ocrx_word' id='word_1_438' title='bbox 2867 2958 2899 2995; x_wconf 90' lang='grc' dir='ltr'><strong>ο</strong></span> <span class='ocrx_word' id='word_1_439' title='bbox 2914 2946 3147 3009; x_wconf 81' lang='lat' dir='ltr'><strong>quantum</strong></span> <span class='ocrx_word' id='word_1_440' title='bbox 3174 2948 3251 2994; x_wconf 78' lang='lat' dir='ltr'><strong>est</strong></span> <span class='ocrx_word' id='word_1_441' title='bbox 3274 2946 3323 2994; x_wconf 88' lang='lat' dir='ltr'><strong>in</strong></span> <span class='ocrx_word' id='word_1_442' title='bbox 3346 2947 3500 2996; x_wconf 84' lang='lat' dir='ltr'><strong>rebus</strong></span> <span class='ocrx_word' id='word_1_443' title='bbox 3520 2945 3696 2996; x_wconf 86' lang='lat' dir='ltr'><strong>insue!</strong></span> <span class='ocrx_word' id='word_1_444' title='bbox 3776 2994 3779 2995; x_wconf 30' lang='grc' dir='ltr'><em>ν</em></span> 
     </span>
    </p>
   </div>
   <div class='ocr_carea' id='block_1_56' title="bbox 2244 3062 3847 3139">
    <p class='ocr_par' dir='ltr' id='par_1_56' title="bbox 2244 3062 3847 3139">
     <span class='ocr_line' id='line_1_56' title="bbox 2244 3062 3847 3139; baseline 0.001 -17"><span class='ocrx_word' id='word_1_445' title='bbox 2244 3065 2314 3123; x_wconf 87' lang='lat' dir='ltr'><strong>Et</strong></span> <span class='ocrx_word' id='word_1_446' title='bbox 2360 3065 2626 3139; x_wconf 86' lang='lat' dir='ltr'><strong>gentiles,</strong></span> <span class='ocrx_word' id='word_1_447' title='bbox 2678 3077 2735 3123; x_wconf 92' lang='lat' dir='ltr'><strong>et</strong></span> <span class='ocrx_word' id='word_1_448' title='bbox 2788 3062 3098 3138; x_wconf 81' lang='lat' dir='ltr'><strong>pliilosOphi</strong></span> <span class='ocrx_word' id='word_1_449' title='bbox 3163 3068 3324 3122; x_wconf 91' lang='lat' dir='ltr'><strong>istum</strong></span> <span class='ocrx_word' id='word_1_450' title='bbox 3390 3067 3721 3125; x_wconf 79' lang='lat' dir='ltr'><strong>versiculum</strong></span> <span class='ocrx_word' id='word_1_451' title='bbox 3780 3065 3847 3123; x_wconf 85' lang='lat' dir='ltr'><strong>ad</strong></span> 
     </span>
    </p>
   </div>
   <div class='ocr_carea' id='block_1_57' title="bbox 544 3152 2132 3247">
    <p class='ocr_par' dir='ltr' id='par_1_57' title="bbox 544 3152 2132 3247">
     <span class='ocr_line' id='line_1_57' title="bbox 544 3152 2132 3247; baseline -0.003 -9"><span class='ocrx_word' id='word_1_452' title='bbox 544 3152 639 3238; x_wconf 26' lang='lat' dir='ltr'><strong>lusi</strong></span> <span class='ocrx_word' id='word_1_453' title='bbox 667 3182 758 3236; x_wconf 81' lang='lat' dir='ltr'><strong>itei</strong></span> <span class='ocrx_word' id='word_1_454' title='bbox 807 3181 1144 3245; x_wconf 80' lang='lat' dir='ltr'><strong>humiliutur,</strong></span> <span class='ocrx_word' id='word_1_455' title='bbox 1191 3188 1249 3234; x_wconf 83' lang='lat' dir='ltr'><strong>et</strong></span> <span class='ocrx_word' id='word_1_456' title='bbox 1292 3179 1536 3233; x_wconf 76' lang='lat' dir='ltr'><strong>imitatur</strong></span> <span class='ocrx_word' id='word_1_457' title='bbox 1581 3178 1748 3232; x_wconf 81' lang='lat' dir='ltr'><strong>Deum</strong></span> <span class='ocrx_word' id='word_1_458' title='bbox 1794 3152 1887 3247; x_wconf 81' lang='lat' dir='ltr'><strong>qui</strong></span> <span class='ocrx_word' id='word_1_459' title='bbox 1920 3152 2132 3234; x_wconf 71' lang='lat' dir='ltr'><strong>humilis</strong></span> 
     </span>
    </p>
   </div>
   <div class='ocr_carea' id='block_1_58' title="bbox 2241 3152 3843 3247">
    <p class='ocr_par' dir='ltr' id='par_1_58' title="bbox 2245 3152 3843 3231">
     <span class='ocr_line' id='line_1_58' title="bbox 2245 3152 3843 3231; baseline -0.001 -16"><span class='ocrx_word' id='word_1_460' title='bbox 2245 3158 2441 3217; x_wconf 64' lang='lat' dir='ltr'><strong>caelum</strong></span> <span class='ocrx_word' id='word_1_461' title='bbox 2472 3159 2674 3216; x_wconf 86' lang='lat' dir='ltr'><strong>levant.</strong></span> <span class='ocrx_word' id='word_1_462' title='bbox 2706 3157 2770 3215; x_wconf 84' lang='lat' dir='ltr'><strong>Et</strong></span> <span class='ocrx_word' id='word_1_463' title='bbox 2802 3159 2927 3231; x_wconf 91' lang='lat' dir='ltr'><strong>quid</strong></span> <span class='ocrx_word' id='word_1_464' title='bbox 2958 3152 3188 3215; x_wconf 70' lang='lat' dir='ltr'><strong>dicunt?</strong></span> <span class='ocrx_word' id='word_1_465' title='bbox 3215 3158 3359 3214; x_wconf 80' lang='lat' dir='ltr'><strong>Nihil</strong></span> <span class='ocrx_word' id='word_1_466' title='bbox 3401 3160 3581 3231; x_wconf 88' lang='lat' dir='ltr'><strong>potuit</strong></span> <span class='ocrx_word' id='word_1_467' title='bbox 3605 3157 3843 3231; x_wconf 84' lang='lat' dir='ltr'><strong>pruden-</strong></span> 
     </span>
    </p>
   </div>
   <div class='ocr_carea' id='block_1_59' title="bbox 544 3268 1141 3337">
    <p class='ocr_par' dir='ltr' id='par_1_59' title="bbox 544 3268 1141 3337">
     <span class='ocr_line' id='line_1_59' title="bbox 544 3268 1141 3337; baseline -0.008 -7"><span class='ocrx_word' id='word_1_468' title='bbox 544 3274 665 3337; x_wconf 81' lang='lat' dir='ltr'><strong>fuit,</strong></span> <span class='ocrx_word' id='word_1_469' title='bbox 698 3283 749 3328; x_wconf 88' lang='lat' dir='ltr'><strong>et</strong></span> <span class='ocrx_word' id='word_1_470' title='bbox 783 3272 930 3328; x_wconf 87' lang='lat' dir='ltr'><strong>initis</strong></span> <span class='ocrx_word' id='word_1_471' title='bbox 953 3268 1141 3328; x_wconf 89' lang='lat' dir='ltr'><strong>corde.</strong></span> 
     </span>
    </p>
   </div>
   <div class='ocr_carea' id='block_1_60' title="bbox 622 3356 2141 3435">
    <p class='ocr_par' dir='ltr' id='par_1_60' title="bbox 622 3356 2141 3435">
     <span class='ocr_line' id='line_1_60' title="bbox 622 3356 2141 3435; baseline -0.003 -15"><span class='ocrx_word' id='word_1_472' title='bbox 622 3365 849 3421; x_wconf 81' lang='lat' dir='ltr'><strong>Viduam</strong></span> <span class='ocrx_word' id='word_1_473' title='bbox 874 3370 925 3419; x_wconf 89' lang='lat' dir='ltr'><strong>et</strong></span> <span class='ocrx_word' id='word_1_474' title='bbox 951 3364 1202 3419; x_wconf 80' lang='lat' dir='ltr'><strong>advenam</strong></span> <span class='ocrx_word' id='word_1_475' title='bbox 1232 3356 1627 3435; x_wconf 75' lang='lat' dir='ltr'><strong>interfecerunt,</strong></span> <span class='ocrx_word' id='word_1_476' title='bbox 1664 3371 1713 3416; x_wconf 89' lang='lat' dir='ltr'><strong>et</strong></span> <span class='ocrx_word' id='word_1_477' title='bbox 1742 3360 1977 3432; x_wconf 80' lang='lat' dir='ltr'><strong>pupillos</strong></span> <span class='ocrx_word' id='word_1_478' title='bbox 2001 3363 2141 3418; x_wconf 85' lang='lat' dir='ltr'><strong>occi-</strong></span> 
     </span>
    </p>
   </div>
   <div class='ocr_carea' id='block_1_61' title="bbox 543 3451 2144 3519">
    <p class='ocr_par' dir='ltr' id='par_1_61' title="bbox 543 3451 2144 3519">
     <span class='ocr_line' id='line_1_61' title="bbox 543 3451 2144 3519; baseline -0.002 -6"><span class='ocrx_word' id='word_1_479' title='bbox 543 3460 737 3513; x_wconf 84' lang='lat' dir='ltr'><strong>derunt</strong></span> <span class='ocrx_word' id='word_1_480' title='bbox 767 3473 784 3511; x_wconf 81' lang='lat'><strong>.&#39;</strong></span> <span class='ocrx_word' id='word_1_481' title='bbox 816 3465 863 3510; x_wconf 86' lang='lat' dir='ltr'><strong>et</strong></span> <span class='ocrx_word' id='word_1_482' title='bbox 901 3455 1174 3519; x_wconf 65' lang='lat' dir='ltr'><strong>dixerunt,</strong></span> <span class='ocrx_word' id='word_1_483' title='bbox 1202 3471 1304 3509; x_wconf 89' lang='lat' dir='ltr'><strong>non</strong></span> <span class='ocrx_word' id='word_1_484' title='bbox 1339 3452 1527 3509; x_wconf 73' lang='lat' dir='ltr'><strong>uidebit</strong></span> <span class='ocrx_word' id='word_1_485' title='bbox 1556 3451 1834 3509; x_wconf 75' lang='lat' dir='ltr'><strong>Dominus.</strong></span> <span class='ocrx_word' id='word_1_486' title='bbox 1863 3452 2018 3509; x_wconf 77' lang='lat' dir='ltr'><strong>Licet</strong></span> <span class='ocrx_word' id='word_1_487' title='bbox 2042 3453 2144 3509; x_wconf 88' lang='lat' dir='ltr'><strong>hoc</strong></span> 
     </span>
    </p>
   </div>
   <div class='ocr_carea' id='block_1_62' title="bbox 546 3545 2143 3615">
    <p class='ocr_par' dir='ltr' id='par_1_62' title="bbox 546 3545 2143 3615">
     <span class='ocr_line' id='line_1_62' title="bbox 546 3545 2143 3615; baseline -0.001 -12"><span class='ocrx_word' id='word_1_488' title='bbox 546 3549 895 3603; x_wconf 76' lang='lat' dir='ltr'><strong>manifestum</strong></span> <span class='ocrx_word' id='word_1_489' title='bbox 943 3548 1016 3600; x_wconf 86' lang='lat' dir='ltr'><strong>sit</strong></span> <span class='ocrx_word' id='word_1_490' title='bbox 1057 3546 1357 3600; x_wconf 81' lang='lat' dir='ltr'><strong>secundum</strong></span> <span class='ocrx_word' id='word_1_491' title='bbox 1403 3545 1716 3609; x_wconf 78' lang='lat' dir='ltr'><strong>liiswriam,</strong></span> <span class='ocrx_word' id='word_1_492' title='bbox 1752 3559 1971 3615; x_wconf 84' lang='lat' dir='ltr'><strong>semper</strong></span> <span class='ocrx_word' id='word_1_493' title='bbox 1999 3547 2143 3601; x_wconf 76' lang='lat' dir='ltr'><strong>enim</strong></span> 
     </span>
    </p>
   </div>
   <div class='ocr_carea' id='block_1_63' title="bbox 546 3632 2147 3712">
    <p class='ocr_par' dir='ltr' id='par_1_63' title="bbox 546 3632 2147 3712">
     <span class='ocr_line' id='line_1_63' title="bbox 546 3632 2147 3712; baseline 0.001 -16"><span class='ocrx_word' id='word_1_494' title='bbox 546 3643 877 3712; x_wconf 83' lang='lat' dir='ltr'><strong>quicumque</strong></span> <span class='ocrx_word' id='word_1_495' title='bbox 921 3639 1175 3711; x_wconf 77' lang='lat' dir='ltr'><strong>pra-sidio</strong></span> <span class='ocrx_word' id='word_1_496' title='bbox 1213 3637 1457 3710; x_wconf 75' lang='lat' dir='ltr'><strong>indiget,</strong></span> <span class='ocrx_word' id='word_1_497' title='bbox 1498 3632 1662 3694; x_wconf 88' lang='lat' dir='ltr'><strong>facile</strong></span> <span class='ocrx_word' id='word_1_498' title='bbox 1702 3639 2047 3709; x_wconf 77' lang='lat' dir='ltr'><strong>opprimitur,</strong></span> <span class='ocrx_word' id='word_1_499' title='bbox 2091 3648 2147 3697; x_wconf 90' lang='lat' dir='ltr'><strong>et</strong></span> 
     </span>
    </p>
   </div>
   <div class='ocr_carea' id='block_1_64' title="bbox 547 3727 2147 3803">
    <p class='ocr_par' dir='ltr' id='par_1_64' title="bbox 547 3727 2147 3803">
     <span class='ocr_line' id='line_1_64' title="bbox 547 3727 2147 3803; baseline -0.002 -15"><span class='ocrx_word' id='word_1_500' title='bbox 547 3743 749 3802; x_wconf 87' lang='lat' dir='ltr'><strong>quanto</strong></span> <span class='ocrx_word' id='word_1_501' title='bbox 771 3733 970 3803; x_wconf 86' lang='lat' dir='ltr'><strong>aliquis</strong></span> <span class='ocrx_word' id='word_1_502' title='bbox 996 3730 1253 3786; x_wconf 79' lang='lat' dir='ltr'><strong>[inutilior</strong></span> <span class='ocrx_word' id='word_1_503' title='bbox 1267 3727 1448 3797; x_wconf 86' lang='lat' dir='ltr'><strong>fuerit,</strong></span> <span class='ocrx_word' id='word_1_504' title='bbox 1466 3738 1617 3786; x_wconf 86' lang='lat' dir='ltr'><strong>tanto</strong></span> <span class='ocrx_word' id='word_1_505' title='bbox 1647 3729 1740 3787; x_wconf 88' lang='lat' dir='ltr'><strong>ille</strong></span> <span class='ocrx_word' id='word_1_506' title='bbox 1759 3730 1928 3800; x_wconf 57' lang='lat' dir='ltr'><strong>magis</strong></span> <span class='ocrx_word' id='word_1_507' title='bbox 1945 3733 2147 3802; x_wconf 87' lang='lat' dir='ltr'><strong>quiop-</strong></span> 
     </span>
    </p>
   </div>
   <div class='ocr_carea' id='block_1_65' title="bbox 547 3820 2147 3895">
    <p class='ocr_par' dir='ltr' id='par_1_65' title="bbox 547 3820 2147 3895">
     <span class='ocr_line' id='line_1_65' title="bbox 547 3820 2147 3895; baseline 0 -16"><span class='ocrx_word' id='word_1_508' title='bbox 547 3824 766 3895; x_wconf 87' lang='lat' dir='ltr'><strong>primit.</strong></span> <span class='ocrx_word' id='word_1_509' title='bbox 791 3822 1018 3879; x_wconf 81' lang='lat' dir='ltr'><strong>offeudit</strong></span> <span class='ocrx_word' id='word_1_510' title='bbox 1041 3822 1211 3877; x_wconf 83' lang='lat' dir='ltr'><strong>Deum</strong></span> <span class='ocrx_word' id='word_1_511' title='bbox 1241 3841 1252 3875; x_wconf 91' lang='lat'>:</span> <span class='ocrx_word' id='word_1_512' title='bbox 1289 3832 1467 3877; x_wconf 86' lang='lat' dir='ltr'><strong>tamen</strong></span> <span class='ocrx_word' id='word_1_513' title='bbox 1493 3829 1550 3876; x_wconf 88' lang='lat' dir='ltr'><strong>et</strong></span> <span class='ocrx_word' id='word_1_514' title='bbox 1576 3820 1872 3876; x_wconf 86' lang='lat' dir='ltr'><strong>secundum</strong></span> <span class='ocrx_word' id='word_1_515' title='bbox 1907 3822 2147 3893; x_wconf 88' lang='lat' dir='ltr'><strong>tropolo-</strong></span> 
     </span>
    </p>
   </div>
   <div class='ocr_carea' id='block_1_66' title="bbox 546 3910 2147 3983">
    <p class='ocr_par' dir='ltr' id='par_1_66' title="bbox 546 3910 2147 3983">
     <span class='ocr_line' id='line_1_66' title="bbox 546 3910 2147 3983; baseline 0.003 -17"><span class='ocrx_word' id='word_1_516' title='bbox 546 3915 689 3983; x_wconf 79' lang='lat' dir='ltr'><strong>giain</strong></span> <span class='ocrx_word' id='word_1_517' title='bbox 721 3915 1177 3983; x_wconf 88' lang='lat' dir='ltr'><strong>interpretemur:</strong></span> <span class='ocrx_word' id='word_1_518' title='bbox 1202 3910 1445 3968; x_wconf 77' lang='lat' dir='ltr'><strong>dixeram</strong></span> <span class='ocrx_word' id='word_1_519' title='bbox 1469 3912 1613 3967; x_wconf 81' lang='lat' dir='ltr'><strong>enim</strong></span> <span class='ocrx_word' id='word_1_520' title='bbox 1643 3911 1711 3967; x_wconf 90' lang='lat' dir='ltr'><strong>de</strong></span> <span class='ocrx_word' id='word_1_521' title='bbox 1736 3911 2003 3970; x_wconf 81' lang='lat' dir='ltr'><strong>lia-reticis</strong></span> <span class='ocrx_word' id='word_1_522' title='bbox 2043 3913 2147 3971; x_wconf 83' lang='lat' dir='ltr'><strong>hoc</strong></span> 
     </span>
    </p>
   </div>
   <div class='ocr_carea' id='block_1_67' title="bbox 547 4004 2148 4079">
    <p class='ocr_par' dir='ltr' id='par_1_67' title="bbox 547 4004 2148 4079">
     <span class='ocr_line' id='line_1_67' title="bbox 547 4004 2148 4079; baseline 0.001 -18"><span class='ocrx_word' id='word_1_523' title='bbox 547 4004 679 4061; x_wconf 89' lang='lat' dir='ltr'><strong>dici.</strong></span> <span class='ocrx_word' id='word_1_524' title='bbox 717 4004 943 4060; x_wconf 80' lang='lat' dir='ltr'><strong>Viduam</strong></span> <span class='ocrx_word' id='word_1_525' title='bbox 969 4016 1015 4060; x_wconf 80' lang='lat' dir='ltr'><strong>et</strong></span> <span class='ocrx_word' id='word_1_526' title='bbox 1041 4005 1294 4059; x_wconf 80' lang='lat' dir='ltr'><strong>advenam</strong></span> <span class='ocrx_word' id='word_1_527' title='bbox 1312 4004 1700 4074; x_wconf 77' lang='lat' dir='ltr'><strong>interfecerunt.</strong></span> <span class='ocrx_word' id='word_1_528' title='bbox 1728 4004 1899 4062; x_wconf 80' lang='lat' dir='ltr'><strong>Vidua</strong></span> <span class='ocrx_word' id='word_1_529' title='bbox 1923 4006 2148 4079; x_wconf 60' lang='lat' dir='ltr'><strong>illaque</strong></span> 
     </span>
    </p>
   </div>
   <div class='ocr_carea' id='block_1_68' title="bbox 550 4098 2142 4170">
    <p class='ocr_par' dir='ltr' id='par_1_68' title="bbox 550 4098 2142 4170">
     <span class='ocr_line' id='line_1_68' title="bbox 550 4098 2142 4170; baseline -0.001 -13"><span class='ocrx_word' id='word_1_530' title='bbox 550 4100 720 4157; x_wconf 88' lang='lat' dir='ltr'><strong>Deum</strong></span> <span class='ocrx_word' id='word_1_531' title='bbox 754 4100 933 4155; x_wconf 86' lang='lat' dir='ltr'><strong>virum</strong></span> <span class='ocrx_word' id='word_1_532' title='bbox 978 4099 1180 4156; x_wconf 85' lang='lat' dir='ltr'><strong>habere</strong></span> <span class='ocrx_word' id='word_1_533' title='bbox 1223 4098 1443 4164; x_wconf 81' lang='lat' dir='ltr'><strong>desivit,</strong></span> <span class='ocrx_word' id='word_1_534' title='bbox 1472 4098 1653 4154; x_wconf 78' lang='lat' dir='ltr'><strong>anima</strong></span> <span class='ocrx_word' id='word_1_535' title='bbox 1709 4110 1793 4155; x_wconf 86' lang='lat' dir='ltr'><strong>est</strong></span> <span class='ocrx_word' id='word_1_536' title='bbox 1821 4099 2142 4170; x_wconf 75' lang='lat' dir='ltr'><strong>peccatoris.</strong></span> 
     </span>
    </p>
   </div>
   <div class='ocr_carea' id='block_1_69' title="bbox 549 4185 2145 4261">
    <p class='ocr_par' dir='ltr' id='par_1_69' title="bbox 549 4185 2145 4261">
     <span class='ocr_line' id='line_1_69' title="bbox 549 4185 2145 4261; baseline 0.003 -18"><span class='ocrx_word' id='word_1_537' title='bbox 549 4188 771 4245; x_wconf 82' lang='lat' dir='ltr'><strong>Advena</strong></span> <span class='ocrx_word' id='word_1_538' title='bbox 799 4199 882 4244; x_wconf 88' lang='lat' dir='ltr'><strong>est</strong></span> <span class='ocrx_word' id='word_1_539' title='bbox 933 4188 1024 4255; x_wconf 87' lang='lat' dir='ltr'><strong>qui</strong></span> <span class='ocrx_word' id='word_1_540' title='bbox 1054 4201 1162 4245; x_wconf 88' lang='lat' dir='ltr'><strong>non</strong></span> <span class='ocrx_word' id='word_1_541' title='bbox 1189 4197 1273 4242; x_wconf 87' lang='lat' dir='ltr'><strong>est</strong></span> <span class='ocrx_word' id='word_1_542' title='bbox 1321 4185 1615 4255; x_wconf 78' lang='lat' dir='ltr'><strong>habitator,</strong></span> <span class='ocrx_word' id='word_1_543' title='bbox 1649 4187 1752 4245; x_wconf 88' lang='lat' dir='ltr'><strong>hoc</strong></span> <span class='ocrx_word' id='word_1_544' title='bbox 1782 4200 1888 4257; x_wconf 87' lang='lat' dir='ltr'><strong>est,</strong></span> <span class='ocrx_word' id='word_1_545' title='bbox 1916 4190 2006 4261; x_wconf 87' lang='lat' dir='ltr'><strong>qui</strong></span> <span class='ocrx_word' id='word_1_546' title='bbox 2038 4205 2145 4247; x_wconf 81' lang='lat' dir='ltr'><strong>non</strong></span> 
     </span>
    </p>
   </div>
   <div class='ocr_carea' id='block_1_70' title="bbox 550 4278 2149 4351">
    <p class='ocr_par' dir='ltr' id='par_1_70' title="bbox 550 4278 2149 4351">
     <span class='ocr_line' id='line_1_70' title="bbox 550 4278 2149 4351; baseline 0.006 -18"><span class='ocrx_word' id='word_1_547' title='bbox 550 4280 781 4335; x_wconf 86' lang='lat' dir='ltr'><strong>habitat.</strong></span> <span class='ocrx_word' id='word_1_548' title='bbox 809 4278 907 4336; x_wconf 88' lang='lat' dir='ltr'><strong>Ille</strong></span> <span class='ocrx_word' id='word_1_549' title='bbox 935 4278 1031 4349; x_wconf 87' lang='lat' dir='ltr'><strong>qui</strong></span> <span class='ocrx_word' id='word_1_550' title='bbox 1054 4294 1228 4348; x_wconf 84' lang='lat' dir='ltr'><strong>nuper</strong></span> <span class='ocrx_word' id='word_1_551' title='bbox 1251 4278 1585 4346; x_wconf 84' lang='lat' dir='ltr'><strong>crediderat,</strong></span> <span class='ocrx_word' id='word_1_552' title='bbox 1621 4291 1847 4351; x_wconf 89' lang='lat' dir='ltr'><strong>repente</strong></span> <span class='ocrx_word' id='word_1_553' title='bbox 1875 4282 2149 4342; x_wconf 81' lang='lat' dir='ltr'><strong>scandali-</strong></span> 
     </span>
    </p>
   </div>
   <div class='ocr_carea' id='block_1_71' title="bbox 549 4368 2148 4442">
    <p class='ocr_par' dir='ltr' id='par_1_71' title="bbox 549 4368 2148 4442">
     <span class='ocr_line' id='line_1_71' title="bbox 549 4368 2148 4442; baseline 0.003 -15"><span class='ocrx_word' id='word_1_554' title='bbox 549 4379 703 4427; x_wconf 77' lang='lat' dir='ltr'><strong>zatus</strong></span> <span class='ocrx_word' id='word_1_555' title='bbox 746 4370 907 4441; x_wconf 82' lang='lat' dir='ltr'><strong>perit.</strong></span> <span class='ocrx_word' id='word_1_556' title='bbox 939 4368 1005 4424; x_wconf 84' lang='lat' dir='ltr'><strong>Et</strong></span> <span class='ocrx_word' id='word_1_557' title='bbox 1038 4368 1266 4442; x_wconf 81' lang='lat' dir='ltr'><strong>pupillos</strong></span> <span class='ocrx_word' id='word_1_558' title='bbox 1291 4369 1618 4440; x_wconf 74' lang='lat' dir='ltr'><strong>occiderunt,</strong></span> <span class='ocrx_word' id='word_1_559' title='bbox 1649 4380 1698 4426; x_wconf 88' lang='lat' dir='ltr'><strong>et</strong></span> <span class='ocrx_word' id='word_1_560' title='bbox 1722 4371 1966 4429; x_wconf 68' lang='lat' dir='ltr'><strong>dixerunt</strong></span> <span class='ocrx_word' id='word_1_561' title='bbox 1996 4389 2015 4428; x_wconf 92' lang='lat'><strong><em>:</em></strong></span> <span class='ocrx_word' id='word_1_562' title='bbox 2044 4391 2148 4431; x_wconf 84' lang='lat' dir='ltr'><strong>non</strong></span> 
     </span>
    </p>
   </div>
   <div class='ocr_carea' id='block_1_72' title="bbox 551 4460 2146 4533">
    <p class='ocr_par' dir='ltr' id='par_1_72' title="bbox 551 4460 2146 4533">
     <span class='ocr_line' id='line_1_72' title="bbox 551 4460 2146 4533; baseline 0.005 -17"><span class='ocrx_word' id='word_1_563' title='bbox 551 4461 741 4517; x_wconf 73' lang='lat' dir='ltr'><strong>uidebit</strong></span> <span class='ocrx_word' id='word_1_564' title='bbox 754 4460 1026 4517; x_wconf 88' lang='lat' dir='ltr'><strong>Dominus.</strong></span> <span class='ocrx_word' id='word_1_565' title='bbox 1044 4461 1301 4517; x_wconf 75' lang='lat' dir='ltr'><strong>Miramur</strong></span> <span class='ocrx_word' id='word_1_566' title='bbox 1312 4462 1357 4516; x_wconf 91' lang='lat' dir='ltr'><strong>si</strong></span> <span class='ocrx_word' id='word_1_567' title='bbox 1374 4461 1561 4533; x_wconf 83' lang='lat' dir='ltr'><strong>pupilli</strong></span> <span class='ocrx_word' id='word_1_568' title='bbox 1584 4462 1859 4530; x_wconf 89' lang='lat' dir='ltr'><strong>dicuntur,</strong></span> <span class='ocrx_word' id='word_1_569' title='bbox 1880 4465 1972 4522; x_wconf 91' lang='lat' dir='ltr'><strong>ubi</strong></span> <span class='ocrx_word' id='word_1_570' title='bbox 1991 4465 2146 4525; x_wconf 74' lang='lat' dir='ltr'><strong>vidua</strong></span> 
     </span>
    </p>
   </div>
   <div class='ocr_carea' id='block_1_73' title="bbox 2250 3251 3845 3310">
    <p class='ocr_par' dir='ltr' id='par_1_73' title="bbox 2250 3251 3845 3310">
     <span class='ocr_line' id='line_1_73' title="bbox 2250 3251 3845 3310; baseline 0.001 -2"><span class='ocrx_word' id='word_1_571' title='bbox 2250 3253 2355 3308; x_wconf 86' lang='lat' dir='ltr'><strong>tius</strong></span> <span class='ocrx_word' id='word_1_572' title='bbox 2402 3253 2509 3309; x_wconf 90' lang='lat' dir='ltr'><strong>dici</strong></span> <span class='ocrx_word' id='word_1_573' title='bbox 2552 3271 2562 3305; x_wconf 92' lang='lat'><strong>:</strong></span> <span class='ocrx_word' id='word_1_574' title='bbox 2604 3252 2746 3308; x_wconf 86' lang='lat' dir='ltr'><strong>Ecce</strong></span> <span class='ocrx_word' id='word_1_575' title='bbox 2791 3251 3102 3309; x_wconf 72' lang='lat' dir='ltr'><strong>rusticanus</strong></span> <span class='ocrx_word' id='word_1_576' title='bbox 3163 3261 3351 3310; x_wconf 87' lang='lat' dir='ltr'><strong>noster</strong></span> <span class='ocrx_word' id='word_1_577' title='bbox 3404 3253 3669 3310; x_wconf 71' lang='lat' dir='ltr'><strong>Hebraeus</strong></span> <span class='ocrx_word' id='word_1_578' title='bbox 3721 3262 3845 3310; x_wconf 82' lang='lat' dir='ltr'><strong>ante</strong></span> 
     </span>
    </p>
   </div>
   <div class='ocr_carea' id='block_1_74' title="bbox 2250 3344 3844 3419">
    <p class='ocr_par' dir='ltr' id='par_1_74' title="bbox 2250 3344 3844 3419">
     <span class='ocr_line' id='line_1_74' title="bbox 2250 3344 3844 3419; baseline -0.002 -15"><span class='ocrx_word' id='word_1_579' title='bbox 2250 3356 2398 3404; x_wconf 84' lang='lat' dir='ltr'><strong>tanta</strong></span> <span class='ocrx_word' id='word_1_580' title='bbox 2432 3346 2631 3403; x_wconf 70' lang='lat' dir='ltr'><strong>saecula</strong></span> <span class='ocrx_word' id='word_1_581' title='bbox 2667 3346 2769 3403; x_wconf 87' lang='lat' dir='ltr'><strong>hoc</strong></span> <span class='ocrx_word' id='word_1_582' title='bbox 2801 3347 3014 3403; x_wconf 88' lang='lat' dir='ltr'><strong>locutus</strong></span> <span class='ocrx_word' id='word_1_583' title='bbox 3039 3357 3144 3402; x_wconf 86' lang='lat' dir='ltr'><strong>est.</strong></span> <span class='ocrx_word' id='word_1_584' title='bbox 3176 3346 3246 3402; x_wconf 88' lang='lat' dir='ltr'><strong>Et</strong></span> <span class='ocrx_word' id='word_1_585' title='bbox 3284 3344 3410 3419; x_wconf 92' lang='lat' dir='ltr'><strong>quid</strong></span> <span class='ocrx_word' id='word_1_586' title='bbox 3444 3347 3623 3403; x_wconf 77' lang='lat' dir='ltr'><strong>dixit?</strong></span> <span class='ocrx_word' id='word_1_587' title='bbox 3673 3345 3844 3401; x_wconf 82' lang='lat' dir='ltr'><strong>Domi-</strong></span> 
     </span>
    </p>
   </div>
   <div class='ocr_carea' id='block_1_75' title="bbox 2249 3438 3841 3513">
    <p class='ocr_par' dir='ltr' id='par_1_75' title="bbox 2249 3438 3841 3513">
     <span class='ocr_line' id='line_1_75' title="bbox 2249 3438 3841 3513; baseline 0.001 -19"><span class='ocrx_word' id='word_1_588' title='bbox 2249 3458 2343 3496; x_wconf 84' lang='lat' dir='ltr'><strong>nus</strong></span> <span class='ocrx_word' id='word_1_589' title='bbox 2370 3442 2467 3496; x_wconf 88' lang='lat' dir='ltr'><strong>scit</strong></span> <span class='ocrx_word' id='word_1_590' title='bbox 2506 3440 2840 3513; x_wconf 81' lang='lat' dir='ltr'><strong>cogitationes</strong></span> <span class='ocrx_word' id='word_1_591' title='bbox 2886 3438 3156 3496; x_wconf 82' lang='lat' dir='ltr'><strong>hominum</strong></span> <span class='ocrx_word' id='word_1_592' title='bbox 3188 3457 3205 3495; x_wconf 89' lang='lat'><strong><em>:</em></strong></span> <span class='ocrx_word' id='word_1_593' title='bbox 3236 3441 3484 3513; x_wconf 87' lang='lat' dir='ltr'><strong>quoniam</strong></span> <span class='ocrx_word' id='word_1_594' title='bbox 3521 3457 3666 3496; x_wconf 70' lang='lat' dir='ltr'><strong>cana</strong></span> <span class='ocrx_word' id='word_1_595' title='bbox 3707 3451 3841 3497; x_wconf 89' lang='lat' dir='ltr'><strong>sunt.</strong></span> 
     </span>
    </p>
   </div>
   <div class='ocr_carea' id='block_1_76' title="bbox 2255 3528 3842 3605">
    <p class='ocr_par' dir='ltr' id='par_1_76' title="bbox 2255 3528 3842 3605">
     <span class='ocr_line' id='line_1_76' title="bbox 2255 3528 3842 3605; baseline -0.001 -16"><span class='ocrx_word' id='word_1_596' title='bbox 2255 3528 2425 3590; x_wconf 68' lang='lat' dir='ltr'><strong>Vultis</strong></span> <span class='ocrx_word' id='word_1_597' title='bbox 2469 3535 2614 3591; x_wconf 85' lang='lat' dir='ltr'><strong>scire</strong></span> <span class='ocrx_word' id='word_1_598' title='bbox 2659 3531 2913 3605; x_wconf 89' lang='lat' dir='ltr'><strong>quoniam</strong></span> <span class='ocrx_word' id='word_1_599' title='bbox 2961 3531 3322 3605; x_wconf 85' lang='lat' dir='ltr'><strong>cogitationes</strong></span> <span class='ocrx_word' id='word_1_600' title='bbox 3351 3533 3637 3589; x_wconf 84' lang='lat' dir='ltr'><strong>hominum</strong></span> <span class='ocrx_word' id='word_1_601' title='bbox 3691 3548 3842 3588; x_wconf 65' lang='lat' dir='ltr'><strong>vanae</strong></span> 
     </span>
    </p>
   </div>
   <div class='ocr_carea' id='block_1_77' title="bbox 2249 3625 3840 3699">
    <p class='ocr_par' dir='ltr' id='par_1_77' title="bbox 2249 3625 3840 3699">
     <span class='ocr_line' id='line_1_77' title="bbox 2249 3625 3840 3699; baseline 0.001 -17"><span class='ocrx_word' id='word_1_602' title='bbox 2249 3626 2411 3682; x_wconf 80' lang='lat' dir='ltr'><strong>sunt?</strong></span> <span class='ocrx_word' id='word_1_603' title='bbox 2458 3625 2622 3682; x_wconf 88' lang='lat' dir='ltr'><strong>Pater</strong></span> <span class='ocrx_word' id='word_1_604' title='bbox 2668 3637 2723 3683; x_wconf 91' lang='lat' dir='ltr'><strong>et</strong></span> <span class='ocrx_word' id='word_1_605' title='bbox 2751 3636 2926 3682; x_wconf 75' lang='lat' dir='ltr'><strong>mater</strong></span> <span class='ocrx_word' id='word_1_606' title='bbox 2972 3629 3218 3683; x_wconf 90' lang='lat' dir='ltr'><strong>nutriunt</strong></span> <span class='ocrx_word' id='word_1_607' title='bbox 3266 3626 3481 3682; x_wconf 87' lang='lat' dir='ltr'><strong>tilium:</strong></span> <span class='ocrx_word' id='word_1_608' title='bbox 3525 3627 3840 3699; x_wconf 85' lang='lat' dir='ltr'><strong>promittunt</strong></span> 
     </span>
    </p>
   </div>
   <div class='ocr_carea' id='block_1_78' title="bbox 2250 3719 3832 3790">
    <p class='ocr_par' dir='ltr' id='par_1_78' title="bbox 2250 3719 3832 3790">
     <span class='ocr_line' id='line_1_78' title="bbox 2250 3719 3832 3790; baseline -0.001 -14"><span class='ocrx_word' id='word_1_609' title='bbox 2250 3720 2352 3777; x_wconf 86' lang='lat' dir='ltr'><strong>sibi</strong></span> <span class='ocrx_word' id='word_1_610' title='bbox 2372 3720 2440 3777; x_wconf 88' lang='lat' dir='ltr'><strong>de</strong></span> <span class='ocrx_word' id='word_1_611' title='bbox 2463 3720 2558 3777; x_wconf 88' lang='lat' dir='ltr'><strong>illo</strong></span> <span class='ocrx_word' id='word_1_612' title='bbox 2586 3719 2903 3778; x_wconf 85' lang='lat' dir='ltr'><strong>felicitatem</strong></span> <span class='ocrx_word' id='word_1_613' title='bbox 2938 3739 2951 3777; x_wconf 87' lang='lat'><strong>:</strong></span> <span class='ocrx_word' id='word_1_614' title='bbox 2985 3723 3208 3779; x_wconf 89' lang='lat' dir='ltr'><strong>mittunt</strong></span> <span class='ocrx_word' id='word_1_615' title='bbox 3233 3721 3299 3776; x_wconf 88' lang='lat' dir='ltr'><strong>ad</strong></span> <span class='ocrx_word' id='word_1_616' title='bbox 3329 3722 3530 3790; x_wconf 84' lang='lat' dir='ltr'><strong>studia,</strong></span> <span class='ocrx_word' id='word_1_617' title='bbox 3555 3719 3832 3777; x_wconf 84' lang='lat' dir='ltr'><strong>erudiunt:</strong></span> 
     </span>
    </p>
   </div>
   <div class='ocr_carea' id='block_1_79' title="bbox 2249 3811 3838 3885">
    <p class='ocr_par' dir='ltr' id='par_1_79' title="bbox 2249 3811 3838 3885">
     <span class='ocr_line' id='line_1_79' title="bbox 2249 3811 3838 3885; baseline 0.001 -17"><span class='ocrx_word' id='word_1_618' title='bbox 2249 3811 2395 3868; x_wconf 90' lang='lat' dir='ltr'><strong>venit</strong></span> <span class='ocrx_word' id='word_1_619' title='bbox 2442 3827 2614 3882; x_wconf 85' lang='lat' dir='ltr'><strong>usque</strong></span> <span class='ocrx_word' id='word_1_620' title='bbox 2673 3812 2741 3868; x_wconf 89' lang='lat' dir='ltr'><strong>ad</strong></span> <span class='ocrx_word' id='word_1_621' title='bbox 2767 3812 3220 3879; x_wconf 87' lang='lat' dir='ltr'><strong>adulescentiam,</strong></span> <span class='ocrx_word' id='word_1_622' title='bbox 3266 3813 3567 3885; x_wconf 84' lang='lat' dir='ltr'><strong>disponunt</strong></span> <span class='ocrx_word' id='word_1_623' title='bbox 3592 3823 3654 3869; x_wconf 89' lang='lat' dir='ltr'><strong>ut</strong></span> <span class='ocrx_word' id='word_1_624' title='bbox 3681 3814 3838 3870; x_wconf 84' lang='lat' dir='ltr'><strong>etiam</strong></span> 
     </span>
    </p>
   </div>
   <div class='ocr_carea' id='block_1_80' title="bbox 2250 3899 3837 3975">
    <p class='ocr_par' dir='ltr' id='par_1_80' title="bbox 2250 3899 3837 3975">
     <span class='ocr_line' id='line_1_80' title="bbox 2250 3899 3837 3975; baseline 0.001 -17"><span class='ocrx_word' id='word_1_625' title='bbox 2250 3902 2468 3958; x_wconf 86' lang='lat' dir='ltr'><strong>militet.</strong></span> <span class='ocrx_word' id='word_1_626' title='bbox 2519 3899 2654 3959; x_wconf 89' lang='lat' dir='ltr'><strong>Cum</strong></span> <span class='ocrx_word' id='word_1_627' title='bbox 2703 3903 2882 3958; x_wconf 90' lang='lat' dir='ltr'><strong>omnia</strong></span> <span class='ocrx_word' id='word_1_628' title='bbox 2948 3903 3300 3975; x_wconf 85' lang='lat' dir='ltr'><strong>cogitaverim</strong></span> <span class='ocrx_word' id='word_1_629' title='bbox 3368 3919 3465 3973; x_wconf 90' lang='lat' dir='ltr'><strong>per</strong></span> <span class='ocrx_word' id='word_1_630' title='bbox 3520 3918 3692 3959; x_wconf 83' lang='lat' dir='ltr'><strong>annos</strong></span> <span class='ocrx_word' id='word_1_631' title='bbox 3746 3904 3837 3960; x_wconf 91' lang='lat' dir='ltr'><strong>tri-</strong></span> 
     </span>
    </p>
   </div>
   <div class='ocr_carea' id='block_1_81' title="bbox 2249 3992 3837 4069">
    <p class='ocr_par' dir='ltr' id='par_1_81' title="bbox 2249 3992 3837 4069">
     <span class='ocr_line' id='line_1_81' title="bbox 2249 3992 3837 4069; baseline 0.003 -20"><span class='ocrx_word' id='word_1_632' title='bbox 2249 3993 2425 4066; x_wconf 87' lang='lat' dir='ltr'><strong>ginta,</strong></span> <span class='ocrx_word' id='word_1_633' title='bbox 2460 4009 2565 4049; x_wconf 87' lang='lat' dir='ltr'><strong>una</strong></span> <span class='ocrx_word' id='word_1_634' title='bbox 2622 3992 2883 4051; x_wconf 76' lang='lat' dir='ltr'><strong>febricula</strong></span> <span class='ocrx_word' id='word_1_635' title='bbox 2927 3997 3096 4063; x_wconf 88' lang='lat' dir='ltr'><strong>venit,</strong></span> <span class='ocrx_word' id='word_1_636' title='bbox 3150 4006 3208 4052; x_wconf 88' lang='lat' dir='ltr'><strong>et</strong></span> <span class='ocrx_word' id='word_1_637' title='bbox 3237 3996 3381 4053; x_wconf 89' lang='lat' dir='ltr'><strong>tollit</strong></span> <span class='ocrx_word' id='word_1_638' title='bbox 3428 4012 3621 4055; x_wconf 85' lang='lat' dir='ltr'><strong>omnes</strong></span> <span class='ocrx_word' id='word_1_639' title='bbox 3648 4001 3837 4069; x_wconf 84' lang='lat' dir='ltr'><strong>cogita-</strong></span> 
     </span>
    </p>
   </div>
   <div class='ocr_carea' id='block_1_82' title="bbox 2254 4089 3835 4165">
    <p class='ocr_par' dir='ltr' id='par_1_82' title="bbox 2254 4089 3835 4165">
     <span class='ocr_line' id='line_1_82' title="bbox 2254 4089 3835 4165; baseline 0.001 -18"><span class='ocrx_word' id='word_1_640' title='bbox 2254 4100 2451 4147; x_wconf 84' lang='lat' dir='ltr'><strong>tiones.</strong></span> <span class='ocrx_word' id='word_1_641' title='bbox 2503 4089 2790 4148; x_wconf 85' lang='lat' dir='ltr'><strong>Inimicum</strong></span> <span class='ocrx_word' id='word_1_642' title='bbox 2822 4091 2998 4149; x_wconf 88' lang='lat' dir='ltr'><strong>babeu</strong></span> <span class='ocrx_word' id='word_1_643' title='bbox 3032 4109 3045 4146; x_wconf 87' lang='lat'><strong>:</strong></span> <span class='ocrx_word' id='word_1_644' title='bbox 3072 4102 3125 4146; x_wconf 88' lang='lat' dir='ltr'><strong>ct</strong></span> <span class='ocrx_word' id='word_1_645' title='bbox 3153 4092 3271 4149; x_wconf 88' lang='lat' dir='ltr'><strong>dies</strong></span> <span class='ocrx_word' id='word_1_646' title='bbox 3296 4092 3486 4165; x_wconf 83' lang='lat' dir='ltr'><strong>judicii</strong></span> <span class='ocrx_word' id='word_1_647' title='bbox 3539 4102 3626 4148; x_wconf 76' lang='lat' dir='ltr'><strong>est</strong></span> <span class='ocrx_word' id='word_1_648' title='bbox 3653 4093 3716 4148; x_wconf 86' lang='lat' dir='ltr'><strong>ad</strong></span> <span class='ocrx_word' id='word_1_649' title='bbox 3749 4095 3835 4148; x_wconf 87' lang='lat' dir='ltr'><strong>tri-</strong></span> 
     </span>
    </p>
   </div>
   <div class='ocr_carea' id='block_1_83' title="bbox 2255 4183 3833 4258">
    <p class='ocr_par' dir='ltr' id='par_1_83' title="bbox 2255 4183 3833 4258">
     <span class='ocr_line' id='line_1_83' title="bbox 2255 4183 3833 4258; baseline 0.001 -18"><span class='ocrx_word' id='word_1_650' title='bbox 2255 4183 2406 4257; x_wconf 87' lang='lat' dir='ltr'><strong>ginta</strong></span> <span class='ocrx_word' id='word_1_651' title='bbox 2431 4186 2568 4253; x_wconf 89' lang='lat' dir='ltr'><strong>dies,</strong></span> <span class='ocrx_word' id='word_1_652' title='bbox 2592 4185 2784 4242; x_wconf 86' lang='lat' dir='ltr'><strong>diebus</strong></span> <span class='ocrx_word' id='word_1_653' title='bbox 2814 4192 2871 4241; x_wconf 87' lang='lat' dir='ltr'><strong>ct</strong></span> <span class='ocrx_word' id='word_1_654' title='bbox 2895 4185 3147 4241; x_wconf 88' lang='lat' dir='ltr'><strong>noctibus</strong></span> <span class='ocrx_word' id='word_1_655' title='bbox 3174 4184 3306 4241; x_wconf 87' lang='lat' dir='ltr'><strong>nihil</strong></span> <span class='ocrx_word' id='word_1_656' title='bbox 3334 4184 3481 4241; x_wconf 87' lang='lat' dir='ltr'><strong>aliud</strong></span> <span class='ocrx_word' id='word_1_657' title='bbox 3511 4188 3712 4258; x_wconf 87' lang='lat' dir='ltr'><strong>cogito,</strong></span> <span class='ocrx_word' id='word_1_658' title='bbox 3739 4186 3833 4241; x_wconf 84' lang='lat' dir='ltr'><strong>nisi</strong></span> 
     </span>
    </p>
   </div>
   <div class='ocr_carea' id='block_1_84' title="bbox 2251 4275 3835 4350">
    <p class='ocr_par' dir='ltr' id='par_1_84' title="bbox 2251 4275 3835 4350">
     <span class='ocr_line' id='line_1_84' title="bbox 2251 4275 3835 4350; baseline 0 -18"><span class='ocrx_word' id='word_1_659' title='bbox 2251 4277 2396 4350; x_wconf 90' lang='lat' dir='ltr'><strong>quod</strong></span> <span class='ocrx_word' id='word_1_660' title='bbox 2442 4276 2517 4333; x_wconf 88' lang='lat' dir='ltr'><strong>illi</strong></span> <span class='ocrx_word' id='word_1_661' title='bbox 2550 4277 2931 4349; x_wconf 82' lang='lat' dir='ltr'><strong>respondeam.</strong></span> <span class='ocrx_word' id='word_1_662' title='bbox 2978 4275 3035 4331; x_wconf 85' lang='lat' dir='ltr'><strong>In</strong></span> <span class='ocrx_word' id='word_1_663' title='bbox 3068 4276 3271 4333; x_wconf 87' lang='lat' dir='ltr'><strong>lectulo</strong></span> <span class='ocrx_word' id='word_1_664' title='bbox 3297 4292 3418 4332; x_wconf 88' lang='lat' dir='ltr'><strong>meo</strong></span> <span class='ocrx_word' id='word_1_665' title='bbox 3444 4292 3589 4348; x_wconf 88' lang='lat' dir='ltr'><strong>sum,</strong></span> <span class='ocrx_word' id='word_1_666' title='bbox 3621 4289 3675 4334; x_wconf 87' lang='lat' dir='ltr'><strong>et</strong></span> <span class='ocrx_word' id='word_1_667' title='bbox 3700 4279 3835 4348; x_wconf 83' lang='lat' dir='ltr'><strong>cegi-</strong></span> 
     </span>
    </p>
   </div>
   <div class='ocr_carea' id='block_1_85' title="bbox 2255 4367 3829 4441">
    <p class='ocr_par' dir='ltr' id='par_1_85' title="bbox 2255 4367 3829 4441">
     <span class='ocr_line' id='line_1_85' title="bbox 2255 4367 3829 4441; baseline 0 -15"><span class='ocrx_word' id='word_1_668' title='bbox 2255 4368 2391 4426; x_wconf 83' lang='lat' dir='ltr'><strong>talio</strong></span> <span class='ocrx_word' id='word_1_669' title='bbox 2442 4387 2561 4426; x_wconf 83' lang='lat' dir='ltr'><strong>mea</strong></span> <span class='ocrx_word' id='word_1_670' title='bbox 2612 4367 2825 4426; x_wconf 85' lang='lat' dir='ltr'><strong>absenti</strong></span> <span class='ocrx_word' id='word_1_671' title='bbox 2852 4369 3149 4441; x_wconf 66' lang='lat' dir='ltr'><strong>resiioudet</strong></span> <span class='ocrx_word' id='word_1_672' title='bbox 3199 4370 3440 4426; x_wconf 90' lang='lat' dir='ltr'><strong>inimico.</strong></span> <span class='ocrx_word' id='word_1_673' title='bbox 3478 4369 3599 4427; x_wconf 81' lang='lat' dir='ltr'><strong>Non</strong></span> <span class='ocrx_word' id='word_1_674' title='bbox 3638 4370 3829 4428; x_wconf 77' lang='lat' dir='ltr'><strong>esttibi</strong></span> 
     </span>
    </p>
   </div>
   <div class='ocr_carea' id='block_1_86' title="bbox 2254 4460 3831 4531">
    <p class='ocr_par' dir='ltr' id='par_1_86' title="bbox 2254 4460 3831 4531">
     <span class='ocr_line' id='line_1_86' title="bbox 2254 4460 3831 4531; baseline 0.003 -15"><span class='ocrx_word' id='word_1_675' title='bbox 2254 4462 2528 4530; x_wconf 88' lang='lat' dir='ltr'><strong>inimicus,</strong></span> <span class='ocrx_word' id='word_1_676' title='bbox 2581 4471 2641 4518; x_wconf 92' lang='lat' dir='ltr'><strong>et</strong></span> <span class='ocrx_word' id='word_1_677' title='bbox 2684 4460 2851 4519; x_wconf 87' lang='lat' dir='ltr'><strong>verba</strong></span> <span class='ocrx_word' id='word_1_678' title='bbox 2883 4460 3214 4531; x_wconf 84' lang='lat' dir='ltr'><strong>respondent</strong></span> <span class='ocrx_word' id='word_1_679' title='bbox 3262 4460 3507 4518; x_wconf 87' lang='lat' dir='ltr'><strong>inimico.</strong></span> <span class='ocrx_word' id='word_1_680' title='bbox 3556 4462 3752 4521; x_wconf 89' lang='lat' dir='ltr'><strong>Diebus</strong></span> <span class='ocrx_word' id='word_1_681' title='bbox 3781 4470 3831 4520; x_wconf 90' lang='lat' dir='ltr'><strong>et</strong></span> 
     </span>
    </p>
   </div>
   <div class='ocr_carea' id='block_1_87' title="bbox 549 4550 3827 4629">
    <p class='ocr_par' dir='ltr' id='par_1_87' title="bbox 549 4550 3827 4629">
     <span class='ocr_line' id='line_1_87' title="bbox 549 4550 3827 4629; baseline 0 -21"><span class='ocrx_word' id='word_1_682' title='bbox 549 4552 673 4608; x_wconf 84' lang='lat' dir='ltr'><strong>est?</strong></span> <span class='ocrx_word' id='word_1_683' title='bbox 697 4552 841 4606; x_wconf 87' lang='lat' dir='ltr'><strong>sicut</strong></span> <span class='ocrx_word' id='word_1_684' title='bbox 868 4551 1011 4607; x_wconf 90' lang='lat' dir='ltr'><strong>enim</strong></span> <span class='ocrx_word' id='word_1_685' title='bbox 1040 4550 1223 4621; x_wconf 82' lang='lat' dir='ltr'><strong>vidua,</strong></span> <span class='ocrx_word' id='word_1_686' title='bbox 1257 4552 1436 4609; x_wconf 85' lang='lat' dir='ltr'><strong>anima</strong></span> <span class='ocrx_word' id='word_1_687' title='bbox 1463 4553 1768 4625; x_wconf 84' lang='lat' dir='ltr'><strong>peccatoris</strong></span> <span class='ocrx_word' id='word_1_688' title='bbox 1797 4566 1881 4613; x_wconf 89' lang='lat' dir='ltr'><strong>est</strong></span> <span class='ocrx_word' id='word_1_689' title='bbox 1909 4557 2021 4617; x_wconf 81' lang='lat' dir='ltr'><strong>:sic</strong></span> <span class='ocrx_word' id='word_1_690' title='bbox 2044 4573 2145 4629; x_wconf 84' lang='lat' dir='ltr'><strong>pu-</strong></span> <span class='ocrx_word' id='word_1_691' title='bbox 2175 4559 2226 4623; x_wconf 86' lang='grc'><strong>1)</strong></span> <span class='ocrx_word' id='word_1_692' title='bbox 2252 4554 2503 4613; x_wconf 83' lang='lat' dir='ltr'><strong>nectibus</strong></span> <span class='ocrx_word' id='word_1_693' title='bbox 2530 4555 2584 4611; x_wconf 93' lang='lat' dir='ltr'><strong>in</strong></span> <span class='ocrx_word' id='word_1_694' title='bbox 2616 4555 2948 4626; x_wconf 84' lang='lat' dir='ltr'><strong>cogitatione</strong></span> <span class='ocrx_word' id='word_1_695' title='bbox 2976 4569 3119 4610; x_wconf 88' lang='lat' dir='ltr'><strong>sum.</strong></span> <span class='ocrx_word' id='word_1_696' title='bbox 3143 4551 3278 4609; x_wconf 81' lang='lat' dir='ltr'><strong>Cum</strong></span> <span class='ocrx_word' id='word_1_697' title='bbox 3300 4563 3485 4610; x_wconf 87' lang='lat' dir='ltr'><strong>autem</strong></span> <span class='ocrx_word' id='word_1_698' title='bbox 3513 4555 3631 4610; x_wconf 88' lang='lat' dir='ltr'><strong>dies</strong></span> <span class='ocrx_word' id='word_1_699' title='bbox 3653 4553 3827 4625; x_wconf 76' lang='lat' dir='ltr'><strong>iudicii</strong></span> 
     </span>
    </p>
   </div>
   <div class='ocr_carea' id='block_1_88' title="bbox 548 4643 2140 4716">
    <p class='ocr_par' dir='ltr' id='par_1_88' title="bbox 548 4643 2140 4716">
     <span class='ocr_line' id='line_1_88' title="bbox 548 4643 2140 4716; baseline 0.008 -21"><span class='ocrx_word' id='word_1_700' title='bbox 548 4643 847 4715; x_wconf 83' lang='lat' dir='ltr'><strong>pillosillos</strong></span> <span class='ocrx_word' id='word_1_701' title='bbox 864 4643 1019 4711; x_wconf 86' lang='lat' dir='ltr'><strong>dicit,</strong></span> <span class='ocrx_word' id='word_1_702' title='bbox 1033 4643 1125 4716; x_wconf 87' lang='lat' dir='ltr'><strong>qui</strong></span> <span class='ocrx_word' id='word_1_703' title='bbox 1152 4643 1368 4703; x_wconf 85' lang='lat' dir='ltr'><strong>Patrem</strong></span> <span class='ocrx_word' id='word_1_704' title='bbox 1391 4646 1698 4704; x_wconf 84' lang='lat' dir='ltr'><strong>amiserunt</strong></span> <span class='ocrx_word' id='word_1_705' title='bbox 1727 4648 1928 4706; x_wconf 76' lang='lat' dir='ltr'><strong>habere</strong></span> <span class='ocrx_word' id='word_1_706' title='bbox 1947 4649 2140 4709; x_wconf 81' lang='lat' dir='ltr'><strong>Deum:</strong></span> 
     </span>
    </p>
   </div>
   <div class='ocr_carea' id='block_1_89' title="bbox 626 4732 2145 4806">
    <p class='ocr_par' dir='ltr' id='par_1_89' title="bbox 626 4732 2145 4806">
     <span class='ocr_line' id='line_1_89' title="bbox 626 4732 2145 4806; baseline 0.007 -15"><span class='ocrx_word' id='word_1_707' title='bbox 626 4736 691 4791; x_wconf 83' lang='lat' dir='ltr'><strong>Et</strong></span> <span class='ocrx_word' id='word_1_708' title='bbox 722 4737 986 4793; x_wconf 76' lang='lat' dir='ltr'><strong>dixerunt.</strong></span> <span class='ocrx_word' id='word_1_709' title='bbox 1010 4736 1151 4806; x_wconf 80' lang='lat' dir='ltr'><strong>Quid</strong></span> <span class='ocrx_word' id='word_1_710' title='bbox 1178 4732 1467 4796; x_wconf 81' lang='lat' dir='ltr'><strong>dixerunt?</strong></span> <span class='ocrx_word' id='word_1_711' title='bbox 1492 4738 1612 4795; x_wconf 83' lang='lat' dir='ltr'><strong>Non</strong></span> <span class='ocrx_word' id='word_1_712' title='bbox 1640 4741 1827 4799; x_wconf 72' lang='lat' dir='ltr'><strong>videbit</strong></span> <span class='ocrx_word' id='word_1_713' title='bbox 1853 4740 2145 4802; x_wconf 74' lang='lat' dir='ltr'><strong>Dominus:</strong></span> 
     </span>
    </p>
   </div>
   <div class='ocr_carea' id='block_1_90' title="bbox 548 4826 2146 4907">
    <p class='ocr_par' dir='ltr' id='par_1_90' title="bbox 548 4826 2146 4907">
     <span class='ocr_line' id='line_1_90' title="bbox 548 4826 2146 4907; baseline 0.007 -26"><span class='ocrx_word' id='word_1_714' title='bbox 548 4843 642 4884; x_wconf 86' lang='lat' dir='ltr'><strong>nec</strong></span> <span class='ocrx_word' id='word_1_715' title='bbox 666 4826 920 4903; x_wconf 76' lang='lat' dir='ltr'><strong>intelliget</strong></span> <span class='ocrx_word' id='word_1_716' title='bbox 950 4827 1089 4885; x_wconf 85' lang='lat' dir='ltr'><strong>Deus</strong></span> <span class='ocrx_word' id='word_1_717' title='bbox 1115 4826 1300 4886; x_wconf 73' lang='lat' dir='ltr'><strong>Iacob.</strong></span> <span class='ocrx_word' id='word_1_718' title='bbox 1333 4830 1447 4887; x_wconf 86' lang='lat' dir='ltr'><strong>Hoc</strong></span> <span class='ocrx_word' id='word_1_719' title='bbox 1475 4830 1611 4888; x_wconf 86' lang='lat' dir='ltr'><strong>dicit</strong></span> <span class='ocrx_word' id='word_1_720' title='bbox 1635 4835 1817 4890; x_wconf 82' lang='lat' dir='ltr'><strong>omnis</strong></span> <span class='ocrx_word' id='word_1_721' title='bbox 1846 4836 1937 4905; x_wconf 87' lang='lat' dir='ltr'><strong>qui</strong></span> <span class='ocrx_word' id='word_1_722' title='bbox 1959 4838 2146 4907; x_wconf 83' lang='lat' dir='ltr'><strong>oppri-</strong></span> 
     </span>
    </p>
   </div>
   <div class='ocr_carea' id='block_1_91' title="bbox 547 4922 2143 5001">
    <p class='ocr_par' dir='ltr' id='par_1_91' title="bbox 547 4922 2143 5001">
     <span class='ocr_line' id='line_1_91' title="bbox 547 4922 2143 5001; baseline 0.006 -22"><span class='ocrx_word' id='word_1_723' title='bbox 547 4923 649 4979; x_wconf 88' lang='lat' dir='ltr'><strong>mit</strong></span> <span class='ocrx_word' id='word_1_724' title='bbox 693 4930 935 4983; x_wconf 85' lang='lat' dir='ltr'><strong>sanctos.</strong></span> <span class='ocrx_word' id='word_1_725' title='bbox 993 4922 1106 4981; x_wconf 82' lang='lat' dir='ltr'><strong>Illis</strong></span> <span class='ocrx_word' id='word_1_726' title='bbox 1149 4922 1255 4982; x_wconf 84' lang='lat' dir='ltr'><strong>hoc</strong></span> <span class='ocrx_word' id='word_1_727' title='bbox 1314 4925 1619 4984; x_wconf 80' lang='lat' dir='ltr'><strong>dicentibus</strong></span> <span class='ocrx_word' id='word_1_728' title='bbox 1672 4926 1850 4987; x_wconf 88' lang='lat' dir='ltr'><strong>videte</strong></span> <span class='ocrx_word' id='word_1_729' title='bbox 1908 4929 2143 5001; x_wconf 78' lang='lat' dir='ltr'><strong>Spiritus</strong></span> 
     </span>
    </p>
   </div>
   <div class='ocr_carea' id='block_1_92' title="bbox 544 5015 1737 5089">
    <p class='ocr_par' dir='ltr' id='par_1_92' title="bbox 544 5015 1737 5089">
     <span class='ocr_line' id='line_1_92' title="bbox 544 5015 1737 5089; baseline -0.003 -12"><span class='ocrx_word' id='word_1_730' title='bbox 544 5025 765 5077; x_wconf 77' lang='lat' dir='ltr'><strong>sanctus</strong></span> <span class='ocrx_word' id='word_1_731' title='bbox 794 5016 922 5087; x_wconf 88' lang='lat' dir='ltr'><strong>quid</strong></span> <span class='ocrx_word' id='word_1_732' title='bbox 950 5015 1297 5089; x_wconf 82' lang='lat' dir='ltr'><strong>respondeat.</strong></span> <span class='ocrx_word' id='word_1_733' title='bbox 1729 5055 1737 5062; x_wconf 84' lang='lat'><strong><em>-</em></strong></span> 
     </span>
    </p>
   </div>
   <div class='ocr_carea' id='block_1_93' title="bbox 619 5105 2143 5184">
    <p class='ocr_par' dir='ltr' id='par_1_93' title="bbox 619 5105 2143 5184">
     <span class='ocr_line' id='line_1_93' title="bbox 619 5105 2143 5184; baseline 0.007 -20"><span class='ocrx_word' id='word_1_734' title='bbox 619 5105 905 5180; x_wconf 78' lang='lat' dir='ltr'><strong>Intelligite</strong></span> <span class='ocrx_word' id='word_1_735' title='bbox 932 5108 1024 5180; x_wconf 86' lang='lat' dir='ltr'><strong>qui</strong></span> <span class='ocrx_word' id='word_1_736' title='bbox 1066 5108 1368 5183; x_wconf 71' lang='lat' dir='ltr'><strong>insipientes</strong></span> <span class='ocrx_word' id='word_1_737' title='bbox 1403 5109 1524 5169; x_wconf 80' lang='lat' dir='ltr'><strong>estis</strong></span> <span class='ocrx_word' id='word_1_738' title='bbox 1560 5109 1617 5169; x_wconf 86' lang='lat' dir='ltr'><strong>in</strong></span> <span class='ocrx_word' id='word_1_739' title='bbox 1659 5109 1853 5184; x_wconf 76' lang='lat' dir='ltr'><strong>populo</strong></span> <span class='ocrx_word' id='word_1_740' title='bbox 1880 5123 1968 5169; x_wconf 68' lang='grc' dir='ltr'><strong><em>εει</em></strong></span> <span class='ocrx_word' id='word_1_741' title='bbox 1995 5112 2143 5174; x_wconf 82' lang='lat' dir='ltr'><strong>stulti</strong></span> 
     </span>
    </p>
   </div>
   <div class='ocr_carea' id='block_1_94' title="bbox 542 5201 2145 5276">
    <p class='ocr_par' dir='ltr' id='par_1_94' title="bbox 542 5201 2145 5276">
     <span class='ocr_line' id='line_1_94' title="bbox 542 5201 2145 5276; baseline 0.005 -20"><span class='ocrx_word' id='word_1_742' title='bbox 542 5202 827 5276; x_wconf 81' lang='lat' dir='ltr'><strong>aliquando</strong></span> <span class='ocrx_word' id='word_1_743' title='bbox 874 5202 1041 5274; x_wconf 81' lang='lat' dir='ltr'><strong>sapite</strong></span> <span class='ocrx_word' id='word_1_744' title='bbox 1062 5218 1084 5260; x_wconf 71' lang='grc' dir='ltr'><strong><em>ε</em></strong></span> <span class='ocrx_word' id='word_1_745' title='bbox 1115 5201 1219 5275; x_wconf 79' lang='lat' dir='ltr'><strong>Qui</strong></span> <span class='ocrx_word' id='word_1_746' title='bbox 1265 5202 1519 5274; x_wconf 83' lang='lat' dir='ltr'><strong>plantavit</strong></span> <span class='ocrx_word' id='word_1_747' title='bbox 1539 5219 1741 5275; x_wconf 80' lang='lat' dir='ltr'><strong>aurem,</strong></span> <span class='ocrx_word' id='word_1_748' title='bbox 1779 5221 1886 5261; x_wconf 85' lang='lat' dir='ltr'><strong>non</strong></span> <span class='ocrx_word' id='word_1_749' title='bbox 1912 5206 2089 5263; x_wconf 83' lang='lat' dir='ltr'><strong>audiet</strong></span> <span class='ocrx_word' id='word_1_750' title='bbox 2117 5208 2145 5264; x_wconf 85' lang='lat'><strong>.’</strong></span> 
     </span>
    </p>
   </div>
   <div class='ocr_carea' id='block_1_95' title="bbox 2251 4646 3829 4719">
    <p class='ocr_par' dir='ltr' id='par_1_95' title="bbox 2251 4646 3829 4719">
     <span class='ocr_line' id='line_1_95' title="bbox 2251 4646 3829 4719; baseline 0.003 -19"><span class='ocrx_word' id='word_1_751' title='bbox 2251 4646 2485 4714; x_wconf 89' lang='lat' dir='ltr'><strong>venerit,</strong></span> <span class='ocrx_word' id='word_1_752' title='bbox 2530 4646 2715 4702; x_wconf 89' lang='lat' dir='ltr'><strong>omnia</strong></span> <span class='ocrx_word' id='word_1_753' title='bbox 2760 4646 2853 4702; x_wconf 76' lang='lat' dir='ltr'><strong>illa</strong></span> <span class='ocrx_word' id='word_1_754' title='bbox 2885 4662 3006 4717; x_wconf 69' lang='lat' dir='ltr'><strong>qua:</strong></span> <span class='ocrx_word' id='word_1_755' title='bbox 3034 4647 3425 4717; x_wconf 83' lang='lat' dir='ltr'><strong>cogitaveram,</strong></span> <span class='ocrx_word' id='word_1_756' title='bbox 3480 4656 3705 4719; x_wconf 88' lang='lat' dir='ltr'><strong>pereunt</strong></span> <span class='ocrx_word' id='word_1_757' title='bbox 3734 4666 3744 4702; x_wconf 93' lang='lat'>:</span> <span class='ocrx_word' id='word_1_758' title='bbox 3778 4657 3829 4704; x_wconf 85' lang='lat' dir='ltr'><strong>et</strong></span> 
     </span>
    </p>
   </div>
   <div class='ocr_carea' id='block_1_96' title="bbox 2249 4730 3827 4813">
    <p class='ocr_par' dir='ltr' id='par_1_96' title="bbox 2249 4730 3827 4813">
     <span class='ocr_line' id='line_1_96' title="bbox 2249 4730 3827 4813; baseline 0.003 -20"><span class='ocrx_word' id='word_1_759' title='bbox 2249 4740 2629 4813; x_wconf 67' lang='lat' dir='ltr'><strong>Quodcumque</strong></span> <span class='ocrx_word' id='word_1_760' title='bbox 2663 4734 2803 4796; x_wconf 89' lang='lat' dir='ltr'><strong>Deus</strong></span> <span class='ocrx_word' id='word_1_761' title='bbox 2827 4738 3053 4809; x_wconf 78' lang='lat' dir='ltr'><strong>dixerit,</strong></span> <span class='ocrx_word' id='word_1_762' title='bbox 3085 4730 3189 4796; x_wconf 87' lang='lat' dir='ltr'><strong>hoc</strong></span> <span class='ocrx_word' id='word_1_763' title='bbox 3212 4739 3422 4811; x_wconf 88' lang='lat' dir='ltr'><strong>loquor.</strong></span> <span class='ocrx_word' id='word_1_764' title='bbox 3458 4740 3750 4809; x_wconf 76' lang='lat' dir='ltr'><strong>Promerea</strong></span> <span class='ocrx_word' id='word_1_765' title='bbox 3777 4746 3827 4798; x_wconf 89' lang='lat' dir='ltr'><strong>et</strong></span> 
     </span>
    </p>
   </div>
   <div class='ocr_carea' id='block_1_97' title="bbox 2252 4826 3826 4905">
    <p class='ocr_par' dir='ltr' id='par_1_97' title="bbox 2252 4826 3826 4905">
     <span class='ocr_line' id='line_1_97' title="bbox 2252 4826 3826 4905; baseline -0.001 -16"><span class='ocrx_word' id='word_1_766' title='bbox 2252 4826 2511 4889; x_wconf 83' lang='lat' dir='ltr'><strong>Dominus</strong></span> <span class='ocrx_word' id='word_1_767' title='bbox 2532 4833 2586 4887; x_wconf 92' lang='lat' dir='ltr'><strong>in</strong></span> <span class='ocrx_word' id='word_1_768' title='bbox 2611 4830 2906 4903; x_wconf 83' lang='lat' dir='ltr'><strong>Evangelia</strong></span> <span class='ocrx_word' id='word_1_769' title='bbox 2926 4831 3005 4887; x_wconf 87' lang='lat' dir='ltr'><strong>ait</strong></span> <span class='ocrx_word' id='word_1_770' title='bbox 3034 4830 3294 4902; x_wconf 79' lang='lat' dir='ltr'><strong>:Quando</strong></span> <span class='ocrx_word' id='word_1_771' title='bbox 3321 4831 3539 4892; x_wconf 78' lang='lat' dir='ltr'><strong>stabilis</strong></span> <span class='ocrx_word' id='word_1_772' title='bbox 3560 4832 3826 4905; x_wconf 65' lang='lat' dir='ltr'><strong>autejudio</strong></span> 
     </span>
    </p>
   </div>
   <div class='ocr_carea' id='block_1_98' title="bbox 2245 4922 3824 4995">
    <p class='ocr_par' dir='ltr' id='par_1_98' title="bbox 2245 4922 3824 4995">
     <span class='ocr_line' id='line_1_98' title="bbox 2245 4922 3824 4995; baseline 0.002 -17"><span class='ocrx_word' id='word_1_773' title='bbox 2245 4938 2360 4991; x_wconf 72' lang='lat' dir='ltr'><strong>eos,</strong></span> <span class='ocrx_word' id='word_1_774' title='bbox 2394 4938 2500 4978; x_wconf 89' lang='lat' dir='ltr'><strong>non</strong></span> <span class='ocrx_word' id='word_1_775' title='bbox 2528 4923 2778 4993; x_wconf 84' lang='lat' dir='ltr'><strong>cogitetis</strong></span> <span class='ocrx_word' id='word_1_776' title='bbox 2803 4922 2933 4994; x_wconf 91' lang='lat' dir='ltr'><strong>quid</strong></span> <span class='ocrx_word' id='word_1_777' title='bbox 2962 4922 3340 4995; x_wconf 83' lang='lat' dir='ltr'><strong>respondeatis</strong></span> <span class='ocrx_word' id='word_1_778' title='bbox 3367 4941 3380 4978; x_wconf 91' lang='lat'><strong>:</strong></span> <span class='ocrx_word' id='word_1_779' title='bbox 3417 4923 3544 4995; x_wconf 80' lang='lat' dir='ltr'><strong>quia</strong></span> <span class='ocrx_word' id='word_1_780' title='bbox 3583 4924 3824 4981; x_wconf 81' lang='lat' dir='ltr'><strong>Dominus</strong></span> 
     </span>
    </p>
   </div>
   <div class='ocr_carea' id='block_1_99' title="bbox 2247 5014 3820 5088">
    <p class='ocr_par' dir='ltr' id='par_1_99' title="bbox 2247 5014 3820 5088">
     <span class='ocr_line' id='line_1_99' title="bbox 2247 5014 3820 5088; baseline -0.001 -16"><span class='ocrx_word' id='word_1_781' title='bbox 2247 5016 2398 5073; x_wconf 85' lang='lat' dir='ltr'><strong>dabit</strong></span> <span class='ocrx_word' id='word_1_782' title='bbox 2421 5015 2577 5073; x_wconf 86' lang='lat' dir='ltr'><strong>vobis</strong></span> <span class='ocrx_word' id='word_1_783' title='bbox 2598 5015 2651 5071; x_wconf 92' lang='lat' dir='ltr'><strong>iu</strong></span> <span class='ocrx_word' id='word_1_784' title='bbox 2669 5014 2760 5071; x_wconf 88' lang='lat' dir='ltr'><strong>illa</strong></span> <span class='ocrx_word' id='word_1_785' title='bbox 2785 5015 2917 5071; x_wconf 87' lang='lat' dir='ltr'><strong>liora</strong></span> <span class='ocrx_word' id='word_1_786' title='bbox 2951 5015 3082 5087; x_wconf 88' lang='lat' dir='ltr'><strong>quid</strong></span> <span class='ocrx_word' id='word_1_787' title='bbox 3104 5014 3487 5087; x_wconf 81' lang='lat' dir='ltr'><strong>respondeatis</strong></span> <span class='ocrx_word' id='word_1_788' title='bbox 3527 5014 3678 5088; x_wconf 77' lang='lat' dir='ltr'><strong>(Luc.</strong></span> <span class='ocrx_word' id='word_1_789' title='bbox 3713 5017 3820 5085; x_wconf 81' lang='lat' dir='ltr'><strong>xu).</strong></span> 
     </span>
    </p>
   </div>
   <div class='ocr_carea' id='block_1_100' title="bbox 2247 5107 3823 5180">
    <p class='ocr_par' dir='ltr' id='par_1_100' title="bbox 2247 5107 3823 5180">
     <span class='ocr_line' id='line_1_100' title="bbox 2247 5107 3823 5180; baseline -0.002 -15"><span class='ocrx_word' id='word_1_790' title='bbox 2247 5107 2507 5165; x_wconf 86' lang='lat' dir='ltr'><strong>Dominus</strong></span> <span class='ocrx_word' id='word_1_791' title='bbox 2566 5108 2661 5165; x_wconf 85' lang='lat' dir='ltr'><strong>scit</strong></span> <span class='ocrx_word' id='word_1_792' title='bbox 2715 5107 3054 5180; x_wconf 84' lang='lat' dir='ltr'><strong>cogitationes</strong></span> <span class='ocrx_word' id='word_1_793' title='bbox 3097 5107 3364 5164; x_wconf 78' lang='lat' dir='ltr'><strong>hominum</strong></span> <span class='ocrx_word' id='word_1_794' title='bbox 3405 5108 3654 5179; x_wconf 82' lang='lat' dir='ltr'><strong>quoniam</strong></span> <span class='ocrx_word' id='word_1_795' title='bbox 3693 5122 3823 5177; x_wconf 71' lang='lat' dir='ltr'><strong>sana</strong></span> 
     </span>
    </p>
   </div>
   <div class='ocr_carea' id='block_1_101' title="bbox 2248 5198 3818 5272">
    <p class='ocr_par' dir='ltr' id='par_1_101' title="bbox 2248 5198 3818 5272">
     <span class='ocr_line' id='line_1_101' title="bbox 2248 5198 3818 5272; baseline -0.002 -12"><span class='ocrx_word' id='word_1_796' title='bbox 2248 5212 2384 5260; x_wconf 76' lang='lat' dir='ltr'><strong>sunt.</strong></span> <span class='ocrx_word' id='word_1_797' title='bbox 2425 5200 2545 5263; x_wconf 88' lang='lat' dir='ltr'><strong>Una</strong></span> <span class='ocrx_word' id='word_1_798' title='bbox 2573 5199 2834 5272; x_wconf 85' lang='lat' dir='ltr'><strong>cogitatio</strong></span> <span class='ocrx_word' id='word_1_799' title='bbox 2869 5198 3000 5257; x_wconf 77' lang='lat' dir='ltr'><strong>t‘elix</strong></span> <span class='ocrx_word' id='word_1_800' title='bbox 3039 5205 3157 5268; x_wconf 86' lang='lat' dir='ltr'><strong>est,</strong></span> <span class='ocrx_word' id='word_1_801' title='bbox 3198 5200 3445 5270; x_wconf 85' lang='lat' dir='ltr'><strong>cogitare</strong></span> <span class='ocrx_word' id='word_1_802' title='bbox 3477 5199 3547 5257; x_wconf 83' lang='lat' dir='ltr'><strong>de</strong></span> <span class='ocrx_word' id='word_1_803' title='bbox 3587 5198 3818 5257; x_wconf 87' lang='lat' dir='ltr'><strong>Domino.</strong></span> 
     </span>
    </p>
   </div>
   <div class='ocr_carea' id='block_1_102' title="bbox 608 5332 3822 5414">
    <p class='ocr_par' dir='ltr' id='par_1_102' title="bbox 608 5332 3822 5414">
     <span class='ocr_line' id='line_1_102' title="bbox 608 5332 3822 5414; baseline 0.001 -22"><span class='ocrx_word' id='word_1_804' title='bbox 608 5340 637 5375; x_wconf 75' lang='grc'><strong>⁸</strong></span> <span class='ocrx_word' id='word_1_805' title='bbox 674 5332 809 5414; x_wconf 75' lang='lat' dir='ltr'><strong>Tota</strong></span> <span class='ocrx_word' id='word_1_806' title='bbox 832 5334 973 5414; x_wconf 52' lang='lat' dir='ltr'><strong>duce</strong></span> <span class='ocrx_word' id='word_1_807' title='bbox 1010 5340 1263 5414; x_wconf 40' lang='lat' dir='ltr'><strong>«spiam</strong></span> <span class='ocrx_word' id='word_1_808' title='bbox 1310 5335 1381 5391; x_wconf 82' lang='lat' dir='ltr'><strong>ab</strong></span> <span class='ocrx_word' id='word_1_809' title='bbox 1420 5334 1507 5391; x_wconf 84' lang='lat' dir='ltr'><strong>his</strong></span> <span class='ocrx_word' id='word_1_810' title='bbox 1554 5334 1738 5414; x_wconf 56' lang='lat' dir='ltr'><strong>verbis</strong></span> <span class='ocrx_word' id='word_1_811' title='bbox 1769 5335 1930 5414; x_wconf 26' lang='lat' dir='ltr'><strong>:‘Iste</strong></span> <span class='ocrx_word' id='word_1_812' title='bbox 1985 5339 2127 5397; x_wconf 83' lang='lat' dir='ltr'><strong>locus</strong></span> <span class='ocrx_word' id='word_1_813' title='bbox 2236 5334 3039 5414; x_wconf 62' lang='lat' dir='ltr'><strong>putrisdoctissimuspsalinum</strong></span> <span class='ocrx_word' id='word_1_814' title='bbox 3062 5342 3364 5414; x_wconf 67' lang='lat' dir='ltr'><strong>exponeret,</strong></span> <span class='ocrx_word' id='word_1_815' title='bbox 3387 5336 3475 5391; x_wconf 82' lang='lat' dir='ltr'><strong>ubi</strong></span> <span class='ocrx_word' id='word_1_816' title='bbox 3494 5332 3689 5414; x_wconf 68' lang='lat' dir='ltr'><strong>dictum</strong></span> <span class='ocrx_word' id='word_1_817' title='bbox 3709 5346 3822 5414; x_wconf 79' lang='lat' dir='ltr'><strong>est:</strong></span> 
     </span>
    </p>
   </div>
   <div class='ocr_carea' id='block_1_103' title="bbox 540 5405 2126 5480">
    <p class='ocr_par' dir='ltr' id='par_1_103' title="bbox 540 5405 2126 5480">
     <span class='ocr_line' id='line_1_103' title="bbox 540 5405 2126 5480; baseline 0.002 -16"><span class='ocrx_word' id='word_1_818' title='bbox 540 5422 716 5479; x_wconf 83' lang='lat' dir='ltr'><strong>usque</strong></span> <span class='ocrx_word' id='word_1_819' title='bbox 745 5406 800 5461; x_wconf 90' lang='lat' dir='ltr'><strong>in</strong></span> <span class='ocrx_word' id='word_1_820' title='bbox 825 5405 1091 5480; x_wconf 55' lang='grc' dir='ltr'><strong>θωπιμεὶ</strong></span> <span class='ocrx_word' id='word_1_821' title='bbox 1110 5406 1448 5480; x_wconf 60' lang='lat' dir='ltr'><strong>Hieronymo</strong></span> <span class='ocrx_word' id='word_1_822' title='bbox 1466 5409 1665 5463; x_wconf 78' lang='lat' dir='ltr'><strong>reeitat</strong></span> <span class='ocrx_word' id='word_1_823' title='bbox 1691 5408 1753 5464; x_wconf 80' lang='grc' dir='ltr'><strong>Β.</strong></span> <span class='ocrx_word' id='word_1_824' title='bbox 1784 5409 2126 5480; x_wconf 78' lang='lat' dir='ltr'><strong>Augustinus</strong></span> 
     </span>
    </p>
   </div>
   <div class='ocr_carea' id='block_1_104' title="bbox 538 5474 2119 5552">
    <p class='ocr_par' dir='ltr' id='par_1_104' title="bbox 538 5474 2119 5552">
     <span class='ocr_line' id='line_1_104' title="bbox 538 5474 2119 5552; baseline 0.004 -19"><span class='ocrx_word' id='word_1_825' title='bbox 538 5480 593 5552; x_wconf 81' lang='lat' dir='ltr'><strong>in</strong></span> <span class='ocrx_word' id='word_1_826' title='bbox 611 5474 1054 5552; x_wconf 12' lang='lat' dir='ltr'><strong>rCommouit‘orio</strong></span> <span class='ocrx_word' id='word_1_827' title='bbox 1078 5478 1147 5533; x_wconf 85' lang='lat' dir='ltr'><strong>ad</strong></span> <span class='ocrx_word' id='word_1_828' title='bbox 1173 5474 1642 5552; x_wconf 77' lang='lat' dir='ltr'><strong>Fortunatianum,</strong></span> <span class='ocrx_word' id='word_1_829' title='bbox 1666 5495 1763 5535; x_wconf 76' lang='lat' dir='ltr'><strong>seu</strong></span> <span class='ocrx_word' id='word_1_830' title='bbox 1785 5474 1958 5552; x_wconf 61' lang='lat' dir='ltr'><strong>Epist.</strong></span> <span class='ocrx_word' id='word_1_831' title='bbox 1994 5481 2119 5551; x_wconf 75' lang='lat' dir='ltr'><strong>M8.</strong></span> 
     </span>
    </p>
   </div>
   <div class='ocr_carea' id='block_1_105' title="bbox 533 5540 2121 5618">
    <p class='ocr_par' dir='ltr' id='par_1_105' title="bbox 533 5540 2121 5618">
     <span class='ocr_line' id='line_1_105' title="bbox 533 5540 2121 5618; baseline 0.004 -17"><span class='ocrx_word' id='word_1_832' title='bbox 533 5550 879 5618; x_wconf 78' lang='lat' dir='ltr'><strong>affirtnatque</strong></span> <span class='ocrx_word' id='word_1_833' title='bbox 899 5540 966 5602; x_wconf 82' lang='lat' dir='ltr'><strong>ab</strong></span> <span class='ocrx_word' id='word_1_834' title='bbox 997 5562 1064 5602; x_wconf 86' lang='lat' dir='ltr'><strong>eo</strong></span> <span class='ocrx_word' id='word_1_835' title='bbox 1094 5553 1350 5618; x_wconf 79' lang='lat' dir='ltr'><strong>scriptam</strong></span> <span class='ocrx_word' id='word_1_836' title='bbox 1373 5589 1390 5618; x_wconf 88' lang='lat'><strong>,</strong></span> <span class='ocrx_word' id='word_1_837' title='bbox 1417 5564 1540 5605; x_wconf 88' lang='lat' dir='ltr'><strong>cum</strong></span> <span class='ocrx_word' id='word_1_838' title='bbox 1575 5540 1716 5605; x_wconf 80' lang='lat' dir='ltr'><strong>hunc</strong></span> <span class='ocrx_word' id='word_1_839' title='bbox 1750 5540 2002 5615; x_wconf 54' lang='lat' dir='ltr'><strong>psalmum</strong></span> <span class='ocrx_word' id='word_1_840' title='bbox 2029 5540 2121 5608; x_wconf 62' lang='lat' dir='ltr'><strong>ex:</strong></span> 
     </span>
    </p>
   </div>
   <div class='ocr_carea' id='block_1_106' title="bbox 2233 5406 3817 5483">
    <p class='ocr_par' dir='ltr' id='par_1_106' title="bbox 2233 5406 3817 5483">
     <span class='ocr_line' id='line_1_106' title="bbox 2233 5406 3817 5483; baseline -0.002 -17"><span class='ocrx_word' id='word_1_841' title='bbox 2233 5406 2523 5483; x_wconf 71' lang='lat' dir='ltr'><strong>Intelligite</strong></span> <span class='ocrx_word' id='word_1_842' title='bbox 2540 5408 2778 5483; x_wconf 87' lang='lat' dir='ltr'><strong>ergo_qui</strong></span> <span class='ocrx_word' id='word_1_843' title='bbox 2805 5406 3257 5483; x_wconf 71' lang='lat' dir='ltr'><strong>insipientssestis</strong></span> <span class='ocrx_word' id='word_1_844' title='bbox 3285 5408 3339 5460; x_wconf 89' lang='lat' dir='ltr'><strong>in</strong></span> <span class='ocrx_word' id='word_1_845' title='bbox 3369 5406 3567 5477; x_wconf 73' lang='lat' dir='ltr'><strong>populo</strong></span> <span class='ocrx_word' id='word_1_846' title='bbox 3584 5418 3657 5483; x_wconf 68' lang='lat' dir='ltr'><strong>et,</strong></span> <span class='ocrx_word' id='word_1_847' title='bbox 3688 5412 3817 5465; x_wconf 73' lang='lat' dir='ltr'><strong>stulti</strong></span> 
     </span>
    </p>
   </div>
   <div class='ocr_carea' id='block_1_107' title="bbox 2230 5477 3819 5555">
    <p class='ocr_par' dir='ltr' id='par_1_107' title="bbox 2230 5477 3819 5555">
     <span class='ocr_line' id='line_1_107' title="bbox 2230 5477 3819 5555; baseline 0 -19"><span class='ocrx_word' id='word_1_848' title='bbox 2230 5477 2514 5555; x_wconf 69' lang='lat' dir='ltr'><strong>aliquando</strong></span> <span class='ocrx_word' id='word_1_849' title='bbox 2565 5477 2759 5555; x_wconf 73' lang='lat' dir='ltr'><strong>sapite,</strong></span> <span class='ocrx_word' id='word_1_850' title='bbox 2784 5477 2870 5547; x_wconf 81' lang='lat' dir='ltr'><strong>qui</strong></span> <span class='ocrx_word' id='word_1_851' title='bbox 2903 5479 3158 5555; x_wconf 69' lang='lat' dir='ltr'><strong>plantavit</strong></span> <span class='ocrx_word' id='word_1_852' title='bbox 3185 5493 3365 5555; x_wconf 76' lang='lat' dir='ltr'><strong>aui-ein</strong></span> <span class='ocrx_word' id='word_1_853' title='bbox 3405 5494 3508 5534; x_wconf 85' lang='lat' dir='ltr'><strong>non</strong></span> <span class='ocrx_word' id='word_1_854' title='bbox 3537 5481 3711 5535; x_wconf 81' lang='lat' dir='ltr'><strong>audiet</strong></span> <span class='ocrx_word' id='word_1_855' title='bbox 3730 5492 3819 5555; x_wconf 62' lang='lat' dir='ltr'><strong>aut</strong></span> 
     </span>
    </p>
   </div>
   <div class='ocr_carea' id='block_1_108' title="bbox 2227 5544 3814 5624">
    <p class='ocr_par' dir='ltr' id='par_1_108' title="bbox 2227 5544 3814 5624">
     <span class='ocr_line' id='line_1_108' title="bbox 2227 5544 3814 5624; baseline -0.007 -12"><span class='ocrx_word' id='word_1_856' title='bbox 2227 5544 2488 5624; x_wconf 48' lang='lat' dir='ltr'><strong>qui-ﬁnxit</strong></span> <span class='ocrx_word' id='word_1_857' title='bbox 2533 5544 2751 5624; x_wconf 66' lang='lat' dir='ltr'><strong>oculum</strong></span> <span class='ocrx_word' id='word_1_858' title='bbox 2781 5544 2885 5603; x_wconf 83' lang='lat' dir='ltr'><strong>non</strong></span> <span class='ocrx_word' id='word_1_859' title='bbox 2903 5544 3216 5624; x_wconf 72' lang='lat' dir='ltr'><strong>considerat</strong></span> <span class='ocrx_word' id='word_1_860' title='bbox 3243 5564 3263 5605; x_wconf 89' lang='lat'><strong><em>:</em></strong></span> <span class='ocrx_word' id='word_1_861' title='bbox 3293 5550 3436 5624; x_wconf 64' lang='lat' dir='ltr'><strong>inter</strong></span> <span class='ocrx_word' id='word_1_862' title='bbox 3470 5559 3658 5606; x_wconf 69' lang='lat' dir='ltr'><strong>cancro</strong></span> <span class='ocrx_word' id='word_1_863' title='bbox 3684 5544 3814 5624; x_wconf 62' lang='lat' dir='ltr'><strong>{Istc</strong></span> 
     </span>
    </p>
   </div>
   <div class='ocr_carea' id='block_1_109' title="bbox 535 5614 3807 5693">
    <p class='ocr_par' dir='ltr' id='par_1_109' title="bbox 535 5614 3807 5693">
     <span class='ocr_line' id='line_1_109' title="bbox 535 5614 3807 5693; baseline 0.002 -20"><span class='ocrx_word' id='word_1_864' title='bbox 535 5627 764 5693; x_wconf 69' lang='lat' dir='ltr'><strong>poneret.</strong></span> <span class='ocrx_word' id='word_1_865' title='bbox 792 5614 889 5693; x_wconf 54' lang='lat' dir='ltr'><strong>&#39;A_it</strong></span> <span class='ocrx_word' id='word_1_866' title='bbox 916 5618 1107 5693; x_wconf 76' lang='lat' dir='ltr'><strong>enim:</strong></span> <span class='ocrx_word' id='word_1_867' title='bbox 1143 5614 1226 5672; x_wconf 73' lang='lat' dir='ltr'><strong>ne</strong></span> <span class='ocrx_word' id='word_1_868' title='bbox 1244 5614 1871 5693; x_wconf 52' lang='lat' dir='ltr'><strong>multafomtntm‘ornndo</strong></span> <span class='ocrx_word' id='word_1_869' title='bbox 1897 5625 2123 5693; x_wconf 77' lang='lat' dir='ltr'><strong>majores</strong></span> <span class='ocrx_word' id='word_1_870' title='bbox 2226 5614 2390 5690; x_wconf 75' lang='lat' dir='ltr'><strong>locus,</strong></span> <span class='ocrx_word' id='word_1_871' title='bbox 2440 5614 2911 5693; x_wconf 76' lang='lat' dir='ltr'><strong>inquit,_adasrsus</strong></span> <span class='ocrx_word' id='word_1_872' title='bbox 2954 5630 3038 5673; x_wconf 80' lang='lat' dir='ltr'><strong>eos</strong></span> <span class='ocrx_word' id='word_1_873' title='bbox 3080 5619 3299 5693; x_wconf 70' lang='lat' dir='ltr'><strong>maxime</strong></span> <span class='ocrx_word' id='word_1_874' title='bbox 3330 5620 3491 5692; x_wconf 79' lang='lat' dir='ltr'><strong>facit,</strong></span> <span class='ocrx_word' id='word_1_875' title='bbox 3538 5631 3646 5693; x_wconf 81' lang='lat' dir='ltr'><strong>etc.</strong></span> <span class='ocrx_word' id='word_1_876' title='bbox 3686 5620 3807 5693; x_wconf 58' lang='lat' dir='ltr'><strong>Vide</strong></span> 
     </span>
    </p>
   </div>
   <div class='ocr_carea' id='block_1_110' title="bbox 536 5686 3814 5764">
    <p class='ocr_par' dir='ltr' id='par_1_110' title="bbox 536 5686 3814 5764">
     <span class='ocr_line' id='line_1_110' title="bbox 536 5686 3814 5764; baseline 0.003 -23"><span class='ocrx_word' id='word_1_877' title='bbox 536 5686 709 5764; x_wconf 78' lang='lat' dir='ltr'><strong>moros</strong></span> <span class='ocrx_word' id='word_1_878' title='bbox 730 5689 943 5764; x_wconf 63' lang='lat' dir='ltr'><strong>iam,</strong></span> <span class='ocrx_word' id='word_1_879' title='bbox 981 5686 1080 5744; x_wconf 85' lang='lat' dir='ltr'><strong>hoc</strong></span> <span class='ocrx_word' id='word_1_880' title='bbox 1110 5705 1270 5744; x_wconf 80' lang='lat' dir='ltr'><strong>unum</strong></span> <span class='ocrx_word' id='word_1_881' title='bbox 1295 5690 1362 5745; x_wconf 84' lang='lat' dir='ltr'><strong>S.</strong></span> <span class='ocrx_word' id='word_1_882' title='bbox 1389 5687 1704 5764; x_wconf 60' lang='lat' dir='ltr'><strong>[Hieronymi</strong></span> <span class='ocrx_word' id='word_1_883' title='bbox 1739 5686 2031 5763; x_wconf 65' lang='lat' dir='ltr'><strong>interponi,</strong></span> <span class='ocrx_word' id='word_1_884' title='bbox 2063 5702 2120 5747; x_wconf 80' lang='lat' dir='ltr'><strong>nt</strong></span> <span class='ocrx_word' id='word_1_885' title='bbox 2225 5709 2349 5764; x_wconf 71' lang='lat' dir='ltr'><strong>qua:</strong></span> <span class='ocrx_word' id='word_1_886' title='bbox 2378 5686 2450 5749; x_wconf 53' lang='lat' dir='ltr'><strong>&#39;in</strong></span> <span class='ocrx_word' id='word_1_887' title='bbox 2508 5686 2730 5763; x_wconf 67' lang='lat' dir='ltr'><strong>praeﬁxa</strong></span> <span class='ocrx_word' id='word_1_888' title='bbox 2763 5692 2888 5746; x_wconf 85' lang='lat' dir='ltr'><strong>huic</strong></span> <span class='ocrx_word' id='word_1_889' title='bbox 2916 5692 3067 5761; x_wconf 89' lang='lat' dir='ltr'><strong>operi</strong></span> <span class='ocrx_word' id='word_1_890' title='bbox 3104 5686 3485 5749; x_wconf 74' lang='lat' dir='ltr'><strong>admonitione</strong></span> <span class='ocrx_word' id='word_1_891' title='bbox 3535 5690 3640 5751; x_wconf 67' lang='lat' dir='ltr'><strong>hac</strong></span> <span class='ocrx_word' id='word_1_892' title='bbox 3664 5692 3730 5752; x_wconf 83' lang='lat' dir='ltr'><strong>de</strong></span> <span class='ocrx_word' id='word_1_893' title='bbox 3758 5708 3814 5751; x_wconf 80' lang='lat' dir='ltr'><strong>re</strong></span> 
     </span>
    </p>
   </div>
   <div class='ocr_carea' id='block_1_111' title="bbox 536 5759 2122 5832">
    <p class='ocr_par' dir='ltr' id='par_1_111' title="bbox 536 5759 2122 5832">
     <span class='ocr_line' id='line_1_111' title="bbox 536 5759 2122 5832; baseline 0.007 -22"><span class='ocrx_word' id='word_1_894' title='bbox 536 5759 731 5813; x_wconf 73' lang='lat' dir='ltr'><strong>noverit</strong></span> <span class='ocrx_word' id='word_1_895' title='bbox 768 5760 866 5813; x_wconf 82' lang='lat' dir='ltr'><strong>iste</strong></span> <span class='ocrx_word' id='word_1_896' title='bbox 909 5762 1094 5827; x_wconf 74' lang='lat' dir='ltr'><strong>frater,</strong></span> <span class='ocrx_word' id='word_1_897' title='bbox 1142 5771 1345 5817; x_wconf 89' lang='lat' dir='ltr'><strong>etc.....</strong></span> <span class='ocrx_word' id='word_1_898' title='bbox 1375 5761 1505 5819; x_wconf 76' lang='lat' dir='ltr'><strong>Cum</strong></span> <span class='ocrx_word' id='word_1_899' title='bbox 1525 5759 1648 5832; x_wconf 62' lang='lat' dir='ltr'><strong>ergo</strong></span> <span class='ocrx_word' id='word_1_900' title='bbox 1666 5763 1757 5819; x_wconf 84' lang='lat' dir='ltr'><strong>ille</strong></span> <span class='ocrx_word' id='word_1_901' title='bbox 1785 5759 1953 5820; x_wconf 58' lang='lat' dir='ltr'><strong>uir&#39;in</strong></span> <span class='ocrx_word' id='word_1_902' title='bbox 1977 5765 2122 5822; x_wconf 74' lang='lat' dir='ltr'><strong>Scri-</strong></span> 
     </span>
    </p>
   </div>
   <div class='ocr_carea' id='block_1_112' title="bbox 2229 5764 2489 5823">
    <p class='ocr_par' dir='ltr' id='par_1_112' title="bbox 2229 5764 2489 5823">
     <span class='ocr_line' id='line_1_112' title="bbox 2229 5764 2489 5823; baseline -0.008 0"><span class='ocrx_word' id='word_1_903' title='bbox 2229 5764 2489 5823; x_wconf 72' lang='lat' dir='ltr'><strong>diximus.</strong></span> 
     </span>
    </p>
   </div>
   <div class='ocr_carea' id='block_1_113' title="bbox 3691 275 3961 332">
    <p class='ocr_par' dir='ltr' id='par_1_113' title="bbox 3691 275 3961 332">
     <span class='ocr_line' id='line_1_113' title="bbox 3691 275 3961 332; baseline 0.004 -1"><span class='ocrx_word' id='word_1_904' title='bbox 3691 275 3863 332; x_wconf 76' lang='grc'><strong>1108</strong></span> <span class='ocrx_word' id='word_1_905' title='bbox 3960 275 3961 301; x_wconf 63' lang='lat'>’</span> 
     </span>
    </p>
   </div>
   <div class='ocr_carea' id='block_1_114' title="bbox 3616 6235 3962 6286">
    <p class='ocr_par' dir='ltr' id='par_1_114' title="bbox 3616 6235 3962 6286">
     <span class='ocr_line' id='line_1_114' title="bbox 3616 6235 3962 6286; baseline 0 0"><span class='ocrx_word' id='word_1_906' title='bbox 3616 6235 3962 6286; x_wconf 71' lang='lat' dir='ltr'><strong>____..———-l</strong></span> 
     </span>
    </p>
   </div>
  </div>
