4016 6344
203 309 368 368 “09

1155 303 1582 364 BREVIARIUM
1625 305 2062 378 IN_PSAI.MOS.
2108 308 2354 366 PSALM.
2397 307 2582 366 XCIV.

3385 309 3524 366 mo

287 425 486 481 Beatus
517 425 670 480 homo
697 441 849 495 quem
876 435 927 478 tu
955 425 1224 491 erudierit,
1262 422 1504 477 Domine.
1553 421 1704 478 Felix
1738 433 1820 477 est
1850 428 1900 484 Α
1927 438 2160 495 cumque
2192 425 2291 480 fuit
2323 424 2533 494 pondus
2564 425 2921 495 pmltitentite,
2968 431 3150 479 tantus
3179 421 3278 478 fuit
3308 431 3364 478 et
3393 437 3522 477 con-

194 517 307 588 qui
339 517 453 572 Deo
479 516 742 588 magistro
771 515 962 578 utitur,
993 515 1060 571 Et
1079 515 1142 569 de
1164 515 1276 586 lege
1297 522 1386 567 tua
1407 514 1645 568 docueris
1663 529 1780 566 eum
1807 530 1819 567 :

195 620 268 664 ut
299 611 506 680 mitiges
530 610 575 663 ei
603 627 633 662 a
661 609 841 663 diebus
874 609 1043 663 malis.
1083 607 1274 664 Videte
1302 607 1431 677 quid
1456 608 1598 660 dicat
1624 623 1642 660 :
1685 604 1821 660 Bea-

198 713 297 758 tus
332 704 487 758 homo
518 720 671 775 quem
719 712 773 756 tu
820 702 1096 767 crudieris,
1132 700 1374 767 Domine,
1410 709 1458 754 et
1487 699 1552 755 de
1597 699 1707 773 lege
1736 709 1824 754 tua

197 796 456 851 docueris
503 812 620 850 eum
655 813 666 848 :
702 795 812 850 hoc
837 802 942 860 est,
975 793 1270 863 Scripturis
1308 792 1433 847 tuis.
1483 791 1596 846 Hoc
1640 800 1819 846 autem

193 887 346 958 quid
393 887 638 956 prodest,
684 895 746 940 ut
787 885 1048 948 doceatur
1079 884 1170 941 ille
1192 883 1260 939 de
1293 885 1410 955 lege
1439 883 1567 938 tua?
1622 882 1690 938 Ut
1726 884 1820 936 mi-

196 983 345 1050 tiges
379 981 425 1033 ei
451 997 483 1034 a
520 980 704 1033 diebus
731 980 903 1034 malis.
927 978 1134 1034 Videtis
1169 978 1332 1048 igitur
1352 977 1613 1048 quoniam
1641 978 1820 1031 scien-

198 1075 312 1138 tia,
365 1082 418 1128 et
458 1072 801 1134 exercitatio,
847 1081 900 1126 et
945 1087 1109 1141 opera
1149 1071 1216 1126 de
1273 1071 1576 1140 Scriptnris
1614 1069 1822 1139 mitigat

197 1166 378 1220 nobis
417 1165 532 1220 dies
588 1165 808 1220 malos?
855 1163 1032 1219 Dom'c
1083 1163 1314 1234 fodiatur
1361 1163 1622 1235 peccatori
1649 1163 1816 1232 fovea.

198 1259 448 1325 Quando
479 1268 534 1313 to
579 1258 852 1313 erudieris
883 1259 951 1313 de
983 1258 1101 1328 lege
1134 1257 1382 1321 Domini,
1418 1273 1582 1311 unum
1626 1257 1719 1312 tibi
1764 1258 1816 1311 in

194 1348 413 1418 duplex
461 1348 740 1404 dividitur.
784 1349 901 1403 Tibi
945 1351 1090 1404 eiiim
1135 1349 1252 1404 dies
1280 1349 1492 1419 mitigat
1523 1348 1732 1413 malos;
1764 1357 1821 1405 et

169 1441 495 1510 ’peccatori
529 1439 664 1494 fodit
697 1441 932 1495 foveam.

282 1533 417 1598 Quis
464 1543 741 1605 consurget
795 1536 921 1587 milii
981 1535 1231 1588 adversus
1282 1534 1626 1607 malignantes
1667 1551 1685 1588 :
1726 1544 1818 1588 aut

198 1627 327 1696 quis
362 1627 516 1680 stabit
556 1626 686 1680 mihi
731 1629 981 1681 adversus
1009 1643 1096 1682 eos
1122 1628 1210 1698 qui
1255 1637 1535 1699 operantur
1562 1628 1812 1697 iniquita-

197 1717 608 1774 tem?0bscuri
642 1729 763 1773 sunt
795 1719 1012 1789 psalmi,
1057 1730 1107 1774 et
1137 1735 1356 1790 semper
1395 1736 1655 1789 personas
1691 1737 1812 1775 mu-

199 1823 350 1880 tant,
385 1825 438 1870 et
468 1824 757 1885 propterea
789 1816 1006 1868 obscuri
1039 1825 1187 1876 sunt.
1234 1827 1284 1870 et
1317 1816 1494 1870 nimia‘
1526 1814 1812 1870 diiﬁculta-
1839 1799 1889 1862 Β

203 1905 280 1960 tis
318 1914 407 1960 est
453 1907 602 1962 scire
647 1908 699 1960 in
740 1907 971 1977 singulis
1022 1907 1312 1962 versiculis
1369 1910 1490 1978 quis
1539 1908 1805 1978 loquatur.

202 1996 348 2064 Quis
389 2007 660 2070 consurget
704 1997 831 2052 mihi
868 1997 1118 2053 adversus
1145 2000 1531 2071 malignantes:
1559 2013 1647 2052 aut
1697 2001 1809 2071 quis

204 2087 368 2142 stabit
395 2105 590 2142 mecum
613 2089 861 2144 adversus
883 2100 1156 2160 sperantes
1178 2091 1538 2161 iniquitatem?
1560 2090 1668 2145 Hos
1691 2107 1807 2146 ver-

199 2182 421 2237 siculos
445 2182 696 2238 Salvator
721 2183 958 2252 loquitur
985 2201 996 2235 :
1022 2185 1130 2253 ligo
1152 2193 1376 2240 sanctus
1395 2198 1537 2250 sum,
1565 2185 1618 2237 in
1645 2198 1810 2239 cruce

199 2274 530 2330 sublevatus
575 2289 693 2329 sum
741 2291 755 2329 :
807 2285 1054 2330 mortuus
1101 2289 1242 2342 sum,
1293 2276 1591 2343 resurrexi,
1638 2285 1692 2329 et
1741 2275 1809 2331 ad

199 2368 378 2423 caelos
409 2369 583 2423 victor
613 2369 856 2423 ascendi.
889 2370 1023 2436 Quis
1051 2377 1134 2424 est
1168 2380 1324 2439 putas
1350 2369 1418 2424 de
1457 2370 1684 2436 sanctis,
1714 2369 1809 2440 qui

202 2476 424 2516 mecum
450 2462 734 2532 resurget?
754 2462 899 2533 Ergo
924 2462 1068 2532 quod
1093 2462 1244 2526 dicit,
1261 2462 1365 2518 hoc
1382 2471 1493 2519 est:
1512 2463 1806 2533 Pr0pterea

200 2556 505 2621 resurrexi,
535 2564 674 2610 utet
705 2557 794 2610 alii
831 2571 1042 2611 meeum
1077 2568 1454 2627 resurgerent.
1489 2559 1616 2623 Quis
1636 2575 1809 2614 resur-

198 2655 288 2717 get
329 2647 496 2700 mihi?
543 2647 771 2715 Quando
799 2648 931 2703 dicit
957 2649 1116 2715 Quis,
1147 2658 1383 2705 emteros
1433 2661 1689 2719 provocat
1739 2651 1804 2704 ad

197 2738 558 2809 surgendum.
592 2739 876 2806 Quomodo
901 2743 1043 2796 enim
1071 2741 1302 2812 legimus
1336 2744 1389 2798 in
1423 2741 1556 2796 l~a2a
1591 2741 1803 2811 :Quem

201 2833 417 2889 mittam
461 2833 527 2888 ad
561 2833 817 2902 populum
861 2835 1046 2900 istum,
1089 2843 1144 2889 et
1173 2835 1298 2903 quis
1328 2834 1424 2890 ibit
1455 2834 1611 2890 nobis
1644 2835 1800 2908 (lsai.

201 2923 324 2994 vi)?
347 2931 456 2979 etc.
489 2923 643 2978 Sicut
667 2923 836 2978 Isaias
869 2925 987 2994 ipse
1015 2939 1074 2980 se
1101 2924 1261 2980 offert
1295 2942 1308 2978 :
1343 2927 1422 2980 sic
1459 2936 1513 2980 et
1549 2926 1805 2981 Dominus

202 3031 466 3089 proment
492 3032 590 3072 nos
614 3017 805 3074 dicens
830 3037 842 3071 :
869 3020 995 3085 Quis
1019 3029 1248 3090 resurget
1277 3021 1404 3074 mihi
1428 3019 1675 3074 adversus
1695 3037 1804 3074 ma-

202 3113 466 3182 lignantes
487 3113 512 3165 ?
531 3111 870 3183 Quicumque
917 3113 1300 3179 resurrexerit,
1329 3113 1462 3169 mini
1511 3126 1756 3184 resurget
1787 3132 1802 3171 :

202 3207 272 3262 de
306 3219 428 3261 meo
453 3207 691 3261 exercitu
723 3217 828 3262 est.
857 3207 1110 3262 Adversus
1140 3208 1504 3279 malignantes,
1535 3208 1802 3266 adversus

199 3297 502 3364 diabolum,
537 3307 592 3354 et
613 3300 910 3354 exercitum
945 3299 1082 3368 ejus.
1119 3301 1220 3354 Aut
1249 3303 1361 3370 quis
1391 3300 1544 3354 stabit
1572 3303 1804 3356 mecum?

208 3391 397 3446 Videte
424 3391 670 3447 ordinem
705 3410 716 3445 :
752 3392 868 3447 Non
907 3393 1043 3447 dixit
1080 3396 1333 3462 primum,
1363 3394 1484 3462 quis
1525 3393 1714 3459 stabit,
1747 3401 1804 3450 et

198 3489 323 3559 quis
349 3498 595 3559 resurget
627 3505 640 3542 :
682 3489 798 3555 sed,
833 3490 950 3560 quis
985 3498 1213 3560 resurget
1241 3490 1430 3559 etquis
1458 3487 1632 3541 stabit.
1678 3487 1799 3543 Pri-

199 3596 349 3636 mum
382 3580 528 3636 enim
557 3583 852 3653 surgimus,
882 3581 1081 3636 deinde
1109 3590 1335 3637 stamus.
1371 3581 1474 3634 Aut
1503 3581 1618 3650 quis
1643 3580 1798 3635 stabit

197 3691 398 3728 mecura
437 3676 683 3730 adversus
723 3685 997 3746 operantes
1029 3675 1394 3746 iniquitatem?
1425 3673 1589 3740 Quasi
1623 3674 1795 3744 impe-

198 3776 352 3821 rator
381 3765 570 3839 stetiet
591 3767 733 3822 dicat
768 3785 782 3822 :
813 3767 944 3836 Quis
976 3771 1120 3823 venit
1150 3768 1201 3822 in
1228 3767 1472 3822 exercitu
1504 3767 1674 3822 meo?

275 3859 395 3916 Nisi
430 3863 556 3932 quia
585 3861 839 3916 Dominus
867 3863 1066 3935 adjuvit
1101 3878 1198 3926 me,
1232 3861 1565 3931 paulominus
1591 3861 1798 3916 habita-

200 3955 270 4006 vit
307 3954 360 4007 in
401 3955 608 4024 inferno
653 3955 827 4009 animo
867 3971 1000 4010 mea.
1039 3955 1358 4026 Propterea,
1405 3955 1660 4021 Domine,
1711 3969 1796 4009 re-

197 4060 386 4116 surgo,
422 4047 547 4116 quia
578 4055 630 4100 tu
664 4045 812 4100 fuisti
841 4046 907 4100 ad
946 4046 1177 4109 inferos,
1204 4054 1260 4101 et
1289 4045 1659 4101 resnrresisti.
1696 4045 1796 4100 De-

197 4147 343 4193 tenta
399 4138 596 4192 luisset
625 4137 802 4190 anima
850 4153 968 4193 mea
996 4138 1136 4208 apud
1191 4138 1416 4204 inferos,
1463 4139 1507 4192 si
1563 4154 1665 4191 non
1703 4146 1792 4192 tua

192 4230 378 4283 anima
406 4228 475 4284 de
503 4226 692 4283 inferis
722 4229 1129 4284 resurrexisset.

268 4318 335 4375 Si
361 4317 593 4371 dicebam
625 4335 644 4372 :
675 4329 843 4373 motus
872 4327 947 4373 est
968 4336 1054 4389 pes
1084 4335 1247 4374 meus.
1284 4319 1651 4378 Considerans
1684 4322 1790 4376 fra-

192 4413 462 4485 gilitatem
509 4426 706 4477 meam,
759 4421 816 4466 et
847 4412 1272 4468 imbecillitatem
1321 4415 1634 4480 humanam,
1681 4432 1787 4472 non

191 4504 448 4577 putabam
493 4505 686 4575 pedem
722 4519 901 4560 meum
934 4505 1090 4561 lirmo
1120 4517 1264 4562 stare
1292 4509 1462 4578 gradu
1498 4526 1510 4562 :
1543 4509 1788 4564 ubicum-

199 4613 304 4669 que
354 4597 619 4668 ponebam
673 4596 891 4668 pedem,
946 4598 1156 4666 lapsum
1210 4599 1486 4654 timebam.
1548 4601 1780 4655 ltntsum

193 4691 496 4763 cogitabam
529 4706 729 4746 nomen
765 4700 936 4757 tuum,
968 4700 1022 4746 et
1051 4692 1211 4746 lirmo
1237 4691 1445 4746 stabam
1479 4692 1637 4762 pede.

267 4786 558 4842 Secundum
589 4786 974 4841 multitudinem
1005 4787 1248 4844 dolorum
1275 4803 1505 4842 meorum
1549 4789 1600 4841 in
1629 4789 1786 4843 corde

194 4903 341 4953 meo;
371 4887 753 4942 consolationes
785 4896 888 4942 tute
919 4888 1310 4957 ltetiﬁcaoerunt
1334 4890 1562 4943 animam
1592 4904 1778 4944 meam.

195 4987 304 5042 Hoc
332 4987 504 5057 ipsum
533 4996 588 5043 et
624 4989 915 5058 Apostolus
951 4988 1192 5058 loquitur
1227 5007 1239 5042 :
1271 4992 1525 5060 quoniam
1582 5005 1778 5047 secun-

196 5089 317 5172 ςυηι
345 5088 579 5157 labores,
620 5099 674 5146 et
705 5089 954 5146 miserias
983 5106 1116 5161 quas
1163 5091 1215 5146 in
1262 5094 1363 5147 ἱειο
1397 5095 1599 5149 saeculo
1651 5097 1786 5163 pati-

197 5209 333 5257 mur,
389 5191 656 5249 habemus
713 5193 1019 5248 mercedem
1081 5193 1224 5264 apud
1283 5193 1452 5250 Deum
1514 5197 1565 5250 in
1631 5197 1784 5254 ttBliS

202 5294 241 5365 (Ι
289 5293 407 5348 Cor.
456 5296 556 5365 ιιι).
603 5293 916 5364 Magnitudo
968 5294 1413 5361 tribulationum,
1467 5297 1782 5366 magnitudo

199 5401 535 5473 praemiorum
568 5411 670 5456 est.
705 5401 854 5472 Quot
889 5399 1122 5471 patimur
1167 5399 1417 5465 vulnera,
1471 5410 1550 5455 tot
1605 5417 1782 5458 mere-

201 5519 316 5560 mur
340 5511 392 5558 et
417 5517 672 5559 coronas.
705 5501 820 5557 Hoc
849 5511 935 5557 est
963 5500 1107 5572 quod
1157 5499 1291 5556 dicit
1336 5519 1349 5554 :
1397 5500 1660 5570 Quotiens
1695 5505 1783 5575 egi

200 5605 592 5678 paenitentiam,
624 5605 824 5660 totiens
848 5619 935 5662 me
969 5603 1294 5674 consolatus
1334 5617 1414 5658 es.
1449 5603 1624 5660 Unam
1670 5605 1779 5662 ludi

204 5709 485 5776 iscryinam
513 5719 710 5760 tunam
741 5705 915 5762 merui
943 5705 1402 5762 consolationem.
1441 5706 1638 5761 Decem
1668 5703 1782 5762 fudi

211 5812 509 5880 lacrymas:
552 5805 740 5863 decem
781 5807 954 5864 merui
1003 5807 1430 5865 consolationes.
1481 5807 1779 5876 Quantum.

1927 516 2256 571 solationum
2288 532 2566 572 numerus.

2000 653 2104 720 Qui
2152 653 2302 724 fingit
2342 653 2568 708 laborem
2612 654 2663 706 in
2699 661 2972 725 prwcepto.
3032 652 3200 707 Nemo
3239 649 3519 707 dormiens

1923 755 2245 809 coronatur,
2282 761 2442 800 nemo
2475 760 2702 800 securus
2731 745 2988 815 possidet
3017 758 3185 814 regna
3213 745 3477 799 cmlorum
3503 757 3518 807 ;

1924 851 2106 900 nemo,
2133 834 2336 891 referto
2360 845 2577 899 ventre,
2607 844 2788 906 potest
2809 833 2972 906 digne
2995 834 3064 890 de
3083 834 3311 904 jejuniis
3338 833 3522 902 dispu-

1924 937 2060 981 tare.
2095 925 2261 981 Vides
2289 942 2418 995 ergo
2459 927 2588 997 quid
2637 927 2780 982 dicat
2829 945 2840 981 :
2885 926 2988 994 Qui
3023 925 3173 997 ﬁngit
3203 925 3429 979 laborem
3465 924 3518 977 in

1923 1027 2194 1090 praecepto.
2227 1019 2417 1072 Omnia
2454 1030 2724 1089 pra-cepta
2764 1019 2978 1074 Domini
3014 1019 3260 1074 laborem
3293 1017 3516 1072 habent.

1922 1110 2049 1165 Sine
2072 1111 2258 1164 labore
2283 1125 2386 1164 non
2412 1125 2702 1181 possumus
2731 1109 3013 1179 possidere
3041 1125 3207 1180 regna
3230 1110 3516 1164 caelorum.

1922 1204 2097 1260 Vultis
2141 1204 2282 1259 scire
2313 1205 2438 1274 quia
2492 1205 2563 1258 ita
2609 1205 2729 1260 est?
2779 1203 2834 1260 Si
2875 1204 2978 1270 vis,
3015 1205 3206 1275 inquit,
3251 1203 3520 1275 perlectus

1921 1311 2066 1362 esse,
2098 1295 2255 1361 vade,
2302 1295 2479 1350 vende
2510 1297 2691 1349 omnia
2721 1311 2841 1366 qua:
2881 1295 3151 1368 possides,
3197 1305 3251 1351 et
3277 1297 3342 1350 da
3387 1310 3519 1364 pau-

1919 1387 2182 1458 peribus,
2236 1397 2292 1443 et
2343 1389 2462 1443 veni
2520 1402 2752 1459 sequere
2815 1402 2902 1442 me
2946 1386 3168 1458 (Matth.
3220 1386 3356 1457 ιιι).
3413 1385 3518 1452 Qui

1917 1483 2052 1550 vult,
2100 1484 2304 1552 inquit,
2353 1483 2611 1552 consequi
2668 1497 2832 1553 regna
2883 1482 3172 1548 cmlorum,
3222 1481 3416 1536 diebus
3461 1489 3518 1535 et

1918 1575 2166 1632 noctibus
2213 1588 2366 1642 oret,
2434 1575 2658 1646 vigilet,
2704 1574 2948 1644 jejunet,
2998 1573 3176 1642 jaceat
3219 1573 3274 1628 in
3322 1587 3516 1638 sacco,

1919 1683 2023 1721 non
2053 1668 2103 1722 in
2147 1668 2344 1736 pluma,
2381 1682 2489 1720 non
2532 1666 2585 1720 in
2622 1667 2821 1721 serico.
2860 1665 3187 1721 Pmnitentia
3231 1681 3338 1719 non
3371 1677 3518 1722 amat

1916 1758 2159 1813 delicias.
2211 1758 2345 1827 Quia
2399 1759 2665 1825 cinerem,
2747 1757 2940 1827 inquit,
2994 1765 3268 1826 tamquam
3319 1770 3512 1825 panem

1920 1853 2238 1906 manducavi
2271 1869 2284 1904 :
2316 1861 2370 1906 et
2420 1860 2608 1921 potum
2652 1865 2830 1905 meum
2882 1864 3006 1904 cum
3058 1848 3185 1905 ﬂetu
3219 1849 3512 1904 miseebam

1916 1945 2087 2018 (Psal.
2141 1945 2240 2015 Cl).
2286 1945 2392 2012 Qui
2419 1946 2569 2016 ﬁngit
2598 1945 2827 1999 laborem
2875 1944 2928 1996 in
2974 1953 3232 2014 prtecepto
3279 1951 3512 2012 :capta-

1913 2042 2038 2092 bunt
2079 2039 2131 2092 in
2163 2039 2391 2092 animam
2430 2039 2588 2110 justi.
2630 2037 2821 2092 Videte
2848 2036 3130 2107 quomodo
3161 2049 3270 2090 non
3302 2035 3517 2090 videtur

1912 2145 2033 2185 esse
2060 2144 2390 2184 consonans.
2426 2129 2560 2196 Qua:
2607 2129 2752 2183 enim
2803 2137 2889 2183 est
2934 2127 3324 2196 consequentia
3361 2145 3374 2181 :
3411 2126 3514 2193 Qui

1911 2222 2060 2294 ﬁngit
2104 2222 2330 2274 laborem
2371 2221 2423 2274 in
2473 2229 2730 2290 prarcepfo
2781 2235 2798 2272 :
2850 2220 3137 2290 captabunt
3179 2219 3232 2272 in
3285 2220 3513 2273 animam

1902 2313 2078 2386 justi?
2112 2313 2217 2368 Sed
2272 2312 2413 2382 quod
2463 2313 2610 2366 auris
2653 2327 2854 2367 carnea
2905 2328 3012 2367 non
3056 2312 3333 2382 intelligit,
3365 2314 3514 2368 auris

1911 2408 2210 2477 spiritualis
2241 2407 2527 2477 intelliget.
2551 2406 2691 2473 Quid
2722 2421 2853 2476 ergo
2878 2407 3043 2462 dicit?
3073 2405 3176 2473 Qui
3197 2406 3348 2477 ﬁngit
3371 2406 3511 2460 labo-

1911 2517 2016 2553 rem
2034 2501 2085 2554 in
2113 2507 2388 2571 praecepto.
2411 2499 2734 2569 Propterea,
2755 2499 2948 2569 inquit,
2967 2498 3276 2554 laboramus
3301 2499 3352 2552 in
3379 2513 3514 2567 prai-

1909 2589 2081 2660 ceptis
2113 2589 2324 2644 Domini
2348 2588 2542 2644 diebus
2567 2604 2632 2644 ac
2653 2589 2928 2654 noctibus,
2951 2588 3261 2658 vigilamus,
3291 2605 3516 2644 oramus

1903 2681 2237 2750 jejunamus,
2273 2680 2528 2750 quoniam
2581 2681 2782 2735 multos
2824 2679 3088 2735 habemus
3140 2679 3510 2747 adversarios,

1902 2773 1988 2841 qui
2027 2783 2244 2840 captant
2274 2772 2702 2840 anintanijnsﬁ.
2731 2772 2932 2843 Videte;
2953 2773 3082 2843 quid
3119 2773 3268 2829 dicat
3304 2791 3318 2826 :
3358 2774 3496 2842 justi

1907 2875 2127 2934 captant
2157 2865 2426 2929 animam;
2463 2880 2570 2918 non
2601 2864 2812 2934 injusti.
2854 2865 2970 2919 Non
3006 2867 3152 2920 enim
3179 2865 3376 2920 volunt
3415 2881 3511 2921 eos

1907 2956 2158 3026 decipere
2179 2957 2272 3026 qui
2297 2955 2507 3025 decepti
2532 2965 2678 3021 sunt,
2702 2955 2799 3010 sed
2818 2957 3018 3025 justas.
3042 2956 3200 3012 Unde
3226 2957 3432 3013 dicitur
3456 2957 3508 3013 in

1907 3051 2125 3106 Abacnc
2151 3068 2163 3104 :
2190 3050 2340 3104 Escae
2359 3049 2476 3119 ejus
2501 3048 2688 3103 electio
2712 3047 2896 3118 (Abas.
2923 3048 2986 3118 ι).
3013 3047 3080 3102 Ει
3101 3051 3403 3120 sanguinem
3424 3051 3508 3104 in-

1829 3179 1873 3242 c
1910 3152 2174 3198 nocentem
2217 3140 2647 3196 condemnabam.
2702 3140 2894 3196 Solent
2938 3140 3102 3209 aliqui
3151 3140 3374 3198 dicere:
3411 3142 3504 3199 Ille

1905 3238 1996 3307 qui
2016 3235 2229 3290 occisus
2249 3244 2354 3300 est,
2381 3251 2488 3290 non
2506 3233 2870 3299 occideretur,
2895 3233 2997 3289 nisi
3016 3233 3314 3290 fornicator
3331 3243 3500 3300 esset,

1905 3339 1997 3384 aut
2040 3329 2260 3399 aliquod
2314 3337 2594 3398 peccatnm
2653 3326 2949 3382 habuisset.
2997 3326 3172 3383 Ruina
3199 3326 3348 3383 illum
3394 3344 3502 3384 non

1903 3433 2248 3491 occupasset,
2288 3421 2389 3476 nisi
2424 3422 2615 3476 luisset
2648 3430 2922 3490 peccator.
2968 3419 3318 3488 Naufragium
3351 3421 3501 3479 illum

1905 3531 2011 3568 non
2045 3513 2429 3583 oppressisset,
2477 3512 2579 3568 nisi
2610 3522 2862 3580 peccator
2899 3511 3113 3568 fuisset.
3149 3511 3340 3570 Videte
3371 3529 3505 3585 ergo

1902 3608 2030 3677 quid
2082 3607 2224 3661 dicat
2256 3614 2444 3660 Sancta
2477 3604 2754 3674 Scriptura
2783 3622 2795 3660 :
2828 3603 2900 3659 Et
2922 3606 3230 3677 sanguinem
3251 3607 3501 3665 innocen-

1904 3711 2005 3754 tem
2046 3698 2479 3753 condemnabunt.
2521 3697 2790 3765 Quamdiu
2833 3698 2884 3752 in
2920 3699 3024 3754 isto
3054 3699 3258 3754 saeculo
3287 3715 3497 3766 sumus,

1901 3795 2085 3848 omnia
2136 3793 2187 3847 in
2233 3808 2520 3848 commune
2580 3792 2838 3862 patimur.
2886 3792 3075 3848 Justus
3141 3801 3198 3849 et
3247 3806 3502 3865 peccator

1900 3886 2181 3956 wquaiiter
2221 3884 2648 3953 naufragautur:
2685 3883 2973 3954 IEqualetn
3008 3884 3213 3943 habent
3248 3901 3497 3954 carnem,

1900 3991 1952 4034 et
1990 3977 2226 4048 mquales
2267 3976 2611 4032 conditiones
2661 3977 2866 4032 carnis.
2910 3975 3098 4032 Justus
3135 3986 3192 4036 et
3245 3987 3500 4048 peccator

1897 4072 2180 4143 aequaliter
2207 4081 2456 4141 pereunt.
2490 4069 2699 4125 Similis
2737 4069 2940 4136 exitus,
2973 4069 3068 4125 sed
3098 4070 3316 4127 diversa
3361 4087 3500 4140 prtu-

1897 4166 2003 4219 mia
2029 4163 2208 4232 justus
2234 4172 2289 4218 et
2327 4172 2583 4233 peccator
2610 4161 2831 4218 habent.
2866 4162 3022 4218 Alius
3053 4162 3271 4220 ducitur
3299 4165 3367 4219 ad
3394 4181 3492 4234 ge-

1897 4257 2128 4312 hennam
2156 4273 2170 4312 :
2202 4256 2346 4310 alius
2391 4255 2608 4312 ducitur
2635 4253 2702 4309 ad
2739 4269 2901 4325 regna
2943 4254 3233 4312 cmlorum.
3263 4254 3332 4310 Et
3364 4273 3492 4312 san-

1894 4353 2099 4425 guinem
2150 4351 2470 4406 innocentem
2516 4348 2951 4406 condemnabam.
3005 4348 3220 4408 Snilicit
3275 4349 3406 4410 tibi.
3458 4366 3495 4408 o

1889 4444 2056 4513 juste,
2097 4442 2432 4500 conscientia
2494 4453 2602 4498 tua.
2659 4441 2727 4498 Et
2763 4443 2808 4498 si
2864 4442 3262 4500 condemnatus
3302 4442 3492 4510 fueris,

1894 4538 1966 4595 sit
1995 4539 2217 4608 sanguis
2243 4548 2366 4592 tuus
2400 4538 2684 4602 innocens,
2718 4546 2772 4592 et
2797 4537 3053 4592 clamabit
3080 4536 3148 4592 ad
3171 4537 3487 4598 Dominum.

1969 4674 2032 4727 Et
2083 4677 2253 4746 factus
2303 4681 2375 4726 est
2421 4672 2546 4724 mihi
2597 4671 2845 4725 Dominus
2889 4672 2942 4725 in
2984 4672 3265 4742 refugium.
3309 4672 3487 4729 Locus

1892 4770 1994 4825 iste
2019 4780 2207 4822 contra
2251 4767 2482 4820 Arianos
2512 4763 2661 4820 facit.
2695 4764 2958 4830 Quoniam
3007 4767 3153 4821 enim
3199 4768 3484 4823 contradi-

1890 4871 2020 4916 cunt
2079 4857 2307 4914 Domino
2337 4856 2628 4920 Salvatori,
2661 4855 2801 4925 quod
2845 4857 3014 4912 lactus
3059 4856 3301 4910 dicitur:
3350 4873 3480 4915 ecce

1889 4967 1990 5007 nos
2018 4949 2248 5004 dicimus
2277 4967 2289 5001 :
2344 4945 2538 5001 Factus
2569 4956 2641 5000 est
2670 4945 2796 5000 mihi
2826 4944 3080 5000 Dominus
3106 4947 3158 5000 in
3194 4947 3476 5018 refugium.

1891 5044 2035 5098 Nulli
2067 5043 2310 5104 dubium,
2341 5041 2472 5112 quin
2503 5041 2571 5094 de
2601 5039 2764 5094 Patre
2805 5039 2909 5094 hoc
2948 5041 3390 5109 interpretemur.
3422 5040 3480 5098 Si

1891 5145 2070 5190 autem
2103 5135 2170 5188 de
2194 5133 2355 5188 Patre
2385 5131 2586 5187 dicitur
2615 5147 2632 5185 :
2665 5130 2918 5184 Dominus
2954 5135 3124 5199 factus
3151 5140 3228 5184 est
3271 5132 3398 5186 mihi
3427 5131 3482 5188 in

1890 5226 2185 5298 refugium,
2246 5223 2347 5277 hoc
2394 5237 2560 5278 sensu
2614 5220 3025 5291 intelligendum
3087 5230 3166 5275 est
3226 5235 3238 5275 :
3298 5223 3482 5278 Domi-

1890 5332 1992 5372 nus
2022 5317 2109 5386 qui
2144 5329 2362 5385 semper
2393 5323 2533 5378 erat,
2585 5311 2714 5367 mihi
2749 5309 2923 5366 iactus
2971 5321 3054 5366 est
3091 5311 3144 5365 in
3185 5311 3474 5382 refugiunt.

1889 5410 1978 5464 Sic
2003 5418 2057 5463 et
2079 5406 2325 5464 Salvator
2349 5406 2438 5475 qui
2462 5419 2677 5477 semper
2703 5412 2841 5468 erat,
2869 5402 2999 5458 milii
3021 5403 3274 5459 Salvator
3302 5401 3478 5460 factus

1885 5511 1990 5558 est.

2418 5639 2545 5696 PSA
2557 5637 2641 5696 LM
2653 5637 2738 5695 US
2777 5635 2962 5694 XCIV.

1887 5805 2030 5859 Laus
2057 5802 2248 5860 cantici
2286 5803 2388 5876 ipsi
2437 5801 2624 5857 David.
2657 5801 2764 5859 Iste
2795 5801 3038 5876 psalmus
3079 5813 3270 5858 vocem
3298 5800 3476 5857 conti-
