4016 6334
560 264 693 322 NH

633 391 726 437 net
768 383 1068 454 propinetm,
1114 380 1455 436 colmrtantis
1507 379 1757 435 homines
1789 377 1855 434 ad
1889 379 2053 434 Deum
2087 379 2155 435 dc
2181 384 2228 441 Α

634 463 752 510 ιοιο
774 457 946 510 corde
977 454 1229 509 transire.

647 589 851 660 Venite,
882 589 1196 644 exsultemus
1231 586 1448 642 Domino
1485 603 1502 640 :
1531 587 1813 658 jubilcmus
1866 583 1976 639 Deo
2013 584 2159 669 salu-

561 682 662 734 tari
691 691 888 736 nostro.
923 680 1293 751 lutelligamus
1341 680 1461 751 quia
1493 679 1610 750 ipse
1666 690 1749 734 est
1781 678 2063 744 Dominus,
2104 687 2157 733 et

562 773 680 842 ipse
711 781 884 828 morte
919 788 1016 827 sua
1048 773 1279 828 contulit
1323 772 1486 828 nobis
1515 771 1768 827 salutem.

614 864 1048 936 Prwoccupemus
1069 865 1252 935 faciem
1270 867 1381 937 ejus
1398 866 1449 918 in
1470 864 1814 936 confessione.
1837 863 2155 933 Priusquam

558 954 721 1010 nobis
770 970 964 1011 aversa
1015 955 1154 1011 facie
1197 956 1485 1017 irascatur,
1536 956 1896 1010 conﬁteantur
1934 960 2156 1023 peccata

558 1057 766 1104 nostra.
793 1048 859 1103 Et
890 1051 942 1102 in
966 1050 1183 1121 psalmis
1203 1049 1491 1122 jubitemus
1521 1049 1590 1104 ei.
1629 1048 1924 1102 l‘sallcntes
1950 1046 2002 1101 in
2031 1060 2158 1102 cor-

557 1143 716 1200 dibus
742 1144 966 1208 nostris,
995 1145 1110 1200 Deo
1139 1145 1343 1215 gratias
1367 1155 1617 1213 agentes.

631 1235 890 1302 Quoniam
955 1237 1096 1292 Deus
1166 1253 1386 1310 magnus
1441 1235 1718 1290 Dominus.
1775 1233 1964 1289 Nullus
2009 1232 2154 1288 enim

555 1338 802 1398 sequatur
841 1327 1226 1399 magnitudini,
1256 1327 1311 1384 id
1349 1336 1434 1384 est
1459 1327 1718 1398 pctentire
1766 1326 1909 1396 ejus.
1963 1325 2031 1379 Et
2068 1343 2157 1381 rea:

561 1438 780 1492 magnus
815 1440 970 1495 super
1010 1440 1185 1478 omnes
1217 1422 1377 1479 Deos.
1434 1423 1555 1494 Ipse
1596 1423 1740 1478 enim
1777 1422 1959 1478 omnia
1994 1422 2153 1492 regit.

628 1515 890 1581 Quoniam
948 1533 1054 1570 non
1117 1517 1333 1586 repellet
1386 1514 1642 1570 Dominus
1694 1515 1893 1586 plebem
1957 1529 2155 1577 suam;

551 1621 718 1677 quam
753 1608 979 1679 proprio
1006 1624 1203 1665 cruore
1234 1610 1484 1666 redemit.

630 1699 768 1766 Quia
799 1701 853 1755 in
877 1717 1034 1757 manu
1063 1706 1178 1776 ejus
1205 1713 1324 1756 sunt
1355 1719 1533 1757 omnes
1564 1703 1691 1770 ﬁnes
1731 1709 1902 1757 term.
1947 1701 2155 1771 Pugillo

551 1791 786 1849 enimid
825 1805 930 1863 est,
973 1804 1268 1866 potestate,
1319 1796 1601 1852 concludit
1644 1810 1862 1851 omnem
1908 1795 2147 1850 latitudi-

553 1902 676 1943 nem
703 1896 884 1945 terrae.
914 1887 980 1943 Et
1015 1891 1316 1945 altitudines
1346 1891 1600 1945 montium
1627 1891 1796 1961 ipsius
1824 1900 1962 1944 sunt.
2003 1888 2151 1944 Pras-

549 1980 859 2038 dicationes
889 1984 1228 2053 apostolicae,
1259 1999 1396 2056 quas
1424 1986 1541 2056 ipse
1571 1985 1821 2057 inspirat.

625 2076 887 2143 Quoniam
927 2077 1090 2148 ipsius
1117 2086 1191 2131 est
1221 2094 1386 2145 mare,
1418 2088 1466 2132 et
1496 2079 1608 2148 ipse
1652 2078 1772 2149 fecit
1814 2077 1970 2131 illud.
2023 2077 2151 2132 Haec

550 2175 610 2224 et
634 2167 702 2224 de
732 2169 932 2223 saeculo
957 2169 1306 2239 intelligenda
1335 2177 1484 2235 sunt,
1516 2181 1570 2224 et
1599 2171 1665 2224 de
1697 2169 1804 2224 isto
1829 2184 1962 2224 vero
1988 2167 2145 2236 mari,

549 2259 618 2314 ad
659 2260 1087 2316 confutationcm
1128 2275 1317 2316 eorum
1363 2261 1457 2330 qui
1508 2260 1697 2316 dicunt
1739 2276 1908 2332 aquas
1954 2275 1985 2316 a
2037 2261 2149 2317 Deo

550 2367 660 2407 non
687 2366 812 2408 esse
842 2339 1077 2409 creatas.
1109 2353 1242 2408 Nam
1285 2363 1343 2410 et
1366 2354 1624 2412 Salomon
1669 2370 1738 2412 ex
1780 2370 2014 2427 persona
2062 2370 2149 2412 sa-

547 2446 795 2514 pientiae,
842 2446 1043 2518 quiest
1071 2445 1344 2515 Christus,
1369 2448 1486 2504 ait:
1518 2449 1842 2520 Priusquam
1883 2449 2150 2521 produce-

549 2547 632 2594 ret
663 2539 838 2595 fontes
864 2555 1156 2611 aquarum,
1185 2556 1286 2612 ego
1321 2557 1472 2598 eram
1501 2542 1691 2614 (Prov.
1718 2543 1820 2614 ιιι).
1853 2543 1921 2598 Et
1957 2546 2146 2599 siccam

548 2647 730 2685 ntanus
785 2635 895 2702 ejus
937 2633 1308 2702 formaverunt.
1368 2636 1494 2692 Sive
1537 2651 1690 2705 arva,
1746 2637 1863 2694 sive
1905 2637 2143 2694 humana

547 2737 801 2794 corpora.

626 2815 832 2888 Venite,
859 2818 1132 2874 adoremus
1151 2862 1165 2886 ,
1189 2830 1236 2875 et
1257 2822 1590 2892 procidamus
1616 2832 1664 2880 et
1691 2825 1951 2895 plorcmus
1966 2841 2144 2880 coram

542 2910 774 2966 Domino
807 2914 900 2984 qui
947 2914 1069 2983 fecit
1109 2931 1203 2969 nos
1235 2917 1404 2988 :quia
1443 2918 1550 2989 ipse
1587 2927 1658 2972 est
1703 2917 1957 2975 Dominus
2001 2919 2143 2974 Deus

544 3015 742 3061 noster.
783 3006 977 3062 Coram
1019 3009 1115 3064 illo
1158 3013 1455 3080 prosterni,
1512 3023 1564 3068 et
1610 3014 1712 3084 ipsi
1757 3025 1976 3085 peccata
2018 3030 2140 3071 cum

542 3100 678 3155 ﬂetu
704 3110 763 3157 et
790 3101 1047 3175 lacrymis
1069 3104 1342 3174 confiteri,
1377 3106 1572 3163 iterum
1600 3118 1766 3179 atque
1792 3109 1988 3164 iterum
2015 3124 2142 3180 pro-

542 3192 708 3263 pheta
750 3193 1019 3263 hortatur,
1072 3212 1235 3268 quem
1292 3199 1474 3254 sciunt
1519 3215 1640 3256 esse
1686 3201 1856 3258 Deum
1897 3203 2137 3258 omnium

541 3290 889 3346 saeculorum.
925 3290 992 3345 Et
1015 3309 1106 3346 nos
1143 3293 1367 3366 papulus
1395 3311 1602 3365 pascua:
1643 3298 1756 3367 ejus
1793 3305 1839 3351 et
1867 3312 1983 3352 oves
2025 3314 2138 3352 nta-

541 3397 646 3435 nus
671 3383 803 3452 ejus.
833 3381 1006 3452 Cujus
1033 3385 1295 3454 sanguine
1325 3387 1409 3442 vel
1441 3386 1782 3455 redimimur,
1815 3389 1896 3443 vel
1919 3389 2136 3444 alimur.

615 3471 793 3527 Hodie
820 3475 867 3528 si
889 3489 1061 3528 vocem
1097 3480 1210 3547 ejus
1233 3477 1524 3546 audieritis,
1568 3487 1674 3534 etc.
1712 3479 2139 3537 Evidentissime

541 3565 660 3646 hinc
684 3565 875 3636 pandit
898 3565 1200 3634 Apostolus
1226 3567 1294 3623 ad
1321 3568 1580 3624 Hebraeos
1611 3587 1624 3624 :
1653 3586 1755 3626 nec
1776 3572 1936 3627 aliam
1971 3573 2138 3629 inter-

540 3671 746 3728 ponere
798 3659 1180 3730 przesumimus
1238 3661 1658 3730 espositioncm.
1719 3664 1819 3732 Qui
1881 3667 1950 3720 ita
2002 3668 2076 3722 ait
2120 3685 2135 3724 :

537 3751 770 3820 Quidam
803 3753 949 3808 enim
989 3753 1491 3822 exacerbaverunt;
1521 3756 1617 3812 sed
1658 3773 1766 3812 non
1802 3759 2013 3827 om‘nes,
2041 3761 2137 3831 qui

539 3844 768 3915 profecti
797 3854 923 3902 sunt
947 3862 1012 3902 ex
1042 3846 1283 3919 ,Ἐπιιιο
1311 3863 1408 3918 per
1431 3847 1654 3919 Moysen
1682 3849 1839 3925 (Heb.
1871 3853 1976 3924 ιιι).
2005 3853 2136 3921 Qui-

537 3936 642 3993 bus
668 3947 851 3994 autem
891 3939 1142 3996 offensus
1171 3939 1272 3995 fuit
1309 3941 1666 4014 quadraginta
1703 3944 1896 4000 annis?
1939 3961 2134 4016 nempe

534 4030 647 4085 illis
674 4031 763 4102 qui
798 4041 1166 4102 peccaverunt
1199 4053 1210 4088 :
1244 4049 1473 4107 quorum
1517 4045 1573 4092 et
1594 4052 1829 4108 corpora
1857 4048 2130 4109 prosuata

537 4133 665 4180 sunt
695 4126 749 4182 in
777 4124 1018 4182 deserto.
1072 4127 1277 4195 Quibus
1313 4138 1495 4185 autem
1518 4130 1723 4200 juravit
1755 4147 1863 4187 nun
1902 4133 2132 4188 introire

535 4217 590 4272 in
616 4219 882 4288 requiem,
921 4219 1023 4274 nisi
1053 4217 1161 4276 illis
1189 4219 1282 4289 qui
1317 4221 1586 4277 increduli
1617 4221 1872 4278 fuerunt?
1901 4225 1966 4280 Et
1991 4225 2131 4281 vidi-

531 4322 657 4362 mus
679 4311 802 4379 quia
832 4326 939 4365 non
971 4319 1266 4380 potuerunt
1305 4313 1532 4370 introire
1582 4325 1805 4385 prapter
1834 4318 2130 4374 increduli-

524 4406 720 4456 tatem.
753 4401 1066 4458 Timeamus
1101 4419 1269 4477 ergo:
1303 4421 1373 4460 ne
1421 4405 1562 4463 forte
1591 4418 1816 4482 accepta
1855 4411 2128 4481 pollicita-

532 4492 683 4549 tione
705 4493 1016 4549 introeundi
1048 4495 1100 4551 in
1133 4511 1360 4568 regnum
1385 4497 1528 4569 ejus,
1562 4500 1906 4558 existimetur
1933 4502 2128 4575 aliquis

529 4601 598 4642 ex
623 4585 782 4641 nobis
802 4585 1014 4642 deesse.
1044 4588 1254 4645 Etenim
1279 4589 1434 4644 nobis
1466 4593 1771 4648 nuntiatum
1800 4603 1904 4664 est,
1936 4611 2127 4666 quem-

527 4678 823 4736 admodum
877 4689 932 4737 et
971 4680 1097 4738 illis.
1141 4681 1309 4753 Igitur
1345 4683 1706 4741 exhibeamus
1747 4703 1844 4743 nos
1881 4700 2117 4758 sanctos,

525 4784 585 4829 ut
616 4774 844 4830 introire
881 4789 1190 4832 mereamur
1219 4791 1316 4847 per
1342 4778 1723 4836 crudelitatem
1762 4781 1817 4836 in
1849 4781 1995 4837 illam
2038 4799 2122 4838 rc—

524 4869 732 4939 quiem,
759 4885 921 4941 quam
944 4885 1231 4940 speramus
1261 4873 1530 4943 accipere.
1565 4873 1667 4930 Per
1711 4873 1985 4932 Christum
2016 4877 2122 4934 Do-

525 4961 732 5017 minum
793 4971 1090 5019 nostrum:
1130 4965 1219 5019 cui
1265 4974 1351 5020 est
1393 4980 1516 5021 cum
1565 4975 1773 5023 aeterno
1823 4968 2013 5033 Patre,
2065 4980 2121 5026 et

517 5054 724 5128 Spiritu
778 5066 988 5126 sancto,
1022 5057 1198 5114 honor
1247 5068 1302 5114 et
1343 5059 1512 5130 gloria
1560 5061 1614 5116 in
1653 5062 1850 5118 saecula
1887 5063 2117 5120 seculo-

519 5164 659 5205 rum.
697 5151 895 5206 Amen.

1060 5221 1378 5281 PSALMUS
1419 5223 1577 5280 XCV.

521 5327 745 5395 Quando
764 5330 958 5408 gamus
992 5333 1352 5408 aediﬁcabatur
1378 5344 1490 5408 post
1529 5337 1902 5408 captivita'em,
1947 5342 2114 5393 canti-

588 5417 705 5478 gum
752 5399 942 5457 David.
992 5399 1109 5478 Iste
1137 5399 1514 5478 psalmus'huc
1560 5399 1716 5462 titulo
1754 5399 2106 5478 praenotatur.

587 5470 782 5527 Totum
811 5470 1212 5543 mysterium'iu
1239 5476 1393 5531 titulo
1418 5486 1521 5534 est.
1552 5478 1737 5534 Totius
1754 5470 1878 5535 vita:
1910 5494 2110 5538 nostra:

583 5557 1008 5616 sacramentum,
1054 5557 1106 5600 et
1144 5547 1289 5600 salus
1321 5547 1374 5602 in
1410 5549 1564 5603 titulo
1599 5558 1701 5604 est.
1746 5549 1970 5616 Quando
2015 5554 2110 5606 do-

581 5629 697 5689 mus
735 5613 1094 5689 rediﬂcalgatur
1127 5628 1241 5688 post
1280 5621 1624 5689 captivitatem
1679 5613 1952 5676 Canticum
1998 5620 2109 5676 Da-

579 5685 682 5736 vid.
731 5683 910 5762 J_ud_aei_
954 5683 1137 5762 locum
1177 5683 1352 5762 istum
1377 5690 1455 5744 sic
1507 5691 1829 5762 intelligunt.
1881 5693 2108 5762 Quando

582 5764 706 5818 post
745 5754 1054 5822 Babylonia:
1097 5760 1484 5828 captivitatem,
1526 5761 1629 5817 sub
1672 5754 1810 5818 Ezra
1851 5754 2108 5822 et'Zoro-

1359 263 1704 322 APPENDIX
1745 263 1836 320 AD
1876 262 2121 320 TONIUM
2158 262 2507 322 SEPTIMUM
2547 264 2607 322 S.
2652 264 3056 323 HIERONYMI.

2184 1766 2234 1826 B

2331 377 2491 435 babel
2519 389 2574 435 et
2611 381 2738 436 Jesu
2773 381 2883 436 lilio
2911 379 3143 436 Josedec
3169 395 3384 436 rursum
3417 377 3757 436 militicatum
3788 395 3870 440 est

2336 452 2617 523 templum,
2659 452 2825 507 David
2863 454 2913 506 in
2945 452 3136 519 spiritu
3163 464 3286 506 ante
3318 453 3647 523 quingentos
3691 468 3870 511 annos

2330 522 2534 577 sciebat
2579 539 2791 578 rursum
2840 523 3215 578 aedificandum
3255 537 3378 578 esse
3419 522 3707 593 templum.
3757 523 3871 584 lloc

2331 593 2408 649 illi
2439 595 2645 650 dicunt.
2689 593 2744 650 Si
2771 594 2873 650 hoc
2903 597 2974 650 ita
2999 604 3102 658 est,
3133 610 3168 650 o
3191 595 3397 660 Judme,
3445 605 3500 650 ut
3535 599 3870 663 interpreta-

2333 665 2428 730 ris,
2455 666 2584 736 quid
2607 665 2708 721 sibi
2741 668 2852 721 vult
2875 667 3020 737 quod
3059 669 3301 736 sequitur
3335 688 3349 723 :
3382 665 3601 722 Cantate
3633 666 3868 725 Domino

2330 738 2586 791 canticum
2639 754 2828 792 novum
2885 755 2903 793 :
2945 748 3000 794 et
3053 738 3252 794 deinde
3299 756 3309 790 :
3358 739 3681 793 Annuntiate
3731 741 3867 796 inter

2330 820 2505 878 gentes
2537 809 2761 882 gloriam
2791 811 2949 893 ejus?
2973 811 3125 879 Quod
3154 810 3410 893 esthistud
3450 802 3724 866 canticum
3758 829 3866 893 po-

2329 895 2456 933 vum
2485 880 2638 953 :qua:
2661 890 2787 953 sunt
2810 880 2925 936 iste
2953 882 3184 953 gentes?
3215 880 3420 936 Videtis
3446 897 3576 951 ergo
3598 883 3862 952 quoniam

2331 952 2624 1006 secundum
2680 952 2914 1007 litteram
2959 951 3371 1008 interficientem
3441 951 3661 1022 penitus
3713 965 3864 1013 stare

2331 1038 2438 1077 non
2473 1031 2677 1092 potest.
2718 1024 2858 1096 Ergo
2904 1027 3130 1096 mystice
3189 1025 3654 1092 interpretandum
3707 1038 3794 1080 est
3849 1048 3859 1084 :

2330 1095 2548 1166 quando
2607 1095 2809 1150 domus
2867 1095 3241 1151 aediﬁcabatur
3287 1105 3407 1164 post
3454 1097 3856 1166 captivitatem.

2330 1163 2482 1237 {Iulli
2513 1166 2581 1222 de
2635 1168 2795 1221 nobis
2846 1170 2989 1237 capti
3035 1178 3164 1221 sunt
3195 1168 3396 1237 zimulti
3427 1163 3578 1222 ducti
3621 1179 3754 1223 sunt
3807 1173 3856 1227 in

2331 1234 2726 1307 Babyloniam:
2762 1234 2927 1294 multi
2952 1239 3141 1308 jugum
3193 1236 3697 1295 Nabuchodonosor
3741 1244 3858 1299 suis

2333 1321 2620 1378 portavere
2669 1309 2975 1365 cervicibus
3029 1328 3039 1362 :
3097 1312 3249 1365 multi
3297 1311 3448 1364 missi
3480 1322 3608 1366 sunt
3662 1312 3717 1366 in
3765 1330 3858 1368 ca-

2333 1381 2536 1454 minum
2589 1381 2747 1450 ignis,
2779 1392 2845 1454 et
2884 1395 3132 1454 arserunt
3168 1400 3178 1434 :
3225 1381 3378 1454 multi
3420 1383 3681 1453 templum
3733 1400 3855 1454 per-

2333 1449 2628 1519 diderunt,
2679 1464 2734 1506 et
2775 1452 2829 1507 in
2887 1453 2996 1508 illis
3040 1453 3232 1508 domus
3284 1453 3379 1509 Dei
3429 1449 3696 1510 subversa
3733 1449 3853 1512 'cSt.

2331 1520 2521 1578 infelix
2562 1523 2732 1580 Judas
2763 1527 2978 1595 quando
3026 1525 3305 1594 aposmlus
3341 1536 3482 1589 erat,
3527 1526 3724 1582 domus
3757 1528 3854 1585 Dei

2332 1603 2465 1650 erat.
2525 1595 2682 1650 Venit
2731 1596 3011 1665 diabolus,
3063 1606 3118 1652 et
3161 1599 3376 1667 accepit
3440 1599 3766 1664 huccellam,
3803 1611 3857 1656 et

2331 1668 2517 1743 statim
2567 1668 2785 1743 intravit
2830 1669 3061 1724 Satanas
3091 1669 3145 1724 in
3179 1669 3329 1723 illum
3377 1668 3559 1740 (Joan.
3605 1670 3748 1743 xm),
3800 1682 3858 1728 et

2332 1737 2528 1793 domus
2557 1739 2674 1808 ejus
2704 1741 2962 1795 subversa
3009 1752 3115 1806 εει,
3143 1751 3193 1794 et
3225 1756 3331 1794 non
3378 1737 3463 1796 est
3493 1737 3794 1798 instaurata
3839 1762 3850 1796 :

2330 1811 2453 1880 quia
2479 1827 2584 1865 non
2617 1813 2724 1880 tegit
2755 1813 3151 1879 paenitentiam.
3183 1812 3238 1868 Si
3269 1813 3391 1882 quis
3413 1826 3546 1868 vero
3578 1825 3700 1880 post
3730 1830 3857 1878 pec.

2331 1891 2507 1956 catum
2543 1882 2652 1952 agit
2685 1883 3094 1952 paenitentiam;
3123 1885 3280 1938 istius
3308 1884 3504 1939 domus
3531 1894 3656 1954 post
3682 1887 3856 1956 capti-

2329 1953 2550 2009 vitatem
2582 1956 2964 2010 re:edilicatur.
2997 1958 3225 2012 Oremus
3267 1970 3400 2024 ergo
3439 1966 3491 2011 et
3533 1953 3639 2012 nos
3672 1953 3855 2013 Doini—

2329 2040 2480 2093 num,
2513 2027 2744 2096 primum
2774 2027 3017 2093 quidem,
3049 2038 3108 2082 ut
3139 2041 3247 2082 non
3278 2027 3624 2082 subvertatur
3655 2030 3852 2086 domus

2327 2108 2532 2170 nostra,
2567 2112 2634 2151 ne
2679 2099 3169 2154 veniathaldaeus
3214 2109 3268 2154 ct
3301 2099 3579 2170 Assyrius,
3619 2111 3674 2154 et
3715 2111 3851 2156 tem—

2325 2169 2470 2235 plum
2497 2169 2700 2224 Christi
2724 2171 2774 2224 in
2800 2170 2958 2226 nobis
2989 2171 3293 2227 subvertat.
3323 2172 3378 2227 Si
3410 2169 3595 2225 autem
3627 2173 3851 2228 subver-

2323 2253 2444 2313 sum
2497 2240 2662 2297 fuerit
2707 2243 2861 2312 quasi
2889 2241 3196 2313 naufragio,
3237 2243 3478 2298 secundo
3521 2245 3722 2299 solatio
3753 2260 3849 2311 per

2326 2312 2560 2385 tabulam
2595 2328 2882 2382 possumus
2905 2312 3124 2368 salvari.
3153 2314 3371 2382 Quando
3401 2316 3588 2369 domus
3618 2317 3848 2385 aediﬁca-

2327 2383 2475 2439 batur
2497 2395 2612 2457 post
2635 2387 3000 2451 captivitatem.
3026 2387 3281 2454 Quotidie
3302 2388 3494 2441 domus
3519 2388 3618 2441 ista
3646 2383 3844 2444 Christi

2325 2457 2376 2510 in
2423 2458 2815 2524 pmniteutibus
2867 2459 3168 2513 instruitur.
3225 2458 3471 2529 Denique
3503 2474 3610 2513 non
3660 2460 3841 2514 dixit:

2321 2529 2543 2598 quando
2574 2530 2768 2584 domus
2797 2530 3063 2585 aediﬁcata
3095 2539 3179 2585 est
3213 2550 3226 2585 :
3270 2545 3336 2586 ne
3376 2539 3584 2585 tantum
3637 2532 3845 2586 videre-

2323 2609 2414 2672 tur
2443 2601 2606 2656 fuisse
2649 2603 3018 2671 prmteritum;
3069 2601 3188 2667 sed,
3218 2602 3600 2672 (edi/icabatur,
3630 2613 3686 2658 ut
3714 2618 3843 2672 quo-

2324 2670 2455 2726 tidie
2479 2672 2579 2726 hoc
2604 2670 2719 2727 licri
2747 2673 3104 2728 demuuStrct.
3133 2673 3246 2728 Hoc
3272 2670 3487 2729 interim
3510 2670 3746 2730 diximus
3773 2676 3840 2729 de

2321 2742 2498 2798 anima
2543 2754 2745 2798 nostra.
2777 2744 3042 2799 Cancrum
3072 2759 3360 2813 possumus
3377 2757 3431 2800 et
3451 2746 3610 2800 aliter
3626 2745 3835 2800 dicere:

2320 2813 2542 2886 quando
2563 2814 2806 2871 Ecclesia
2833 2816 3031 2871 Christi
3059 2817 3428 2872 instruebatur
3453 2827 3575 2886 post
3603 2816 3837 2872 ruinam.

2321 2883 2612 2941 Videamus
2641 2902 2772 2957 ergo
2804 2897 2924 2958 post
2967 2887 3129 2942 istum
3163 2888 3371 2942 titulum
3403 2883 3531 2960 quid
3561 2898 3836 2959 sequatur.

2321 2989 2536 3045 Cantate
2553 2987 2776 3045 Domino
2797 2990 3059 3045 canticum
3079 3007 3283 3045 novum.
3303 2988 3461 3045 Felix
3486 2990 3802 3060 penitentia
3825 3010 3837 3043 :

2249 3082 2375 3139 licet
2394 3083 2593 3149 rueris,
2619 3091 2802 3140 tamen
2826 3085 2870 3138 si
2886 3085 3071 3154 egeris
3092 3085 3466 3154 paenitentiam
3487 3099 3628 3140 nova
3648 3083 3839 3140 damus

2249 3174 2344 3232 Dei
2371 3175 2590 3232 diceris.
2619 3174 2838 3232 Cantate
2878 3174 3103 3239 Domino
3141 3178 3402 3232 canticum
3442 3193 3654 3233 novum.
3693 3175 3840 3232 Nora

2246 3267 2460 3334 domus,
2497 3284 2696 3324 novum
2741 3278 2984 3325 meretur
3007 3271 3305 3326 canticum.
3349 3269 3568 3326 Cantate
3613 3267 3836 3324 Domino

2244 3359 2504 3414 canticum
2531 3376 2743 3415 novum.
2768 3359 2868 3416 Cui
2889 3362 3141 3417 cantate?
3158 3362 3376 3418 Cautate
3396 3361 3640 3427 Domino,
3669 3362 3836 3416 omnis

2245 3460 2402 3508 terra.
2439 3450 2498 3507 Si
2535 3452 2604 3507 de
2642 3453 2846 3523 templo
2891 3453 3253 3527 Jerosolymae
3279 3453 3497 3521 dicitur,
3537 3468 3570 3508 o
3609 3454 3832 3522 Judzee,

2242 3545 2514 3615 quomodo
2541 3546 2720 3602 omnis
2755 3555 2898 3603 terra
2920 3557 3246 3617 provocatur
3266 3548 3332 3602 ad
3356 3549 3601 3605 laudem?
3617 3548 3834 3604 Caritate

2243 3635 2489 3705 Domino,
2519 3641 2686 3694 omnis
2715 3649 2875 3696 terra.
2907 3640 3013 3697 Iste
3044 3641 3194 3697 locus
3214 3649 3270 3698 et
3293 3641 3536 3698 Judieum
3560 3641 3749 3708 vincit,
3778 3651 3833 3698 et

2241 3730 2616 3788 Nuv’atianum.
2634 3731 2854 3790 Cantate
2866 3731 3108 3803 Domino,
3126 3737 3291 3791 omnis
3303 3745 3460 3791 terra.
3483 3735 3833 3792 Nonierusa.

2238 3823 2372 3891 lem,
2403 3824 2498 3880 sed
2527 3825 2706 3882 omnis
2731 3826 2984 3882 mundus.
3009 3828 3106 3882 llic
3130 3827 3349 3884 Judaeus
3373 3827 3657 3884 occiditur.
3690 3827 3830 3882 Can-

2241 3925 2342 3969 tate
2373 3914 2622 3983 Domino,
2654 3919 2817 3972 omnis
2846 3927 3003 3974 terra.
3023 3918 3354 3975 Novatianus
3384 3919 3831 3988 oceiditur.Quo-

2238 4006 2437 4063 modo?
2466 4007 2606 4066 Dicit
2636 4009 2784 4065 enim
2811 4009 3145 4069 Novatianus
3174 4029 3185 4070 :
3211 4012 3350 4068 Sunt
3376 4013 3553 4084 aliqua
3585 4025 3827 4084 peccata,

2237 4113 2337 4168 pro
2357 4100 2556 4169 quibus
2575 4101 2837 4158 debemus
2862 4118 3025 4175 agere
3046 4105 3435 4174 ptenitentiam.
3464 4108 3542 4160 Ac
3564 4105 3612 4160 si
3644 4105 3789 4160 dicat
3816 4123 3830 4157 :

2239 4192 2319 4249 De
2349 4193 2653 4260 mendacio,
2701 4195 2771 4251 de
2802 4197 3066 4268 perjurio,
3111 4197 3182 4254 de
3224 4196 3389 4252 furto.
3438 4195 3708 4254 Getarum
3739 4198 3830 4268 qui

2236 4283 2535 4341 fornicatus
2564 4285 2750 4354 fuerit,
2773 4289 2865 4358 qui
2891 4286 3240 4344 homicidium
3270 4286 3462 4345 fecerit
3494 4307 3507 4343 :
3533 4288 3638 4343 iste
3667 4303 3830 4358 agere

2234 4393 2342 4434 nou
2375 4387 2554 4447 potest
2600 4382 2996 4450 paenitentiam.
3039 4382 3176 4438 Audi
3207 4383 3338 4454 quid
3384 4384 3529 4440 dicat
3560 4399 3575 4439 :
3607 4383 3830 4440 Cantate

2233 4465 2481 4537 Domino,
2508 4474 2676 4528 omnis
2706 4483 2865 4528 terra.
2887 4473 3080 4530 Omnis
3100 4484 3282 4532 autem
3308 4487 3476 4544 terra,
3504 4485 3559 4531 et
3578 4475 3828 4533 adultera

2153 4549 2206 4611 Ι)
2231 4572 2338 4630 est,
2380 4574 2435 4621 et
2475 4565 2768 4636 homicida,
2802 4577 2857 4623 et
2881 4568 3060 4624 omnia
3092 4581 3313 4640 peccata
3345 4579 3558 4626 terrena
3583 4579 3731 4625 sunt.
3765 4570 3825 4626 Si

2229 4665 2406 4712 autem
2433 4659 2680 4735 universa
2717 4670 2934 4730 peccata
2968 4672 3182 4718 terrena
3212 4671 3340 4718 sunt
3370 4681 3381 4716 :
3407 4663 3827 4734 qualiacumque

2227 4761 2451 4820 peccata
2483 4751 2760 4819 habueris,
2791 4768 2891 4825 age
2923 4756 3298 4826 paenitentiam
3329 4766 3385 4811 et
3414 4756 3596 4813 salvus
3617 4758 3750 4815 eris.

2298 4841 2514 4898 Cantate
2544 4843 2788 4913 Domino,
2824 4855 2873 4900 et
2914 4847 3193 4903 benedicite
3223 4848 3418 4904 nomini
3445 4852 3580 4922 ejus.
3612 4847 3825 4906 Nomen

2227 4935 2440 4992 Domini
2469 4935 2722 4994 Salvator
2747 4947 2850 5004 est,
2880 4956 2947 4997 ex
2971 4957 3037 4997 eo
3057 4942 3200 5013 quod
3235 4943 3288 4998 in
3320 4943 3480 4999 nobis
3512 4941 3685 4999 factus
3712 4953 3822 5001 est.

2226 5026 2444 5084 Cantate
2487 5028 2736 5084 Domino.
2782 5032 3096 5088 Annuntiate
3125 5033 3190 5087 de
3218 5033 3303 5089 die
3329 5035 3383 5088 in
3422 5033 3559 5088 diem
3586 5035 3822 5090 salutare

2221 5123 2355 5194 ejus.
2383 5121 2524 5192 Quid
2553 5124 2668 5179 vult
2690 5125 2907 5181 dicere:
2945 5129 3262 5184 Annuntiate
3282 5128 3347 5182 de
3372 5129 3456 5182 die
3480 5130 3534 5183 in
3563 5129 3700 5183 diem
3728 5148 3820 5184 su-

2221 5214 2389 5287 lutare
2406 5216 2556 5288 ejus?
2583 5215 2684 5283 Qui
2706 5217 2938 5288 simplex
2964 5229 3047 5274 est
3079 5238 3089 5272 :
3119 5219 3198 5275 sic
3228 5220 3483 5291 intelligit
3517 5241 3528 5274 :
3555 5220 3822 5280 Omnibus

2219 5307 2411 5363 diebus
2437 5310 2652 5366 laudate
2683 5311 2986 5380 Dominum,
3014 5313 3115 5368 hoc
3136 5322 3240 5382 est,
3265 5315 3375 5372 diei
3397 5316 3655 5373 succedat
3674 5317 3816 5386 dies,

2217 5400 2324 5457 hoc
2353 5411 2458 5467 est,
2509 5403 2742 5460 laudasti
2785 5404 2968 5471 hodie,
3013 5406 3169 5462 lauda
3201 5419 3257 5462 et
3285 5409 3545 5464 crastino.
3590 5409 3818 5467 Videtur

2214 5492 2431 5563 quidem
2455 5509 2648 5551 sensus
2669 5511 2791 5552 esse
2811 5497 3041 5569 simplex
3067 5517 3080 5552 :
3105 5499 3199 5554 sed
3225 5500 3356 5556 mihi
3380 5501 3594 5558 videtur
3609 5503 3816 5574 aliquid

2215 5590 2542 5645 sacramenti
2575 5591 2761 5648 latere.
2793 5592 3112 5648 Anntmtiate
3131 5593 3195 5648 de
3221 5595 3308 5648 die
3332 5595 3388 5650 in
3417 5595 3551 5651 diem
3573 5595 3813 5654 salutare

2214 5685 2347 5754 ejus.
2375 5683 2493 5740 Non
2520 5694 2696 5756 potest
2714 5686 2916 5742 laudari
2947 5688 3220 5754 Salvator,
3250 5689 3353 5744 nisi
3380 5691 3432 5745 in
3459 5689 3570 5747 die.
3599 5689 3816 5750 Debue-

2218 5785 2305 5831 rat
2343 5778 2486 5833 enim
2519 5777 2704 5836 dicere
2747 5795 2760 5832 :
2791 5779 3030 5837 Laudate
3058 5780 3347 5839 Dominum
3383 5783 3473 5839 die
3512 5798 3576 5838 ac
3623 5795 3809 5853 nocte,

3732 259 3874 322 illi
3969 273 3977 354 ι
