4016 6328
143 273 326 334 1115
490 272 503 284 “
1122 275 1547 332 BREVIARIUM
1591 273 1654 330 lN
1694 273 1770 342 PS

1880 272 2037 332 M05.
2085 273 2330 332 PSALM.
2373 273 2527 331 XCV.
3345 277 3401 332 ll
3421 276 3481 333 14

135 394 194 446 si
238 394 322 447 de
368 392 472 447 ista
517 391 604 447 die
631 390 925 447 diceretur.
963 390 1235 446 Debemus
1259 392 1406 446 cuitu
1438 392 1621 447 dicere
1653 394 1777 460 hoc,
1809 396 1860 457 Α
1887 396 1953 450 sti
1985 404 2087 450 est.
2124 393 2387 463 Universa
2410 395 2658 464 castitas,
2692 395 2806 451 sive
2838 396 2890 451 in
2925 395 3253 466 virginitate,
3287 397 3400 452 sive
3429 397 3480 452 in

135 486 195 540 si
262 483 581 540 secundum
631 485 868 540 litteram
914 482 1290 554 intelligimus.
1333 483 1389 539 Si
1420 497 1551 553 ergo
1592 483 1646 539 in
1693 483 1782 541 die
1885 486 2166 554 viduitate,
2195 487 2309 543 sive
2339 487 2390 542 in
2419 487 2774 553 continentia,
2801 487 2978 544 hostia
2998 487 3320 546 Cbristiest.
3347 488 3482 546 Rem

137 577 474 632 laudamus
526 577 812 632 Dominum
866 576 1061 631 iterum
1108 574 1162 631 in
1207 584 1371 631 nocte
1419 575 1641 630 laudare
1670 590 1779 630 nou
1885 595 2078 635 novam
2102 581 2318 652 loquor,
2353 581 2530 635 hostia
2557 581 2825 637 castitatis
2856 584 2971 652 ipsa
3002 595 3063 637 se
3093 590 3288 652 portat.
3318 580 3487 636 Tolli-

136 669 511 742 possumus?
547 669 741 725 Videte
770 684 900 741 ergo
941 669 1069 740 quid
1101 669 1242 724 dicat
1273 687 1285 723 :
1317 669 1782 741 Quandocumque
1883 685 1929 730 te
1957 676 2174 741 hostias,
2217 685 2265 730 ct
2296 676 2505 731 introite
2534 677 2586 730 in
2613 678 2750 729 atria
2777 679 2910 749 ejus.
2940 675 3175 730 Adorate.
3200 673 3482 729 Dominum

134 763 412 819 laudatis
449 762 765 823 Dotniuum,
798 778 1015 832 semper
1065 763 1214 818 illum
1262 765 1314 817 in
1348 764 1468 819 luce
1515 763 1729 819 laudate
1762 782 1777 821 :
1881 772 1934 825 in
1959 773 2093 825 atrio
2123 779 2300 824 sancto
2325 771 2457 840 ejus.
2504 769 2674 824 Video
2703 769 2858 837 plura
2900 767 3035 822 atria
3071 785 3084 820 :
3117 767 3279 822 video
3312 782 3475 822 unum

137 872 277 912 non
335 857 390 912 iu
426 857 669 911 tenebris
701 865 1074 926 peccatorum,
1115 857 1208 911 sed
1242 858 1295 910 in
1342 857 1464 912 luce
1492 857 1774 912 virtutum.
1881 861 2102 916 atrium.
2140 861 2324 915 Tollite
2356 861 2572 927 hostias,
2605 870 2650 916 et
2683 861 2897 916 introite
2912 861 2966 914 in
2997 861 3133 914 atria
3163 862 3296 932 ejus.
3339 858 3480 915 Ecce

136 951 411 1021 Semper
440 951 494 1003 iu
524 950 702 1004 anima
731 960 819 1003 tua
861 948 942 1003 sul
969 947 1170 1004 Christi
1194 949 1402 1004 oriatur
1429 967 1442 1003 :
1473 959 1532 1004 ut
1561 964 1779 1020 semper
1881 955 2035 1026 plura
2056 953 2213 1008 atria.
2236 953 2470 1008 Rursum
2499 953 2756 1007 :Adorale
2777 951 3057 1006 Dominum
3081 953 3132 1006 iu
3152 952 3287 1007 atrio
3304 961 3479 1006 sancto

137 1044 208 1099 in
253 1054 314 1098 te
351 1052 610 1099 nascatur
649 1043 830 1097 lumen
883 1055 1103 1096 novum.
1137 1043 1460 1096 Annuntiate
1497 1042 1562 1096 de
1601 1043 1684 1097 die
1726 1043 1778 1097 in
1879 1049 1995 1118 ejus
2028 1063 2046 1100 :
2077 1061 2204 1101 ecce
2238 1062 2400 1101 unum
2449 1045 2666 1100 atrium.
2701 1044 2895 1101 Videte
2924 1059 3056 1117 ergo
3083 1046 3338 1116 quoniam
3369 1059 3477 1100 non

138 1136 315 1190 diem
345 1134 576 1190 salutare
603 1137 738 1208 ejus.
765 1133 1018 1190 Dicamus
1035 1143 1088 1190 et
1112 1135 1274 1189 aliter
1305 1153 1316 1189 :
1350 1134 1468 1189 Duo
1489 1145 1614 1189 sunt
1639 1134 1774 1202 dies,

139 1244 278 1284 non
319 1241 458 1292 tres,
486 1243 593 1284 non
621 1237 878 1297 quatuor,
913 1243 1021 1283 non
1043 1229 1307 1299 quinque.
1343 1227 1457 1282 Duo
1485 1227 1774 1294 suutdies,

139 1333 334 1379 vetus
364 1322 1113 1390 Testatneulum,etnovum.
1140 1320 1277 1375 Etin
1302 1320 1395 1375 illo
1416 1319 1665 1376 Christus
1687 1321 1773 1375 lu-

140 1427 274 1480 cet,
327 1425 386 1471 et
432 1416 482 1469 in
525 1415 630 1469 isto
672 1411 925 1469 Christus
978 1414 1144 1469 lucet.
1178 1412 1360 1469 Nolite
1402 1429 1528 1469 eum
1560 1424 1769 1469 tantum

145 1508 388 1564 laudari
419 1508 478 1564 in
508 1509 676 1563 veteri
707 1507 1080 1574 'l‘eSIamento,
1109 1522 1178 1563 ne
1206 1507 1324 1562 sitis
1349 1507 1523 1564 ιιιόωί
1558 1527 1570 1560 :
1603 1509 1776 1564 nolite

147 1615 299 1657 eum
339 1609 549 1656 tantum
593 1599 817 1655 laudare
849 1601 901 1654 iu
948 1615 1091 1656 novo
1121 1599 1494 1667 Testamento,
1538 1616 1605 1657 ne
1655 1600 1773 1656 sitis

146 1695 482 1750 Maniclizei.
517 1693 760 1750 Laudate
792 1693 943 1748 illum
971 1693 1039 1749 de
1060 1693 1147 1750 die
1174 1694 1228 1749 iu
1255 1693 1425 1760 diem,
1455 1694 1558 1749 hoc
1585 1703 1692 1762 est,
1719 1694 1770 1750 in

1880 1148 2060 1209 potest
2082 1139 2148 1193 de
2172 1153 2278 1193 uno
2303 1139 2442 1194 atrio
2464 1137 2635 1194 veniri
2663 1138 2728 1193 ad
2763 1139 2914 1209 plura
2940 1139 3074 1194 atria
3108 1157 3119 1192 :
3145 1138 3238 1195 sed
3261 1138 3328 1194 de
3352 1138 3476 1209 plu-

1879 1233 2033 1289 rimis
2059 1233 2215 1287 atriis
2236 1233 2450 1287 venitur
2477 1231 2543 1286 ad
2567 1247 2734 1286 unum
2764 1232 2984 1287 atrium.
3013 1231 3187 1287 Vultis
3207 1232 3350 1288 scire
3374 1231 3476 1288 hoc

1879 1329 2054 1397 ipsum
2084 1325 2441 1398 mysterium?
2473 1325 2616 1381 Ecce
2660 1323 2714 1380 in
2744 1325 2852 1380 alio
2883 1325 3007 1379 loco
3051 1325 3354 1396 negotiator
3383 1324 3477 1381 ille

1877 1419 1966 1490 qui
2002 1418 2240 1474 habebat
2279 1417 2541 1488 plurimas
2579 1417 2900 1488 margaritas
2931 1435 2942 1469 :
2977 1417 3222 1472 vendidit
3263 1417 3472 1486 plures,

1878 1522 1936 1566 ut
1961 1520 2171 1568 emeret
2203 1526 2362 1566 unam
2393 1509 2576 1582 (Matt.
2605 1508 2745 1582 xui).
2783 1509 2852 1565 Et
2889 1509 2942 1565 in
2968 1509 3195 1566 Michzea
3227 1509 3429 1566 dicitur
3461 1530 3472 1565 :

1876 1603 2049 1670 State,
2082 1603 2284 1674 inquit,
2322 1602 2376 1657 in
2425 1603 2528 1658 viis
2573 1604 2815 1668 Domini,
2864 1613 2920 1660 et
2969 1605 3246 1674 inquirite,
3277 1603 3473 1674 inquit,

1875 1697 2016 1752 viam
2049 1697 2260 1752 Domini
2285 1695 2472 1766 (.llich.
2503 1695 2600 1765 tv).
2635 1695 2752 1750 Nisi
2783 1696 3098 1752 steterimus
3129 1696 3184 1751 in
3214 1695 3318 1750 viis
3350 1695 3473 1765 plu-

145 1788 352 1847 veteri
384 1798 437 1844 et
473 1789 526 1843 in
564 1803 709 1843 novo
738 1787 1093 1844 Testamento
1127 1805 1140 1842 :
1174 1803 1294 1859 quae
1325 1787 1434 1843 duo
1462 1788 1578 1844 dies
1607 1804 1768 1844 unam
1800 1783 1850 1844 B
1877 1791 2051 1858 rimis,
2081 1805 2242 1845 unam
2277 1789 2417 1844 viam
2446 1788 2692 1844 invenire
2720 1804 2825 1844 non
2857 1802 3168 1859 possumus.
3195 1787 3327 1857 Qua:
3353 1795 3480 1843 sunt

147 1881 357 1939 lucem
387 1882 614 1938 faciunt.
662 1881 956 1951 Propterea
1005 1881 1266 1938 scribitur
1290 1895 1343 1938 et
1383 1882 1440 1936 iu
1483 1881 1768 1938 Levitico:

148 1975 347 2031 Omne
369 1983 551 2030 autem
575 1975 778 2030 animal
807 1973 951 2045 quod
984 1973 1141 2030 findit
1163 1976 1416 2046 ungulam
1434 1984 1490 2030 et
1509 1975 1770 2040 ruminat,

151 2067 434 2124 mundum
461 2077 546 2124 est
575 2067 763 2140 (Levit.
795 2067 894 2139 χι).
926 2068 1042 2124 lloc
1058 2079 1162 2134 est,
1190 2069 1387 2124 siduas
1417 2069 1644 2140 ungulas
1675 2069 1769 2123 ha-

159 2161 288 2223 bet,
328 2171 384 2216 et
431 2161 697 2228 ruminat,
733 2160 995 2216 mundum
1027 2170 1134 2216 est.
1167 2161 1223 2217 Si
1253 2177 1384 2231 ergo
1412 2177 1575 2216 unam
1603 2161 1772 2217 habet

154 2259 457 2329 ungulam,
491 2271 597 2313 non
629 2267 714 2312 est
743 2256 1026 2312 mundum.
1053 2256 1276 2312 Iudaeus
1306 2256 1467 2312 habet
1487 2271 1650 2311 unam
1671 2273 1770 2311 un-

157 2350 374 2421 gulam,
396 2359 454 2405 et
480 2358 763 2420 propterea
788 2347 1096 2403 immundus
1126 2357 1228 2404 est.
1253 2346 1583 2402 Mauichmus
1604 2362 1767 2402 uuam

161 2445 340 2501 habet
364 2444 643 2515 ungulam,
667 2452 724 2499 et
749 2454 1042 2514 propterea
1077 2441 1386 2497 immundus
1409 2450 1511 2496 est.
1547 2439 1613 2495 Et
1641 2441 1767 2512 quia

159 2552 334 2592 unam
366 2535 532 2592 habet
558 2535 845 2606 ungulam,
877 2549 985 2590 non
1016 2533 1258 2590 ruminat
1284 2533 1435 2589 cibos
1465 2548 1595 2589 suos
1625 2552 1638 2589 :
1669 2548 1768 2589 uec

165 2631 220 2688 id
248 2632 396 2704 quod
427 2632 596 2687 semel
627 2631 679 2686 in
703 2640 953 2688 ventrem
985 2629 1213 2692 miserit,
1245 2643 1458 2684 rursum
1489 2627 1670 2684 educit
1699 2628 1766 2683 ad

163 2735 377 2798 guttur,
427 2733 483 2782 et
521 2725 760 2781 ruminat
803 2722 962 2790 illud,
1006 2733 1059 2779 et
1094 2732 1258 2780 tenue
1305 2723 1433 2778 facit
1475 2741 1486 2774 :
1537 2720 1766 2792 utquod

165 2835 423 2892 gressum
449 2818 646 2888 fuerat,
671 2833 889 2873 rursum
921 2826 1084 2873 tenue
1120 2818 1364 2872 mittatur
1395 2814 1450 2870 in
1478 2823 1724 2870 ventrem
1754 2833 1764 2866 :

168 2912 278 2970 hoc
318 2911 537 2983 quidem
576 2913 812 2983 pertinet
848 2911 914 2966 ad
955 2921 1297 2966 sacramenta
1340 2908 1520 2965 divina
1559 2907 1763 2963 dicere.

169 3005 346 3062 Omne
367 3005 565 3061 animal
584 3006 728 3075 quod
751 3004 909 3060 ﬁndit
932 3005 1206 3076 ungulam,
1229 3004 1486 3067 ruminat,
1507 3001 1767 3058 mundum

171 3109 276 3156 est.
311 3098 535 3154 Judaaus
578 3114 740 3153 uuam
784 3098 1040 3169 ungulam
1082 3096 1249 3152 habet
1279 3114 1289 3149 :
1318 3097 1370 3151 in
1421 3111 1588 3151 unum
1620 3095 1765 3150 enim

1876 1885 1993 1940 istae
2041 1885 2350 1954 margarita:
2397 1884 2616 1952 plures?
2639 1883 2770 1951 Qure
2800 1894 2922 1938 sunt
2969 1883 3071 1938 via':
3093 1883 3315 1955 plures?
3341 1881 3475 1952 Quae

1875 1989 2001 2036 sunt
2033 1981 2133 2037 ista
2161 1979 2300 2034 atria
2331 1979 2484 2049 plura
2512 1997 2522 2032 :
2551 1987 2608 2034 ut
2645 1978 2985 2034 inveniamus
3012 1991 3174 2032 uuam
3208 1977 3473 2048 margari-

1875 2084 2006 2142 tam,
2027 2085 2077 2129 et
2094 2090 2253 2128 unam
2269 2074 2434 2139 viam,
2457 2084 2516 2130 et
2533 2089 2696 2128 unum
2721 2072 2956 2128 atrium?
2973 2071 3274 2138 Abraham,
3297 2071 3470 2138 lsaac,

1873 2177 1926 2222 et
1954 2166 2144 2231 Jacob,
2177 2165 2408 2237 Moyses,
2441 2165 2572 2222 Jesu
2611 2163 2779 2230 Nave,
2812 2164 2981 2230 Isaac,
3015 2163 3305 2229 Jeremias,
3336 2162 3471 2217 Eze-

1873 2259 2036 2322 chiel.
2065 2257 2354 2315 duodecim
2394 2259 2702 2330 Propheta,
2735 2257 2935 2321 David,
2957 2257 3221 2313 Salomon
3253 2258 3472 2311 fuerunt

1873 2352 2036 2418 atria,
2068 2349 2173 2406 hoc
2194 2361 2300 2418 est,
2329 2351 2466 2407 atria
2499 2361 2686 2406 nostra
2718 2358 2865 2405 sunt.
2897 2349 3143 2404 Primum
3175 2349 3228 2403 in
3258 2347 3350 2402 illa
3384 2348 3472 2401 in-

1872 2454 2102 2512 tramus,
2126 2444 2194 2501 de
2214 2446 2320 2502 illis
2341 2445 2496 2500 atriis
2515 2452 2702 2514 postea
2723 2441 2971 2498 venimus
2982 2439 3050 2496 ad
3071 2440 3272 2497 atrium
3293 2437 3471 2496 Evan—

1871 2542 2022 2614 gelii,
2051 2540 2146 2597 ubi
2174 2541 2452 2597 invenitur
2476 2538 2744 2595 Christus.

1943 2636 2337 2691 Commoveatur
2380 2652 2413 2689 a
2460 2635 2594 2706 facie
2639 2637 2754 2707 ejus
2800 2633 3038 2689 universa
3083 2642 3241 2687 terra.
3283 2628 3476 2686 Videte

1871 2729 2000 2801 quid
2031 2729 2180 2785 dicat
2213 2747 2224 2781 :
2255 2728 2466 2784 Caelum
2498 2741 2607 2783 non
2649 2734 2902 2782 movetur
2949 2741 2979 2780 a
3030 2725 3168 2780 facie
3200 2723 3294 2780 Dei
3325 2739 3340 2780 ε
3373 2722 3471 2779 scd

1871 2823 2200 2894 quicumque
2246 2829 2497 2876 terrenus
2525 2829 2630 2888 est,
2661 2818 2756 2875 ille
2785 2817 3009 2888 respicit
3047 2817 3339 2874 Dominum
3375 2834 3387 2869 :
3415 2823 3473 2872 et

1872 2920 2342 2978 commovetur,et
2363 2912 2649 2967 tremiscit.
2682 2910 2858 2965 Dicite
2888 2911 2940 2964 in
2953 2909 3188 2981 gentibus
3213 2910 3337 2980 quia
3363 2908 3474 2963 Do-

1873 3009 2042 3062 minus
2082 3005 2334 3077 regnavit.
2367 3003 2481 3059 Nisi
2523 3013 2668 3059 terra
2697 3011 2968 3058 commota
3011 3001 3197 3069 fuerit,
3228 3011 3283 3056 et
3313 3017 3342 3055 a
3369 3015 3471 3056 suo
3570 3053 3578 3061 ,

1876 3109 2094 3156 terreno
2134 3114 2300 3170 opere
2345 3095 2658 3164 recesserit,
2691 3095 2953 3150 Dominus
2994 3109 3100 3149 non
3129 3093 3377 3166 regnabit
3417 3093 3470 3148 in

172 3201 385 3249 tantum
429 3192 606 3248 credit
641 3193 1080 3258 Testamentum,
1113 3199 1169 3246 et
1192 3205 1299 3245 non
1330 3189 1587 3245 ruminat.
1615 3189 1774 3260 Legit
1800 3176 1846 3242 C
1877 3191 2147 3264 gentibus.

175 3286 318 3342 enim
346 3285 723 3340 tantummodo
749 3285 1015 3349 litteram,
1047 3293 1103 3340 et
1130 3283 1263 3338 nihil
1293 3282 1608 3338 considerat
1637 3300 1649 3334 :
1682 3282 1767 3336 ui-

178 3379 252 3436 hil
290 3379 483 3450 quau-it
516 3379 876 3435 intrinsecus.
914 3378 1335 3434 Ecclesiasticus
1366 3392 1497 3434 vero
1537 3378 1770 3448 ungulas

175 3473 405 3530 finditet
424 3474 679 3537 ruminat,
709 3473 810 3528 huc
838 3481 942 3539 est,
973 3473 1025 3527 in
1051 3483 1342 3542 utrumque
1373 3471 1550 3527 credit
1573 3471 1768 3526 Testa-

177 3581 443 3632 mentum,
471 3578 526 3624 et
547 3567 600 3622 in
625 3578 859 3634 utroque
885 3565 1236 3620 Testamento
1257 3579 1402 3634 sa-pe
1425 3563 1678 3633 requirit.
1704 3562 1772 3617 Et

178 3660 554 3732 quodcumque
585 3658 717 3714 latet
769 3657 822 3712 in
854 3657 1056 3721 littera,
1097 3656 1152 3710 iu
1173 3655 1369 3724 spiritu
1403 3656 1630 3726 profert.
1656 3652 1770 3708 Hoc

181 3761 349 3808 totum
371 3767 540 3823 quare
559 3751 710 3806 dixi?
749 3749 884 3817 Quia
917 3747 1180 3818 scriptum
1205 3756 1291 3803 est
1319 3765 1331 3800 :
1362 3747 1681 3801 Annuutiate
1709 3745 1772 3800 de

181 3846 264 3901 die
288 3846 340 3900 in
369 3847 504 3900 diem
545 3845 776 3899 salutare
805 3846 939 3915 ejus.
976 3841 1280 3913 Propterea
1311 3852 1365 3897 et
1392 3841 1626 3910 aposroli
1657 3840 1766 3895 bini

181 3940 470 3996 mittuntur
502 3955 514 3990 :
543 3945 833 4008 propterea
885 3949 992 3989 non
1022 3935 1284 3990 habemus
1317 3948 1482 3988 unum
1525 3932 1763 3998 oculum,

180 4031 272 4087 sed
294 4030 452 4086 duos.
484 4029 781 4099 Propterea
815 4027 950 4082 duas
981 4027 1244 4083 habemus
1263 4041 1446 4091 aures,
1480 4035 1769 4096 propterea

182 4123 312 4179 duas
334 4136 515 4188 narcs,
543 4113 831 4190 propterea
858 4118 968 4174 duo
989 4117 1151 4185 labia,
1181 4129 1469 4189 proriterea
1492 4119 1630 4173 duas
1657 4132 1773 4172 ma-

183 4229 305 4279 nus,
331 4212 469 4267 duos
500 4211 686 4282 pelles.
729 4209 871 4265 Nihil
907 4211 958 4264 in
987 4211 1144 4266 nobis
1171 4227 1336 4266 unum
1368 4211 1658 4274 habemus,
1691 4211 1765 4265 ni-

182 4307 225 4363 si
255 4305 396 4378 quod
430 4313 587 4375 turpe
618 4313 721 4359 est.
769 4302 836 4358 Et
867 4302 1120 4372 corporis
1151 4303 1322 4358 nostri
1354 4304 1600 4359 membra
1630 4305 1762 4359 duo-

185 4415 299 4456 rum
329 4397 806 4455 Testamentorutu
830 4406 1173 4452 sacramenta
1201 4404 1487 4453 testantur.

255 4489 446 4558 ΑΙῙρι-ιε
483 4487 732 4556 Domino,
777 4490 965 4560 patria:
1003 4491 1280 4562 gentium:
1311 4488 1494 4557 afferte
1541 4489 1771 4544 Domino

1948 3283 2153 3340 Etenim
2177 3285 2400 3339 correxit
2427 3286 2601 3340 orbem
2627 3293 2779 3338 terra:
2803 3283 2891 3354 qui
2922 3298 3025 3336 non
3052 3277 3464 3334 commovebitur.

1873 3377 2175 3448 Numquam
2204 3378 2517 3449 corrigitur,
2553 3378 2655 3433 nisi
2687 3376 2833 3448 quod
2861 3385 2986 3431 ante
3014 3383 3224 3431 rectum
3251 3373 3372 3442 fuit,
3415 3380 3472 3428 et

1875 3479 2064 3541 postea
2095 3457 2450 3541 depravatum
2489 3481 2594 3526 est.
2641 3469 2733 3526 Sic
2765 3469 2928 3540 igitur
2971 3477 3026 3522 et
3057 3481 3180 3534 nos,
3224 3475 3279 3521 et
3307 3480 3468 3520 omne

1875 3562 2172 3619 humanum
2209 3579 2383 3635 genus
2420 3563 2741 3618 naturaliter
2772 3561 3029 3632 intelligit
3061 3560 3254 3615 Deum.
3296 3557 3469 3612 Nullzn

1875 3657 2019 3712 enim
2051 3666 2242 3726 gentes
2277 3664 2429 3724 sunt,
2463 3670 2586 3725 qua:
2637 3653 2962 3710 naturaliter
3006 3668 3113 3708 non
3165 3650 3474 3721 intelligant

1873 3750 2189 3806 Creatorem
2220 3765 2399 3807 suum.
2430 3751 2582 3806 Licet
2610 3750 2752 3805 enim
2786 3747 3018 3818 lapides,
3041 3755 3094 3802 et
3126 3745 3270 3816 ligna
3300 3759 3468 3800 vene-

1875 3849 2064 3898 rentur
2099 3859 2118 3902 :
2150 3851 2327 3898 tamen
2370 3842 2680 3913 intelligunt
2718 3839 2924 3911 aliquid
2953 3839 3126 3908 majus
3157 3851 3279 3893 esse
3307 3851 3468 3907 quam

1875 3937 1981 4008 ipsi
2003 3945 2150 4002 sunt,
2172 3946 2229 3992 et
2249 3937 2301 3991 in
2329 3951 2517 3993 errore
2543 3951 2643 3991 suo
2674 3935 2914 3990 indicant
2946 3949 3004 3988 se
3030 3933 3233 3988 habere
3256 3932 3476 4001 sapien-

1876 4031 2028 4098 tiam,
2058 4030 2160 4085 hoc
2185 4038 2288 4095 est,
2319 4031 2460 4084 nulla
2492 4045 2626 4101 gens
2648 4037 2732 4085 est
2757 4044 2878 4099 qua:
2903 4027 3220 4084 naturaliter
3251 4042 3356 4081 non
3389 4025 3473 4081 in-

1877 4123 2083 4193 telligat
2125 4123 2314 4178 Deum.
2359 4123 2603 4194 Denique
2641 4121 2876 4192 gentiles
2917 4119 3059 4176 idola
3098 4119 3290 4176 colunt
3322 4136 3335 4172 :
3369 4117 3472 4173 hoc

1875 4225 1982 4282 est,
2031 4213 2236 4285 lapides
2269 4222 2324 4270 et
2368 4215 2518 4285 ligna
2549 4222 2876 4268 venerantur
2907 4231 2918 4264 :
2950 4221 3002 4266 et
3033 4212 3077 4265 si
3128 4211 3270 4264 forte
3295 4210 3470 4264 rixam

1877 4307 2127 4376 fecerint,
2152 4318 2206 4364 et
2239 4309 2282 4362 si
2310 4308 2684 4378 juramentum
2711 4305 2934 4378 aliquod
2964 4305 3108 4360 inter
3139 4303 3265 4360 illos
3299 4317 3468 4358 vene-

1877 4402 1969 4466 rit,
1996 4416 2102 4456 uon
2138 4401 2326 4456 dicunt
2357 4401 2563 4472 lapides
2592 4401 2682 4456 isti
2711 4401 2924 4465 vident,
2953 4399 3097 4468 ligna
3126 4397 3310 4453 vident
3338 4416 3348 4451 :
3375 4395 3471 4451 sed

1879 4491 2024 4548 Deus
2043 4491 2214 4558 videt,
2256 4502 2310 4548 et
2343 4493 2484 4547 Deus
2524 4492 2697 4547 audit.
2732 4491 2923 4546 Videte
2961 4505 3092 4562 ergo
3121 4489 3248 4560 quid
3277 4487 3422 4544 dicat
3459 4508 3470 4542 :

186 4586 400 4658 gloriam
441 4593 489 4639 et
529 4583 798 4638 honorem.
831 4583 887 4640 Si
921 4583 989 4638 de
1017 4583 1219 4655 templo
1245 4583 1604 4653 Jerosolyma:
1633 4583 1767 4638 dici-
1799 4573 1854 4634 Ῑ)
1881 4583 2086 4640 Etenim
2124 4585 2344 4638 correxit
2375 4585 2548 4637 orbem
2590 4594 2741 4638 terra:
2769 4585 2859 4653 qui
2906 4599 3010 4636 non
3057 4583 3472 4636 commovebitur.

190 4685 301 4740 tur;
333 4673 461 4744 quid
489 4673 591 4729 sibi
620 4689 763 4728 nunc
791 4673 932 4741 vult,
961 4672 1144 4742 aﬁ‘erte
1173 4673 1399 4728 Domino
1431 4674 1615 4743 patr-ite
1644 4691 1770 4746 gen-

190 4769 310 4822 tium
342 4784 358 4821 :
387 4766 568 4836 a/I'erte
605 4765 832 4822 Domino
873 4765 1098 4839 gloriam
1123 4776 1171 4822 et
1201 4769 1487 4822 honorem?
1515 4767 1770 4823 Gentium

190 4862 489 4928 multitudo,
519 4862 738 4917 vocatio
765 4863 1030 4931 gentium,
1057 4870 1114 4918 et
1144 4861 1401 4918 Ecclesia:
1423 4862 1774 4934 congregatio

191 4965 287 5013 est.
316 4952 510 5024 A/ferte
536 4951 766 5008 Domino
786 4954 1014 5025 gloriam
1039 4964 1088 5008 et
1118 4955 1382 5010 honorem.
1415 4956 1646 5024 Quando
1675 4955 1773 5010 ho-

193 5062 438 5105 noramus
459 5046 748 5103 Dominum
777 5047 832 5101 in
860 5061 1094 5117 corpore
1118 5058 1337 5116 nostro,
1367 5047 1636 5118 gloriatur
1666 5047 1774 5102 Do-

194 5143 361 5198 minus
403 5141 457 5196 in
483 5141 658 5197 nobis.
683 5139 876 5209 A/ferte
916 5139 1137 5195 Domino
1165 5140 1388 5213 gloriam
1414 5141 1612 5195 nomini
1637 5141 1769 5212 ejus.

195 5235 363 5293 Gloria
387 5234 556 5304 servi,
576 5236 750 5306 gloria
784 5234 1001 5290 Domini
1033 5245 1138 5290 cst.
1161 5235 1263 5303 Qui
1301 5249 1402 5289 vos
1434 5233 1655 5304 recipit,
1686 5250 1774 5290 me

196 5330 375 5398 recipit
401 5327 585 5397 (Matt.
616 5326 696 5400 ι).
725 5327 876 5384 Felix
904 5341 1117 5396 servus,
1146 5334 1376 5398 propter
1402 5342 1564 5392 quem
1591 5327 1774 5399 Domi-

198 5435 284 5478 nus
303 5421 585 5490 gloriatur.

263 5512 444 5567 Tollite
456 5513 668 5579 hostias,
693 5523 742 5568 et
755 5513 964 5568 introite
987 5513 1043 5566 in
1059 5515 1196 5569 atria
1217 5517 1352 5588 ejus.
1379 5513 1622 5569 Hostiam
1652 5528 1776 5570 sau-

203 5613 352 5670 ctam,
369 5603 570 5669 vivam,
593 5604 900 5674 placentem
925 5605 1036 5662 Deo
1056 5606 1237 5679 (Rom.
1263 5622 1358 5676 xu,
1383 5617 1430 5661 et
1453 5604 1650 5678 Philip.
1678 5607 1774 5676 tv).

207 5696 390 5753 Tollite
411 5695 637 5753 hostias.
656 5697 1084 5768 Vosipsiall'erte
1111 5699 1344 5756 hostias.
1367 5700 1512 5768 Quas
1535 5699 1780 5754 hostias?

212 5791 308 5848 Vos
333 5790 432 5861 ipsi
451 5799 621 5850 estote
645 5790 856 5849 hostire.
884 5793 1196 5864 Virginius,
1227 5792 1597 5852 holocaustum
1625 5793 1784 5850 Chri‘

1880 4674 2008 4730 ldeo
2046 4677 2193 4729 venit
2233 4671 2510 4739 Christus,
2554 4682 2607 4728 et
2649 4671 2891 4728 correxit
2933 4687 3106 4740 genus
3153 4672 3472 4737 humanum,

1879 4766 2021 4837 qutid
2061 4775 2188 4820 ante
2223 4764 2399 4819 fuerat
2441 4763 2816 4834 depravatum,
2863 4773 2920 4817 ut
2956 4763 3011 4818 in
3054 4773 3318 4820 teternum
3365 4779 3472 4819 non

1878 4866 2176 4914 moveatur.
2207 4856 2349 4911 Crux
2373 4856 2516 4912 enim
2543 4857 2712 4927 ipsius
2741 4855 2996 4910 columna
3020 4864 3104 4910 est
3135 4855 3350 4926 generis
3376 4855 3476 4910 hu-

1878 4952 2048 5008 mani.
2081 4951 2136 5006 In
2160 4951 2277 5022 ipsa
2296 4951 2548 5006 columna
2577 4950 2838 5005 mdiﬁcata
2863 4949 3162 5006 estdomus
3192 4951 3328 5019 ejus.
3364 4948 3477 5020 Ego

1881 5059 2099 5100 crucem
2129 5043 2276 5112 dico,
2312 5058 2420 5098 non
2448 5043 2676 5114 lignum,
2710 5041 2806 5096 sed
2838 5041 3175 5112 passionem.
3207 5039 3474 5096 Caeterum

1883 5158 2015 5199 crux
2056 5143 2156 5198 ista
2192 5153 2245 5197 et
2284 5141 2340 5196 in
2385 5141 2660 5196 Britannia
2691 5151 2796 5203 est,
2838 5148 2893 5193 et
2935 5139 2988 5193 in
3019 5136 3166 5192 ludia
3197 5147 3302 5202 est,
3328 5145 3383 5192 et
3422 5137 3474 5191 in

1883 5239 2143 5293 universo
2173 5236 2308 5292 orbe
2349 5244 2638 5292 terrarum.
2673 5233 2922 5301 Denique
2951 5231 3079 5303 quid
3115 5229 3245 5286 dicit
3283 5239 3337 5286 et
3370 5229 3479 5284 Do-

1883 5332 2062 5385 minus
2095 5330 2146 5384 in
2183 5328 2512 5399 Evangelio?
2541 5325 2655 5382 Nisi
2694 5324 3169 5392 tuleritiscruct-m
3197 5337 3395 5389 meam,
3422 5334 3477 5378 et

1883 5424 2129 5496 quotidie
2158 5424 2332 5478 secuti
2363 5421 2576 5476 fueritis
2599 5435 2684 5476 me
2703 5418 2860 5492 (Luc.
2889 5418 2990 5488 ix).
3021 5417 3212 5473 Videte
3240 5414 3366 5486 quid
3397 5413 3479 5469 di-

1881 5525 1970 5572 cat
1998 5535 2011 5570 :
2041 5514 2154 5570 Nisi
2182 5516 2360 5570 anima
2391 5522 2574 5569 vestra
2605 5513 2681 5568 ita
2717 5511 2786 5567 ad
2815 5526 3035 5567 crucem
3064 5509 3230 5565 fuerit
3269 5522 3480 5578 praepa-

1883 5616 2022 5674 rata,
2047 5607 2185 5664 sicut
2205 5622 2323 5664 mea
2353 5607 2450 5661 fuit
2475 5619 2573 5676 pro
2597 5605 2775 5672 vobis,
2806 5602 2913 5660 mei
2938 5601 3192 5674 discipuli
3218 5615 3340 5656 esse
3367 5613 3476 5655 nou

1884 5704 2135 5775 potestis.
2179 5702 2332 5758 Felix
2369 5703 2458 5772 qui
2510 5714 2752 5767 crucem,
2787 5709 2844 5753 et
2889 5695 3374 5763 resurrectionem,
3421 5703 3478 5750 et

1887 5799 2068 5856 locum
2093 5796 2391 5856 nativitatis
2410 5793 2639 5860 Christi,
2665 5803 2720 5852 et
2743 5793 2921 5851 locum
2945 5785 3278 5849 ascensionis
3298 5797 3479 5860 portat
