4016 6350
542 266 681 319 1115

1328 259 1673 316 ΑΡΡΕΝΒΙΧ
1718 256 1806 313 AD
1846 258 2088 316 T'JMUM
2126 258 2476 318 SEPTIMUM
2517 261 2573 317 S.
2621 261 3025 318 IIIERONYMI.

535 379 588 435 in
623 387 845 448 pet-tore
867 348 986 433 suo.
1014 376 1164 431 Felix
1179 375 1365 442 estqui
1393 371 1716 430 Bethlebem
1747 371 1910 428 habet
1942 371 1993 427 in
2017 387 2138 428 cor-
2166 379 2216 442 Α
2314 372 2499 452 _ri_upr,_
2534 375 2642 452 alia
2686 373 2987 452 lunonem,
3035 382 3090 429 et
3142 389 3332 452 omnes
3365 381 3570 452 gentes
3625 373 3864 429 diversa

536 470 606 528 de
637 487 736 525 suo
771 490 780 524 :
817 471 869 524 in
897 470 1054 538 cujus
1094 467 1256 524 Col'tIt:
1287 465 1536 522 Christus
1576 466 1819 536 quotidie
1864 467 2128 524 nasi-itur.

543 564 788 634 Denique
803 561 929 633 quid
951 561 1147 616 dicitur
1162 559 1516 615 Bethlcltetu?
1543 561 1740 614 Domus
1761 561 1932 630 panis.
1955 559 2135 616 Simus

543 671 598 716 et
647 672 745 711 nos
784 656 981 709 domus
1027 654 1179 723 panis
1219 653 1359 724 ejus,
1395 654 1486 724 qui
1531 653 1600 710 de
1643 654 1790 710 caelo
1830 653 2132 710 descendit.

544 747 804 818 Quotidie
827 746 984 799 nobis
1010 745 1261 800 Christus
1282 745 1618 814 cruciﬁgitur
1639 763 1649 798 :
1673 760 1769 801 nos
1793 745 1992 802 mundo
2015 762 2136 800 cru-

547 842 844 910 ciligimur:
870 848 922 894 et
944 838 1192 895 Cbtislus
1224 839 1447 895 innobis
1467 841 1818 912 cruciligitur.
1851 838 2002 895 Felix
2026 851 2132 908 est,

541 935 592 989 in
633 934 787 1002 cujus
812 933 977 988 corde
1005 932 1243 1003 quotidie
1259 931 1512 988 Christus
1531 934 1764 1004 resurgit
1794 952 1803 984 :
1827 936 1870 988 si
1893 933 2138 1003 quotidie

540 1041 634 1096 pro
659 1026 894 1095 peccatis
916 1026 1050 1090 suis,
1085 1025 1247 1081 etiam
1299 1026 1532 1091 levibus,
1577 1027 1688 1096 agit
1733 1025 2132 1096 pmuitentiam.

540 1118 693 1175 Felix
722 1118 909 1187 θειαιυὶ
937 1117 1003 1172 de
1033 1127 1218 1174 monte
1244 1117 1442 1173 Ollveti
1470 1119 1712 1174 ascendit
1743 1119 1808 1174 ad
1841 1134 2006 1190 regna
2027 1133 2138 1176 cm-

539 1211 714 1264 lorum
762 1229 771 1262 :
813 1209 902 1265 ubi
931 1219 1057 1265 sunt
1105 1210 1262 1264 oliva:
1306 1211 1516 1266 Domini
1559 1209 1777 1278 uberes,
1825 1211 1914 1266 ubi
1953 1211 2134 1266 lumen

536 1303 741 1359 Christi
768 1303 1007 1360 nascitur
1043 1323 1053 1356 :
1083 1305 1171 1360 ubi
1204 1314 1329 1360 sunt
1356 1305 1560 1359 oliveta
1594 1303 1825 1360 Domini.
1855 1305 1966 1376 Ego
1989 1306 2134 1360 cnint

536 1397 692 1469 quasi
712 1397 852 1452 oliva
884 1397 1068 1452 uberis
1101 1398 1152 1452 in
1186 1397 1353 1453 dotno
1379 1398 1612 1453 Domini.
1640 1397 2020 1453 Acccudamus
2043 1413 2136 1453 ero

537 1503 605 1560 go
643 1499 697 1544 et
739 1504 836 1542 uos
879 1490 1157 1546 lucernam
1189 1501 1426 1544 uestram
1452 1491 1520 1544 de
1555 1491 1652 1544 ista
1678 1491 1844 1556 uitta,
1871 1497 1928 1545 et
1952 1489 2134 1545 statim

537 1599 660 1638 cum
682 1581 900 1640 Christo
924 1584 1118 1639 ibimus
1145 1583 1212 1640 ad
1237 1599 1402 1654 regna
1427 1585 1715 1642 ccelorutu.
1743 1584 1944 1640 Etenim
1965 1602 2136 1640 corre-

536 1681 612 1732 xit
645 1679 820 1733 orbem
851 1687 1019 1745 terra;
1040 1681 1126 1750 qui
1160 1697 1260 1734 non
1295 1679 1715 1744 cotttntovebitur,
1745 1681 1834 1751 qui
1865 1680 2015 1750 prius
2039 1695 2137 1750 pro

2314 446 2454 528 idola
2486 445 2779 501 habebant.
2808 445 3084 528 Vexillum
3112 447 3290 501 crucis
3330 446 3610 502 elevatum
3654 455 3765 511 est,
3798 455 3866 500 et

2310 523 2486 571 omnis
2510 525 2652 572 terra
2677 523 2972 571 constituta
2997 525 3100 571 est.

3929 480 3931 536 l

3929 567 3934 652 l

2314 651 2564 708 Dominus
2609 649 2860 724 regnavit,
2901 647 3118 704 exsultet
3149 658 3306 704 terra.
3348 647 3629 706 Universa
3677 655 3868 715 terra,
3931 647 3935 690 ἰ

2238 753 2292 802 et
2321 745 2502 800 omnis
2528 743 2698 812 orbis,
2731 743 2824 813 qui
2855 741 3198 798 daemonibus
3231 751 3286 797 et
3319 740 3484 796 idolis
3515 739 3699 796 fuerat
3727 750 3870 794 ante
3935 777 3937 782 ι

2239 838 2534 909 subjectus,
2588 837 2698 892 Deo
2746 848 2935 892 nostro
2983 847 3247 907 regnante
3297 837 3536 892 lauetur.
3589 834 3868 892 Dominus

2241 933 2493 1004 regnavit.
2530 929 2800 996 Dominus,
2835 927 3062 986 Creator
3083 931 3172 1000 qui
3207 945 3308 985 nos
3337 929 3487 996 fecit,
3514 929 3638 998 ipse
3657 945 3866 1000 regna-

2243 1027 2334 1082 vit.
2364 1025 2410 1082 D
2443 1040 2538 1081 vos
2569 1025 2661 1095 qui
2693 1034 2818 1080 ante
2854 1023 3085 1094 subjecti
3116 1023 3288 1081 eratis
3314 1026 3416 1079 sub
3454 1023 3711 1080 dominio
3733 1023 3859 1079 dia—

2241 1121 2370 1188 boli,
2404 1135 2548 1176 nunc
2591 1119 2820 1189 subjecti
2853 1121 2987 1175 estis
3034 1119 3135 1174 sub
3161 1119 3398 1175 Domino
3426 1127 3703 1174 creatore.
3735 1117 3860 1174 ιω-

2243 1222 2414 1270 tentur
2441 1213 2625 1269 insulw
2653 1214 2849 1269 multa.
2875 1213 3025 1270 Bene
3045 1213 3185 1268 dixit
3205 1214 3275 1270 de
3300 1211 3590 1268 animabus
3614 1214 3856 1269 nostris:

2240 1323 2360 1378 quae
2386 1306 2548 1362 variis
2568 1307 3016 1377 cogitationibus,
3047 1305 3204 1376 quasi
3227 1306 3390 1361 variis
3411 1305 3542 1362 hinc
3571 1305 3704 1361 inde
3729 1316 3858 1360 tun-

2238 1401 2438 1456 duntur
2461 1399 2736 1456 ﬂuctibus.
2768 1397 2876 1453 Nos
2900 1409 3080 1454 autem
3117 1398 3388 1462 dicamus,
3419 1407 3476 1454 et
3503 1397 3720 1454 insulas
3755 1398 3860 1454 Ec-

2239 1495 2458 1551 elesias.
2487 1494 2732 1564 Denique
2765 1493 2984 1560 dicitur,
3016 1502 3072 1548 et
3095 1494 3147 1548 in
3174 1493 3286 1546 alio
3313 1492 3436 1548 loco
3471 1511 3482 1544 :
3515 1492 3854 1547 Converten-

2241 1601 2330 1646 tur
2381 1590 2448 1644 ad
2508 1605 2595 1644 nte
2649 1588 2843 1644 insula:
2899 1587 3106 1642 multae.
3160 1585 3342 1642 Vultis
3391 1587 3538 1641 scire
3589 1587 3852 1656 quoniam

2243 1685 2435 1739 insula:
2459 1682 2716 1738 dicantur
2743 1681 3041 1738 Ecclesiw?
3065 1681 3278 1736 Dictum
3301 1690 3387 1737 est
3411 1682 3464 1736 in
3491 1681 3764 1752 propheta
3787 1695 3852 1736 ex

538 1771 777 1842 peccatis
800 1779 1074 1826 tortuosus
1095 1783 1230 1827 erat.
1263 1769 1530 1825 Judicabit
1557 1773 1776 1844 papulas
1798 1773 1852 1826 in
1875 1772 2135 1842 aequitate.
2173 1775 2216 1835 Il
2248 1791 2480 1848 persona
2505 1775 2718 1831 Domini
2745 1793 2758 1830 :
2787 1774 3058 1844 Loquere,
3091 1773 3290 1844 inquit,
3320 1772 3726 1828 habitatoribus
3768 1774 3852 1828 in-

541 1860 616 1916 De
641 1861 820 1916 l'uturo
849 1861 950 1916 hoc
975 1861 1181 1930 judicio
1207 1863 1345 1917 dixit
1377 1881 1386 1915 :
1434 1863 1485 1918 in
1519 1878 1626 1933 quo
1673 1863 1866 1920 iterato
1894 1864 2144 1920 adveniet

535 1955 787 2025 judicare
819 1956 887 2012 de
915 1957 1048 2011 vivis
1079 1967 1129 2012 et
1163 1958 1416 2012 mortuis.

612 2048 874 2104 Lwtentur
900 2051 1033 2106 cteli.
1067 2051 1342 2121 Apostoli,
1373 2051 1454 2106 vel
1483 2051 1677 2122 reliqui
1712 2052 1911 2108 sancti.
1948 2049 2142 2106 Exsul-

541 2149 610 2198 tet
641 2151 800 2195 terra.
839 2141 1081 2212 Corpora
1113 2143 1329 2198 scilicet
1374 2143 1642 2197 coelestia.
1683 2142 1952 2197 Moventur
1978 2157 2139 2210 more,

539 2245 588 2291 et
630 2237 897 2303 plenitudo
945 2238 1058 2308 ejus
1097 2253 1114 2288 :
1153 2235 1292 2290 orbis
1321 2245 1599 2301 terrarum,
1627 2247 1672 2288 et
1696 2235 1918 2289 universi
1936 2235 2025 2305 qui
2049 2233 2146 2287 Ita-

543 2329 705 2385 bitant
738 2331 792 2383 in
816 2347 895 2383 eo.
931 2328 1205 2385 Surculum
1233 2330 1422 2400 utique.
1453 2339 1510 2384 ut
1539 2329 1592 2384 itt
1624 2330 1819 2385 melius
1844 2338 2146 2382 commute-

547 2431 654 2477 tur.
687 2422 998 2478 Gaudebant
1027 2423 1219 2493 campi,
1251 2435 1298 2478 et
1329 2425 1504 2478 omnia
1523 2439 1640 2494 qute
1670 2424 1721 2478 in
1743 2424 1815 2477 eis
1842 2433 1981 2479 sunt.
2013 2424 2146 2480 Ani-

545 2530 647 2569 mae
669 2527 895 2584 sanctae,
925 2524 981 2570 et
1004 2517 1308 2586 pi-tesertitn
1341 2517 1601 2587 virgines,
1633 2533 1754 2589 quae
1785 2518 2018 2575 diversis
2049 2517 2148 2574 lio-

549 2623 667 2664 rum
702 2608 1064 2664 suavitatibus
1093 2610 1317 2679 pollent.

621 2701 762 2756 Tum:
799 2702 1128 2758 exsultabant
1159 2705 1330 2760 omnia
1371 2705 1513 2777 ligna
1541 2706 1784 2762 silvarum
1823 2725 1856 2764 a
1877 2706 2020 2778 facii
2039 2705 2149 2764 Do-

548 2799 692 2853 mini.
725 2799 862 2867 Quia
905 2813 1011 2854 non
1044 2810 1171 2856 sunt
1193 2800 1426 2856 obnoxia
1454 2803 1842 2858 combustioni.
1891 2803 2148 2870 Quoniam

548 2893 700 2946 venit.
731 2891 916 2948 Primo
936 2893 1170 2949 adventu
1201 2894 1266 2948 ad
1295 2895 1690 2952 redimendum.
1727 2897 1983 2966 Quoniam
2013 2898 2150 2954 venit

551 2984 790 3048 iudicare
821 2996 1025 3041 terram.
1066 2988 1262 3043 llerato
1282 2989 1349 3042 ad
1379 2989 1752 3058 iudicandum.

619 3079 886 3136 Judicabit
916 3082 1090 3137 orbem
1115 3093 1369 3138 terrarum
1397 3086 1450 3138 in
1481 3086 1744 3158 (equitate,
1774 3095 1822 3142 et
1853 3087 2073 3158 populos
2092 3088 2147 3142 in

549 3176 755 3230 veritate
773 3192 900 3230 sua:
926 3189 982 3230 ttt
1004 3189 1322 3247 peceatores
1350 3180 1544 3234 subdat
1573 3183 1749 3247 poenis
1774 3200 1785 3235 :
1806 3182 1983 3251 justos
2007 3199 2143 3252 prte-
2173 3173 2219 3242 ii

551 3270 674 3323 miis
721 3281 970 3326 numeret
1010 3273 1251 3327 aeternis.
1285 3273 1384 3342 Qui
1421 3275 1577 3330 nobis
1616 3276 1864 3332 timorem
1910 3276 2145 3332 nominis

549 3361 631 3415 sui
667 3362 937 3431 tribuens,
991 3375 1249 3432 pra‘stare
1277 3365 1528 3436 dignetur
1556 3379 1613 3422 ut
1659 3368 1710 3422 in
1740 3367 1830 3423 illo
1863 3367 2146 3423 tremendo

552 3453 744 3524 judieii
771 3467 1017 3528 tempore
1043 3474 1150 3513 non
1177 3459 1514 3515 Colloeemur
1543 3461 1596 3515 in
1619 3461 1845 3517 sinistro
1876 3477 2142 3519 numero:

549 3547 644 3618 qui
701 3564 800 3602 nos
851 3549 1164 3620 redemptos
1213 3552 1329 3619 ejus
1373 3556 1636 3623 sanguine
1682 3555 2011 3610 confitemur
2045 3553 2145 3625 ipsi

550 3639 724 3710 gloria
749 3657 872 3696 cum
901 3651 1112 3698 aeterno
1138 3643 1295 3700 Patre
1326 3658 1381 3700 et
1411 3647 1616 3717 Spiritu
1646 3657 1838 3704 sancto
1869 3649 1922 3703 itt
1945 3648 2144 3704 sarcula

550 3734 902 3792 saeculorum.
933 3737 1125 3792 Amen.

1093 3851 1404 3910 PSALMUS
1446 3853 1626 3912 XCVI.

553 3981 794 4062 Psalmus
833 3987 932 4062 ipsi
967 3987 1131 4062 David
1159 3991 1366 4062 quando
1413 4000 1547 4046 terra
1571 3992 1686 4062 ejus
1714 3992 1948 4048 restituta
1975 4005 2046 4049 est
2075 3995 2142 4049 ei.

623 4053 874 4135 Legimus
992 4053 1201 4135 μεξςιιύι
1230 4072 1282 4114 t-t
1313 4053 1770 4135 Paralipomenon
1799 4063 1972 4129 libris,
2005 4081 2140 4135 quo-

624 4126 765 4207 niam
803 4126 966 4209 David
991 4129 1284 4209 bellicosus
1313 4132 1395 4186 vir
1414 4126 1536 4209 luit,
1562 4145 1616 4188 et
1648 4135 1930 4209 universas
1955 4126 2144 4206 gentes

623 4201 675 4249 iu
707 4201 1282 4276 circuitu_subj_eceri_t,
1312 4214 1369 4258 et
1414 4204 1469 4258 in
1519 4221 1670 4260 suam
1723 4201 1993 4275 redegerit
2046 4225 2142 4276 po-

625 4276 894 4322 testatem.
943 4271 1052 4326 lloc
1082 4272 1299 4328 interim
1332 4275 1626 4330 secundum
1661 4271 1892 4331 litteram
1933 4271 2144 4334 intellia

623 4352 814 4417 gamus
847 4340 946 4394 hoc
998 4341 1160 4417 modo
1201 4359 1213 4417 ε
1253 4343 1500 4417 Psatmns
1533 4347 1694 4400 David
1737 4363 1894 4417 quem
1943 4351 2144 4406 cecinit

625 4409 854 4482 Domino
888 4431 897 4462 :
923 4413 1142 4482 quando
1162 4413 1320 4468 victis
1346 4416 1681 4473 adversariis
1707 4409 1944 4475 reddidit
1983 4430 2141 4476 terra!

625 4493 760 4556 sua),
792 4481 892 4556 hoc
905 4481 1008 4550 est,
1036 4483 1238 4539 .ludtcte
1264 4501 1475 4556 pacem.
1508 4487 1621 4544 lloc
1648 4491 1945 4546 secundum
1971 4491 2142 4548 histo-

2244 1867 2380 1923 sulte
2421 1866 2602 1936 hujus.
2636 1865 2899 1921 Ltetentnr
2936 1865 3126 1921 insulse
3155 1864 3354 1920 multa.
3385 1864 3678 1934 Quomodo
3710 1865 3855 1922 enim

2248 1959 2442 2016 insula:
2471 1959 2523 2014 in
2559 1957 2741 2014 medio
2777 1957 2914 2013 mari
2961 1957 3156 2027 positas
3200 1964 3328 2012 sunt
3354 1973 3368 2010 :
3393 1956 3472 2012 sic
3497 1965 3556 2012 et
3598 1955 3858 2013 Ecclesiae

2247 2054 2401 2124 quasi
2434 2053 2488 2109 in
2513 2052 2694 2110 medio
2723 2051 2856 2107 mari
2885 2050 3069 2107 saeculi
3103 2051 3258 2106 istius
3289 2049 3482 2120 posita:
3511 2060 3636 2104 sunt
3664 2067 3679 2104 :
3705 2059 3756 2104 et
3782 2051 3855 2104 ita

2251 2148 2749 2218 persecutionibus,
2777 2146 2933 2216 quasi
2969 2144 3204 2202 diversis
3237 2144 3542 2200 tunduntur
3573 2141 3854 2199 ﬂuctibus.

2246 2241 2448 2297 Verum
2477 2242 2592 2296 istm
2624 2241 2813 2295 insulto
2847 2238 3151 2294 tunduntur
3173 2238 3436 2308 quotidie,
3464 2237 3557 2293 sed
3585 2253 3695 2294 non
3726 2237 3858 2292 sub-

2249 2343 2504 2390 ruuntur.
2550 2334 2606 2388 In
2649 2333 2782 2388 mari
2821 2333 3038 2401 quidem
3088 2340 3246 2398 sunt,
3282 2329 3378 2387 sed
3424 2332 3634 2388 habent
3664 2331 3860 2387 funda-

2251 2436 2490 2481 mentum
2518 2424 2798 2481 Christum
2829 2427 2922 2495 qui
2954 2425 3160 2481 moveri
3195 2441 3304 2480 non
3331 2433 3533 2496 potest.

2322 2518 2501 2574 Nubes
2527 2528 2572 2574 et
2603 2520 2771 2591 caligo
2822 2521 2875 2572 in
2921 2520 3145 2573 circuitu
3191 2521 3328 2592 ejus.
3357 2519 3470 2588 Ego
3498 2525 3633 2588 puto
3661 2516 3862 2573 nubem

2251 2612 2408 2667 istam
2441 2625 2589 2676 esse,
2620 2611 2688 2666 de
2710 2626 2813 2682 qua
2837 2609 3040 2666 dicitur
3067 2612 3118 2666 in
3155 2609 3459 2680 Evangelia
3485 2629 3498 2664 :
3534 2611 3599 2665 Et
3621 2609 3861 2678 operuit,

2252 2707 2450 2777 inquit,
2485 2722 2579 2761 eos
2631 2705 2806 2761 nubes
2860 2705 3033 2762 lucida
3082 2704 3266 2776 (Matt.
3311 2703 3435 2776 vu).
3487 2704 3564 2762 Eo
3616 2713 3865 2773 tempore

2251 2799 2468 2870 quando
2499 2798 2916 2856 transformatus
2945 2810 3030 2855 est
3061 2798 3344 2864 Dominus,
3370 2811 3420 2854 et
3450 2797 3685 2868 apostoli
3713 2795 3863 2853 ceci-

2252 2896 2470 2960 derunt,
2491 2895 2706 2965 operuit
2728 2909 2823 2949 eos
2851 2893 3022 2948 nubes
3049 2892 3249 2950 lucida.
3285 2893 3394 2962 Ego
3424 2900 3554 2963 puto
3583 2893 3716 2950 istas
3738 2906 3867 2948 esse

2253 2990 2446 3059 nubes,
2479 2989 2675 3056 quibus
2722 2987 3002 3043 mandavit
3051 2987 3313 3043 Dominus
3363 3001 3432 3042 ne
3477 2986 3666 3056 pluant
3697 2999 3866 3054 super

2253 3081 2415 3138 Israel
2464 3081 2694 3136 imbrem
2726 3079 2882 3150 (Isai.
2917 3079 2994 3152 v).
3031 3079 3144 3151 Ego
3166 3091 3300 3152 puto
3332 3079 3466 3136 istas
3507 3094 3633 3136 esse
3664 3079 3865 3148 nubes,

2253 3173 2320 3228 de
2351 3173 2548 3244 quibus
2575 3174 2626 3228 in
2659 3174 2770 3229 alio
2797 3173 2918 3229 loco
2939 3173 3140 3228 dicitur
3168 3191 3180 3228 :
3213 3171 3428 3230 Veritas
3458 3180 3547 3227 tua
3580 3187 3754 3242 usque
3791 3171 3864 3228 ad

2253 3268 2430 3324 nubes
2460 3266 2580 3339 (Ps.
2609 3267 2796 3336 xxxv).
2824 3266 3041 3322 Veritas
3078 3265 3297 3322 Domini
3343 3265 3458 3333 illa,
3487 3281 3608 3335 quae
3648 3265 3780 3320 dicit
3808 3265 3863 3319 in

2253 3359 2605 3428 Evangeliqu
2656 3377 2667 3410 :
2700 3359 2811 3428 Ego
2839 3375 2959 3413 sum
2992 3359 3102 3426 via,
3138 3359 3341 3415 veritas
3389 3367 3447 3414 et
3486 3359 3613 3412 vita.
3669 3355 3859 3427 (Joan.

2249 3451 2382 3524 xw).
2406 3450 2620 3509 Veritus
2652 3451 2768 3519 Dei,
2799 3450 3053 3508 Christus
3078 3460 3180 3506 est.
3209 3450 3424 3508 Veritas
3446 3450 3657 3506 Domini
3686 3463 3864 3519 usque

2249 3545 2315 3600 ad
2349 3545 2538 3601 nubes.
2588 3545 2770 3602 Nubes
2801 3545 3030 3615 apostoli
3076 3554 3207 3602 sunt
3251 3553 3304 3600 et
3359 3549 3640 3615 propttetm
3677 3563 3688 3594 :
3741 3543 3862 3598 istis

2251 3637 2566 3692 mandatum
2597 3645 2708 3700 est,
2761 3651 2830 3691 ne
2864 3637 3051 3705 pluant
3078 3651 3245 3705 super
3275 3637 3440 3692 israel
3489 3635 3740 3690 imbrem.
3777 3635 3858 3694 Ex

2249 3743 2356 3800 quo
2391 3728 2566 3796 enim,
2601 3728 2898 3785 secundum
2948 3728 3256 3796 historiam,
3288 3729 3430 3798 quod
3465 3728 3728 3796 scriptum
3777 3738 3860 3784 est

2251 3821 2303 3878 in
2325 3821 2464 3878 libro
2488 3821 2768 3889 .ludicum,
2793 3822 2966 3878 vellus
2988 3821 3118 3878 illttd
3137 3823 3396 3878 siccatum
3419 3831 3500 3878 est
3521 3819 3724 3892 (ludio.
3744 3819 3856 3891 vr):

2252 3915 2434 3986 pluvia
2467 3914 2520 3970 in
2551 3913 2806 3969 universo
2834 3914 2968 3970 orbe
3005 3913 3284 3970 discurrit.
3313 3913 3470 3982 Quod
3496 3912 3721 3978 dicitur,
3751 3913 3857 3972 hoc

2248 4017 2352 4074 est,
2379 4007 2545 4064 Israel
2579 4009 2815 4064 siccatus
2843 4018 2948 4075 est,
2994 4017 3049 4066 et
3094 4009 3275 4079 pluvia
3307 4025 3472 4078 super
3515 4023 3732 4064 omnem
3763 4022 3859 4065 or-

2249 4100 2370 4156 bem
2393 4098 2672 4156 discurrit.
2719 4098 2897 4154 Nubes
2927 4110 2975 4155 et
3017 4101 3187 4173 caligo
3216 4101 3269 4154 in
3315 4101 3532 4156 circuitu
3582 4101 3715 4171 ejus.
3746 4099 3855 4156 Doo

2249 4195 2428 4248 minu;
2455 4193 2602 4248 venit
2625 4191 2680 4248 in
2703 4191 2998 4265 Egyptum
3031 4207 3198 4263 super
3226 4193 3426 4250 nubent
3473 4193 3646 4248 levem
3692 4189 3850 4262 (Isai.

2248 4287 2383 4357 xix).
2425 4286 2614 4343 Videte
2651 4287 2790 4357 quid
2825 4286 2993 4344 dicat.
3044 4285 3302 4343 Dominus
3357 4284 3507 4341 venit
3540 4303 3552 4342 :
3585 4284 3853 4342 Dominus

2244 4392 2408 4452 atque
2463 4380 2718 4436 Salvator
2768 4379 2820 4436 in
2872 4377 3170 4449 Egyptum
3217 4379 3375 4434 istam
3405 4377 3462 4434 in
3489 4393 3592 4448 qua
3629 4392 3729 4432 nos
3754 4393 3849 4432 su-

2247 4492 2366 4532 mus
2401 4494 2414 4529 :
2450 4477 2503 4530 ln
2535 4475 2715 4532 Iocttm
2761 4473 3110 4530 tenebrarum
3151 4470 3240 4530 ubi
3273 4471 3486 4530 Pbarao
3511 4480 3619 4537 est,
3671 4470 3851 4526 Donti-

625 4553 782 4636 riunt.
815 4554 1085 4610 Cteterum
1108 4559 1150 4610 si
1179 4553 1344 4614 David
1371 4560 1756 4636 interpretator
1777 4564 1926 4636 fortis
1953 4580 2143 4623 manu:
2170 4569 2224 4636 υ
2251 4586 2353 4626 nus
2394 4569 2561 4626 venit.
2589 4566 2707 4624 Non
2739 4565 2908 4635 venit,
2942 4564 3045 4622 nisi
3093 4566 3146 4622 in
3197 4566 3342 4622 nubo
3373 4564 3502 4624 levi.
3537 4563 3720 4624 Nubes
3747 4565 3854 4623 ista

627 4621 780 4678 fortis
829 4637 1009 4680 autem
1053 4644 1211 4681 manu
1250 4645 1410 4706 nemo
1447 4621 1563 4706 esi,
1599 4635 1718 4706 nisi
1761 4621 1853 4691 ille
1883 4638 1973 4706 qui
2013 4621 2144 4694 vicit

625 4711 816 4776 otunes
846 4706 1037 4776 gentes
1055 4739 1078 4776 ,Δ
1106 4701 1612 4776 _noster_David,‘ad
1644 4721 1802 4776 quem
1833 4701 2142 4762 clamabant

625 4764 906 4849 daemones
927 4769 1118 4849 I:_Quid
1143 4772 1336 4849 venisti
1360 4764 1613 4840 torquere
1640 4764 1740 4831 nos
1756 4783 1881 4832 ante
1904 4788 2140 4849 tempus,

627 4836 701 4920 ﬁli
729 4839 890 4894 David
919 4839 1095 4920 (Matt_
1127 4841 1276 4913 vm)?
1299 4844 1412 4920 Alste
1444 4836 1688 4914 psalmus
1727 4850 1795 4904 ab
1825 4865 1891 4904 eo
1916 4836 2140 4920 campo-3

623 4913 760 4992 situs
788 4913 1134 4992 est_,_qu:tndo
1182 4913 1555 4992 restituta’est
1599 4928 1764 4974 terra.
1812 4921 1876 4976 Et
1927 4913 2143 4992 egregie

626 4977 762 5034 dixit
791 4977 1006 5050 quidam
1037 5002 1050 5040 :
1081 4984 1336 5062 quoniam
1370 4990 1635 5062 terraista
1665 5007 1787 5059 qua:
1817 4977 2141 5062 restiiititur,

625 5065 852 5121 corpora
883 5062 1068 5134 nostra
1098 5064 1244 5134 sunt.
1276 5055 1414 5112 Vere
1441 5059 1587 5134 enim
1610 5055 1956 5134 eo'tempore
1981 5055 2146 5120 debe;

628 5138 746 5207 mus
773 5135 994 5207 cantare
1016 5126 1268 5207 Domino,
1291 5129 1513 5197 quando
1534 5139 1678 5207 terra
1706 5126 1889 5207 nostra
1917 5150 2144 5207 cotnpoo

625 5196 725 5248 sita
751 5206 853 5250 est.
893 5196 1144 5252 Dicamus
1184 5196 1363 5253 autem
1407 5215 1505 5257 nos
1531 5214 1583 5258 et
1620 5205 1818 5262 aliter:
1844 5204 1961 5261 Non
1992 5196 2140 5266 enim

628 5275 807 5341 nocet,
843 5267 887 5322 si
911 5269 1157 5341 eamdetn
1188 5284 1299 5322 retu
1333 5271 1564 5341 duobus,
1595 5285 1651 5331 ct
1673 5277 1845 5334 tribus
1865 5277 2039 5333 modis
2060 5279 2139 5334 in-

629 5337 954 5407 telligamus.
977 5338 1248 5408 Scriptum
1269 5349 1353 5396 est
1371 5346 1514 5398 enim
1544 5337 1594 5401 in
1618 5345 1912 5404 Salomone
1936 5369 1946 5403 :
1973 5355 2140 5405 Assu-

628 5424 767 5490 mes,
783 5411 1053 5490 inquit,e_a
1079 5413 1129 5465 in
1157 5412 1334 5465 tabula
1349 5416 1528 5490 cordis
1549 5420 1623 5474 tui
1638 5421 1926 5490 tripliciter
1946 5419 2132 5488 (Prov.

625 5494 681 5534 Ill
721 5489 768 5532 ct
817 5479 950 5550 vtt).
982 5481 1100 5562 Non
1147 5492 1312 5562 uocet
1351 5486 1627 5562 diversum
1674 5479 1876 5562 aliquid
1922 5479 2135 5559 dicere,

621 5565 745 5634 cum
767 5567 883 5634 uno
912 5554 1108 5634 spiritu
1129 5554 1329 5634 dicitur
1362 5572 1374 5606 :
1407 5558 1632 5634 Quando
1680 5554 1823 5634 terra
1863 5563 1982 5634 ejus
2011 5554 2141 5618 con;

625 5624 815 5698 stituta
844 5631 950 5676 est.
975 5623 1139 5679 Terra
1180 5625 1281 5698 ista
1304 5623 1591 5698 antequam
1618 5633 1781 5688 David
1812 5623 1996 5690 uoster
2025 5649 2142 5687 om-

624 5693 1148 5777 nesvitrcere‘ttnon
1179 5693 1639 5777 habebatpacettt;
1671 5705 1765 5760 sed
1797 5709 1996 5777 ubique
2019 5714 2140 5764 erat

623 5762 913 5818 discordia.
950 5765 1063 5822 Alia
1107 5780 1243 5837 gens
1285 5762 1500 5832 colebat
1534 5762 1760 5844 Jovem,
1793 5762 2144 5836 alia'Mereue

1902 6318 2154 6327 ___.—-_

2246 4664 2381 4718 levis
2402 4707 2416 4731 ,
2449 4676 2573 4730 quae
2603 4661 2730 4716 est?
2757 4657 3130 4717 Videturmibi
3160 4667 3349 4714 sancta
3372 4657 3536 4715 Maria
3568 4656 3719 4713 nullo
3750 4656 3855 4713 bus

2247 4768 2409 4810 mano
2436 4752 2642 4809 semine
2673 4759 3031 4822 praegravata.
3076 4750 3180 4806 Ista
3214 4749 3387 4806 nubes
3423 4747 3557 4806 levis
3596 4748 3749 4806 venit
3795 4749 3852 4808 in

2247 4846 2530 4912 mundum,
2559 4853 2613 4901 et
2636 4856 2820 4901 secum
2846 4851 3028 4914 portat
3058 4843 3242 4903 mundi
3275 4852 3603 4900 creatorem.
3629 4841 3697 4900 Et
3716 4841 3850 4912 quid

2246 4941 2444 4996 dicitur
2473 4939 2542 4995 ibi
2575 4939 2628 4993 in
2659 4937 2834 4994 Isaia?
2870 4937 3132 4994 Dominus
3157 4936 3305 4992 venit
3336 4935 3388 4994 in
3429 4934 3728 5007 Egyptum
3759 4950 3851 4990 su-

2247 5049 2341 5105 por
2365 5033 2566 5090 nubem
2606 5032 2779 5087 levem
2812 5047 2826 5084 :
2858 5038 2910 5089 et
2940 5029 3361 5098 confringeutur
3419 5027 3562 5083 idola
3600 5025 3846 5098 :EgypIi.

2252 5127 2409 5183 Venit
2447 5125 2731 5191 Dominus,
2759 5133 2814 5179 ct
2849 5123 2991 5180 idola
3021 5122 3241 5194 βεγινιί
3290 5132 3560 5180 commota
3609 5129 3758 5186 sunt,
3793 5130 3850 5180 et

2243 5235 2533 5287 concussa,
2563 5230 2725 5288 atque
2756 5218 3052 5276 destructa.
3081 5215 3264 5276 Nubes
3303 5215 3402 5272 ista
3433 5214 3704 5274 destruxit
3744 5215 3846 5272 Se-

2213 5315 2416 5383 'rapim
2449 5314 2500 5369 in
2529 5311 2855 5369 Alexandria
2883 5329 2894 5363 :
2927 5325 3034 5368 non
3059 5311 3356 5378 imperator
3380 5309 3541 5366 homo
3562 5309 3840 5374 mortalis;

2239 5410 2334 5465 sed
2363 5409 2534 5464 nubes
2569 5409 2668 5462 ista
2697 5421 2820 5478 quae
2857 5405 3007 5460 venit
3036 5406 3088 5460 in
3119 5403 3438 5476 Egyptum,
3474 5403 3653 5458 Nalm
3681 5413 3732 5460 et
3759 5420 3845 5458 ce-

2239 5501 2344 5572 ligo
2373 5501 2428 5555 in
2455 5499 2674 5554 circuitu
2701 5501 2816 5571 ejus
2851 5513 2870 5553 :
2909 5497 3156 5554 Diximus
3184 5495 3252 5552 de
3278 5497 3424 5556 nube
3459 5515 3470 5551 :
3503 5495 3751 5553 dicamus
3775 5495 3846 5552 de

2241 5593 2490 5663 caligine.
2523 5591 2786 5649 Dominus
2818 5593 2873 5646 in
2913 5589 3146 5660 caligine
3197 5598 3304 5645 est.
3356 5588 3617 5646 Dominus
3644 5598 3740 5644 aut
3792 5590 3845 5646 in

2247 5685 2450 5744 lumine
2478 5695 2584 5754 est,
2614 5694 2708 5740 aut
2734 5682 2788 5742 in
2819 5682 3072 5753 caligine.
3104 5683 3161 5741 lu
3192 5681 3400 5742 lumine
3451 5681 3845 5752 incipientibus

2243 5788 2347 5838 est.
2401 5776 2788 5850 Incipieutibus
2837 5776 2983 5836 enim
3036 5773 3357 5848 simpliciter
3406 5773 3694 5847 loquitur:
3749 5777 3843 5847 qui
