4016 6328
152 286 179 340 1
208 288 232 342 ι
260 288 334 341 l7
1126 288 1561 345 ωικνιΑιιιιιΜ
1602 288 1665 342 ΙΝ
1704 288 1778 343 PS

1898 288 2037 343 llOS.
2080 286 2329 343 PSALM.
2371 281 2573 340 XCVII.
3352 284 3493 340 1118

140 415 318 457 Vero
356 400 586 471 perlecti
626 409 775 466 sunt,
808 400 917 457 illis
966 386 1196 474 myStice
1243 401 1505 470 loquitur.
1555 400 1797 471 Denique
1824 407 1873 469 Α
1902 416 2009 456 non
2025 399 2295 456 consumit
2320 397 2577 465 humiles,
2596 397 2692 453 sed
2710 399 3039 469 quicumque
3055 398 3327 455 montuosi
3349 408 3494 456 sunt:

143 494 460 566 aposmlis
513 509 619 549 non
653 493 979 565 loquebatur
1008 492 1161 563 quasi
1194 492 1388 560 turbis,
1420 492 1516 549 sed
1542 491 1799 549 intrinse-
1906 492 2153 565 Denique
2180 493 2402 566 quando
2427 491 2617 567 fulgur
2640 492 2927 559 emittitur,
2953 489 3180 549 difﬁcile
3202 491 3329 549 illos
3368 507 3498 563 per-

142 604 273 642 cus
311 586 690 659 loquebatur:
734 586 944 657 etquid
971 586 1136 642 dicit?
1178 586 1279 654 Qui
1310 586 1473 642 habet
1511 602 1675 642 aures
1700 601 1799 642 au-
1900 589 2057 651 cutit,
2106 589 2198 661 qui
2254 590 2307 643 in
2356 587 2501 643 valle
2530 594 2692 653 sunt;
2743 586 2838 643 sed
2880 600 3098 656 semper
3136 585 3255 645 illos
3298 586 3388 659 qui
3440 585 3497 646 in

149 680 403 752 diendi,
437 680 649 741 audiat.
684 681 824 753 Ergo
855 679 958 736 hoc
980 680 1125 752 quod
1152 680 1319 737 dicit?
1348 691 1394 737 et
1425 683 1593 752 caligo
1615 683 1671 736 in
1696 683 1797 736 cir-
1904 693 2086 737 nnmte
2115 689 2262 737 sunt.

144 774 331 830 enim
365 776 499 845 ejus.
533 772 647 828 l‘loc
688 781 794 842 est,
844 781 899 828 et
944 774 1204 845 mysteria
1253 773 1305 826 in
1351 773 1582 828 circuitu
1630 772 1791 843 ejus:
1971 775 2418 830 Annuntiuuerunt
2446 772 2564 828 caeli
2595 776 2859 846 justitiam
2900 771 3153 845 ejus.lsti
3180 778 3308 829 sunt
3334 771 3489 843 εαξη,

144 868 489 939 Propterea
511 866 712 923 dicitur
735 876 789 921 et
818 866 868 920 in
898 862 1086 921 Exodo
1111 884 1122 919 :
1157 866 1223 921 Et
1248 868 1445 930 omnis,
1482 865 1674 936 inquit,
1702 881 1794 936 po-
1900 868 1968 923 de
1993 867 2207 938 quibus,
2233 878 2287 923 et
2315 867 2369 922 in
2397 876 2590 922 octavo
2618 866 2833 923 decimo
2862 865 3076 937 psalmo
3103 865 3300 921 dicitur
3330 862 3494 920 :cmli

150 964 348 1035 pulus
371 963 549 1019 stabat
573 959 1108 1032 deorsum:Moy.~es
1136 969 1317 1015 autem
1342 961 1492 1015 solus
1516 948 1793 1030 ingressus
1899 974 2157 1018 enarrant
2205 962 2432 1032 gloriam
2490 961 2605 1016 Dei.
2660 960 2793 1017 Coeli
2861 962 3182 1016 annuntiant
3227 960 3494 1029 justitiam

148 1066 260 1116 est
323 1055 383 1112 in
435 1065 674 1111 montem
709 1052 837 1110 Sina
890 1053 942 1107 in
972 1051 1207 1122 caligine
1236 1049 1435 1121 (Exod.
1490 1050 1623 1120 xix).
1674 1049 1791 1105 Non
1897 1055 2057 1124 ejus:
2093 1064 2235 1110 terra
2282 1070 2389 1109 non
2420 1050 2731 1110 annuntiat.
2786 1054 3124 1124 Quicumque
3151 1053 3346 1112 cmlum
3383 1058 3490 1120 est,

152 1150 334 1208 enim
360 1158 573 1222 poterat
594 1150 773 1204 omnis
806 1146 1038 1218 populus
1064 1146 1160 1201 llei
1196 1147 1335 1202 scire
1364 1146 1648 1217 mysteria,
1672 1160 1792 1214 quae
1897 1164 2004 1204 non
2059 1150 2211 1204 timet
2250 1148 2454 1218 justum
2502 1147 2693 1203 Deum.
2739 1147 3077 1219 Quicumque
3106 1148 3173 1203 de
3202 1148 3359 1204 caelis
3387 1155 3489 1219 est,

155 1245 340 1301 solus
373 1251 587 1315 poterat
613 1256 775 1298 nosse
806 1241 1043 1313 Moyses.
1086 1239 1291 1295 Dicitur
1318 1245 1387 1294 dc
1417 1238 1530 1293 Deo
1560 1256 1572 1291 :
1608 1237 1794 1293 Posuit

157 1337 450 1393 tenebras
479 1334 767 1390 latibulum
796 1349 956 1389 suum
986 1330 1103 1406 (Ps.
1134 1332 1288 1401 xvn).
1318 1330 1538 1385 Iustitia
1567 1341 1613 1384 et
1636 1330 1790 1400 judi-

159 1431 327 1485 cium
352 1429 604 1485 correctio
631 1427 768 1483 sedis
819 1428 951 1498 ejus.
983 1425 1122 1495 Quid
1154 1426 1267 1481 \ult
1294 1425 1477 1481 dicere
1497 1466 1510 1489 ,
1543 1424 1791 1479 correctio

142 1522 321 1578 sedis
349 1522 503 1595 ejus?
524 1520 720 1577 Debuit
738 1520 920 1575 dicere
938 1518 1206 1575 stabilitas
1226 1517 1373 1573 sedis
1400 1516 1537 1588 ejus.
1562 1515 1790 1584 Quando

160 1630 315 1688 ergo
342 1614 566 1691 dicitur,
586 1614 835 1670 correctio
858 1612 992 1667 sedis
1009 1613 1144 1684 ejus,
1167 1611 1471 1667 ostenditur
1491 1610 1783 1691 quodcum-

162 1724 284 1780 que
330 1682 648 1778 corrigitur,
701 1720 925 1777 pravum
957 1702 1123 1760 fuisse
1167 1715 1457 1776 antequam
1481 1683 1788 1774 corrigere.-

1896 1258 2002 1298 non
2032 1243 2184 1299 timet
2204 1241 2322 1311 ejus
2350 1241 2675 1297 annuntiare
2696 1241 2981 1312 justitiam.
3007 1241 3344 1312 Quicumque
3367 1257 3493 1298 san-

1895 1344 2016 1391 ctus
2045 1343 2129 1390 est
2157 1346 2211 1390 et
2243 1334 2439 1390 cmlum
2463 1343 2565 1400 est,
2599 1334 2702 1389 iste
2726 1333 2928 1404 justum
2980 1334 3146 1390 Deum
3177 1351 3282 1390 non
3315 1335 3490 1391 timet.

1894 1427 2156 1483 Peccotor
2180 1438 2360 1482 autem
2391 1424 2802 1481 misericordem
2828 1423 3025 1495 quaerit
3053 1423 3248 1480 Deum.

1968 1521 2415 1575 Annuntiauerunt
2464 1516 2582 1575 cteli
2620 1518 2883 1591 justitiam
2926 1519 3038 1590 ejus
3079 1534 3099 1574 :
3146 1520 3493 1590 evangelista

1893 1614 2120 1670 scilicet.
2153 1611 2219 1667 Et
2253 1613 2490 1668 uiderunt
2517 1627 2691 1667 omnes
2719 1612 2898 1684 populi
2929 1610 3149 1684 gloriam
3176 1615 3309 1686 ejus.
3354 1612 3491 1680 Quia

1892 1710 2078 1778 etiam,
2110 1708 2306 1779 quibus
2334 1722 2441 1762 non
2475 1717 2559 1762 est
2589 1706 2967 1762 annuntiatutu
2987 1705 3056 1761 de
3079 1721 3167 1771 ρο,
3202 1706 3487 1761 intellexe-

167 1809 291 1854 tur.
329 1797 607 1855 Judicium
637 1812 769 1870 ergo
802 1798 895 1852 Dei
921 1808 1215 1868 antequam
1240 1798 1421 1852 veniat
1453 1796 1516 1850 ad
1541 1796 1790 1865 judican-
1819 1801 1868 1863 Β
1897 1814 2023 1860 mm
2041 1804 2212 1860 Deum
2238 1804 2291 1859 in
2320 1817 2482 1859 carne
2515 1802 2749 1859 venisse.

164 1892 334 1959 dum,
368 1892 525 1965 quasi
549 1907 777 1965 pravum
800 1892 1035 1947 videtur.
1062 1890 1211 1945 Nunc
1260 1891 1478 1946 videtur
1498 1890 1784 1962 injustum,

168 1996 227 2043 et
260 2001 495 2057 pravum
516 2000 640 2042 esse
665 1985 952 2057 judicium.
981 1982 1210 2052 Quando
1241 1984 1388 2038 enim
1418 1983 1586 2054 iniqui
1617 1982 1791 2037 homi-

170 2094 281 2137 nes
310 2077 578 2144 ditantur,
608 2087 664 2134 et
684 2077 859 2133 sancti
892 2090 1157 2147 pauperes
1181 2083 1347 2131 sunt:
1379 2090 1558 2130 nonne
1581 2075 1791 2130 \idetor

167 2172 452 2246 judicium
484 2172 585 2230 Dei
626 2186 754 2228 esse
799 2170 1062 2245 pravum?
1097 2170 1324 2237 Quando
1366 2180 1548 2224 autem
1580 2167 1791 2224 venerit

170 2267 242 2323 ad
269 2266 655 2338 judicandum,
679 2276 738 2321 ut
755 2262 949 2321 reddat
968 2263 1261 2335 unicuique
1291 2262 1590 2319 secundum
1617 2276 1787 2332 opera

170 2374 298 2427 sua,
324 2375 393 2416 eo
410 2369 655 2431 tempore
677 2359 830 2432 quasi
857 2359 1163 2431 corrigetur
1192 2357 1355 2413 sedes
1377 2357 1516 2429 ejus.
1546 2357 1787 2426 Denique

171 2454 348 2511 vultis
371 2454 515 2511 scire
544 2453 667 2527 quia
700 2453 771 2510 de
797 2453 885 2509 die
910 2454 1099 2525 judicii
1131 2452 1365 2508 dicitur?

249 2544 407 2618 Ignis
431 2557 551 2601 ante
579 2546 750 2616 ipsum
795 2546 1051 2618 prwcedet
1084 2561 1101 2598 :
1132 2543 1316 2615 Ignem
1350 2544 1512 2599 istum
1543 2543 1635 2614 qui
1662 2557 1788 2599 san-

174 2648 301 2694 ctus
334 2645 442 2704 est,
472 2638 698 2693 timeat:
727 2638 821 2709 qui
843 2646 1096 2708 peccator
1122 2644 1227 2702 est,
1261 2637 1466 2691 timeat.
1507 2633 1653 2706 Ignis
1680 2636 1787 2689 iste

180 2738 406 2787 sanctos
436 2740 667 2803 purgat:
703 2744 1017 2802 peccatores
1038 2730 1328 2784 consumit.
1364 2726 1513 2802 Ignis
1558 2738 1677 2782 ante
1703 2728 1785 2798 ip-

174 2841 292 2879 sum
320 2822 600 2896 pstecedet.
631 2823 732 2893 Qui
764 2824 889 2878 facit
914 2822 1138 2895 angelos
1168 2838 1297 2878 suos
1326 2822 1570 2892 spiritus,
1595 2831 1649 2875 ct
1677 2821 1781 2877 mi-

176 2918 384 2975 nistros
431 2932 566 2975 suos
597 2918 776 2991 ignem
825 2916 1111 2974 ardentem
1165 2915 1284 2990 (Ps.
1318 2920 1455 2986 cm).
1509 2916 1624 2989 Ego
1654 2923 1783 2984 puto

175 3012 312 3068 istos
341 3025 466 3069 esse
507 3011 680 3084 ignes,
726 3011 829 3068 hoc
856 3019 960 3076 est,
995 3009 1220 3082 angelos
1248 3010 1388 3079 ejus.
1410 3008 1502 3063 Isti
1527 3022 1657 3080 ergo
1684 3024 1783 3065 an-

1965 1896 2365 1968 Conlundantur
2385 1913 2560 1953 omnes
2580 1897 2670 1966 qui
2690 1896 2910 1951 adorant
2936 1893 3202 1966 sculptilia
3224 1934 3239 1948 .
3269 1894 3361 1963 qui
3378 1893 3490 1966 gla-

1892 1994 2097 2048 riantur
2126 1994 2180 2047 in
2220 1993 2515 2048 simulacris
2546 1991 2674 2047 suis.
2710 1990 2779 2047 Ut
2809 1990 2935 2045 dum
2975 1990 3029 2044 in
3072 2004 3169 2059 spe
3198 2003 3333 2044 vana
3357 2002 3489 2045 con-

1891 2083 2207 2148 funduntur.
2242 2083 2310 2138 ad
2342 2083 2490 2138 illam
2521 2096 2704 2143 veram
2738 2081 2956 2137 valeant
2987 2081 3276 2152 pervenire

1960 2176 2188 2230 Δάοι-ατε
2200 2193 2315 2229 eum
2334 2192 2509 2230 omnes
2528 2176 2699 2249 angeli
2716 2175 2847 2245 ejus.
2875 2173 3308 2231 An’nuntiatores
3328 2173 3481 2244 regni

1890 2269 2055 2326 illius.
2075 2269 2285 2324 Audiuit
2307 2278 2354 2323 et
2378 2270 2549 2324 lwtuta
2573 2278 2647 2323 est
2671 2266 2825 2326 Sion.
2843 2266 3086 2325 Ecclesia
3115 2282 3237 2338 quae
3259 2266 3487 2338 gloriam

1889 2365 2010 2433 ejus
2032 2361 2433 2432 speculabatur.

1958 2453 2030 2510 Et
2058 2453 2445 2511 exsultauerunt
2472 2452 2599 2525 ﬁlia:
2635 2452 2812 2510 Iudae.
2841 2452 3049 2511 Animae
3085 2452 3480 2510 confessorum.

1895 2548 2118 2621 Propter
2136 2548 2348 2621 judicia
2378 2558 2490 2613 tua,
2524 2547 2763 2603 Domine.
2795 2545 2933 2617 Quia
2953 2547 3333 2603 custodierunt
3361 2561 3447 2603 ea.

1961 2644 2221 2710 Quoniam
2238 2652 2293 2697 tu
2320 2641 2576 2698 Dominus
2611 2642 2907 2697 Altissimus
2946 2658 3104 2711 super
3145 2656 3346 2696 onmem
3380 2650 3483 2696 ter-

1881 2751 1998 2789 ram
2045 2753 2063 2791 :
2095 2735 2247 2789 nimis
2283 2735 2697 2806 superexaltatus
2744 2750 2799 2788 es
2844 2749 2998 2802 super
3028 2749 3203 2789 omnes
3231 2734 3375 2789 deos.
3419 2733 3485 2790 Et.

1886 2842 1993 2882 non
2022 2827 2196 2882 solum
2241 2842 2408 2898 super
2448 2828 2603 2897 deos,
2624 2826 2729 2921 sed
2761 2826 2925 2882 etiam
2975 2838 3139 2897 super
3170 2826 3339 2884 rmlos
3365 2842 3481 2883 cm-

1883 2919 1952 2974 l0t
1970 2936 2079 2974 um.

1947 3013 2048 3079 Qui
2076 3012 2295 3085 diligitis
2325 3011 2603 3069 Dominum
2624 3054 2639 3080 ,
2681 3014 2770 3085 qui
2808 3012 2959 3070 solus
2988 3023 3072 3069 est
3105 3013 3312 3080 bonus;
3343 3015 3484 3072 adite

172 3104 305 3176 geli,
338 3104 442 3159 boc
490 3114 596 3172 est,
624 3104 764 3176 ignis
794 3103 937 3175 ejus,
973 3102 1283 3176 prtrcedent
1330 3112 1457 3158 ante
1494 3119 1639 3158 cum.
1673 3103 1780 3159 Isto
1806 3145 1851 3207 Ο
1883 3109 2109 3175 malum,
2145 3108 2445 3163 diabolum.
2487 3107 2722 3165 Custodit
2753 3106 3010 3162 Dominus
3036 3107 3238 3161 animus
3271 3116 3478 3162 sancto-

176 3198 316 3269 ignis
342 3212 484 3270 quos
501 3195 817 3252 consumit?
843 3197 1183 3268 Quicumque
1206 3205 1293 3251 est
1316 3196 1547 3268 lignum,
1566 3196 1774 3264 fenum,

173 3291 399 3363 stipula.
429 3292 531 3360 Qui
563 3302 744 3347 autem
777 3305 993 3358 aurum,
1031 3301 1316 3361 argentum
1362 3299 1467 3353 est,
1493 3302 1547 3344 et
1572 3289 1778 3359 lapides

177 3384 428 3458 pretiosi,
454 3383 686 3440 tnittitur
712 3385 934 3456 quidem
966 3383 1021 3441 in
1045 3384 1246 3455 ignem,
1282 3384 1374 3438 sed
1407 3385 1660 3438 mundior
1692 3384 1774 3439 in-

176 3480 406 3535 venitur.

246 3570 559 3626 Allua'erunt
589 3571 803 3645 fulgura
823 3552 934 3643 ejus
964 3569 1077 3625 orbi
1096 3580 1269 3637 terrae,
1294 3571 1422 3626 uidit
1448 3581 1493 3626 et
1519 3579 1775 3626 commota

173 3673 245 3718 est
270 3673 426 3718 terra.
456 3662 653 3720 Dicunt
684 3662 1017 3733 philosophi,
1042 3662 1186 3734 quod
1216 3662 1429 3734 fulgura
1456 3678 1519 3718 ex
1550 3663 1773 3718 nubium

174 3755 453 3813 collisione
474 3766 828 3827 generentur.
853 3756 963 3812 Nisi
985 3756 1132 3812 etiim
1160 3759 1307 3827 prius
1329 3759 1542 3812 sonitus
1558 3758 1775 3813 auditus

180 3847 361 3914 luerit,
384 3846 597 3919 fulgura
625 3863 732 3904 non
761 3849 1188 3919 prospiciantur.
1236 3850 1350 3904 lloc
1394 3848 1598 3908 dicitur
1624 3859 1677 3905 et
1707 3849 1775 3905 de

170 3939 349 4012 lapide
374 3940 623 4012 ignario:
654 3942 768 4013 qui,
790 3942 893 3999 nisi
923 3941 1148 4000 collisus
1176 3942 1360 4010 fuerit,
1396 3944 1606 4018 inedius
1632 3940 1773 4013 ignis

178 4051 282 4092 non
328 4035 669 4107 egredietur.
720 4037 836 4093 Hoc
865 4038 1104 4094 dicimus
1130 4037 1429 4094 secundum
1463 4037 1770 4104 historiam,

174 4138 229 4186 et
260 4128 463 4199 parvuli
506 4129 686 4186 adhuc
736 4130 1031 4203 loquimur.
1067 4133 1319 4189 Diximus
1361 4147 1493 4203 ergo
1525 4139 1771 4188 naturam

164 4239 353 4282 rerum
385 4241 399 4279 :
431 4233 491 4283 ut
515 4240 590 4281 ex
618 4233 810 4283 natura
840 4242 1027 4283 rerum
1056 4227 1342 4298 spirituale
1364 4225 1562 4296 aliquid
1597 4227 1774 4295 profe-

174 4333 373 4375 ramus.
412 4318 573 4389 Lapis
619 4320 712 4390 qui
743 4319 907 4392 vulgo
954 4330 1181 4377 vocatur
1232 4320 1509 4392 ignarius,
1545 4318 1590 4373 si
1622 4317 1771 4375 solus

173 4420 274 4478 est,
304 4413 486 4483 ignem
512 4427 621 4468 non
669 4422 851 4483 potest
891 4412 1150 4471 mittere:
1183 4412 1268 4469 sin
1302 4421 1480 4467 autem
1511 4427 1632 4468 cum
1665 4412 1772 4467 alio

173 4503 343 4574 lapide
389 4503 614 4563 collisus
662 4504 847 4571 fuerit,
897 4505 1110 4562 medius
1155 4505 1296 4573 ignis
1340 4506 1627 4561 excutitur.
1661 4504 1818 4604 Facl

175 4597 302 4654 mihi
322 4612 452 4656 esse
487 4599 682 4655 nubem
708 4599 1028 4666 Jeremiam,
1059 4600 1275 4666 lsaiam,
1309 4598 1479 4655 Eliam
1513 4616 1526 4653 :
1560 4598 1764 4655 nubem

160 4700 369 4767 autem,
397 4701 455 4750 et
484 4693 710 4750 Paulum
737 4702 794 4750 et
818 4694 1064 4761 Petrum,
1106 4702 1163 4750 et
1189 4700 1420 4751 caeteros
1465 4692 1765 4763 apostolos.

180 4783 291 4841 Ista!
335 4800 472 4856 ergo
519 4787 693 4842 nubes
735 4787 955 4858 quando
1007 4787 1219 4843 collisa:
1267 4787 1470 4843 fuerint
1514 4787 1658 4843 inter
1684 4796 1767 4857 se,

170 4876 424 4933 emittunt
450 4878 686 4934 medium
736 4879 944 4950 ignem.
976 4889 1033 4935 et
1065 4878 1217 4935 lucet
1241 4878 1360 4935 orbi
1407 4889 1591 4934 terrae.
1619 4876 1771 4932 Allu-

176 4979 349 5027 serunt
377 4969 589 5043 fulgura
622 4972 740 5044 ejus
782 4972 897 5027 orbi
926 4983 1118 5037 totum;
1163 4971 1291 5027 uidit
1318 4981 1368 5027 et
1416 4980 1671 5025 commota
1696 4978 1772 5027 est

175 5069 318 5117 terra.
349 5065 736 5134 Apostolorum
768 5062 983 5135 fulgura
1009 5065 1327 5120 alluxerunt
1381 5064 1437 5119 in
1480 5072 1593 5119 toto
1636 5062 1772 5118 orbe

177 5164 459 5213 terrarum.
501 5152 773 5211 Contracta
818 5163 913 5211 est.
961 5153 1042 5211 liii
1093 5155 1482 5226 loquebantur,
1527 5163 1583 5208 et
1634 5154 1770 5210 Ioni-

178 5255 350 5302 truum
376 5246 529 5302 vocis
550 5261 741 5304 eorum
771 5247 1067 5304 universus
1092 5247 1326 5303 mundus
1347 5245 1622 5301 audiebat.
1654 5246 1770 5300 Duo

174 5335 432 5397 habebant
472 5339 677 5408 pariter
720 5347 775 5395 et
821 5338 1085 5410 grandem
1117 5352 1331 5403 vocem,
1384 5347 1439 5392 et
1481 5335 1765 5406 splendida

176 5428 395 5501 fulgura.
444 5428 575 5488 Haec
604 5430 818 5503 fulgura
849 5432 1136 5488 credentes
1177 5430 1607 5487 illuminabaut:
1653 5443 1765 5487 non

179 5521 456 5589 credentes
475 5522 894 5581 comburebant.

241 5611 443 5668 Montes
466 5612 598 5669 sicut
621 5630 738 5671 cera
763 5616 1029 5683 fluxerunt
1056 5632 1089 5671 a
1116 5614 1251 5685 [acie
1282 5612 1514 5671 Domini.
1539 5613 1666 5671 Mihi
1686 5615 1764 5669 vi—

173 5704 359 5761 dentur
399 5703 492 5761 isti
535 5714 754 5767 montes
792 5722 920 5765 esse
945 5707 1252 5769 daemonum
1283 5716 1603 5777 potestates.
1633 5706 1763 5766 Sive

170 5807 309 5861 certe
352 5807 597 5875 montes,
649 5801 870 5877 superbi
922 5803 1123 5877 quique
1153 5803 1422 5864 homines.
1457 5803 1619 5880 ignis
1656 5804 1759 5864 iste

1882 3218 1999 3255 rum
2019 3218 2234 3257 suorum
2262 3218 2279 3255 :
2312 3202 2377 3257 de
2403 3217 2559 3258 manu
2588 3201 2874 3270 peccatoris
2899 3198 3135 3255 liberabit
3164 3216 3272 3254 eus.
3299 3198 3376 3255 Nc
3397 3200 3481 3255 eis

1880 3293 2085 3361 aliquid
2117 3304 2332 3349 noceat.

1951 3385 2066 3440 Lua:
2090 3395 2201 3441 orta
2221 3396 2296 3441 est
2307 3389 2477 3460 justo.
2510 3384 2763 3442 Christus
2796 3383 3027 3453 refulget
3057 3383 3110 3439 in
3137 3384 3303 3441 corde
3331 3384 3470 3454 ejus.

1879 3476 1946 3532 Et
1975 3478 2127 3534 rectis
2154 3476 2312 3534 corde
2335 3479 2537 3534 twtitia.
2567 3477 2704 3547 Quia
2730 3492 2892 3547 quem
2917 3474 3326 3545 exspectabant,
3359 3490 3479 3531 cer-

1880 3587 2009 3627 nere
2037 3582 2378 3629 meruerunt.

1952 3663 2227 3720 Laetamiui
2247 3666 2384 3736 justi
2414 3665 2469 3719 in
2506 3663 2753 3730 Domino,
2789 3675 2836 3720 et
2873 3666 3193 3735 conﬁtemini
3217 3664 3477 3721 memoria:

1876 3756 2167 3811 sanctitatis
2190 3758 2325 3829 ejus.
2353 3756 2452 3825 Qui
2477 3772 2600 3813 eum
2634 3758 2687 3812 in
2724 3758 2855 3815 recti
2889 3758 3075 3814 cordis
3110 3758 3316 3814 lumine
3343 3774 3475 3814 con—

1877 3850 2237 3921 templamini.
2259 3850 2461 3923 jugiter
2481 3851 2813 3918 collaudato,
2839 3851 2923 3907 vel
2948 3854 3294 3909 sanctitatem
3316 3851 3470 3922 ejus:

1875 3944 1999 4013 quia
2032 3951 2273 3999 vestrum
2304 3959 2516 4000 memor
2544 3944 2663 4012 fuit,
2700 3954 2756 4000 ut
2783 3946 3153 4002 sanctiﬁcaret
3185 3962 3199 3997 :
3226 3947 3314 4003 vel
3355 3946 3473 4016 pio-

1878 4045 2064 4103 tatem,
2095 4052 2196 4108 qua
2219 4052 2320 4093 vos
2361 4038 2416 4094 in
2444 4053 2612 4108 regno
2643 4052 2741 4094 suo
2772 4040 2987 4095 ascivit.
3013 4039 3115 4107 Qui
3147 4040 3302 4095 nobis
3336 4055 3474 4110 pras-

1874 4143 2022 4188 stare
2069 4132 2360 4203 dignetur,
2410 4143 2489 4200 ut,
2545 4133 2665 4204 ejus
2714 4134 2917 4190 lumine
2965 4134 3167 4191 nostris
3213 4134 3470 4190 cordibus

1873 4223 2109 4294 oriente,
2136 4239 2446 4282 mereamur
2467 4226 2540 4281 ab
2560 4240 2629 4282 eo
2650 4225 2721 4283 de
2745 4228 3105 4295 praesentibus
3132 4227 3247 4283 erui
3278 4243 3293 4281 :
3316 4227 3473 4297 cujus

1872 4332 2062 4379 sumus
2104 4318 2375 4390 baptismo
2406 4333 2438 4375 a
2470 4319 2657 4376 noxiis
2697 4319 3059 4391 originaiibus
3098 4318 3333 4377 liberati.
3366 4319 3471 4391 Ipsi

1871 4411 2044 4481 gloria
2069 4426 2194 4471 cum
2227 4423 2436 4473 teterno
2462 4412 2623 4473 Patre
2656 4420 2714 4470 et
2736 4397 2947 4485 Spiritu
2968 4425 3158 4473 sancto
3184 4416 3239 4473 in
3269 4414 3472 4472 saecula

1874 4504 2219 4565 saeculorum.
2251 4508 2450 4562 Amen.

2380 4612 2701 4672 PSALMUS
2732 4615 2945 4673 XCVII.

1878 4706 2125 4763 Psalmus
2148 4703 2342 4762 Dauid.
2367 4707 2476 4762 Iste
2502 4708 2746 4775 psalmus
2775 4722 2963 4764 vocem
2986 4708 3267 4779 propheta:
3291 4709 3474 4765 conti-

1947 4793 2107 4861 nens,
2144 4779 2444 4849 potentiam
2489 4786 2676 4834 narrat
2710 4779 3240 4838 Dominicinominis
3273 4792 3338 4835 ac
3361 4779 3472 4838 vir-

1948 4859 2099 4905 tutis.

1947 4964 2165 5031 Cantate
2195 4965 2417 5021 Domino
2439 4965 2701 5025 canticum
2726 4981 2934 5022 nouum.
2959 4965 3233 5023 Canticum
3257 4982 3469 5037 nouum,

1874 5067 1960 5114 est
2000 5058 2091 5113 Dei
2132 5057 2303 5115 Filius
2348 5056 2665 5125 cruciﬁxus,
2696 5060 2844 5128 quod
2883 5066 3184 5131 numquam
3229 5060 3472 5118 auditum

1872 5148 2069 5205 fuerat.
2123 5146 2273 5204 Nova
2318 5162 2430 5217 res,
2464 5164 2662 5205 novum
2710 5148 2878 5207 habet
2919 5153 3220 5207 canticum.
3251 5148 3469 5209 Cuntate

1874 5242 2098 5297 Domino
2124 5241 2380 5297 canticum
2410 5256 2617 5297 nouum.
2644 5242 2817 5298 llomo
2845 5241 3067 5313 quidem
3097 5251 3201 5306 est,
3237 5243 3325 5313 qui
3348 5258 3475 5313 pas-

1871 5349 1966 5389 sus
1990 5343 2077 5389 est
2098 5348 2113 5386 :
2143 5333 2240 5389 sed
2264 5348 2359 5391 vos
2385 5342 2609 5389 cantate
2631 5332 2886 5389 Domino.
2912 5333 3110 5389 Passus
3139 5332 3470 5402 estquidem

1873 5425 2027 5497 quasi
2050 5425 2233 5494 homo,
2259 5426 2355 5481 sed
2383 5424 2615 5480 salvavit
2636 5425 2788 5496 quasi
2815 5425 2978 5481 Deus.
3003 5424 3221 5480 Cantate
3246 5424 3469 5482 Domino

1870 5519 2129 5575 canticum
2156 5533 2366 5574 novum.
2397 5516 2669 5573 Canticum
2699 5533 2884 5572 nouum
2907 5558 2922 5585 ,
2955 5525 3229 5574 mereatur
3267 5532 3470 5573 nomen

1873 5630 2096 5673 novum.
2126 5613 2423 5686 Propterea
2450 5611 2656 5669 dicitur
2680 5622 2736 5669 et
2763 5611 2896 5668 alibi
2922 5630 2935 5669 :
2963 5613 3031 5668 Et
3054 5612 3363 5679 vocabitur,
3391 5612 3475 5671 in-

1866 5709 2007 5780 quit,
2038 5723 2236 5767 nomen
2267 5721 2466 5765 novum
2496 5704 2651 5777 (lsai.
2678 5704 2833 5779 uti).
2862 5705 3074 5763 Novum
3112 5720 3334 5773 nomen,
3370 5722 3469 5765 no-

1870 5818 1996 5863 vum
2031 5811 2276 5863 meretur
2310 5801 2605 5862 canticum.
2643 5802 2713 5862 Et
2747 5801 2805 5861 in
2846 5800 3177 5877 Apocalypsi
3219 5800 3463 5862 dicitur:
