4016 6342
608 244 748 303 1119
1400 260 1749 322 APPENDIX
1786 267 1881 325 AD
1917 268 2161 328 TOMUM
2196 270 2545 333 SEPTIMUM
2583 278 2640 337 S.
2687 280 3090 344 ΙΙΙΕΒΟΝΫΜΙ.
3784 302 3945 359 ili-.3

603 358 707 428 Qui
738 363 947 433 vicerit,
978 366 1171 441 inquit,
1199 372 1343 430 dabo
1368 377 1418 432 ei
1448 379 1747 452 calculum,
1783 397 1839 442 et
1867 402 2066 445 nomen
2098 403 2197 446 no-
2225 391 2275 454 A
2305 406 2444 448 mus.
2474 394 2704 464 Quando
2743 415 2873 471 ergo
2900 406 3056 475 quasi
3101 406 3460 481 relinquimus
3492 422 3734 484 terram,
3766 428 3822 476 et
3885 422 3945 476 in
3974 364 3975 435 ‘

606 467 730 484 unum
762 458 996 484 ass—2L-..
1048 477 1210 484 ,--..-μ
1251 483 1260 484 ,
1396 470 1409 484 ι
1434 472 1448 484 Α
1672 475 1684 484 .
1758 478 1800 484 _-

2807 444 2835 471 θ

2484 458 2520 464 η
2807 458 2835 471 .,
2918 458 2930 475 .
3018 458 3056 461 η
3101 458 3460 481 ------.,-......-
3493 458 3734 484 ..,.......,
3767 458 3822 476 ν.
3885 458 3945 476 ..ι

762 458 999 560 scribam
1045 477 1212 535 super
1242 483 1366 569 eum
1391 470 1575 543 (Apoc.
1609 475 1713 549 ιιι).
1756 478 1962 538 Nomen
2002 499 2200 541 novum
2304 492 2615 550 summitate
2642 510 2851 563 sumus,
2884 508 3013 555 tunc
3036 516 3309 561 meremur
3331 506 3520 566 videre
3546 510 3757 568 Deum.
3791 512 3948 569 Vul-

604 539 1036 609 Christianorum
1086 564 1191 613 est.
1236 539 1469 620 Caritate
1499 539 1747 626 Domino.
1795 574 2018 642 Quare?
2062 539 2202 645 Quid

2304 583 2373 638 tis
2403 585 2544 641 scire
2578 590 2855 657 quomodo
2894 593 3029 649 lines
3061 605 3217 652 terra-
3246 598 3464 657 videant
3493 602 3726 661 Deum?
3764 605 3945 679 Legi-

2072 639 2107 645 "
2415 639 2419 640 ⁷
2471 639 2497 641 "
2525 639 2536 641 '
2585 639 2850 657 ‘I""""'
2894 639 3029 649 """"
3063 639 3216 652 *νιιιυ
3255 639 3464 657 πιυυιυιι
3494 639 3676 659 νυιιιιι
3703 639 3716 661 ;
3764 639 3941 679 πονῇ.

607 639 755 768 inim
786 640 954 698 fecit?
980 644 1160 715 Quare
1186 652 1333 709 enim
1362 671 1561 714 novum
1594 673 1869 721 mereatur
1890 670 2202 725 canticum?
2304 690 2424 731 ntus
2455 678 2510 732 in
2538 678 2835 738 Ezechiel:
2870 684 2935 740 Et
2962 696 3117 755 rotze,
3146 689 3342 762 inquit,
3378 694 3484 750 illa:
3513 713 3642 768 qua:
3675 700 3941 756 volvun.

659 731 745 768 υἷα
779 734 1039 768 ηιῖοιιιῖκη
1072 742 1188 768 θηρὶ.
1242 746 1402 768 Ωξμ..-
1441 747 1565 768 ρ-,σ.
1600 753 1613 765 ο
1698 753 1716 768 ι
1780 756 1792 768 ι
1852 759 1864 768 .
2117 762 2128 768 .

2303 775 2410 834 tur,
2459 770 2738 829 dicebatur
2787 777 2889 845 eis,
2932 777 3149 852 ϐρίθει,
3203 786 3347 856 quod
3398 787 3602 845 dicitur
3656 794 3939 848 ret-alario

2302 860 2520 933 (Ezeclt.
2551 865 2613 938 ι).
2652 866 2749 925 σει
2777 870 2922 926 enim
2950 874 3145 930 volutio
3171 894 3189 931 :
3214 877 3413 951 Gelgel,
3445 884 3729 940 revelatio.
3762 887 3936 943 Rom:

607 728 746 831 Quia
779 734 1039 793 mirabilia
1065 742 1208 812 fecit.
1242 746 1406 816 Signa
1440 747 1571 807 fecit
1599 753 1654 809 in
1689 753 1897 814 Judaeis
1936 776 1950 814 :
1984 762 2199 834 paraly-

604 821 740 913 ticos
763 828 974 884 sanavit
1005 848 1016 885 :
1041 830 1287 904 leprosos
1310 844 1559 913 purgavit
1584 864 1598 901 :
1620 856 1866 906 mortuos
1893 854 2198 910 suscitavit.

600 908 716 968 Hoc
745 922 801 970 et
825 917 916 974 alii
961 919 1214 983 fecerunt
1244 908 1549 1002 prophetae.
1587 937 1764 994 Vertit
1801 957 1968 1012 panes
1999 959 2199 1014 paucos

596 1002 653 1102 i_n
687 1007 907 1081 plures,
934 1025 990 1072 et
1022 1020 1169 1088 pavit
1196 1023 1472 1083 iuliuitum
1515 1002 1941 1102 populum.'lloc
1979 1002 2103 1094 fecit
2144 1050 2201 1097 et

598 1098 835 1160 Eliseus.
874 1106 1019 1176 Quid
1057 1127 1191 1186 ergo
1230 1116 1360 1174 fecit
1387 1098 1537 1189 novi,
1576 1098 1637 1179 ut
1673 1141 1954 1186 mereatur
1994 1146 2196 1190 novum

595 1196 907 1255 canticunt?
958 1202 1129 1261 Vultis
1175 1198 1485 1284 scire‘quid
1534 1231 1735 1274 novum
1778 1220 1971 1279 fecerit
2015 1225 2197 1283 Deus?

580 1285 759 1357 .Quasi
790 1295 956 1352 homo
979 1312 1225 1358 mortuus
1248 1316 1354 1374 est,
1385 1317 1446 1363 ut
1468 1309 1717 1370 homines
1737 1317 2002 1374 viverent.
2026 1320 2197 1380 Filius

595 1377 691 1437 Dei
714 1385 1005 1446 cruciﬁxus
1030 1401 1134 1459 est,
1163 1404 1220 1451 ut
1241 1412 1339 1454 nos
1366 1399 1575 1459 levaret
1594 1405 1660 1461 ad
1688 1409 1909 1467 emlum.
1936 1413 2195 1478 Quoniam

595 1472 855 1564 mirabilia
879 1482 1020 1550 fecit.
1074 1483 1243 1543 Vultis
1270 1490 1412 1549 scire
1439 1496 1694 1564 quoniam
1723 1472 1995 1559 mirabilia
2027 1504 2195 1562 fecit?

594 1561 764 1621 Filius
801 1569 976 1628 viduae
1000 1572 1219 1644 jacebat
1250 1580 1305 1638 in
1350 1561 1637 1645 caenaculo
1668 1608 1679 1645 :
1714 1594 1865 1649 venit
1894 1594 2110 1654 Eliseus
2138 1609 2194 1656 et

594 1661 869 1717 contraxit
888 1679 968 1731 se,
991 1678 1048 1723 et
1073 1684 1135 1724 os
1162 1671 1227 1728 ad
1255 1689 1318 1731 os
1346 1679 1544 1748 posuit,
1574 1691 1631 1738 et
1652 1699 1845 1741 manus
1876 1687 1944 1743 ad
1977 1704 2190 1757 manus,

596 1759 652 1804 et
683 1751 853 1822 pedes
877 1758 944 1812 ad
965 1760 1133 1831 pedes
1163 1764 1257 1839 (ιν
1283 1768 1417 1842 Reg.
1450 1771 1549 1845 tv).
1580 1774 1639 1830 Si
1667 1779 1813 1834 enim
1843 1751 2193 1852 expandissct
2223 1788 2271 1848 B

593 1859 675 1914 se,
696 1864 804 1906 non
829 1867 1087 1914 reversus
1113 1871 1265 1919 esset
1284 1865 1432 1922 illius
1453 1869 1650 1926 vidum.
1677 1872 1805 1930 Ideo
1823 1888 1883 1933 se
1901 1881 2190 1949 contraxit,

595 1948 656 1995 ut
681 1944 1001 2007 viviﬁcaret.
1033 1951 1168 2010 Cum
1196 1967 1344 2015 esset
1373 1960 1426 2016 in
1459 1961 1630 2020 l‘orma
1656 1965 1753 2023 Dei
1784 1986 1796 2021 :
1829 1968 1955 2026 ideo
1982 1944 2197 2046 accepit

588 2033 821 2136 formam
852 2041 1090 2104 hominis
1119 2049 1349 2126 (Philip.
1381 2054 1444 2129 ιι)
1477 2076 1495 2111 ι
1529 2058 1653 2116 ideo
1692 2077 1756 2119 se
1795 2066 2091 2136 contraxit,
2113 2033 2194 2125 ἰιι

595 2144 695 2186 nos
728 2131 933 2192 laceret
965 2140 1208 2199 altiores.
1458 2178 1459 2181 η
2075 2131 2109 2213 Ἀ

665 2225 895 2285 Salvarit
938 2234 1036 2289 sibi
1076 2235 1288 2295 dextera
1326 2244 1460 2315 ejus.
1508 2244 1664 2313 Quod
1706 2246 1860 2318 dicit,
1912 2250 2014 2308 hoc
2057 2262 2188 2311 est:

592 2314 836 2378 Salvavit
864 2323 1135 2397 homines,
1172 2348 1278 2388 non
1305 2314 1565 2405 alienum,
1590 2340 1685 2396 sed
1708 2356 1866 2398 suum
1895 2358 2054 2417 Opus,
2088 2349 2190 2405 hoc

578 2419 698 2478 est,
719 2414 864 2484 quod
894 2416 1086 2475 iecerit
1109 2422 1235 2492 sibi,
1263 2426 1369 2483 sibi
1400 2427 1518 2500 ipse
1545 2431 1797 2491 salvavit.
1830 2414 2057 2495 Fecerat
2091 2440 2190 2497 ho-

595 2503 795 2562 minem
827 2508 880 2564 in
912 2512 1169 2582 salutem,
1203 2520 1296 2591 qui
1326 2522 1462 2578 vitio
1488 2539 1590 2581 suo
1609 2528 1869 2599 perierat.
1910 2532 2016 2591 lste
2044 2550 2190 2592 mor-

593 2601 718 2652 tuus
761 2610 881 2669 est,
935 2613 994 2658 ut
1033 2608 1271 2667 salvaret
1311 2614 1418 2670 sibi
1463 2616 1742 2678 hominem
1785 2622 2012 2683 dextera
2065 2643 2184 2684 sua.

592 2685 822 2793 Dextera
847 2695 939 2753 hie
960 2715 1061 2770 pro
1082 2704 1280 2763 virtute
1301 2709 1543 2779 ponitur.
1574 2722 1634 2770 et
1656 2714 1937 2774 brachium
1970 2737 2069 2793 pro
2098 2737 2187 2779 ro-

590 2779 745 2841 bore.
779 2785 849 2844 Et
883 2791 1148 2850 brachium
1176 2809 1415 2856 sanctum
1449 2807 1580 2877 ejus.
1615 2806 1765 2865 Licet
1795 2820 1849 2866 et
1876 2779 2184 2885 brachium,

588 2888 645 2935 et
684 2880 906 2941 dextera
941 2886 1194 2948 Christus
1232 2893 1444 2954 dicatur
1487 2918 1498 2952 :
1532 2900 1764 2960 Dextera
1805 2906 2020 2964 Domini
2058 2880 2187 2967 fecit

585 2973 863 3044 virtutem,
917 2989 976 3037 et
1026 2982 1308 3043 brachium
1359 2991 1571 3050 Domini
1616 2996 1705 3053 cui
1754 3001 2055 3059 revelatum
2102 3013 2187 3062 est

586 3063 759 3137 (Psal.
793 3072 984 3145 cxvn),
1020 3085 1202 3135 tamen
1232 3080 1320 3137 hic
1346 3083 1415 3140 de
1440 3085 1662 3144 Christo
1692 3089 1918 3148 dicitur.

2301 970 2436 1026 ergo
2481 958 2584 1015 illa:
2624 963 2871 1030 audiunt,
2924 967 3214 1025 revolutio.
3264 974 3530 1041 Quoniam
3580 990 3706 1033 rota
3756 984 3933 1052 quasi

2301 1065 2469 1120 parvo
2497 1055 2732 1125 quodam
2773 1060 2954 1130 spatio
2984 1072 3186 1120 terram
3221 1069 3409 1139 tangit.
3442 1079 3499 1124 et
3526 1078 3643 1126 tota
3682 1072 3933 1129 festinat

2299 1146 2365 1201 ad
2393 1150 2612 1206 cmlum.
2646 1152 2773 1209 ldeo
2804 1154 3009 1212 dicitur
3043 1167 3100 1214 et
3138 1161 3189 1215 in
3221 1161 3329 1218 alio
3357 1162 3517 1218 loco:
3552 1164 3750 1222 Sancti
3782 1170 3928 1238 lapi-

2300 1238 2396 1296 des
2416 1243 2710 1301 volvttntur
2733 1262 2898 1318 super
2927 1260 3127 1307 terram
3159 1251 3346 1326 (Zach.
3372 1258 3477 1328 ut).
3511 1258 3581 1314 Et
3606 1260 3744 1329 quid
3773 1262 3925 1319 diei-

2300 1346 2385 1391 tur
2408 1336 2462 1392 in
2496 1338 2817 1398 Ezechiele?
2848 1342 3226 1418 Quocumque,
3262 1350 3474 1422 inquit,
3510 1353 3626 1409 ibat
3650 1358 3922 1427 spiritus,

2297 1430 2428 1486 illuc
2467 1434 2835 1502 sequebantur
2864 1446 2917 1492 et
2949 1446 3101 1493 τοίω.
3154 1440 3219 1495 Ει
3251 1457 3348 1498 nos
3386 1459 3690 1515 sequamur
3733 1448 3923 1519 Spiri-

2299 1533 2409 1579 tum
2445 1537 2717 1595 sauctutn,
2752 1540 2808 1585 ttt
2833 1530 3080 1588 dicamur
3106 1544 3260 1591 rotat.
3297 1535 3368 1592 Et
3395 1539 3526 1609 quid
3557 1539 3768 1598 dicitur
3794 1544 3918 1599 ibi?

2297 1615 2367 1671 Et
2407 1634 2535 1687 non,
2568 1621 2773 1691 inquit,
2813 1624 2961 1681 ibant
2991 1638 3316 1697 retrorsum,
3351 1632 3445 1687 sed
3483 1649 3709 1707 semper
3752 1639 3918 1695 ibant

2296 1720 2422 1767 ante
2451 1726 2531 1769 se.
2562 1714 2842 1788 Simulque
2870 1721 3215 1779 considerate
3242 1723 3370 1795 quid
3400 1725 3548 1784 dicat
3581 1746 3594 1783 :
3622 1729 3743 1787 Non
3767 1772 3782 1799 ,
3815 1733 3909 1787 in-

2296 1803 2427 1873 quit,
2464 1808 2902 1880 revertebantur,
2932 1813 3028 1870 sed
3060 1831 3279 1887 semper
3308 1829 3432 1877 ante
3461 1836 3521 1878 se
3553 1823 3729 1880 ibant.
3757 1825 3911 1882 Pras-

2296 1900 2581 1954 tetitorum
2628 1902 2773 1957 enim
2825 1903 3337 1977 obliviscebantur,
3385 1921 3440 1969 et
3487 1914 3554 1969 ad
3598 1917 3793 1985 priora
3840 1934 3907 1976 se

2295 1989 2661 2048 extendebant
2707 1992 2933 2069 (Philip.
2986 1998 3090 2070 ιιι).
3140 2002 3207 2057 Et
3256 2003 3414 2072 plena
3469 2017 3651 2074 erant,
3698 2010 3903 2080 inquit,

2292 2081 2485 2138 oculis.
2508 2082 2703 2140 Omnia
2732 2088 2880 2143 enim
2914 2098 3155 2147 rotarum
3189 2094 3415 2151 istarum
3448 2097 3605 2166 plena
3636 2112 3799 2157 erant
3822 2102 3905 2157 lu-

2293 2175 2439 2231 mine
2466 2176 2584 2233 Dei.
2613 2177 2729 2233 Nou
2756 2192 2841 2237 est
2870 2182 3026 2238 istius
3048 2187 3337 2257 temporis,
3373 2197 3428 2242 ut
3456 2188 3525 2246 de
3555 2193 3717 2257 rotis,
3741 2204 3803 2250 et
3832 2195 3903 2251 de

2292 2266 2603 2337 Cherubitn,
2632 2282 2685 2326 et
2715 2272 2784 2329 de
2810 2274 3136 2332 animalibus
3164 2277 3421 2335 Ezechiel
3452 2281 3823 2353 disputemus.

2362 2358 2595 2418 Jubilate
2622 2363 2752 2432 Deo,
2783 2368 2950 2422 omnis
2974 2376 3134 2424 terra.
3168 2370 3285 2426 Non
3314 2374 3489 2430 solum
3519 2375 3734 2444 Judaza,
3763 2379 3861 2435 sed
3881 2422 3900 2446 ,

2292 2453 2458 2508 omnis
2502 2464 2663 2520 terra,
2700 2458 2920 2528 jubilatc
2954 2459 3205 2518 Domino.
3236 2463 3401 2536 Signa
3434 2468 3633 2525 mittite
3672 2471 3905 2529 victoris

2289 2547 2591 2604 exercitus.
2622 2549 2860 2621 Cantate,
2902 2563 2952 2608 et
2991 2555 3264 2624 cxsullate,
3298 2567 3346 2612 et
3384 2562 3612 2631 psallite.
3653 2564 3901 2633 Caritate,

2287 2639 2618 2710 cogitatione
2643 2660 2657 2698 :
2680 2646 2908 2717 psallite,
2934 2648 3120 2716 verbo,
3153 2649 3257 2707 hoc
3281 2660 3387 2717 est,
3432 2654 3688 2711 omnibus
3719 2673 3901 2714 mem-

2286 2728 2400 2785 bris
2438 2734 2655 2789 vestris.
2689 2735 2892 2792 Psallat
2933 2754 3125 2796 manus
3167 2741 3219 2796 in
3263 2741 3614 2818 eleentosyna
3651 2766 3665 2803 :
3697 2749 3897 2821 psallat

2286 2834 2382 2892 pes
2409 2824 2611 2882 vadens
2640 2828 2690 2881 in
2720 2842 2885 2896 Opere
2915 2829 3082 2887 bono.

2360 2915 2581 2971 Psallite
2607 2916 2916 2976 Domino'in
2953 2925 3181 2979 cithara.
3218 2926 3419 2985 Omnes
3466 2930 3651 2987 corda:
3690 2944 3894 2990 vestrm

2284 3009 2501 3066 vocales
2528 3011 2656 3065 sint.
2698 3013 2813 3068 Non
2853 3024 3033 3086 potest
3064 3031 3188 3074 esse
3217 3018 3448 3090 cithara,
3491 3023 3537 3078 si
3577 3039 3684 3079 una
3723 3027 3894 3083 corda

2285 3100 2538 3158 defuerit.
2573 3103 2711 3172 Quid
2749 3105 2840 3161 tibi
2871 3107 3091 3178 prodest
3129 3110 3174 3165 si
3202 3111 3279 3166 sis
3306 3120 3509 3182 castus,
3541 3115 3589 3171 si
3611 3115 3687 3171 sis
3711 3117 3895 3189 largus

2429 3157 2434 3158 ,
2483 3157 2491 3158 ,
2583 3157 2710 3172 νη
2751 3157 2839 3161 μη-
2872 3157 3091 3178 ,ην-π-
3129 3157 3174 3165 -.
3203 3157 3278 3166 -.ν
3309 3157 3509 3182 -_--..-,
3541 3157 3589 3171 υ.
3611 3157 3687 3171 ω,
3711 3157 3780 3171 ....
3835 3157 3886 3174 ..ε

655 3157 853 3217 Notum
874 3167 998 3237 fecit
1028 3168 1281 3229 Dominus
1306 3176 1536 3234 salutare
1555 3196 1726 3238 suum.
1761 3182 1881 3241 Non
1910 3185 2070 3255 dixit,
2097 3203 2183 3244 os-
2212 3174 2259 3239 C
2290 3194 2342 3249 in
2374 3195 2744 3270 eleemosyna,
2784 3208 2840 3256 et
2870 3200 3171 3259 invidiosus
3196 3204 3308 3261 sis?
3335 3206 3474 3274 Quid
3507 3207 3606 3263 tibi
3638 3157 3886 3281 prodcbst,

655 3251 758 3281 ιιιέι
821 3257 915 3281 --.1
983 3270 1151 3281 ..-μρρ
1193 3267 1213 3281 ι
1270 3267 1304 3281 ο-
1362 3268 1396 3281 ι.
1498 3272 1511 3281 .
1571 3273 1606 3281 ..
1645 3275 1658 3281 -
1741 3276 1755 3281 -

582 3251 778 3320 tendit,
820 3257 942 3326 sed,
980 3270 1156 3317 nolunt
1183 3267 1324 3337 fecit.
1356 3268 1512 3338 Quod
1553 3273 1702 3343 dicit,
1741 3276 1844 3333 hoc
1884 3287 1969 3335 est
1996 3297 2010 3340 ;
2041 3251 2185 3351 quod

579 3353 707 3399 ante
746 3359 1012 3406 noverant
1047 3353 1240 3425 Deum,
1271 3370 1328 3415 et
1367 3376 1467 3417 suo
1510 3364 1644 3421 vitio
1679 3367 1829 3423 obliti
1864 3382 2009 3427 sunt.
2042 3373 2184 3445 Ergo

582 3433 724 3491 Deus
752 3439 998 3512 veniens,
1032 3459 1129 3499 sua
1151 3450 1326 3519 gratia
1353 3452 1462 3510 hoc
1489 3457 1636 3526 quod
1669 3459 2039 3530 perdiderant,
2072 3433 2185 3522 ma-

580 3525 860 3585 nifestavit
906 3534 1007 3591 eis.
1052 3535 1200 3609 Ergo
1237 3540 1342 3597 hoc
1387 3525 1519 3600 dicit
1554 3564 1570 3602 :
1615 3525 1712 3605 Ille
1755 3567 1917 3623 quem
1957 3525 2184 3613 noverat

578 3617 777 3688 Adam,
814 3638 975 3691 quem
1002 3640 1230 3687 noverat
1258 3632 1389 3690 Seth
1421 3635 1580 3708 (Gen.
1612 3640 1730 3712 tv):
1762 3617 1924 3714 quem
1956 3661 2182 3706 noverat

577 3711 766 3770 Encelt
793 3733 809 3773 :
837 3719 930 3789 qui
956 3721 1233 3781 invocavit
1252 3726 1565 3803 Dominum,
1590 3742 1648 3789 et
1671 3711 1914 3807 speravit
1937 3740 1990 3795 in
2012 3757 2134 3799 eum
2163 3763 2178 3801 :

574 3818 631 3863 et
658 3822 892 3869 noverat
918 3815 1035 3874 Noe
1069 3835 1084 3874 :
1121 3830 1171 3876 et
1203 3832 1392 3893 postea
1422 3826 1628 3885 oblitus
1673 3830 1847 3888 fuerat
1884 3834 2175 3894 humanum

577 3917 775 3973 genus,
820 3911 970 3966 venit
1013 3912 1210 3970 iterum
1261 3917 1314 3973 in
1354 3920 1641 3987 mundum,
1690 3935 1752 3981 ut
1801 3926 2048 3986 homines
2086 3933 2177 4001 qui

578 4007 766 4067 postea
809 4002 965 4059 obliti
1002 4004 1239 4076 fuerant,
1286 4010 1482 4068 iterum
1515 4028 1930 4087 cognoscerent.
1980 4022 2177 4079 Nomm

579 4089 699 4160 fecit
747 4089 1005 4149 Dominus
1046 4098 1274 4155 salutare
1313 4120 1486 4159 suum.
1520 4105 1577 4161 In
1621 4108 1887 4167 llebraico
1925 4112 2122 4185 legitur
2159 4132 2173 4170 :

577 4182 779 4241 Notum
806 4188 928 4259 fecit
960 4187 1211 4247 Dominus
1239 4192 1422 4251 Iesum
1450 4214 1623 4256 suum.
1656 4182 1999 4276 Ubicumque
2026 4206 2174 4264 enim

577 4275 825 4334 Salvator
851 4278 1077 4348 dicitur,
1106 4284 1159 4338 in
1186 4284 1452 4343 Hebraico
1480 4290 1646 4348 lesus
1674 4275 1917 4364 ponitur.
1951 4296 2019 4352 In
2054 4315 2176 4354 cou-

572 4378 750 4440 spectu
780 4374 1011 4443 gentium
1039 4378 1281 4433 reuelauit
1299 4381 1566 4453 justitiam
1602 4402 1771 4442 suam.
1818 4387 2171 4461 Nequaquam

574 4463 628 4518 in
672 4465 791 4520 sola
819 4466 1041 4535 Judtca,
1093 4470 1214 4536 sed,
1260 4473 1316 4529 in
1353 4487 1631 4547 conspectu
1657 4483 1910 4553 gentium.
1953 4484 2165 4542 Justum

2287 3287 2332 3343 si
2362 3302 2459 3343 sex
2479 3289 2673 3345 eordas
2699 3292 2939 3363 integras
2966 3294 3245 3366 habueris,
3275 3306 3326 3353 et
3359 3314 3522 3355 unam
3548 3304 3806 3371 ruptam?
3835 3303 3896 3360 Si

2288 3394 2391 3435 una
2440 3380 2604 3437 corda
2644 3382 2918 3451 defuerit,
2956 3386 3236 3456 perlectus
3283 3390 3510 3447 cithara:
3552 3407 3723 3448 sonus
3768 3408 3893 3452 esse

2285 3487 2393 3528 non
2428 3476 2649 3543 poterit.
2680 3476 2749 3531 In
2780 3479 2916 3533 tubis
2942 3480 3243 3552 ductilibus,
3270 3492 3319 3539 et
3348 3500 3470 3539 voce
3499 3486 3639 3541 tuba!
3662 3505 3888 3546 cornere.

2281 3564 2537 3638 Legimus
2574 3570 2627 3624 in
2659 3569 3023 3629 Numerorum
3058 3575 3199 3632 libro
3223 3622 3237 3646 ,
3272 3576 3380 3632 duo
3409 3594 3611 3651 genera
3649 3596 3775 3638 esse
3804 3591 3892 3639 tu-

2282 3660 2509 3717 barum:
2543 3680 2706 3719 unum
2755 3680 2929 3736 genus
2970 3683 3097 3725 esse
3140 3669 3396 3727 tubarum
3444 3673 3657 3730 ductile
3698 3690 3763 3731 ex
3799 3694 3893 3732 ar-

2280 3762 2475 3823 gento;
2492 3756 2632 3812 aliud
2651 3773 2775 3815 esse
2791 3774 2960 3830 genus
2974 3761 3224 3819 tubarum
3241 3779 3562 3822 cornearum
3580 3766 3774 3838 (Num.
3803 3770 3885 3840 χ).

2281 3845 2423 3917 Ergo
2454 3847 2542 3904 hic
2584 3858 2871 3921 utrumque
2909 3851 3112 3908 dicitur
3141 3872 3155 3909 :
3201 3852 3267 3910 In
3298 3857 3436 3910 tubis
3467 3857 3788 3927 ductilibus,
3840 3874 3893 3916 et

2280 3955 2399 3994 voce
2419 3940 2553 3998 tuba:
2580 3958 2799 3998 cornere.
2822 3943 2975 4012 Quod
3008 3945 3228 4015 dicitur,
3277 3948 3380 4004 hoc
3410 3950 3537 4005 est?
3566 3950 3719 4007 Tuba
3753 3954 3891 4010 duc-

2282 4031 2389 4086 tilis
2421 4047 2487 4086 ex
2516 4044 2765 4103 argento,
2803 4050 2988 4091 sermo
3018 4037 3110 4094 Dei
3142 4049 3248 4105 est,
3298 4046 3354 4096 et
3384 4041 3596 4113 eloquia
3641 4044 3882 4113 Domini,

2277 4122 2487 4194 eloquia
2516 4136 2704 4182 casta:
2750 4140 3034 4201 argentum
3075 4132 3201 4203 igne
3240 4134 3634 4206 examinatum,
3675 4154 3881 4212 purga-

2279 4222 2390 4268 tum
2416 4218 2723 4288 septuplum
2754 4218 2873 4290 (Ps.
2909 4237 2967 4277 xl
2993 4232 3041 4277 et
3069 4225 3204 4296 Juv).
3231 4224 3489 4294 Rursum,
3522 4229 3578 4282 in
3602 4245 3726 4285 voce
3748 4234 3883 4285 ηψπ

2278 4323 2477 4364 cornea:
2500 4350 2516 4376 ,
2549 4309 2638 4367 hic
2668 4327 2900 4385 regnans
2939 4315 3211 4372 inducitur
3236 4320 3320 4373 vir
3343 4319 3458 4375 Dei.
3488 4318 3547 4376 In
3580 4321 3880 4392 Scripturis

2276 4402 2495 4471 proprie
2525 4417 2695 4460 cornu
2733 4420 2833 4477 pro
2876 4421 3043 4478 regno
3071 4408 3299 4477 dicitur,
3340 4417 3392 4466 et
3434 4426 3536 4482 pro
3585 4416 3875 4483 potentia:

2276 4493 2417 4548 sicut
2457 4489 2533 4549 ibi
2562 4496 2823 4565 scriptum
2870 4505 2995 4554 est:
3039 4499 3228 4556 Erexit
3262 4515 3436 4556 cornu
3481 4502 3677 4560 salutis
3710 4505 3874 4562 nobis

570 4558 717 4613 enim
745 4569 884 4628 erat,
910 4573 967 4618 ut
988 4561 1238 4621 Salvator
1262 4568 1501 4627 salvaret
1524 4582 1834 4630 creaturam
1858 4590 2033 4632 suam.
2061 4577 2166 4634 Re-
2191 4554 2245 4616 D
2269 4582 2426 4654 (Luc.
2459 4584 2522 4656 ι).
2544 4584 2612 4640 Et
2633 4554 2687 4642 id
2709 4587 2816 4643 alio
2843 4588 2961 4645 loco
2989 4589 3249 4662 scriptum
3276 4601 3358 4647 est
3390 4610 3403 4645 :
3434 4592 3491 4648 lu
3523 4603 3577 4649 te
3618 4595 3874 4652 inimicos

572 4650 766 4706 velavit
788 4652 1054 4724 justitiam
1082 4673 1256 4729 suam,
1291 4677 1412 4732 qua:
1452 4663 1840 4724 incredulitate
1884 4668 2165 4729 hominum

569 4741 745 4799 luerat
772 4746 1083 4806 obscurata.

636 4836 963 4898 Recordatus
997 4852 1072 4898 est
1109 4846 1481 4904 misericordia:
1515 4866 1641 4906 suae.
1672 4850 1958 4910 Conclttsit
1984 4859 2167 4917 omnia

568 4931 672 4987 sub
700 4943 944 5001 peccato,
987 4945 1046 4992 ut
1073 4940 1325 4995 omnibus
1368 4943 1690 5001 misereatur
1720 4946 1898 5017 (Rom.
1948 4950 2049 5022 ιιι).
2099 4953 2169 5012 Et

565 5024 790 5080 ueritatis
825 5044 934 5084 sua:
964 5030 1143 5085 domui
1165 5029 1354 5087 Israel.
1386 5032 1777 5094 Misericordia
1801 5042 2119 5098 recordatur
2148 5063 2161 5099 :

564 5116 859 5174 veritatem
899 5120 1108 5192 implet.
1154 5123 1477 5181 Recordatus
1517 5138 1591 5183 est
1630 5132 1999 5189 misericordia:
2030 5151 2160 5207 sure,

2271 4687 2492 4730 nostros
2525 4678 2910 4737 ventilabimus
2940 4696 3108 4738 cornu
3139 4682 3264 4753 (Ps.
3295 4683 3471 4753 mu).
3506 4685 3650 4756 Ergo
3692 4687 3877 4745 videte

2272 4765 2363 4822 hic
2390 4767 2518 4838 quid
2548 4768 2695 4826 dicat
2732 4787 2747 4825 :
2786 4771 2927 4828 Duas
2955 4773 3206 4830 habetote
3231 4774 3412 4842 tubas,
3439 4786 3497 4831 et
3524 4788 3873 4846 argenteam,

2270 4869 2325 4916 et
2345 4876 2623 4918 corneam.
2649 4863 3001 4936 Argenteam,
3022 4877 3081 4922 ut
3102 4868 3348 4925 habeatis
3372 4885 3693 4927 sermonem
3720 4888 3877 4930 :eoro

2273 4968 2452 5023 neam,
2496 4963 2557 5011 ut
2602 4957 2849 5014 habeatis
2883 4959 3158 5016 virtutem.
3208 4961 3382 5019 Vultis
3422 4964 3569 5020 scire
3612 4965 3873 5034 quoniam

2270 5058 2443 5101 cornu
2474 5060 2688 5116 semper
2714 5048 2766 5104 in
2791 5049 2987 5105 bonam
3017 5061 3223 5124 partem
3251 5055 3497 5123 ponitur.
3533 5055 3792 5129 Legimus
3821 5060 3871 5114 in

2271 5135 2516 5221 Levitico
2533 5161 2546 5194 :
2562 5138 2777 5196 Nullum
2808 5144 3058 5205 :,animal
3071 5146 3349 5213 oﬂeratur,
3367 5148 3471 5203 nisi
3485 5150 3870 5222 quodcumque

567 5208 674 5266 hoc
701 5221 811 5281 est,
850 5214 907 5271 in
936 5217 1175 5287 gentium
1208 5220 1428 5292 pupttlo.
1463 5222 1531 5278 Et
1558 5225 1841 5282 veritatem
1884 5242 2035 5284 suam
2064 5231 2161 5288 do-
2267 5218 2554 5289 cornutum
2594 5244 2697 5290 est.
2740 5235 2869 5291 Tria
2907 5252 3106 5308 genera
3148 5240 3463 5297 animalium
3510 5242 3821 5300 oﬂ’ernntur
3852 5264 3865 5298 :

561 5305 674 5361 mni
716 5307 905 5366 Israel.
944 5310 1058 5368 lloc
1094 5327 1261 5385 Opere
1296 5316 1604 5389 complens,
1642 5320 1790 5392 quod
1832 5323 2157 5394 patriarchis

559 5398 909 5471 promiserat.

638 5489 894 5549 Viderunt
914 5512 1088 5554 omnes
1114 5500 1246 5570 ﬁnes
1267 5511 1427 5560 terra:
1445 5506 1675 5563 salutare
1701 5505 1798 5564 Dei
1818 5509 2005 5565 nostri.
2033 5509 2153 5566 Non

2266 5321 2386 5389 bos,
2416 5327 2507 5397 qui
2545 5340 2714 5382 cornu
2750 5328 2949 5396 habet,
2975 5340 3033 5387 et
3061 5331 3224 5399 aries,
3274 5333 3364 5402 qui
3394 5348 3564 5390 cornu
3596 5334 3782 5405 habet,
3816 5348 3871 5395 et

2264 5414 2468 5488 hircus,
2501 5419 2590 5490 qui
2620 5435 2789 5476 cornu
2818 5421 3002 5478 habet.
3026 5423 3154 5481 Sine
3180 5440 3342 5483 causa
3373 5437 3531 5497 putas
3557 5429 3777 5499 dicitur,
3811 5443 3868 5489 ut

2261 5508 2471 5565 nullum
2500 5509 2758 5568 offeratur
2781 5514 3007 5583 animal,
3032 5516 3133 5572 nisi
3159 5518 3301 5587 quod
3330 5526 3619 5579 cornutum
3649 5521 3772 5577 est?
3795 5523 3867 5580 Et

554 5587 707 5644 solus
727 5587 895 5645 Israel
919 5590 1052 5646 vidit
1074 5599 1131 5647 et
1152 5592 1318 5665 Juda,
1347 5596 1465 5665 sed,
1491 5614 1668 5655 omnes
1688 5603 1816 5671 fines
1838 5617 1858 5657 :
1883 5602 2153 5674 simulque
2257 5618 2358 5660 nos
2383 5619 2517 5676 ergo
2541 5606 2802 5678 quamdiu
2835 5606 3096 5666 habemus
3118 5624 3310 5680 cornu,
3341 5627 3619 5671 meremur
3641 5616 3868 5673 victima

550 5678 851 5735 secundum
883 5683 1173 5754 mysticum
1200 5685 1562 5757 intellectum,
1592 5692 1723 5762 ﬁnes
1747 5703 1914 5749 terra.
1946 5694 2154 5775 Quam-
2255 5711 2378 5755 esse
2407 5699 2526 5755 Dei.
2554 5698 2612 5756 Si
2641 5710 2821 5757 autem
2856 5716 3027 5760 cornu
3058 5712 3297 5760 nostrum
3341 5704 3504 5762 fuerit
3529 5723 3827 5767 excussum
3848 5753 3862 5781 ,

550 5770 642 5825 ditt
680 5772 734 5828 in
762 5774 943 5831 medio
966 5788 1128 5835 terra:
1156 5794 1367 5849 sumus,
1402 5782 1571 5839 Deum
1600 5784 1787 5842 videre
1814 5803 1922 5843 non
1952 5770 2145 5858 pessus

1846 6284 1873 6289 _
1906 6284 2159 6295 —-—_.—.
2188 6286 2245 6293 ._-

2256 5791 2408 5863 quasi
2439 5791 2645 5851 debiles
2684 5805 2890 5859 sumus,-
2930 5807 2983 5853 et
3027 5797 3167 5856 inter
3206 5797 3514 5857 sacerdotes
3546 5799 3643 5860 Dei
3673 5803 3866 5861 venire
