4016 6350
122 297 268 354 Hal

120 518 312 560 ventur
340 522 504 570 mare,
537 513 592 560 et
619 519 818 558 amara:
841 521 993 575 aqmc
1026 515 1299 560 mutentur
1323 507 1375 560 in
1404 505 1608 562 dulces.
1644 507 1745 561 De.

125 602 301 672 nique
333 609 388 654 et
429 600 572 654 Mora
603 607 804 654 mutata
847 609 928 654 est
956 607 1012 656 et
1041 599 1176 655 facta
1205 609 1290 656 est
1331 599 1384 654 in
1416 600 1629 655 dulcem
1657 615 1746 656 sa-

118 708 325 765 porem
361 691 562 762 (Exod.
610 690 723 763 xv).
756 691 968 763 Aquam
1014 691 1161 747 illam
1200 709 1440 747 amaram
1472 710 1577 748 non
1619 692 1748 748 fecit

121 787 282 846 aliud
315 787 555 851 dulcem,
596 787 696 842 nisi
727 786 930 855 lignum
959 787 1134 842 erucis
1156 827 1170 852 ,
1200 785 1345 858 quod
1377 786 1598 842 missum
1629 795 1746 841 erat

122 883 186 938 in
210 898 359 937 eam.
391 881 521 936 Mihi
556 881 773 935 videtur
799 895 1044 935 amarmn
1078 895 1250 947 mare,
1286 880 1370 936 lex
1396 893 1519 935 esse
1549 878 1741 950 Moysi.

121 974 252 1030 Hoc
292 983 378 1030 est
419 973 563 1043 quod
610 973 809 1029 dicitur
855 988 1025 1039 mara,
1071 971 1173 1027 hoc
1217 981 1322 1039 est,
1372 987 1575 1027 amara.
1621 971 1748 1026 Haec

121 1085 325 1126 amara
353 1084 491 1139 aqua
525 1068 661 1140 legis
693 1067 913 1135 veteris,
946 1066 1158 1138 accepit
1203 1067 1405 1138 lignum
1439 1065 1650 1132 crucis,
1692 1073 1750 1120 et

124 1163 332 1219 elfecta
365 1169 449 1216 est
477 1161 674 1216 dulcis.

213 1253 466 1309 Flumina
513 1253 764 1324 plaudent
809 1269 961 1306 manu
999 1252 1177 1306 simul.
1226 1251 1624 1321 Inter-rogemus
1657 1247 1751 1304 Ju-

128 1349 314 1414 dacos,
365 1350 455 1419 qui
504 1348 803 1404 secumlum
849 1347 1082 1402 litteram
1127 1346 1438 1416 intelligunt
1484 1344 1751 1399 :llumina

125 1450 390 1500 ventrem
423 1443 664 1499 habent:
692 1441 912 1496 ﬂumina
940 1454 1101 1496 voces
1133 1439 1336 1494 habent
1364 1456 1377 1492 :
1411 1437 1632 1493 ﬂumina
1662 1453 1753 1507 pe-

127 1537 244 1594 des
295 1535 495 1591 habent
527 1551 540 1587 :
575 1534 797 1589 ﬂumina
830 1547 1024 1587 manus
1055 1532 1277 1589 habent.
1325 1531 1477 1586 Dicat
1513 1529 1748 1599 aliquis:

127 1629 262 1686 Non
308 1638 393 1683 est
432 1627 692 1695 scriptum
720 1625 790 1680 de
834 1634 1046 1688 ventre,
1090 1623 1158 1678 de
1203 1623 1451 1692 pedibus.
1485 1621 1593 1678 Sed
1630 1622 1754 1677 dico

131 1723 241 1778 tibi
279 1740 290 1773 :
338 1736 402 1777 es
440 1735 549 1774 uno
593 1718 837 1774 membro
874 1717 1224 1787 intelligimus
1271 1724 1327 1771 et
1364 1726 1583 1770 etetcra.
1633 1715 1753 1770 Non

1069 296 1498 356 IlltEYlAltlUil
1540 297 1603 355 IN
1647 295 1973 355 PSALMOS.
2009 294 2256 355 PSALM.
2293 297 2524 356 XCVIII.

121 431 236 468 non
273 427 588 482 possumus.
619 413 888 466 Mereatur
915 408 1054 467 mare
1084 424 1131 467 et
1155 413 1429 483 plenitudo
1457 418 1589 487 ejus.
1624 413 1743 468 Μο-
1770 416 1824 475 Α

3305 302 3444 362 “22

2347 413 2669 473 PSALMUS
2711 412 2942 471 XCVIII.

1849 505 2096 561 Psalmus
2155 507 2341 582 David.
2389 507 2509 582 iste,
2537 508 2780 582 psalmus
2809 525 2997 564 vocem
3039 511 3285 568 continet
3325 527 3448 582 pro-

1919 582 2096 648 pheue
2144 579 2446 634 sacerdotis
2489 581 2738 644 Domini,
2794 583 3196 639 commonentis
3239 579 3450 641 {td—Dei

1920 651 2311 721 omnipotentis
2340 651 2571 722 gratiam
2607 650 2975 708 referendam.

1923 784 2177 840 Dominus
2203 788 2470 858 regnavit,
2516 787 2816 843 irascantur
2844 791 3047 864 populi.
3079 791 3216 848 Tres
3254 792 3449 865 psalmi

1850 879 1994 935 idem
2030 880 2233 935 habent
2261 880 2594 952 principium
2624 900 2634 934 :
2669 886 3056 954 nonagesimus
3079 885 3373 952 secundus,
3398 895 3452 942 et

1853 972 2240 1040 nonagesimus
2279 981 2496 1037 sextus,
2537 982 2594 1029 et
2635 974 3021 1049 nonagesimus
3061 985 3303 1034 octavus.
3343 978 3451 1034 Sed

1850 1075 1972 1116 cum
2015 1061 2156 1117 idem
2197 1061 2436 1118 habeant
2474 1064 2798 1134 principium
2846 1064 2900 1119 in
2941 1067 3235 1134 versiculo,
3263 1071 3317 1124 in
3347 1067 3455 1126 line

1853 1152 2221 1209 diversisunt.
2254 1154 2483 1221 Quando
2512 1157 2658 1211 enim
2682 1155 2882 1212 dicitur
2906 1157 2959 1212 in
2989 1160 3344 1231 nonagesimo
3369 1173 3456 1217 se-
3499 1212 3503 1215 .

1852 1247 2072 1304 eundo:
2107 1246 2365 1302 Dominus
2403 1250 2670 1322 regnavit,
2717 1252 2955 1305 decorem
2987 1253 3204 1308 indutus
3245 1262 3356 1319 est;
3399 1255 3455 1311 in

1854 1341 2210 1413 nonagesimo
2233 1357 2364 1396 vero
2403 1353 2601 1399 sexto:
2638 1341 2896 1398 Dominus
2940 1348 3203 1417 regnavit,
3237 1347 3458 1402 exsultet

1855 1444 2025 1499 terra;
2054 1432 2108 1487 in
2140 1435 2502 1506 nonagesimo
2521 1444 2703 1490 autem
2735 1445 2926 1490 octavo
2955 1435 3244 1493 :Dominus
3271 1455 3460 1511 regna—

1856 1527 1956 1590 rit,
1992 1528 2290 1581 irascantur
2317 1527 2500 1599 populi
2530 1541 2550 1582 :
2579 1526 2797 1583 videtur
2824 1528 2981 1598 quasi
3019 1529 3154 1584 ordo
3192 1529 3296 1586 sibi
3335 1545 3458 1588 esse

1857 1618 2185 1674 contrarius.
2227 1619 2420 1675 Debuit
2463 1621 2607 1676 enim
2647 1621 2885 1690 primum
2932 1621 3121 1679 dicere
3159 1642 3169 1676 :
3206 1623 3460 1679 Dominus

1857 1712 2118 1782 regnavit,
2151 1712 2447 1766 irascantur
2482 1713 2700 1786 pepuli;
2723 1723 2777 1769 et
2806 1723 2996 1785 postea
3021 1714 3203 1772 dicere
3230 1735 3240 1769 :
3277 1715 3462 1772 Domi-

129 1813 296 1872 euim
330 1826 617 1884 possumus
647 1809 953 1880 intelligere
979 1824 1168 1863 manus
1199 1808 1317 1862 sine
1344 1806 1592 1877 pedibus,
1635 1805 1754 1861 sine
1783 1805 1830 1863 B
1861 1819 1962 1861 nus
1990 1805 2259 1876 regnavit,
2291 1805 2530 1862 exsultet
2563 1815 2740 1873 terra;
2769 1817 2820 1864 et
2850 1807 2906 1862 in
2937 1808 3130 1864 ultimo
3157 1828 3168 1862 :
3195 1810 3461 1867 Dominus

126 1918 369 1975 ventre,
421 1907 538 1962 sine
592 1903 852 1959 membris
913 1900 1150 1958 exteris.
1214 1899 1461 1954 Flumina
1507 1899 1754 1970 plaudent

131 2019 307 2057 manu
351 2000 530 2054 simul.
571 1998 820 2054 Flumina
849 2012 972 2068 quae
1004 1995 1260 2050 biberunt
1299 1995 1366 2049 de
1405 1995 1553 2049 lente
1600 1992 1752 2049 Jesu.

136 2098 255 2164 Me,
305 2095 503 2165 inquit,
558 2090 965 2161 dereliquerunt
1015 2090 1218 2144 fontem
1264 2103 1417 2159 aquae
1465 2088 1596 2142 viva:
1645 2085 1758 2159 (Je-

137 2209 276 2248 rem.
315 2191 397 2259 ιι).
434 2187 683 2244 Flumina
715 2185 829 2257 ipsa
860 2186 928 2242 de
969 2186 1118 2242 fonte
1146 2184 1349 2241 Christi
1379 2193 1624 2240 currunt.
1660 2183 1758 2240 Ille

143 2286 276 2342 lens
299 2296 417 2350 est;
449 2297 550 2338 nos
572 2280 794 2336 ﬂumina
818 2295 1004 2336 sumus
1033 2298 1044 2331 :
1068 2279 1114 2334 si
1140 2288 1318 2333 tamen
1344 2293 1616 2334 meremur
1637 2291 1761 2350 esse

140 2374 396 2433 ﬂumina.
419 2370 696 2436 Christus,
723 2370 841 2425 lens
863 2379 947 2425 est
973 2389 984 2422 :
1010 2368 1210 2435 sancti,
1238 2367 1460 2423 ﬂumina
1485 2375 1629 2423 sunt.
1657 2366 1758 2436 Qui

141 2480 332 2524 autem
364 2464 654 2522 interiores
684 2473 832 2532 sunt,
878 2463 1039 2518 rivuli
1068 2471 1214 2518 sunt.
1249 2462 1356 2517 Alii
1386 2476 1516 2517 vero
1544 2469 1759 2516 torren-

150 2569 236 2618 tes
283 2568 433 2616 sunt.
470 2557 574 2626 Qui
605 2565 732 2612 sunt
771 2555 1080 2611 torrentes?
1109 2555 1210 2621 Qui
1241 2554 1308 2609 ad
1343 2555 1529 2608 horam
1562 2552 1765 2608 habent

148 2668 350 2724 aquas,
393 2663 471 2720 et,
519 2650 816 2706 tentatione
852 2649 1123 2714 veniente,
1177 2647 1470 2703 siccantur.
1515 2646 1766 2702 Flumina

151 2747 409 2815 plaudent
440 2761 598 2799 manu
636 2744 812 2798 simul.
862 2741 982 2798 Non
1013 2749 1097 2797 est
1136 2757 1298 2796 unum
1342 2741 1573 2807 ﬂumen,
1607 2741 1764 2812 plura

149 2849 280 2895 sunt
312 2836 554 2892 ﬂumina.
598 2836 743 2903 Quot
771 2835 944 2889 sancti
976 2845 1124 2901 sunt,
1169 2845 1245 2889 tot
1279 2844 1333 2888 ct
1359 2832 1582 2888 ﬂumina
1617 2843 1765 2889 sunt.

151 2930 262 2987 Sed
298 2931 403 2985 ista
452 2928 676 2984 ﬂumina
705 2943 813 2983 non
846 2927 1045 2982 habent
1074 2926 1215 2982 inter
1244 2942 1302 2982 se
1342 2927 1764 2984 dissensionem.

152 3027 431 3094 Quoniam
461 3034 589 3080 sunt
619 3023 841 3078 ﬂumina
863 3021 1118 3089 Christi,
1149 3032 1433 3092 propterea
1459 3022 1662 3078 habent
1689 3021 1770 3075 in-

153 3130 240 3176 ter
268 3135 334 3174 se
382 3117 758 3173 concordiam.
817 3113 1064 3170 Flumina
1109 3115 1351 3183 plaudent
1396 3131 1555 3168 manu
1593 3115 1766 3169 simul.

1857 1901 2124 1970 regnavit,
2148 1899 2402 1955 decorem
2429 1899 2650 1956 indutus
2679 1911 2781 1956 est.
2810 1901 3010 1958 Verum
3041 1902 3300 1960 diversus
3324 1904 3460 1962 ordo

1861 1991 1952 2047 dat
1976 1991 2130 2047 nobis
2159 1991 2397 2062 aliquam
2437 1991 2812 2063 intelligentia
2852 1993 3244 2064 suspicionem.
3273 1996 3484 2052 Domi-'

1862 2101 1964 2141 nus
1991 2089 2268 2156 regnavit,
2297 2085 2557 2142 decorem
2590 2087 2809 2142 indutus
2827 2097 2932 2145 est.
2967 2089 3234 2147 Dominus
3259 2107 3455 2163 regna-

1861 2179 1958 2242 vit,
1983 2188 2035 2235 et
2061 2179 2280 2234 indutus
2307 2189 2393 2235 est
2415 2180 2766 2251 patriarcbis,
2785 2191 2840 2239 et
2862 2183 3160 2254 prophetis,
3183 2195 3234 2242 et
3259 2188 3463 2258 popqu

1861 2271 2128 2329 credenti.
2159 2273 2424 2329 Decorem
2471 2274 2690 2331 indutus
2729 2286 2843 2343 est,
2889 2277 3012 2348 quia
3046 2280 3370 2349 patriarcha:
3409 2289 3466 2338 et

1865 2364 2175 2437 prophetae,
2205 2365 2358 2436 quasi
2399 2365 2600 2423 Christi
2632 2368 3015 2425 vestimentum
3053 2371 3291 2427 luerunt.
3324 2371 3464 2429 Illud

1865 2469 1945 2516 est
1994 2459 2305 2532 perizoma,
2334 2459 2480 2528 quod
2517 2459 2570 2515 iu
2609 2457 2849 2516 Jeremia
2881 2459 3139 2518 scribitur
3170 2481 3181 2516 :
3217 2462 3350 2519 iilud
3381 2477 3468 2522 est

1867 2553 2168 2624 perizoma,
2195 2551 2338 2622 quod
2354 2550 2564 2618 habuit,
2589 2551 2971 2610 circalumbos
2997 2569 3147 2622 suos,
3177 2556 3465 2614 Jeremias.

1867 2647 2042 2703 Vultis
2086 2647 2226 2703 scire
2254 2646 2510 2717 quoniam
2539 2648 2712 2702 sancti
2763 2649 2915 2720 quasi
2950 2651 3221 2720 perizoma
3243 2693 3258 2718 ,
3300 2653 3473 2709 vesti-

1869 2750 2110 2797 mentum
2140 2740 2236 2796 Dei
2278 2748 2406 2796 sunt
2448 2739 2666 2813 (lci-em.
2698 2757 2829 2808 XIII,
2855 2742 2982 2815 Il)?
3031 2743 3328 2816 Propterea
3355 2747 3472 2818 ipse

1869 2836 2016 2890 Deus
2058 2835 2300 2906 loquitur
2340 2833 2408 2888 ad
2445 2832 2738 2889 Jeremiam
2777 2853 2788 2887 :
2824 2833 2976 2889 Sicut
3009 2845 3092 2903 tu,
3126 2837 3330 2909 inquit,
3375 2855 3474 2908 po-

1870 2927 2028 2984 suisti
2061 2926 2310 2982 lumbare
2335 2924 2479 2980 istud
2509 2924 2578 2981 ad
2610 2925 2823 2982 lumbos
2855 2936 2979 2981 tuos
3009 2944 3022 2980 :
3056 2927 3128 2982 ita
3160 2937 3216 2985 et
3249 2945 3350 3001 ego
3377 2945 3474 3002 apo

1873 3023 2070 3096 plicavi
2093 3021 2356 3094 populum
2385 3036 2567 3078 meum
2597 3021 2666 3078 ad
2697 3037 2805 3078 me.
2836 3021 3120 3091 Quomodo
3151 3039 3280 3095 ergo
3309 3024 3478 3081 vesti-

1875 3129 2117 3174 mentum
2162 3118 2308 3173 circa
2342 3117 2618 3173 hominem
2657 3135 2669 3170 :
2709 3117 2790 3172 sic
2827 3116 3058 3187 populus
3095 3118 3242 3173 circa
3281 3117 3474 3176 Deum.

157 3212 450 3278 Plaudent,
476 3211 598 3281 quia
627 3225 790 3280 opera
823 3217 1160 3276 sanctorum,
1184 3209 1302 3264 laus
1327 3208 1426 3264 Dei
1450 3217 1558 3264 est.
1579 3208 1764 3264 Chris-
1795 3199 1844 3264 C
1874 3211 2079 3267 Verum
2130 3210 2257 3282 quia
2307 3209 2414 3267 hoc
2443 3211 2714 3281 perizoma
2735 3251 2750 3278 ,
2778 3226 2968 3266 vermn
2995 3211 3121 3282 quia
3164 3211 3256 3268 hic
3284 3212 3475 3278 decor,

157 3314 244 3362 tus
277 3320 397 3359 non
428 3318 561 3358 voce
593 3302 867 3368 laudatur,
897 3301 992 3358 sed
1023 3317 1209 3372 opere.
1234 3300 1350 3356 Non
1378 3301 1528 3356 audit
1553 3317 1763 3368 vorem,

156 3399 252 3455 sed
283 3413 484 3468 opera.
518 3393 773 3450 Flumina
811 3395 1059 3466 plaudent
1087 3411 1243 3448 manu
1271 3395 1448 3449 simul.
1481 3394 1773 3462 PrOpterea

159 3491 290 3548 dicit
323 3501 380 3546 et
408 3491 527 3560 ipse
555 3489 607 3542 in
637 3487 926 3559 Evangelio
954 3505 967 3541 :
999 3487 1102 3555 Qui
1137 3487 1273 3552 sitit,
1305 3487 1488 3542 veniat
1516 3495 1568 3541 et
1602 3486 1772 3553 bibat,

161 3597 214 3642 ct
246 3590 459 3652 (luerit,
503 3584 697 3656 inquit,
728 3583 950 3639 ﬂumina
981 3583 1270 3653 de;ventre
1295 3581 1416 3651 ejus
1443 3580 1622 3652 (Jean.
1650 3583 1776 3654 vn).

164 3679 380 3736 Montes
407 3678 738 3733 exsultabant
773 3677 826 3730 in
858 3685 1135 3747 conspectu
1166 3672 1399 3729 Domini.
1429 3671 1568 3741 Quid
1603 3673 1780 3728 simile

164 3773 394 3829 ﬂumina
429 3782 483 3828 et
515 3770 762 3826 montes?
791 3769 898 3825 Sed
927 3767 1181 3838 quoniam
1212 3767 1279 3822 de
1303 3765 1556 3836 perlectis
1578 3766 1782 3820 sanctis

166 3867 329 3932 dicit,
375 3880 483 3918 non
526 3863 683 3932 dixit,
729 3861 886 3917 rivuli
920 3860 1174 3932 plaudent
1216 3874 1378 3914 manu
1421 3858 1578 3912 simul
1613 3875 1624 3908 :
1659 3856 1780 3927 sed,

1873 3322 1984 3376 quo
2016 3305 2278 3360 Dominus
2303 3304 2480 3362 fuerat
2502 3306 2747 3374 indutus,
2779 3316 2933 3361 trans
2965 3306 3282 3375 Euphraten
3312 3322 3483 3380 expo-

1877 3399 2017 3453 situs
2047 3406 2132 3453 est
2163 3397 2216 3452 in
2249 3396 2522 3453 foramine
2545 3407 2734 3469 pctrze,
2767 3406 2822 3454 et
2852 3397 2924 3454 ibi
2949 3400 3304 3470 computruit,
3330 3407 3386 3454 et
3413 3400 3481 3456 ab

1879 3490 2123 3562 Assyriis
2151 3489 2349 3545 ductus
2388 3499 2474 3546 est
2515 3491 2566 3544 in
2610 3490 2981 3561 captivitatem
3018 3509 3029 3543 :
3061 3491 3324 3548 Dominus
3355 3491 3484 3562 quid

1883 3584 2052 3640 facit?
2079 3583 2198 3639 Non
2227 3592 2311 3640 est
2343 3583 2543 3650 nudus,
2577 3598 2686 3638 non
2721 3593 2897 3654 potest
2919 3599 3041 3640 esse
3070 3585 3189 3641 sine
3227 3584 3484 3655 lumbari,

1884 3687 1937 3734 et
1971 3694 2079 3733 non
2106 3685 2284 3748 potest
2310 3692 2435 3733 esse
2463 3678 2584 3734 sine
2611 3687 2791 3746 veste;
2819 3679 2999 3749 priore
3025 3679 3230 3752 popqu
3253 3679 3486 3750 perdito,

1886 3771 2016 3828 facit
2050 3772 2155 3826 sibi
2200 3781 2404 3828 vestem
2458 3771 2525 3828 de
2566 3773 2764 3844 populo
2794 3773 3095 3844 gentilium.
3143 3774 3209 3829 Iit
3243 3774 3370 3844 quid
3407 3773 3490 3828 di-

1887 3865 2030 3921 citur
2064 3883 2074 3917 :
2113 3865 2372 3921 Dominus
2403 3865 2687 3936 regnavit,
2720 3865 2964 3921 exsultet
3016 3875 3184 3925 terra.
3237 3865 3493 3923 Exsultet

170 3951 398 4030 ﬂttiiaina
429 3956 676 4027 plaudent
717 3972 872 4008 manu
903 3955 1078 4008 simul.
1110 3951 1302 4008 Videte
1331 3949 1578 4006 ordinem
1614 3968 1624 4002 :
1669 3947 1787 4003 Μο-

173 4062 352 4106 reatur
386 4064 550 4115 mare,
587 4059 640 4103 et
684 4055 828 4102 totus
860 4046 1033 4102 orbis.
1065 4043 1317 4098 Flumina
1356 4041 1604 4114 plaudent
1633 4058 1787 4097 mamt

174 4145 350 4198 simul.
386 4140 598 4196 Montes
629 4138 1006 4205 nihilominus,
1031 4137 1124 4208 qui
1147 4135 1213 4191 ad
1236 4150 1502 4191 summam
1524 4134 1788 4204 justitiam

176 4240 580 4304 pervenerunt.
615 4229 803 4285 Dicam
831 4240 884 4285 et
915 4230 1073 4285 aliter
1105 4247 1116 4280 :
1149 4225 1422 4282 Moveatur
1455 4243 1618 4291 mare,
1647 4226 1790 4299 quod

179 4338 307 4384 ante
352 4327 531 4382 fuerat
564 4324 870 4391 immotum,
903 4330 1186 4378 moveatur
1215 4322 1268 4377 in
1299 4321 1536 4378 adventu
1565 4320 1791 4377 Christi.

182 4417 464 4473 Mereatur
514 4432 677 4482 mare,
716 4415 827 4485 jam
873 4413 1133 4479 diximus,
1177 4414 1282 4469 hoc
1309 4424 1412 4483 est,
1462 4413 1550 4469 lex
1598 4412 1765 4485 Moysi

1897 4427 2052 4483 Dicat
2083 4426 2219 4482 mihi
2240 4427 2470 4498 aliquis:
2493 4428 2569 4484 Da
2601 4427 2732 4483 mihi
2756 4425 3065 4496 exemplum
3089 4422 3158 4481 de
3179 4423 3504 4494 Scripturis,

182 4509 444 4568 Flumina
484 4511 735 4582 pluudent
784 4526 940 4564 manu
977 4509 1154 4574 simul,
1201 4508 1304 4565 hoc
1345 4517 1451 4574 est,
1494 4507 1765 4579 propheta!

1899 4521 1989 4576 ubi
2021 4518 2213 4575 Judaea
2264 4521 2378 4573 sola
2411 4519 2586 4574 insula
2627 4519 2772 4574 dicta
2811 4518 2902 4573 sit.
2937 4516 3109 4572 Onme
3155 4515 3295 4586 quod
3327 4516 3500 4586 loqui-

186 4601 400 4660 Montes
427 4603 756 4658 exsultabant
777 4619 810 4658 a
831 4611 1108 4675 conspectu
1133 4600 1346 4655 Domini
1362 4643 1377 4668 ,
1411 4601 1512 4656 hoc
1533 4608 1635 4668 est,
1667 4615 1765 4671 apo

1872 4611 1878 4649 ⁵
1905 4630 2047 4682 mur,
2066 4612 2331 4669 debemus
2351 4611 2630 4667 afﬁrmare
2651 4611 2718 4667 de
2738 4609 3037 4680 Scripturis
3055 4611 3260 4665 sanctis
3288 4627 3299 4660 :
3325 4607 3383 4662 In
3407 4619 3505 4664 ore

189 4699 340 4766 stoli,
357 4700 622 4768 Quoniam
643 4699 776 4754 venit
789 4700 1033 4770 judicare
1057 4707 1268 4754 terram.
1285 4697 1632 4768 Nequaquam
1653 4697 1765 4751 veni

1905 4707 2049 4763 enim
2077 4705 2310 4762 duorum
2353 4714 2408 4760 et
2435 4705 2599 4759 trium
2638 4701 2859 4758 testium
2897 4699 3062 4756 stabit
3086 4715 3248 4754 omne
3277 4697 3500 4754 verbum

189 4787 421 4847 humizis
452 4801 659 4848 tantum
688 4793 740 4846 in
771 4806 934 4847 carne
957 4832 975 4860 ,
1007 4791 1102 4846 sed
1130 4789 1402 4863 gloriosus
1428 4791 1577 4846 venit
1603 4789 1655 4844 in
1685 4804 1765 4844 ma

1908 4796 2088 4869 (Deut.
2122 4813 2234 4853 xvu
2256 4839 2269 4861 ,
2298 4795 2376 4868 6).
2408 4793 2522 4850 Non
2552 4793 2715 4851 habet
2743 4801 2944 4848 tantam
2975 4792 3359 4848 auctoritatem
3387 4803 3505 4845 ser-

193 4895 396 4965 jestate
424 4910 542 4950 sua.
571 4894 827 4963 Quoniam
855 4896 988 4950 venit
1001 4895 1247 4968 judicare
1273 4905 1484 4950 terram.
1507 4893 1622 4949 Non
1641 4891 1800 4959 dixit,
1909 4907 1998 4946 mo
2025 4887 2288 4954 dicentis,
2321 4898 2586 4959 quantum
2620 4885 2831 4941 Domini
2861 4891 3214 4956 praeceptum.
3249 4880 3506 4951 Legimus

198 4999 435 5066 perdere
464 5014 479 5052 :
509 4997 602 5053 sed
622 5037 638 5066 ,
667 4997 930 5068 judicare.
968 4995 1118 5051 Venit
1138 4995 1413 5069 judicare,
1443 5005 1503 5051 ιιι
1535 4995 1802 5050 zizaniam
1911 4981 1965 5038 in
1998 4979 2262 5053 propheta
2291 4977 2543 5034 Ezechiel
2572 4993 2586 5032 :
2611 4976 2680 5032 Et
2701 4986 2778 5043 tu,
2807 4977 3000 5047 inquit,
3035 4975 3114 5069 lilii
3140 4971 3400 5042 hominis,
3426 4971 3509 5069 le-

202 5111 424 5168 separct
453 5117 484 5156 a
517 5066 787 5157 frumento
818 5098 1032 5172 (Matth.
1070 5066 1188 5172 xv).
1228 5098 1402 5169 Venit,
1432 5108 1488 5154 ut
1516 5097 1765 5168 piscicult

1911 5092 2083 5148 quere
2119 5075 2185 5131 ad
2237 5074 2577 5131 habitatores
2620 5073 2812 5129 insula:
2842 5071 3002 5141 hujus
3050 5068 3265 5142 (Ezech.
3307 5066 3505 5140 xxvn),

206 5160 381 5262 ιηιὶιοε
413 5160 888 5276 ερρπειευοηξε.
1151 5160 1162 5172 ’
1388 5160 1401 5169 ’
1516 5160 1536 5168 ’
2207 5169 2432 5276 “es
2464 5160 3510 5276 Q“?““."".°"g?E‘I‘.‘:‘“itl‘ff“"2fff§

282 5254 380 5262 --~~
414 5254 629 5276 --τ--ν-
657 5254 686 5260 ~
712 5254 888 5260 -ν---ν
2314 5265 2325 5276 .
2368 5264 2378 5275 .
2875 5259 2888 5272 .

279 5307 546 5365 Judicabit
573 5310 749 5365 orbem
779 5319 1038 5366 terrarum
1071 5311 1126 5364 in
1157 5311 1390 5378 iustitia,
1418 5319 1468 5366 et
1498 5312 1717 5383 papulas
1757 5312 1809 5364 in
1914 5274 2000 5408 ξεί
2020 5308 2036 5331 ’
2085 5279 2234 5370 nunc,
2273 5263 2476 5371 inani"
2511 5281 2522 5316 ³
2555 5261 2835 5368 .Lmenmr
2875 5257 3070 5382 "rsum
3096 5256 3338 5362 nulla}:
3368 5254 3512 5360 Ergo

1941 5360 2162 5408 llmhal’e
2181 5359 2387 5408 dlCllln‘
2413 5373 2466 5408 ιη
2491 5360 2655 5408 nriort
2686 5353 2887 5408 nonulo
2915 5395 2926 5406 .
2955 5351 3220 5407 Dominus
3245 5355 3511 5408 reanavrt,

285 5359 300 5362 θ
576 5359 748 5424 "IT"
780 5359 839 5366 ’⁷⁷
1498 5359 1714 5423 ""","
1757 5359 1806 5426 ’ξ’
1916 5360 2162 5416 lumbare
2181 5359 2387 5414 dicitur
2413 5359 2466 5412 in
2491 5359 2655 5427 priort
2686 5359 2887 5426 populo
2914 5371 2926 5406 :
2957 5359 3220 5407 Dominus
3245 5359 3511 5418 regnant,

215 5421 478 5480 a'quttate.
510 5410 732 5467 Justma
767 5419 985 5481 ponitur
1013 5419 1070 5467 et
1097 5419 1348 5483 aequitas.
1381 5411 1624 5467 Prnnnm
1648 5420 1809 5482 Justt-
1920 5454 2169 5483 Annum
2204 5453 2423 5483 ,ηδ’-,Μ
2446 5459 2522 5483 Μ,
2579 5450 2637 5483 ,η
2669 5447 2910 5483 mum,“
2945 5447 3144 5483 mm,“
3170 5446 3238 5483 δη
3265 5443 3511 5483 “mnum

242 5443 478 5528 1'“me
510 5443 732 5528 “an?”
768 5443 976 5528 “Tuum
1013 5443 1348 5528 εξλπψωξῖῗ
1381 5443 1809 5528 ¹’¹¹”“’¹’,³“”ξξ”
1918 5454 2171 5512 decorem
2204 5453 2425 5509 indutus
2444 5459 2548 5507 est.
2579 5450 2639 5506 In
2669 5447 2910 5506 secundo
2945 5447 3144 5518 populo
3170 5446 3238 5501 de
3264 5443 3516 5515 gentibus

218 5515 292 5567 tia
325 5515 548 5582 ponitur
569 5559 584 5583 ,
617 5523 673 5571 et
705 5524 895 5586 postea
926 5516 1178 5586 aequitas,
1221 5518 1428 5579 εὐθύτης
1467 5517 1688 5588 proprie
1735 5515 1818 5571 di—

257 5536 292 5625 .a
325 5536 548 5582 “unm”
569 5559 584 5583 ’
617 5536 673 5571 et
705 5536 895 5586 Ρ⁰⁵¹θ³
926 5536 1178 5625 ωί¹¹¹¹¹³⁵ξ
1221 5536 1428 5625 Tum"
1467 5536 1688 5625 moll"?
1735 5536 1818 5571 ⁰¹’
1921 5556 2254 5621 congregato
2285 5565 2297 5601 :
2331 5545 2598 5601 Dominus
2630 5542 2907 5615 regnavit,
2937 5539 3172 5597 exsultet
3203 5547 3388 5602 terra;
3427 5536 3521 5591 Ite-

223 5618 386 5696 cm":
412 5633 533 5688 quae
557 5635 786 5690 Pra‘mm
818 5629 1027 5678 τθειυηι
1061 5618 1212 5676 hei“
1234 5619 1396 5677 venit
1421 5633 1551 5692 ergo
1573 5618 1819 5690 ίυάίολτθ
1926 5618 2108 5701 tentur
2138 5618 2333 5698 insulze
2364 5640 2571 5696 mutue.
2613 5636 2769 5694 Nunc
2802 5637 2855 5692 in
2884 5635 3048 5692 tertio
3077 5634 3278 5691 dicitur
3301 5650 3315 5688 :
3340 5629 3523 5688 Domi-

227 5713 282 5768 in
311 5730 406 5773 sua
429 5721 672 5790 (justitia,
708 5733 767 5778 ut
807 5723 949 5795 quod
994 5738 1221 5794 pravum
1250 5731 1361 5785 est.
1399 5723 1451 5778 in
1484 5722 1579 5779 illo
1609 5730 1819 5779 rectum

1925 5724 2024 5792 nus
2047 5735 2296 5808 regnavit,
2320 5735 2612 5789 irascantur
2633 5730 2841 5804 pepuli.
2866 5729 2996 5789 Sive
3020 5729 3086 5784 de
3101 5726 3390 5793 Gentibus,
3408 5725 3524 5781 sive

233 5819 348 5878 ﬁat.
379 5825 474 5884 Cui
509 5830 581 5887 sit
603 5830 776 5902 gloria
807 5830 858 5885 in
892 5830 1088 5887 scccula
1119 5832 1462 5888 saeculorum.
1498 5830 1687 5888 Amen.
1929 5813 1994 5886 de
2015 5828 2215 5886 iudicis
2246 5837 2369 5885 sunt
2397 5845 2406 5880 :
2434 5826 2758 5900 quicumque
2787 5838 2891 5882 non
2915 5821 3146 5882 credunt
3169 5839 3182 5880 :
3203 5821 3527 5895 irascantur;

1891 3965 2035 4011 terra
2065 3956 2341 4022 universa,
2379 3956 2481 4012 hoc
2513 3965 2627 4026 est,
2667 3956 3013 4014 credentium
3040 3959 3294 4029 populus.
3325 3958 3491 4014 Deni-

1892 4066 2019 4120 que,
2054 4050 2217 4106 vultis
2231 4052 2372 4107 scire
2395 4051 2652 4122 quoniam
2671 4051 2972 4107 secundum
2996 4051 3247 4106 lumbare
3270 4051 3340 4106 de
3363 4065 3495 4123 gen-

1896 4145 2026 4198 tium
2057 4144 2258 4214 popqu
2283 4143 2524 4201 dicitur?
2547 4145 2835 4212 Dominus,
2870 4145 3078 4217 inquit,
3105 4144 3374 4216 regnavit,
3399 4157 3501 4200 ex.

1895 4239 2062 4295 sultet
2085 4247 2230 4296 terra
2259 4259 2269 4294 :
2301 4241 2554 4298 laetentur
2584 4241 2775 4298 insulae
2808 4241 3012 4298 multm.
3049 4238 3166 4295 Non
3193 4253 3300 4294 una
3323 4238 3502 4293 insula

1894 4331 2104 4399 Judaea,
2129 4333 2227 4388 sed
2273 4333 2473 4389 insula:
2505 4334 2711 4400 multae,
2757 4335 2862 4390 hoc
2899 4340 3016 4398 est,
3065 4340 3210 4386 totus
3239 4329 3498 4386 mundus.
