4016 6326
528 283 667 345 ili}
1322 274 1674 336 Al'PENDiX
1712 275 1805 332 AD
1841 274 2085 333 TOMUM
2126 273 2478 333 SEPTIMUM
2519 276 2577 333 S.
2623 266 3030 332 HIERONYMI.

526 400 706 467 Qu:tt‘e
746 398 1087 452 fremuerunt
1129 401 1355 467 gentes,
1399 404 1455 451 et
1501 393 1686 466 populi
1719 391 1963 448 meditati
1995 399 2122 445 stznt
2153 393 2198 450 Α
2230 390 2416 447 Sancti
2444 402 2622 447 estote
2655 410 2665 444 :
2701 392 2823 463 quia
2859 404 2961 462 ego
2991 395 3213 444 sanctus
3262 400 3381 442 sum
3422 385 3616 460 (Leuit.
3660 400 3758 441 ιιι
3801 396 3867 438 et

527 492 707 550 inania
738 490 915 565 (Psal.
938 487 1305 561 tt)‘lDomimts
1324 490 1578 562 regnavit,
1602 489 1897 542 irascantur
1918 486 2118 559 populi.
2228 486 2349 557 xx).
2386 486 2453 540 Et
2491 486 2659 542 honor
2686 487 2821 560 regis
2853 485 3116 559 judicium
3155 482 3346 555 diligit.
3379 481 3554 538 Debet
3582 495 3645 537 se
3679 480 3864 552 prius

528 580 793 639 Dominus
826 595 1019 652 passus
1063 587 1149 635 est
1178 598 1192 634 :
1224 580 1493 635 Dominus
1538 578 1831 637 cruciﬁxus
1858 587 1942 633 cst
1972 593 1986 629 :
2021 577 2123 629 Dn-
2227 580 2392 636 homo
2431 581 2770 652 diiudicare,
2829 586 2886 635 et
2936 578 3161 650 preprio
3204 576 3418 650 iudicio
3462 576 3864 632 condemnare

2227 676 2369 731 mala
2399 688 2517 743 sua,
2547 683 2603 730 et
2631 676 2715 732 sic
2739 676 2975 731 honoret
2999 681 3268 730 aternnm
3304 687 3487 744 regem
3518 668 3721 728 Deum.

2297 767 2381 823 Tu
2408 770 2605 837 parasti
2626 768 2927 823 dilectiones
2954 768 3009 822 in
3038 764 3271 839 populis.
3302 763 3410 822 Sed
3443 764 3670 838 proprio
3702 764 3865 821 vitio

2227 859 2513 929 depravati
2542 867 2690 914 sunt.
2722 858 2995 914 Iudicium
3023 866 3069 912 et
3085 858 3350 928 justitiam
3382 857 3437 912 in
3466 855 3634 911 Iacob
3673 868 3732 911 tu
3758 858 3864 924 Ῐε-
3918 842 3927 845 ’

2227 954 2362 1007 cisti.
2390 953 2505 1007 Non
2539 953 2713 1008 solum
2739 952 2791 1008 in
2824 950 3155 1021 patriarchis
3183 969 3194 1003 :
3226 950 3320 1005 sed
3350 949 3518 1007 etiam
3547 949 3602 1005 in
3633 949 3861 1022 populo

528 675 708 729 minus
740 681 985 728 mortuus
1016 682 1097 727 est
1134 689 1147 725 :
1186 670 1455 745 Dominus,
1482 669 1781 726 resurrexit
1813 686 1826 721 :
1862 668 2122 723 Dominus

527 765 594 823 ad
613 765 813 823 cmlum
846 765 1020 819 victor
1036 762 1308 820 ascendit.
1333 761 1588 819 Dominus
1613 760 1868 832 regnavit,
1890 760 2122 814 irascan-

526 869 612 915 tur
639 859 837 930 pepuli.
867 858 969 926 Qui
995 866 1121 913 sunt
1153 858 1240 913 isti
1280 857 1505 927 populi?
1536 855 1793 911 Dicamus
1812 852 2121 922 exemplum

528 954 595 1010 de
640 952 931 1024 Evangelia
964 970 978 1007 :
1010 950 1239 1020 Quidam
1284 948 1680 1020 paterfamilias
1734 947 1834 1001 ivit
1876 946 2124 1012 accipere

524 1044 629 1101 sibi
652 1059 878 1114 regnum
900 1043 969 1099 de
997 1042 1158 1114 longe
1179 1042 1345 1114 (Luc.
1362 1057 1452 1097 xtx
1469 1042 1507 1111 ).
1540 1039 1679 1109 Quid
1702 1039 1935 1108 longius,
1961 1052 2122 1106 quam

526 1138 724 1196 catlum
754 1154 784 1193 a
817 1137 1002 1194 terra?
1034 1135 1340 1205 Dereliquit
1367 1143 1569 1190 terram
1595 1151 1607 1187 :
1631 1132 1729 1188 ivit
1755 1131 1821 1186 ad
1850 1131 2041 1195 cmlos,
2066 1136 2127 1183 ut

524 1232 800 1301 acciperet
830 1228 937 1285 sibi
967 1243 1218 1298 regnum.
1252 1227 1314 1282 Et
1344 1227 1513 1292 cives,
1543 1224 1735 1294 inquit,
1766 1223 1842 1277 illi
1868 1221 1959 1292 qui
1988 1219 2125 1275 ode-

525 1331 651 1378 rant
681 1337 828 1391 eum,
864 1321 1133 1377 miserunt
1161 1319 1515 1389 legationem,
1546 1316 1791 1372 dicentes
1822 1332 1835 1367 :
1868 1311 2128 1369 Nolumus

528 1430 654 1474 eum
678 1430 908 1485 regnare
933 1429 1101 1484 super
1127 1429 1247 1468 nos.
1276 1411 1476 1467 Verum
1509 1409 1605 1466 ille
1630 1407 1842 1477 accepit
1876 1418 2123 1476 regnum,

526 1517 586 1565 et
610 1509 761 1565 venit
784 1507 851 1563 ad
879 1507 1030 1563 cives
1059 1507 1343 1577 pessimos.
1378 1502 1541 1559 Venit
1560 1502 1628 1557 ad
1653 1501 1799 1564 illos,
1829 1497 1918 1568 qui
1941 1512 2125 1568 regem

530 1617 657 1660 eum
691 1601 948 1657 nolebant
989 1599 1215 1656 habere.
1248 1599 1313 1654 Et
1357 1612 1499 1653 nunc
1539 1594 1677 1651 dicit
1720 1592 1958 1662 Spiritus
2001 1607 2126 1646 san-

530 1700 652 1749 ctus
678 1691 746 1748 ad
769 1692 919 1748 cives
946 1690 1120 1746 malos
1144 1707 1158 1744 :
1181 1688 1394 1752 Velitis,
1422 1687 1627 1751 nolitis,
1655 1683 1911 1740 Dominus
1939 1699 2129 1757 regna-

2226 1046 2565 1105 Christiann.
2593 1048 2683 1116 qui
2710 1047 2909 1103 meruit
2932 1046 3291 1114 primogenita
3322 1045 3579 1100 senloris.

2302 1138 2544 1215 Eagaltate
2573 1137 2857 1193 Dominum
2885 1138 3053 1193 Deum
3096 1149 3351 1193 nostrum.
3390 1136 3463 1194 Ut
3485 1137 3560 1192 sit
3583 1136 3858 1193 excelsus

2229 1229 2283 1285 in
2306 1230 2568 1286 cordibus
2590 1232 2810 1287 vestris.
2844 1230 2906 1285 Et
2929 1231 3145 1285 adorare
3166 1228 3449 1285 scabellunt
3468 1229 3663 1302 pedum
3691 1231 3808 1301 ejus
3830 1270 3850 1295 ,

2228 1324 2473 1393 quoniam
2511 1332 2749 1377 sanctum
2795 1333 2890 1378 est.
2926 1322 3109 1378 Multae
3155 1322 3224 1377 de
3266 1320 3512 1377 scabello
3542 1321 3855 1393 opiniones

2229 1422 2360 1467 sunt
2392 1431 2403 1464 :
2439 1412 2533 1468 sed
2567 1415 2656 1467 hic
2688 1413 2951 1483 proitheta
2982 1426 3184 1481 corpus
3209 1410 3552 1467 Dominicum
3574 1396 3735 1479 dicit,
3782 1412 3851 1468 in

2231 1519 2340 1574 quo
2366 1506 2623 1572 maiestas
2669 1505 2972 1559 divinitatis
2998 1514 3279 1576 tamquam
3325 1518 3493 1574 super
3532 1503 3846 1561 scabele

2232 1605 2357 1651 stat.
2387 1596 2648 1654 Sanctum
2693 1600 2837 1653 cnim
2867 1614 2990 1654 eum
3021 1598 3130 1656 dici
3172 1613 3319 1668 saepe
3347 1599 3655 1656 docuimus.
3679 1597 3845 1668 Quod

2234 1701 2416 1745 autem
2446 1690 2665 1747 adorari
2697 1691 2981 1756 debeatur,
3014 1706 3080 1747 eo
3109 1692 3442 1748 ascendente
3472 1692 3714 1763 apostoli
3741 1692 3847 1747 do-

529 1787 623 1854 rit,
655 1786 948 1842 irascantur
992 1784 1193 1857 populi.
1224 1782 1270 1838 0
1296 1781 1588 1838 clementia
1631 1779 1868 1849 Spiritus
1906 1776 2078 1833 sancti
2113 1794 2123 1829 :

2247 1796 2463 1841 :uetunt
2482 1826 2495 1850 ,
2529 1801 2653 1841 cum
2683 1786 2979 1841 adorantes
3020 1787 3255 1855 regressi
3285 1796 3414 1841 sunt
3445 1787 3498 1841 in
3527 1784 3841 1843 Jerusalem

530 1895 642 1938 non
673 1880 850 1947 dixit,
883 1889 1108 1949 pereant
1143 1895 1155 1932 :
1198 1876 1331 1943 scd,
1376 1877 1694 1932 irascantur.
1729 1872 1929 1928 Vitium
1962 1869 2131 1925 voluit

528 1974 870 2047 signiﬁcare,
904 1990 1011 2030 non
1054 1987 1266 2044 prunas.
1296 1972 1375 2028 illi
1407 1974 1742 2033 irascuntur,
1774 1976 1828 2023 et
1866 1965 2131 2021 Dominus

528 2066 874 2135 deprecatur.
903 2064 973 2120 Et
1002 2063 1126 2131 quid
1158 2062 1288 2118 dicit
1312 2063 1335 2116 τ
1360 2060 1555 2117 Venite
1581 2059 1647 2113 ad
1677 2075 1785 2123 me,
1809 2071 2017 2122 omnes,
2039 2055 2129 2124 qui

532 2155 795 2215 laboratis
829 2163 887 2211 et
915 2157 1126 2211 onerati
1157 2154 1292 2210 estis
1322 2150 1505 2223 (Matt.
1540 2149 1637 2222 ut).
1671 2150 1918 2217 Regnum
1942 2144 2130 2215 accepi

529 2266 560 2306 a
596 2251 775 2314 Patre,
810 2249 979 2305 immo
1005 2247 1171 2303 bourn
1197 2262 1358 2315 quem
1389 2242 1638 2310 suscepi,
1671 2241 1741 2295 do
1774 2240 1926 2310 quasi
1959 2239 2127 2305 Deus,

526 2342 741 2410 accipio
770 2340 932 2413 quasi
965 2339 1147 2395 homo.
1190 2336 1293 2402 Qui
1322 2336 1468 2390 sedes
1495 2350 1650 2402 super
1679 2331 1986 2397 Cherubim,
2019 2346 2130 2384 mo-

529 2442 708 2492 ueatur
729 2443 888 2488 terra.
903 2429 1175 2500 Quamdiu
1205 2437 1346 2484 terra
1371 2424 1669 2483 immobilis
1692 2432 1794 2491 est,
1816 2422 1992 2477 sanari
2017 2436 2126 2475 non

528 2535 729 2600 potest.
756 2524 873 2581 Non
897 2524 965 2580 de
990 2533 1149 2578 terrm
1165 2528 1317 2577 motu
1338 2518 1597 2590 loquitur,
1621 2531 1731 2586 quo
1754 2514 1999 2571 videmus
2022 2522 2130 2568 ter-

528 2637 620 2680 ras
649 2618 869 2677 concuti
888 2659 903 2683 ,
936 2627 993 2672 et
1020 2633 1185 2673 omne
1216 2613 1532 2670 mortalium
1561 2611 1756 2667 timere
1786 2622 1997 2679 genus;
2030 2604 2126 2662 sed

528 2716 597 2773 de
619 2724 805 2772 nostra
830 2723 976 2769 terra
1000 2711 1258 2780 loquitur.
1275 2708 1409 2778 Quae
1425 2703 1683 2777 quamdiu
1704 2705 1921 2759 immota
1943 2699 2125 2766 luerit,

531 2810 714 2868 sanari
746 2824 856 2866 non
886 2815 1093 2878 potest.
1120 2805 1351 2874 Quando
1376 2815 1506 2858 vero
1524 2809 1669 2856 mota
1690 2798 1872 2861 fuerit.
1890 2805 1941 2851 et
1961 2796 2129 2851 intro-

526 2903 746 2969 muerit,
766 2911 894 2957 tunc
927 2898 1156 2969 recipiet
1187 2899 1502 2952 sanitatem.
1522 2892 1699 2962 Super
1720 2905 1908 2963 quem,
1930 2888 2124 2955 inquit,

525 2996 896 3066 requiescam,
928 2990 1032 3047 nisi
1063 3004 1229 3060 super
1260 2986 1516 3043 humilem
1552 2996 1607 3040 et
1639 2986 1904 3055 quietum,
1930 2989 1989 3037 et
2017 2990 2127 3035 tre-

526 3096 741 3143 mentes
767 3097 1053 3142 sermones
1078 3096 1232 3137 meos
1257 3077 1414 3151 (Isai.
1439 3076 1620 3148 Lari)?
1657 3074 1926 3142 Quoniam
1982 3082 2125 3125 terra

2238 1880 2376 1950 (Act.
2404 1878 2467 1949 l).
2492 1878 2597 1935 Sed
2628 1888 2683 1934 et
2713 1882 2779 1934 ad
2802 1892 3019 1935 crucem
3044 1879 3405 1946 Datninicam,
3429 1885 3485 1936 et
3505 1877 3575 1935 ad
3597 1879 3843 1935 animum

2233 1980 2478 2027 sanctam
2512 1971 2629 2027 lucc
2660 1972 2944 2026 referenda
2976 1982 3124 2027 sunt.

2308 2064 2517 2136 Moyses
2556 2074 2606 2119 et
2638 2065 2814 2118 Aaron
2854 2065 2909 2118 in
2949 2063 3304 2119 sacerdotibus
3335 2066 3463 2136 ejus.
3495 2061 3842 2133 Quamquam

2233 2172 2371 2211 unus
2399 2157 2563 2227 legis,
2608 2157 2753 2211 alter
2793 2156 3086 2213 sacerdotii
3115 2156 3360 2228 regulam
3392 2165 3577 2211 teneat
3609 2174 3623 2211 :
3654 2164 3838 2212 tamen

2234 2255 2464 2318 uterque
2493 2248 2786 2304 adventum
2823 2249 3035 2304 Domini
3062 2232 3398 2305 sacerdotali
3428 2248 3726 2318 praeconio,
3753 2247 3843 2303 vel

2233 2341 2287 2396 in
2317 2342 2581 2413 legalibus
2609 2342 2754 2398 tubis
2781 2388 2795 2411 ,
2831 2343 2919 2398 vel
2952 2343 3005 2398 in
3033 2341 3414 2398 tintinnabulis
3444 2341 3742 2397 nuntiavit.
3771 2339 3847 2395 Et

2234 2433 2449 2488 Samuel
2479 2435 2612 2488 inter
2632 2451 2718 2489 cos
2744 2436 2835 2506 qui
2867 2436 3102 2489 invocant
3129 2451 3311 2490 nomen
3330 2436 3467 2505 ejus.
3490 2432 3716 2490 Samuel
3740 2432 3847 2490 Le-

2231 2526 2382 2581 vitici
2413 2526 2627 2581 ordinis
2670 2528 2913 2598 regulam
2961 2534 3111 2581 tenet
3144 2544 3155 2578 :
3187 2526 3331 2597 quod
3376 2525 3566 2595 Epitod
3601 2526 3738 2581 illud
3774 2526 3845 2580 li-

2231 2633 2394 2673 neum
2430 2629 2595 2687 atque
2622 2618 2912 2673 candidum
2942 2618 3194 2687 liguravit
3222 2606 3299 2689 (li
3326 2617 3456 2689 Reg.
3489 2616 3571 2691 vt)
3601 2635 3614 2671 :
3646 2626 3841 2673 osten-

2232 2711 2367 2767 dens
2386 2712 2680 2767 candidum
2708 2711 2847 2767 allici
2878 2726 3063 2781 posse,
3085 2711 3177 2782 qui
3200 2724 3300 2782 per
3329 2710 3706 2781 paenitentiam
3738 2725 3843 2765 no-

2230 2821 2354 2863 men
2382 2807 2598 2862 Domini
2625 2806 2915 2875 invocans,
2949 2805 3204 2877 lacrymis
3230 2805 3580 2877 nigredinem
3624 2805 3839 2875 peccati

2230 2900 2475 2955 diluerit.

2244 3024 2247 3027 -
2303 2993 2627 3049 lnvocabant
2655 2994 2951 3050 Dominum.
2988 2993 3264 3065 Apostoli.
3299 2992 3366 3047 Et
3392 2993 3505 3065 ipse
3525 2991 3840 3048 exaudiebat

2231 3103 2316 3142 eos
2339 3103 2357 3140 :
2383 3088 2435 3140 in
2464 3087 2709 3142 columna
2738 3086 2895 3141 nubis
2927 3086 3229 3159 loquebatur
3249 3087 3319 3141 ad
3343 3103 3451 3141 eos.
3490 3085 3726 3141 Locutus
3751 3093 3843 3142 est

523 3189 766 3237 tremens
786 3187 1058 3235 ϐοωιηοω
1083 3183 1169 3231 εει
1189 3192 1203 3229 ³
1223 3180 1520 3244 propterea
1549 3170 1639 3226 me
1664 3169 1757 3240 qui
1783 3166 1938 3223 Sedel-
1956 3179 2126 3235 δυΡθν
2150 3172 2196 3235 C
2233 3179 2493 3234 Dominus
2523 3179 2593 3235 de
2614 3181 2758 3236 nube
2786 3181 2913 3235 liliis
2940 3180 3111 3236 ismel
3132 3179 3339 3250 (Ea-od.
3367 3194 3456 3235 xrt
3486 3187 3537 3233 et
3556 3180 3673 3251 ιιι)
3698 3198 3711 3232 :
3736 3176 3839 3234 sed

527 3271 823 3329 Cherubim
849 3269 1040 3341 incipit
1061 3266 1259 3324 sedere
1285 3266 1341 3321 iu
1371 3274 1517 3321 terra
1548 3270 1837 3320 tremente.
1862 3258 2014 3315 Felix
2040 3266 2126 3323 est

526 3364 622 3439 qui
640 3366 838 3423 solium
865 3363 959 3420 Dei
984 3372 1090 3419 est.
1116 3361 1271 3417 Felix
1304 3368 1389 3415 est
1419 3359 1473 3435 in
1498 3372 1606 3429 quo
1630 3355 1771 3411 Deus
1797 3365 2013 3423 semper
2038 3365 2125 3405 se-

528 3458 640 3516 det.
672 3459 900 3514 Diversa
926 3466 1056 3512 sunt
1085 3454 1384 3511 schemata.
1419 3453 1526 3505 Aut
1552 3450 1700 3507 enim
1729 3446 2002 3508 sedemus,
2034 3449 2126 3497 aut

526 3563 759 3621 stamus,
791 3559 886 3606 aut
909 3548 1272 3612 ambulamus,
1294 3555 1387 3601 aut
1410 3542 1681 3612 iacemus.
1701 3538 1887 3595 infelix
1919 3547 2003 3592 est
2030 3535 2127 3591 ille

526 3645 617 3702 cui
644 3644 790 3716 jacet
816 3642 960 3698 Deus
986 3657 999 3693 :
1021 3639 1167 3710 jacet
1194 3636 1398 3693 etenim
1428 3649 1550 3690 cum
1567 3632 1807 3703 iacente.
1841 3626 2125 3698 Quomodo

526 3737 737 3808 plangit
764 3749 886 3791 cum
918 3734 1229 3805 plangente,
1254 3736 1312 3784 et
1352 3726 1495 3783 ridet
1517 3740 1641 3781 cum
1674 3722 1888 3778 ridente
1917 3738 1929 3774 :
1965 3720 2040 3773 ita
2069 3725 2126 3774 et

521 3830 672 3903 jacet
699 3844 821 3886 cum
859 3826 1098 3898 iacente.
1132 3817 1423 3892 Quomodo
1474 3820 1588 3875 sitit
1628 3831 1751 3872 cum
1795 3813 2038 3877 sitiente.
2071 3819 2126 3867 et

526 3923 700 3978 esurit
725 3934 850 3976 cum
878 3918 1183 3985 esuriente,
1216 3922 1273 3971 et
1302 3912 1480 3969 nudus
1508 3920 1592 3967 est
1618 3924 1738 3966 cum
1772 3905 1942 3971 nudo,
1972 3904 2049 3962 sic
2071 3913 2126 3959 et

524 3990 674 4085 iacet
701 4028 824 4069 cum
847 4010 1085 4081 iacente.
1109 4007 1211 4077 Qui
1234 4021 1364 4078 ergo
1386 4005 1703 4062 vulneratus
1729 4010 1834 4065 est,
1864 4008 1919 4055 et
1942 3997 2121 4069 jacet;

526 4112 583 4161 ct
607 4104 726 4176 ipse
750 4099 1155 4174 quodammodo
1179 4098 1367 4168 iacere
1400 4096 1600 4152 dicitur
1635 4108 1756 4151 cum
1782 4108 1869 4147 eo.
1897 4088 2001 4159 Qui
2030 4104 2125 4145 au-

529 4206 639 4253 tem
659 4191 921 4260 ambulat,
945 4201 1000 4247 et
1041 4188 1136 4246 ille
1175 4187 1415 4244 ambulat
1446 4202 1567 4241 cum
1600 4200 1687 4240 co.
1717 4182 1818 4251 Qui
1840 4178 2080 4236 ambulat
2102 4220 2118 4245 ,

528 4288 748 4344 videtur
775 4285 991 4356 quidem
1025 4283 1223 4339 melior
1254 4294 1375 4337 esse
1405 4279 1472 4336 ab
1501 4294 1567 4335 eo
1604 4277 1693 4349 qui
1731 4276 1904 4347 iacet,
1941 4282 2120 4328 tamen

532 4379 762 4437 necdum
794 4376 943 4434 venit
972 4375 1039 4431 ad
1081 4374 1199 4446 eius
1228 4373 1544 4429 felicitatem
1587 4371 1677 4441 qui
1720 4374 1848 4424 stat.
1880 4366 2123 4437 Denique

528 4485 583 4531 et
608 4471 781 4529 Adam
811 4450 1029 4542 quando
1058 4483 1121 4524 se
1148 4466 1435 4524 abscondit
1463 4480 1494 4520 a
1524 4464 1666 4520 facie
1697 4463 1791 4518 Dei
1826 4478 1840 4517 ;
1872 4460 2117 4517 ambula-

2231 3283 2283 3328 ct
2305 3273 2559 3344 deinceps
2582 3273 2779 3328 affatus
2806 3282 2891 3329 est
2915 3273 3194 3344 apostolos
3217 3273 3286 3327 de
3316 3273 3625 3328 velamento
3650 3272 3842 3328 carnis

2228 3375 2521 3437 assumpta!
2554 3384 2566 3421 :
2601 3367 2653 3421 in
2683 3382 2793 3436 quo
2815 3366 3074 3423 divinitas
3105 3365 3431 3424 obumbrata
3460 3366 3682 3421 latebat.

2302 3459 2671 3515 Custodiebant
2701 3471 3058 3516 testamentum
3081 3464 3193 3535 ejus
3221 3476 3241 3516 :
3269 3469 3318 3515 et
3346 3467 3657 3532 praeceptum
3682 3458 3834 3531 quod

2229 3553 2371 3608 dedit
2394 3552 2523 3607 illis.
2551 3552 2697 3609 Nihil
2720 3554 2790 3610 de
2811 3554 2896 3609 his
2924 3552 2992 3608 ad
3024 3554 3233 3609 irritum
3260 3552 3620 3611 diduxerunt.

2303 3646 2520 3700 Domine
2552 3643 2694 3701 Deus
2725 3656 2919 3714 noster,
2952 3656 3009 3701 tu
3049 3647 3365 3704 esaudiebas
3402 3663 3526 3715 eos;
3554 3645 3731 3715 Deus,
3775 3658 3835 3702 tu

2227 3738 2486 3810 propitius
2512 3738 2659 3807 fuisti
2682 3739 2779 3806 eis,
2801 3749 2849 3794 et
2879 3738 3133 3795 ulciscens
3154 3741 3208 3794 in
3234 3756 3410 3794 ontnes
3436 3741 3839 3797 ndinuntiones

2229 3846 2426 3887 eorum.
2453 3831 2651 3887 Omnia
2675 3834 2818 3887 enim
2860 3848 2980 3904 quas
3024 3848 3185 3904 agere
3213 3835 3573 3903 studuerunt,
3606 3836 3675 3892 ad
3706 3851 3837 3908 per-

2230 3922 2429 3980 lectum
2462 3924 2736 3981 deduxisti
2769 3943 2784 3979 :
2815 3927 2938 3998 quia
2974 3927 3171 3998 placita
3203 3935 3359 3984 erant
3385 3927 3506 3983 tibi.

2305 4017 2544 4072 Emltate
2589 4016 2873 4073 Dominum
2910 4018 3075 4074 Deum
3115 4029 3385 4084 nostrum,
3426 4031 3477 4075 et
3509 4021 3731 4076 adorate
3772 4023 3834 4077 in

2227 4119 2398 4164 monte
2444 4121 2626 4165 sancto
2658 4114 2770 4183 ejus
2799 4127 2820 4166 :
2846 4113 3092 4183 quoniam
3133 4122 3349 4169 sanctus
3388 4111 3649 4168 Dominus
3689 4113 3834 4169 Deus

2227 4215 2419 4260 noster.
2453 4204 2685 4261 Sanctus
2707 4219 2812 4261 vos
2841 4205 3100 4262 exhibete
3138 4206 3189 4260 in
3218 4205 3460 4262 Ecclesia
3491 4207 3646 4277 eius.
3688 4209 3831 4263 sicut

2226 4297 2344 4367 ipse
2365 4313 2486 4352 eam
2515 4299 2766 4355 esttibuit
2793 4308 3061 4366 sanctam,
3092 4314 3203 4355 non
3228 4299 3518 4355 habentem
3553 4300 3830 4356 maculam

2225 4400 2322 4447 aut
2349 4408 2537 4461 rugam
2570 4392 2790 4464 (Ephes.
2823 4392 2899 4465 v).
2932 4393 3034 4461 Qui
3071 4394 3229 4449 nobis
3253 4403 3516 4464 praestare
3544 4392 3825 4463 dignetur,

2228 4494 2282 4540 ut
2317 4485 2540 4543 modum
2573 4487 2934 4543 sacerdotalis
2958 4487 3178 4543 ordinis
3216 4501 3340 4543 cum
3380 4486 3671 4543 sanctitate
3697 4502 3828 4558 per-

525 4567 618 4625 bat
647 4566 698 4623 ei
725 4565 871 4621 Deus
902 4572 1025 4635 post
1050 4560 1334 4619 meridiem
1365 4557 1533 4651 (Gen.
1554 4557 1659 4629 tu).
1692 4558 1847 4613 Dicat
1874 4555 2071 4651 aliquis
2104 4573 2118 4613 :
2146 4565 2199 4629 ι)
2226 4577 2365 4635 fec“,
2411 4586 2687 4645 “meum,
2722 4594 2845 4650 qua,
2877 4580 3165 4636 “ﬁdem”
3207 4592 3372 4651 ,μη
3399 4578 3470 4635 (ιο
3502 4578 3674 4647 hanc,
3698 4555 3831 4651 ipse

524 4659 581 4717 Si
614 4657 791 4715 Adam
826 4655 1161 4721 oiienderat,
1194 4664 1248 4710 et
1275 4654 1345 4710 de
1376 4650 1628 4725 paradiso
1656 4652 1833 4708 iuerat
1860 4648 2073 4720 eiectus
2103 4665 2115 4703 :

518 4770 652 4827 ergo
699 4752 1021 4822 imperfecta
1063 4749 1326 4807 felicitate
1372 4757 1458 4804 est
1502 4747 1829 4815 cuicumque
1880 4743 2122 4799 ambulat

523 4849 693 4906 Deus.
717 4849 784 4905 Et
814 4863 914 4921 ego
940 4845 1064 4903 dico
1091 4862 1105 4899 :
1134 4842 1190 4902 Si
1219 4841 1393 4899 Adam
1419 4840 1637 4913 penitus
1666 4839 1881 4895 occisus
1902 4836 2118 4904 fuisset,

524 4952 581 5002 et
612 4959 720 5000 non
743 4943 795 4999 ei
820 4941 982 4996 datus
1010 4938 1201 4995 luisset
1226 4937 1378 4992 locus
1406 4932 1764 5007 paenitentiae,
1790 4932 2052 5004 iacuisset
2071 4930 2121 4989 ei

446 5014 451 5021 i
524 5036 689 5093 Deus.
733 5033 885 5091 Nunc
925 5046 1054 5089 vero
1090 5030 1216 5102 quia
1260 5027 1421 5085 datur
1467 5026 1518 5081 ei
1564 5025 1716 5083 locus
1741 5023 2119 5098 ptettitentim:

519 5138 817 5207 propterea
841 5124 1083 5182 ambulat
1110 5123 1161 5179 ei
1190 5121 1354 5178 Deus.

593 5222 849 5278 Dominus
894 5220 949 5273 in
976 5217 1107 5275 Sion
1146 5231 1387 5289 magnus,
1435 5222 1479 5268 et
1506 5209 1738 5267 excelsus
1764 5226 1918 5283 super
1945 5224 2118 5265 omnes

523 5317 764 5394 populos.
796 5313 1113 5374 Asceudens
1136 5310 1205 5367 ad
1228 5310 1419 5376 C(Blus,
1448 5308 1724 5365 excelsior
1751 5315 1838 5363 est
1865 5304 2118 5363 omnibus

522 5413 700 5473 iactus
728 5430 741 5468 :
769 5411 913 5469 unde
942 5424 1041 5466 nos
1071 5419 1335 5478 actusque
1364 5415 1581 5465 uestros
1610 5420 1705 5477 per
1735 5402 1979 5476 singulos
1999 5402 2116 5459 dies

520 5508 857 5582 speculatur.

593 5602 951 5671 Couﬁteantnr
970 5597 1165 5653 nomini
1193 5608 1282 5652 tuo
1305 5610 1493 5669 magno
1515 5610 1534 5650 :
1552 5594 1800 5667 quoniam
1820 5593 2045 5649 terribile
2067 5603 2116 5649 et

522 5705 759 5750 sanciunt
779 5700 876 5751 est.
906 5690 1226 5761 Praeparent
1244 5703 1303 5745 se
1327 5686 1500 5745 sancti
1525 5685 1592 5743 ad
1620 5684 1991 5745 conﬁtendum
2018 5698 2115 5740 no-

523 5787 661 5843 mini
701 5798 793 5843 tuo
823 5803 835 5838 :
867 5787 1010 5857 quod
1042 5794 1127 5843 est
1156 5792 1444 5846 sanctum,
1484 5779 1749 5852 siquidem
1797 5791 1851 5835 tu
1881 5777 2064 5835 dixisti
2095 5798 2107 5832 :

2226 4672 2525 4744 perducere
2546 4672 2801 4744 dignetur
2820 4674 2887 4729 ad
2917 4673 3192 4731 electum.

2746 4784 3065 4844 PSALMUS
3103 4782 3287 4842 XCIX.

2226 4876 2469 4933 Psalmus
2509 4894 2604 4951 pro
2643 4881 2988 4949 confessione.
3039 4880 3143 4936 iste
3192 4877 3433 4950 psalmus
3462 4892 3653 4935 vocem
3699 4892 3828 4949 pro-

2296 4953 2471 5022 phetaa
2510 4952 2787 5017 continet,
2832 4953 2923 5022 qui
2968 4953 3156 5008 lideles
3186 4958 3448 5022 provocat
3474 4951 3532 5008 in
3568 4951 3825 5008 laudibus

2293 5021 2595 5077 Dominicis
2624 5021 3019 5081 incessabiliter
3041 5021 3321 5081 exemere.

2291 5133 2523 5190 lubilate
2546 5135 2658 5193 Deo
2683 5137 2850 5192 omnis
2877 5146 3035 5204 terra,
3077 5139 3260 5197 sentite
3280 5136 3508 5195 Domino
3531 5139 3590 5194 iu
3610 5139 3821 5206 latitia,

2219 5229 2348 5299 Qui,
2381 5246 2610 5287 excusso
2652 5247 2683 5288 a
2726 5232 3033 5288 cervicibus
3063 5233 3258 5291 vestris
3283 5232 3420 5305 legis
3443 5232 3602 5308 iuga,
3627 5248 3739 5317 non
3766 5233 3818 5288 in

2221 5336 2455 5378 maerore
2481 5322 2684 5379 veteris
2713 5323 3014 5392 servitutis,
3055 5323 3151 5381 sed
3190 5325 3241 5378 in
3272 5322 3531 5383 libertate
3562 5326 3693 5383 novi
3724 5326 3822 5380 ho-

2219 5413 2384 5469 minis
2412 5413 2718 5491 exsultatis.

2296 5505 2518 5562 Introite
2541 5507 2595 5561 in
2622 5517 2897 5578 conspectu
2923 5510 3036 5581 ejus
3063 5507 3118 5562 in
3144 5504 3512 5564 exsultatione.
3531 5504 3657 5566 Non
3676 5507 3820 5579 iocis

2223 5600 2472 5671 turpibus
2491 5601 2853 5658 dissolvitnini
2875 5616 2889 5655 :
2913 5600 3007 5658 sed
3032 5601 3212 5658 omnia
3231 5614 3593 5674 quiscumque
3614 5600 3819 5668 facitis.

2202 5692 2274 5777 vin
2298 5692 2524 5763 gloriam
2561 5693 2656 5748 Dei
2688 5692 2870 5750 facite.

2291 5784 2488 5840 Scitote
2513 5785 2756 5857 quoniam
2785 5781 3042 5841 Dominus
3069 5786 3179 5856 ipse
3221 5794 3295 5839 est
3334 5783 3476 5841 Deus
3507 5803 3525 5838 :
3560 5788 3675 5858 ipse
3699 5790 3825 5858 [scit
