4016 6348
137 289 276 350 “35
1115 281 1536 350 BREVIARIUSI
1582 289 1646 356 ΙΝ
1688 285 2026 348 PSALMOS.
2073 291 2315 357 PSAMI.
2358 294 2443 356 Gl.
3288 303 3428 361 “ea

133 429 245 474 nos,
272 420 318 465 et
347 425 449 464 non
483 408 584 476 ipsi
615 425 729 464 nos.
768 408 854 469 Ab
879 423 947 464 eo
981 409 1126 468 enim
1155 425 1346 466 sanius
1393 424 1500 472 non
1547 410 1726 466 solum
1756 406 1802 471 A
1833 417 1888 464 et
1913 409 2149 477 iustitia.
2192 409 2555 466 Declinantem
2589 429 2620 466 a
2663 428 2740 466 tne
2778 413 3065 482 malignum
3105 431 3208 470 non
3237 432 3430 487 cogno-

131 503 492 574 eorporaliter
520 501 676 567 lacti,
703 501 799 558 sed
828 503 992 557 etiam
1025 503 1080 559 in
1109 517 1306 559 novum
1333 502 1609 559 hominem
1646 519 1732 560 re-
1834 502 2052 556 scebam.
2087 502 2199 560 Hoc
2237 511 2346 569 est,
2383 505 2426 557 si
2453 514 2569 558 erat
2601 495 2733 558 mihi
2756 505 2967 560 amicus
2997 516 3093 561 aut
3123 511 3424 576 proximus,

131 598 322 653 creati.
347 597 418 654 Et
445 597 548 654 hoc
578 613 684 652 non
716 606 907 654 nostro
937 599 1153 665 merito,
1182 597 1276 654 sed
1299 613 1399 656 Suo
1427 599 1593 655 dono.
1838 595 1954 650 sive
1999 595 2284 666 episcopus
2325 609 2415 651 aut
2467 598 2760 670 presbyter
2781 641 2795 664 ,
2835 599 2952 655 sive
2993 599 3044 654 in
3092 615 3436 671 quacumque

203 689 316 744 Nos
339 690 561 761 populus
584 690 717 757 eius,
742 701 790 744 et
817 706 928 744 oves
955 707 1162 761 pascua:
1185 691 1318 758 eius.
1345 689 1466 760 Ipse
1489 699 1575 746 est
1611 704 1733 757 pas-
1835 684 2095 756 dignitate
2143 689 2477 743 constitutus
2516 708 2527 740 :
2585 699 2775 744 tamen
2827 690 2873 744 si
2923 691 3269 759 pervertebat
3320 691 3436 745 vias

129 793 214 839 tor
245 783 441 847 bonus,
472 783 561 852 qui
585 783 823 838 animam
857 798 1011 838 suam
1051 798 1148 852 pro
1178 783 1378 839 ovibus
1403 783 1519 838 suis
1551 784 1733 851 posuit
1833 793 1993 846 suas,
2039 779 2121 836 sic
2152 796 2274 836 eum
2304 780 2599 852 fugiebam,
2637 792 2692 837 ut
2718 782 2942 852 penitus
2969 783 3089 854 ejus
3117 783 3436 838 memoriam

132 873 334 947 (Joan.
369 891 398 930 χ
431 876 469 943 ).
502 873 611 930 Nos
640 885 824 934 autem
855 891 1041 931 sumus
1071 891 1229 940 aves,
1261 876 1353 948 qui
1386 892 1510 933 eum
1543 877 1729 946 sequi-
1835 887 1941 925 non
1973 873 2228 928 iacerem.

129 985 276 1036 mur,
312 979 368 1023 et
397 983 584 1026 vocem
613 969 734 1037 ejus
771 969 1096 1025 audivimus.
1142 969 1365 1026 Introite
1402 981 1578 1039 portas
1621 975 1734 1044 ejus
1908 965 2264 1022 Detrahentetn
2308 969 2543 1038 proximo
2587 985 2712 1029 suo.
2744 968 2884 1023 hunc
2929 971 3296 1042 persequebar.
3343 969 3424 1028 ln-

127 1060 182 1114 in
211 1061 555 1131 confessione.
594 1060 745 1118 Sicut
768 1062 913 1117 enim
947 1062 1064 1132 ipse
1097 1071 1250 1132 porta
1281 1073 1368 1118 est
1398 1063 1576 1118 Patris
1607 1078 1729 1118 cum
1833 1069 2040 1113 tantum
2075 1074 2179 1113 nou
2213 1069 2430 1128 oportet
2459 1061 2774 1116 consentire
2805 1062 3139 1132 detrahenti,
3171 1073 3230 1120 ut
3258 1067 3426 1121 etiam

127 1152 269 1208 dicit
298 1171 310 1204 :
353 1152 461 1208 Per
489 1167 576 1208 me
617 1154 661 1208 si
703 1153 823 1223 quis
872 1153 1148 1210 introierit
1189 1153 1486 1216 sanabitur
1514 1153 1726 1226 (υἱώ),
1831 1161 2094 1223 quantum
2126 1152 2177 1207 in
2211 1153 2370 1209 nobis
2391 1163 2471 1208 est
2503 1171 2898 1225 persequamur
2922 1159 3110 1226 talem,
3145 1162 3434 1230 providen-

126 1247 204 1303 iia
237 1257 290 1304 et
317 1248 550 1318 aposltnli
586 1259 752 1316 portae
777 1257 906 1302 sunt
936 1248 1056 1318 ejus
1101 1265 1196 1319 per
1225 1264 1362 1318 quas
1391 1249 1458 1304 ad
1487 1265 1610 1306 eum
1643 1264 1733 1304 ae-
1837 1253 1920 1299 tes
1949 1248 2002 1302 iu
2035 1255 2266 1316 utroque
2300 1245 2616 1316 utilitatem,
2647 1257 2704 1302 ιιι
2732 1266 2832 1305 uec
2854 1251 3094 1308 libenter
3121 1255 3428 1324 audiamus,

126 1339 343 1397 ceditur
370 1358 380 1394 τ
416 1355 551 1411 quas
594 1355 758 1402 nemo
789 1350 966 1409 potest
1002 1341 1211 1416 ingredi
1235 1382 1251 1407 ,
1284 1343 1387 1398 nisi
1415 1357 1475 1398 se
1509 1353 1730 1412 peccata
1837 1351 1936 1391 nec
1968 1335 2118 1390 illum
2147 1337 2534 1406 permittamus
2569 1354 2813 1420 peccare.
2845 1341 3017 1398 Tanta
3050 1344 3196 1399 enim
3229 1346 3433 1401 distan-

126 1433 443 1491 conlitendo
477 1434 804 1504 purgaverit.
845 1435 994 1489 Atria
1026 1437 1141 1507 ejus
1184 1436 1238 1489 in
1278 1433 1487 1507 hymnis
1513 1437 1733 1505 conﬁte—
1839 1427 1907 1481 tia
1941 1436 2026 1484 est
2061 1429 2208 1484 inter
2255 1429 2638 1501 fornicantem,
2683 1443 2736 1484 et
2781 1432 3166 1492 detrahentem
3203 1455 3214 1492 :
3257 1447 3314 1493 ut
3345 1439 3433 1494 ille

126 1525 262 1582 mihi
283 1528 386 1581 ειιξ,
417 1527 676 1582 Dilatalas
705 1526 757 1584 ei
786 1537 1002 1584 meum;
1030 1543 1152 1583 cum
1183 1529 1401 1600 hymnis
1431 1527 1728 1599 spitium“-
1835 1520 1926 1588 qui
1955 1518 2274 1587 fornicatur,
2308 1537 2369 1577 se
2417 1531 2624 1577 tantum
2674 1525 2885 1580 OCCitlttt
2924 1545 2934 1578 :
2968 1528 3062 1583 ille
3108 1541 3290 1585 autem
3336 1531 3428 1601 qui

127 1621 232 1677 bus
265 1620 606 1690 canticisque
629 1618 860 1674 deferte.
1836 1613 2091 1680 detrahit,
2122 1623 2174 1670 et
2200 1631 2258 1670 se
2288 1625 2341 1671 et
2373 1617 2534 1673 illum
2565 1618 2654 1686 qui
2689 1618 2841 1674 audit
2863 1620 3162 1691 dentergat.

205 1710 441 1770 Laudate
464 1726 652 1768 nomen
674 1715 816 1783 eius,
850 1712 1095 1782 quoniam
1137 1713 1312 1768 suavis
1340 1722 1414 1768 est
1454 1711 1726 1768 Dominus.
1912 1707 2150 1773 Superbo
2196 1709 2366 1773 oculo,
2413 1719 2462 1762 et
2503 1710 2785 1766 insatiabili
2820 1705 2995 1778 eoi-de,
3034 1730 3150 1768 cum
3186 1714 3285 1770 hoc
3333 1735 3434 1771 non

128 1803 272 1860 Nihil
302 1804 449 1860 enim
479 1805 739 1860 acerbum
772 1803 934 1859 habet.
963 1821 974 1856 :
1004 1801 1070 1858 In
1095 1813 1348 1859 internum
1373 1806 1732 1862 misericordia
1765 1793 1813 1852 Β
1841 1801 2068 1855 edebam.
2102 1800 2158 1856 Si
2189 1803 2307 1870 quis
2337 1810 2455 1858 erat
2482 1805 2748 1872 superbus
2785 1815 2877 1859 aut
2905 1821 3132 1877 avarus,
3173 1827 3294 1866 cum
3335 1812 3436 1869 hac

132 1898 268 1966 ejus.
296 1895 432 1965 Quia
460 1911 557 1950 uos
581 1894 836 1962 redemit,
867 1905 923 1949 et
947 1895 1148 1966 jngiter
1180 1898 1372 1952 salvat.
1407 1896 1470 1954 Et
1499 1915 1657 1969 usque
1680 1899 1732 1952 in
1840 1893 2058 1965 penitus
2093 1909 2199 1948 non
2224 1895 2476 1950 edebam.

131 1988 546 2059 generationem,
575 1998 622 2040 et
663 1988 1043 2059 generatione»:
1084 1989 1293 2044 veritas.
1343 1989 1460 2058 Qua
1503 1990 1733 2060 populos
1914 1987 2069 2042 Oculi
2089 1988 2188 2042 mei
2211 2004 2368 2058 super
2391 1987 2571 2055 ﬁdeles
2591 2000 2765 2055 terra,
2785 1993 3292 2050 utsedeantntecum.
3320 1997 3436 2051 Non

130 2080 422 2152 iudicabit.
455 2080 554 2146 Qui
594 2079 754 2134 nobis
795 2089 1054 2150 praestare
1096 2082 1384 2154 dignetur,
1431 2092 1490 2138 ut
1516 2085 1586 2138 ab
1613 2087 1734 2154 ipso
1839 2079 1977 2136 dixit
2019 2080 2240 2147 divites,
2277 2090 2369 2136 aut
2408 2083 2791 2152 imperatores,
2842 2101 2931 2140 aut
2977 2090 3295 2158 episcopos,
3343 2105 3437 2148 aut

137 2171 290 2237 facti,
317 2171 387 2225 ab
416 2172 531 2242 ipso
555 2169 854 2243 redempti,
886 2188 1190 2228 mereamur
1220 2183 1274 2227 ct
1300 2174 1353 2228 in
1383 2174 1567 2229 l.etiti.t
1590 2190 1732 2230 sem-
1841 2174 2212 2245 presbyteros,
2247 2183 2339 2230 aut
2370 2175 2663 2231 diaconos:
2689 2178 2784 2232 sed
2813 2178 3001 2235 lide’les
3032 2198 3044 2233 :
3069 2199 3191 2237 cum
3223 2185 3342 2240 istis
3362 2202 3442 2240 se-

137 2263 350 2333 piterna
377 2262 609 2332 jubilum
632 2265 1012 2320 exsultatiouis
1037 2281 1159 2320 (eum
1187 2267 1484 2337 gratiarum
1514 2267 1736 2323 actione
1841 2266 2057 2322 debam.
2092 2268 2278 2322 Potest
2307 2269 2406 2322 hoc
2434 2267 2652 2333 dicere.
2680 2278 2736 2324 et
2763 2272 3058 2341 episcOpus
3079 2285 3301 2331 sanctus
3335 2278 3436 2344 vir,

134 2359 452 2413 concinere.
490 2358 596 2428 Ipsi
629 2359 806 2428 gloria
841 2375 962 2413 cum
1006 2369 1214 2416 aeterno
1253 2361 1410 2418 Patre
1448 2373 1500 2420 et
1529 2361 1738 2433 Spiritu
1842 2359 2098 2428 quoniam
2122 2373 2228 2414 non
2249 2359 2571 2415 ordinabam
2602 2362 2984 2436 presbyterum
3016 2367 3166 2422 illum
3188 2369 3279 2437 qui
3309 2370 3439 2424 tuihi

136 2460 336 2506 sancto
368 2451 422 2506 in
450 2452 652 2507 swcula
687 2452 1034 2508 saeculorum.
1068 2455 1270 2510 Amen.
1842 2452 2266 2522 obsequebatur,
2293 2461 2384 2508 aut
2404 2455 2764 2525 prepinquum
2789 2473 2994 2526 meum,
3017 2460 3110 2514 sed
3130 2476 3255 2516 eum
3277 2478 3437 2532 quem

1842 2544 2082 2600 sciebam
2136 2545 2374 2600 ﬁdelem.
2433 2547 2498 2602 Et
2547 2548 2743 2604 iterum
2791 2551 2933 2604 idem
2985 2562 3163 2620 potest
3211 2553 3442 2611 dicere:

1845 2637 2107 2706 Quoniam
2141 2654 2330 2694 omnes
2357 2639 2588 2694 clericos
2623 2659 2798 2708 mens,
2833 2652 2889 2698 et
2930 2644 3100 2700 laicus
3127 2646 3318 2702 ﬁdeles
3352 2649 3446 2702 ha-

1844 2731 2061 2785 bebam.
2087 2730 2273 2785 Potest
2294 2745 2358 2786 ex
2386 2747 2611 2800 perSona
2641 2735 2856 2789 Domini
2893 2737 2997 2791 dici
3045 2737 3151 2794 iste
3201 2741 3447 2796 versicu-

1846 2821 1931 2877 lus
1947 2840 1958 2876 :
1975 2821 2261 2876 Ambalans
2275 2823 2326 2876 in
2346 2825 2429 2878 via
2450 2825 2785 2881 immaculata
2802 2869 2816 2891 ,
2845 2829 2925 2882 hic
2948 2830 3076 2883 mihi
3097 2832 3443 2889 ministrabat.

218 2911 639 2967 Misericordiam
681 2923 730 2967 et
783 2914 1043 2982 judicium
1075 2915 1292 2970 cantabo
1349 2915 1465 2985 tibi,
1504 2915 1739 2973 Domine.
1847 2913 2112 2984 Quoniam
2164 2914 2644 2973 non.0rdittabam
2693 2934 2790 2974 eos
2838 2920 2930 2990 qui
2981 2921 3111 2976 tnihi
3159 2926 3449 2997 propinqui

144 3005 579 3062 Misericordiam
610 3006 834 3061 audiant
879 3016 1200 3076 peccatores
1225 3009 1316 3079 qui
1348 3009 1648 3080 desperant
1676 3013 1747 3067 de
1849 3015 2026 3074 erant,
2052 3005 2352 3076 sedjustos
2382 3017 2435 3064 et
2467 3008 2674 3066 ﬁdeles.

147 3114 244 3153 sua
273 3099 469 3165 salute,
494 3097 586 3170 qui
613 3107 740 3153 sunt
769 3099 822 3154 in
853 3100 1195 3169 poenitentia.
1223 3099 1494 3156 Judicium
1522 3101 1748 3158 audiant
1925 3099 2026 3168 Qui
2052 3098 2283 3168 loquitur
2305 3102 2503 3172 iniqua,
2536 3119 2640 3158 non
2658 3104 2848 3158 direxit
2875 3105 2929 3158 in
2952 3117 3232 3178 conspectu
3261 3111 3446 3164 oculo-

148 3201 582 3261 contcmptores,
607 3191 696 3260 qui
721 3191 910 3246 dicunt
948 3192 1300 3248 :Misericors
1327 3202 1411 3249 est
1444 3194 1743 3250 Dominus:
1775 3180 1822 3244 C
1852 3208 1968 3246 rum
1998 3209 2244 3246 meorum.
2282 3194 2552 3248 lntantum
2584 3195 2730 3250 enim
2761 3196 3104 3254 declinabam
3137 3201 3206 3254 ab
3245 3217 3312 3256 ea
3355 3205 3448 3271 qui
3485 3217 3490 3220 ·

151 3299 465 3356 peccemus,
494 3284 795 3356 indulgebit
826 3284 1004 3339 nobis.
1041 3283 1278 3342 Psallam
1307 3296 1355 3340 et
1379 3286 1666 3360 intelligam
1693 3289 1746 3342 in
1851 3285 2177 3340 detrahebat
2207 3287 2454 3355 proximo
2493 3301 2625 3352 suo,
2661 3299 2717 3342 ut
2746 3303 2845 3343 nec
2888 3288 2965 3344 illi
3004 3291 3314 3358 crederem,
3350 3310 3451 3350 nec

138 3379 234 3434 .t‘ia
276 3380 640 3432 immaculata.
680 3375 752 3433 Ut
794 3376 1058 3448 intelligat
1104 3379 1224 3448 quis
1271 3379 1414 3450 quod
1460 3379 1661 3448 psallit,
1695 3389 1751 3436 et
1853 3377 2097 3434 audirem
2129 3378 2312 3433 talem.

153 3491 350 3532 sensus
376 3477 548 3545 ipsius
570 3478 970 3546 contempletur
995 3475 1285 3545 psalmum,
1319 3483 1375 3529 ut
1398 3490 1503 3529 non
1530 3481 1753 3544 vagetur
1929 3468 1994 3522 In
2028 3469 2287 3524 matutino
2315 3469 2683 3539 interﬁciebam
2715 3488 2889 3527 omnes
2918 3484 3211 3544 peccatores
3254 3485 3404 3532 terra
3434 3520 3450 3544 ,

155 3585 314 3626 utens
356 3569 474 3639 ejus
501 3567 676 3635 foras,
709 3575 767 3624 et
802 3583 1036 3639 corpore
1076 3567 1294 3640 quidem
1325 3565 1574 3622 videatur
1608 3567 1758 3636 psal-
1858 3561 1997 3616 bene
2026 3560 2182 3630 dixit,
2239 3572 2534 3633 peccatores
2570 3572 2742 3619 terrae.
2794 3566 3114 3622 l’eccatores
3151 3570 3296 3624 enim
3345 3578 3458 3625 ter-

156 3664 292 3728 lere,
325 3678 483 3717 mens
511 3671 690 3718 autem
724 3663 845 3717 sine
869 3662 1044 3718 l'ructu
1065 3661 1156 3716 sit.
1189 3659 1254 3715 In
1285 3662 1365 3715 via
1384 3660 1756 3715 immaculata:
1860 3655 1976 3708 reni
2004 3663 2150 3709 sunt.
2183 3655 2292 3709 lloc
2315 3656 2652 3724 vultdieere,
2677 3658 2820 3728 quod
2851 3658 3226 3717 immissiones
3253 3663 3457 3720 diaboli

159 3763 218 3810 ut
243 3753 532 3810 ambulans
561 3754 613 3809 in
660 3757 761 3810 hoc
789 3755 994 3812 mundo
1021 3754 1166 3826 justo
1191 3769 1371 3827 agam,
1406 3763 1456 3810 et
1487 3754 1755 3810 maculam
1859 3761 1996 3816 quas
2027 3747 2158 3802 mihi
2197 3748 2546 3820 suggerebat,
2579 3748 2867 3818 ejiciebam
2911 3752 2979 3806 de
3010 3753 3176 3810 corde
3221 3770 3366 3822 meo,
3402 3765 3459 3812 ει

159 3863 269 3904 non
308 3848 556 3904 habeam.
1863 3855 1969 3896 non
2004 3841 2386 3911 suscipiebam.
2413 3840 2843 3913 Cogitationibus
2873 3844 3021 3901 enim
3053 3846 3212 3902 malis
3241 3848 3454 3919 ejectis,

236 3941 460 4006 Quando
501 3941 670 3995 venies
706 3941 773 3996 ad
801 3958 900 3996 me,
947 3939 1179 4009 Quando
1207 3951 1385 3996 autem
1420 3939 1758 3998 intellectum
1862 3933 2140 3988 daemones
2161 3934 2506 3989 occiduntur.
2535 3935 2704 3992 .ltttlmi
2734 3937 2878 3993 hunc
2903 3953 3122 3994 versum
3144 3942 3458 4012 audientes,

161 4048 447 4104 recepero,
483 4043 537 4088 et
562 4035 709 4104 justi:
734 4048 898 4105 egero
934 4051 947 4086 :
983 4042 1109 4089 tunc
1143 4048 1267 4088 cum
1303 4033 1502 4091 ﬁducia
1530 4035 1658 4091 dico
1694 4034 1760 4090 ad
1864 4034 1920 4082 ει
1957 4034 2255 4095 sequentes
2298 4027 2538 4084 litteram
2584 4030 2950 4097 occidentem.
2983 4043 3039 4088 et
3079 4034 3460 4094 desiderantes

163 4127 454 4183 Dominum
488 4145 499 4180 :
538 4126 759 4196 Quando
783 4128 950 4182 venies
979 4126 1049 4180 ad
1081 4128 1198 4182 me?
1245 4126 1661 4196 Veniesautem,
1697 4128 1764 4184 de
1867 4119 2180 4190 sallsllinem
2220 4117 2473 4185 fundere.
2505 4120 2551 4176 Si
2592 4121 2714 4192 {illis
2752 4125 3141 4193 prmvaricatus
3192 4126 3351 4183 fuerit
3395 4129 3464 4186 de

163 4220 416 4276 secundo
447 4220 564 4292 ejus
595 4220 829 4276 adventu
857 4219 1236 4290 accipiendum
1267 4233 1374 4278 est,
1867 4214 2013 4284 lege,
2050 4213 2382 4268 interliciunt
2425 4231 2568 4270 eum.
2597 4215 2879 4287 Siquidem
2913 4235 3018 4274 non
3048 4228 3178 4275 sunt
3219 4224 3464 4279 contenti

241 4313 677 4369 Perambulabam
717 4316 770 4369 in
808 4315 1103 4370 innocentia
1137 4315 1308 4370 cordis
1335 4315 1434 4369 mei
1468 4331 1486 4370 :
1516 4315 1567 4370 iu
1597 4315 1765 4369 medio
1868 4306 2143 4362 occisione
2167 4308 2554 4376 prephetarum
2579 4326 2594 4367 :
2621 4308 2713 4363 sed
2739 4317 2794 4364 et
2821 4311 2992 4380 ipsum
3027 4311 3320 4370 D0ntiuum
3345 4332 3470 4372 cru-

168 4409 362 4463 domus
384 4424 526 4463 mete.
550 4407 783 4463 Nihilsic
813 4408 988 4476 placet
1013 4408 1144 4474 Deo,
1166 4419 1224 4464 ιιι
1253 4408 1575 4480 simplicitas
1604 4418 1658 4464 et
1687 4409 1768 4464 in-
1870 4399 2179 4455 citixerunt.
2217 4399 2285 4457 Ut
2314 4399 2664 4473 dispet'dercm
2709 4402 2772 4455 de
2805 4403 3013 4457 civitate
3046 4403 3256 4461 Domini
3291 4423 3468 4464 omnes

169 4501 452 4557 nocentia.
492 4502 734 4572 Denique
765 4501 1005 4575 Spiritus
1035 4511 1256 4558 sanctus
1298 4505 1348 4558 in
1380 4504 1502 4558 aliis
1534 4503 1740 4558 volatili

1872 4491 1960 4556 qui
1986 4501 2271 4559 operantur
2318 4491 2668 4562 iniquitatem.
2714 4491 2929 4547 Utinam
2961 4503 3014 4548 et
3063 4511 3161 4550 nos
3189 4497 3470 4568 disperdat-

171 4603 278 4660 bus
305 4618 416 4658 ηοη
438 4604 765 4672 comulacuu
793 4573 896 4658 uisi
931 4604 982 4659 in
1009 4603 1283 4667 columba.
1316 4612 1542 4672 promer
1565 4601 1770 4672 simpli-
1798 4573 1849 4634 Ι)
1877 4599 1997 4638 mus
2027 4583 2095 4638 de
2131 4582 2352 4638 civitate
2397 4583 2609 4638 Domini
2648 4593 2943 4654 operantes
2985 4585 3346 4657 iniquitatem.
3379 4594 3471 4648 Ci-

172 4701 506 4763 cilatem’et
537 4700 588 4752 iu
628 4697 1073 4769 quadrupedibus
1111 4697 1164 4753 in
1206 4712 1333 4764 me,
1366 4707 1589 4768 unum"
1621 4710 1774 4750 man.
1879 4677 2015 4730 vitas
2056 4675 2270 4730 Domini
2319 4673 2697 4769 estEcclesia
2743 4687 3076 4744 sanctorum,
3120 4683 3472 4752 congregatio

177 4791 552 4850 suetudinem.
648 4767 659 4769 '
1368 4767 1376 4768 '
1475 4767 1480 4768 ⁷
1873 4769 2171 4840 iustorum.
2207 4768 2524 4839 Disperdam
2552 4810 2565 4834 ,
2611 4767 2712 4822 hoc
2750 4779 2870 4834 est,
2909 4784 3158 4840 arguam,
3192 4772 3472 4844 increpem

258 4880 383 4938 Non
429 4880 771 4953 preponebam
815 4888 938 4934 ante
971 4878 1148 4934 oculos
1191 4895 1328 4934 meos
1355 4895 1463 4934 rem
1503 4881 1773 4952 injustam.
1881 4881 2004 4923 eum
2037 4865 2128 4938 ιιιιί
2173 4873 2378 4936 Ρθοοίην
2411 4871 2470 4918 υί
2510 4862 2888 4936 Ρωίάιθηῑίδπι
2932 4875 3080 4935 ³8³1,
3115 4867 3478 4940 θιάίενθνάθι

177 4973 302 5029 Non
332 4971 726 5042 anteponebam
751 4970 954 5041 aliquid
985 4971 1239 5035 Domino,
1263 4985 1439 5042 neque
1464 4971 1777 5027 consentie-
1883 4958 2221 5030 iniquitatem
2268 4957 2334 5013 de
2363 4957 2528 5013 corde
2555 4973 2674 5013 suo.
2709 4954 2827 5012 Non
2855 4958 3000 5013 enim
3026 4959 3184 5031 dixit,
3226 4972 3285 5018 ut
3333 4965 3476 5036 abji-

739 2613 1057 2672 PSALMUS
1089 2617 1151 2669 (ἶ.

143 2705 393 2760 Psalmus
437 2706 534 2778 ipsi
581 2705 772 2760 David.
816 2706 922 2761 iste
965 2708 1207 2776 psalmus
1250 2723 1445 2763 vocem
1494 2711 1744 2766 continet

324 2782 622 2848 propincus,
660 2778 757 2833 Dei
786 2779 1192 2834 misericordias
1227 2782 1556 2837 enarrautis.

180 5067 308 5123 bam
343 5066 612 5138 iniquitati
650 5085 660 5120 :
695 5065 790 5122 sed
825 5072 971 5120 totus
1021 5064 1088 5120 ad
1114 5064 1284 5127 Deum
1315 5079 1487 5120 erant.
1882 5051 2082 5120 Clam“:
2111 5050 2206 5107 sed
2236 5059 2294 5108 ιιι
2323 5050 2586 5106 salven"-

257 5159 530 5218 Facientes
575 5160 1048 5230 pt'tcvaricationetu
1095 5159 1252 5215 odivi.
1288 5157 1416 5213 Sive
1446 5165 1597 5228 pater
1627 5173 1784 5216 meus
2460 5187 2778 5245 pSALMUS
2815 5189 2904 5246 Cl.

182 5267 328 5322 erat,
353 5256 474 5312 sive
499 5264 695 5320 mater,
729 5254 847 5310 sive
875 5252 1064 5316 frater,
1093 5260 1394 5357 autnsoror,
1421 5251 1536 5357 siue
1552 5254 1782 5357 amicus,
1895 5283 2075 5339 οηηίο
2100 5285 2341 5355 pauperis
2370 5299 2489 5337 cum
2525 5283 2852 5348 auxiaretur,
2895 5292 2943 5337 et
2975 5284 3029 5337 in
3060 5299 3335 5357 conspecta
3367 5285 3480 5348 Do-

186 5361 368 5408 tatneu
412 5349 458 5405 si
505 5348 836 5406 destinasset
881 5362 910 5404 a
945 5350 1140 5402 timore
1178 5344 1390 5402 Domini
1429 5364 1440 5397 :
1476 5343 1618 5402 hunc
1657 5345 1784 5402 odio
1965 5343 2352 5431 utiiii'fuu'deret
2374 5370 2575 5431 precem
2598 5371 2768 5431 suam.
2807 5343 2910 5409 Iste
2935 5343 3258 5424 psaltnus'in
3283 5343 3486 5431 [ii-inei-

185 5441 479 5508 habebam,
507 5451 562 5499 et
601 5442 826 5496 omnino
853 5441 918 5492 ad
961 5455 1083 5496 eum
1125 5451 1233 5492 non
1282 5435 1631 5492 accedebam.
1668 5437 1744 5494 Ne

1965 5428 2053 5512 pio
2081 5424 2577 5517 volccmlprophette
2591 5425 2931 5517 luentinetex
2965 5443 3195 5512 persona
3225 5424 3479 5504 peccato.

186 5535 586 5606 anteponebam
629 5530 1090 5602 propinquitatettt
1118 5540 1213 5588 aut
1259 5528 1555 5588 amicitiam
1595 5529 1790 5600 piem;
1965 5513 2040 5553 rts
2073 5515 2088 5554 :
2119 5497 2243 5552 detn
2274 5499 2389 5551 laus
2421 5513 2470 5551 In
2503 5511 2564 5550 ea
2591 5496 2856 5552 Domtntct
2880 5513 3117 5556 nominis
3149 5505 3484 5564 continetur.

186 5629 432 5684 Domini.
1969 5619 2202 5683 Domine,
2235 5617 2425 5673 exaudi
2453 5616 2736 5672 orationem
2765 5632 2948 5683 meam,
2974 5627 3080 5674 etc.
3109 5619 3244 5688 Quia
3274 5610 3342 5678 de
3373 5633 3488 5681 toto

262 5718 387 5774 Non
413 5718 635 5774 adltazsit
659 5716 784 5770 mihi
810 5732 1151 5786 corpravunt.
1186 5713 1302 5770 Non
1332 5720 1450 5768 erat
1481 5714 1532 5768 in
1566 5728 1652 5772 me
1691 5713 1789 5770 ali-
1896 5714 2059 5772 corde
2091 5711 2381 5784 profertur.

186 5818 322 5892 quid
363 5815 611 5882 difﬁcile,
656 5824 750 5871 aut
793 5830 1106 5887 perversum
1147 5812 1390 5886 aliquid:
1423 5810 1519 5869 sed
1566 5811 1792 5886 aequitas
1973 5805 2094 5864 Non
2123 5814 2323 5862 avertas
2354 5803 2542 5876 faciem
2583 5813 2726 5860 tuam
2751 5820 2783 5858 α
2831 5820 2930 5862 me.
2975 5806 3032 5863 Si
3075 5809 3196 5880 quis
3238 5808 3292 5866 iu
3323 5812 3495 5874 corde
