4016 6338
595 274 732 332 lli?

1378 269 1723 331 APPENDIX
1766 269 1856 328 AD
1895 269 2134 330 TUMUM
2175 268 2531 333 SEPTIMUM
2569 273 2627 332 S.
2672 271 3083 331 HIERONYMI.

3779 273 3952 331 H28

591 393 794 450 mundo
832 402 974 460 mat,
1008 400 1065 448 et
1107 405 1214 447 non
1259 390 1504 462 arguitur
1545 406 1640 446 sua
1673 390 2006 445 conscientia
2040 409 2051 444 :
2083 390 2184 444 hoc
2209 391 2260 452 Α
2291 389 2512 445 ιιειιιεεῖ
2553 386 2621 442 Et
2669 405 2761 459 ego
2787 388 2919 443 sicut
2941 389 3117 458 fenum
3154 389 3290 443 arui.
3333 388 3604 458 Quoniam
3651 389 3803 445 sicut
3857 389 3952 446 fe-

589 494 770 556 potest
793 483 1012 540 dicere:
1046 483 1310 538 l’eccator
1328 482 1473 537 enim
1492 497 1602 537 non
1627 481 1788 537 audet
1811 481 1996 537 dicere
2025 499 2036 534 :
2066 479 2187 534 Non

586 585 789 632 avertas
829 576 1014 646 faciem
1060 585 1202 629 tuam
1229 592 1259 627 a
1300 591 1401 642 me,
1434 575 1529 630 sed
1561 574 1735 645 magis
1767 573 1936 629 dicit:
1986 575 2187 629 Avertc

587 669 782 726 faciem
819 678 962 746 tuam
995 683 1025 722 τι
1065 666 1311 737 peccatis
1341 667 1498 723 meis.
1534 665 1602 721 In
1633 682 1959 738 quacumque
1985 667 2070 720 die
2094 666 2189 719 tri-

585 764 765 829 bulor,
802 761 998 816 inclina
1029 761 1098 814 ad
1129 777 1208 815 me
1230 777 1407 816 aurem
1435 769 1575 814 tuam
1611 777 1629 814 :
1656 758 1721 813 In
1761 776 2082 831 quacumque
2103 759 2187 814 die

586 857 882 912 invocavero
923 863 969 907 te
991 869 1010 908 :
1033 853 1269 908 uelociter
1299 852 1488 907 exaudi
1524 869 1625 906 me.
1674 851 1780 906 Pro
1823 849 2182 922 pra‘sentibus

584 949 857 1021 pressaris
913 955 1052 1013 orat,
1107 955 1163 1002 ut
1212 946 1282 1001 ab
1346 945 1432 1001 his
1487 943 1946 1016 contemplatione
1996 943 2182 998 divina

587 1042 866 1113 eripiatur.

657 1136 793 1204 Quia
821 1135 1121 1208 defecerunt
1147 1136 1280 1190 sicut
1308 1139 1484 1207 fumus
1509 1135 1620 1191 dies
1649 1135 1768 1189 mei.
1804 1135 1881 1190 Ac
1909 1133 1954 1189 si
1990 1133 2138 1189 dicat
2166 1151 2176 1184 :

581 1230 885 1288 lufautulus
939 1231 1035 1298 lui,
1085 1238 1142 1286 et
1173 1229 1301 1284 dum
1347 1229 1557 1294 nescio,
1605 1228 1730 1283 veni
1781 1228 1834 1283 in
1875 1226 2174 1298 iuvenilem

586 1331 825 1390 aetatem,
881 1331 936 1379 et
991 1323 1188 1378 iterum
1236 1323 1289 1377 in
1334 1320 1625 1392 perfectam
1667 1328 1907 1387 aetatem,
1950 1328 2006 1374 et
2051 1319 2176 1374 dum

584 1415 805 1481 nescio,
839 1413 1013 1470 senui.
1062 1411 1128 1466 Et
1167 1413 1464 1485 defecerunt
1512 1413 1648 1468 sicut
1677 1416 1850 1482 [unius
1883 1412 1994 1466 dies
2042 1413 2173 1466 ntei.

580 1505 812 1574 Quidam
843 1513 1026 1561 autem
1053 1512 1242 1574 putant
1273 1519 1332 1560 se
1357 1518 1482 1560 esse
1504 1505 1889 1574 sempiternos,
1911 1512 1966 1559 et
1988 1518 2176 1572 perse-

579 1607 774 1656 verant
814 1599 867 1654 in
899 1607 1001 1654 suo
1031 1606 1276 1670 peccato.
1325 1595 1394 1652 Et
1436 1613 1555 1652 ossa
1597 1613 1707 1651 mea
1755 1599 1888 1651 sicut
1928 1597 2175 1652 cremium

578 1705 844 1750 aruerunt.
872 1694 1004 1750 Ossa
1029 1693 1160 1751 dicit
1182 1695 1352 1762 ipsam
1368 1693 1770 1749 fortitudinem.
1797 1693 1856 1749 Si
1875 1709 2009 1765 ergo
2029 1694 2172 1764 quod

2296 498 2449 543 num,
2480 481 2559 534 sic
2586 480 2884 550 pertransit
2917 479 3101 548 homo,
3135 491 3189 538 et
3220 483 3478 539 siccatur.

2363 570 2443 626 Tu
2466 588 2782 645 exsurgens,
2817 571 3136 628 misereberis
3177 572 3330 629 Sion.
3366 575 3446 629 Ex
3490 573 3596 631 hoc
3621 574 3950 631 versiculo

2295 667 2646 722 manifestum
2679 676 2766 722 est
2796 667 2940 738 quod
2969 681 3035 722 ex
3068 683 3298 738 persona
3324 669 3460 726 Sion
3487 671 3674 726 dictus
3699 677 3793 727 est.
3815 672 3948 724 iste

2291 759 2532 829 psalmus
2570 777 2580 811 :
2615 767 2671 814 et
2703 775 2810 813 non
2841 774 2914 814 ex
2946 773 3174 830 persona
3204 762 3508 832 prophetae.
3541 762 3680 818 Sion
3719 773 3941 818 autem

2295 862 2378 908 cst
2399 870 2518 923 qua:
2547 853 2599 908 in
2629 853 2848 923 specula
2879 851 3052 923 posita
3093 864 3196 920 est,
3228 864 3284 910 et
3327 871 3390 911 ea
3420 872 3546 928 quze
3571 856 3817 913 veniunt
3855 858 3944 912 de

2292 945 2452 1016 longe
2487 947 2852 1018 prospiciens.
2881 947 3004 1002 llazc
3031 962 3164 1019 ergo
3199 948 3370 1016 Sion,
3401 965 3523 1020 qum
3566 951 3621 1006 in
3655 950 3780 1006 alto
3813 967 3942 1022 po-

2289 1038 2390 1094 sita
2409 1048 2516 1102 est,
2547 1041 2598 1093 in
2633 1039 2872 1094 sublime
2903 1037 3125 1095 cecidit.
3161 1040 3304 1112 Ergo
3331 1041 3422 1112 qui
3451 1052 3584 1107 stat,
3613 1042 3808 1099 videat
3847 1061 3938 1099 nc

2287 1131 2448 1188 cadat
2473 1131 2538 1204 (Ι
2572 1131 2697 1188 Cor.
2727 1149 2757 1188 ι
2779 1132 2820 1204 ).
2859 1133 2993 1201 Quia
3035 1145 3234 1206 tempus
3275 1135 3556 1191 ntiserendi
3583 1139 3700 1204 eius
3730 1152 3750 1189 :
3782 1138 3934 1208 quia

2287 1227 2420 1280 venit
2458 1235 2684 1298 tempus.
2728 1227 2833 1281 Aut
2865 1235 3086 1298 propter
3113 1227 3492 1298 ptenitentiam
3541 1239 3770 1301 tempus
3815 1241 3927 1286 est

2288 1318 2579 1374 miserendi
2609 1337 2619 1371 :
2645 1329 2735 1373 aut
2761 1319 3056 1374 secundum
3084 1321 3374 1374 adventum
3399 1320 3706 1378 Salvatoris
3729 1321 3864 1394 sign
3877 1322 3928 1377 i—

2288 1412 2434 1466 ticat.
2465 1411 2715 1467 Conﬁdat
2745 1427 2884 1482 ergo
2912 1412 3002 1482 qui
3034 1413 3147 1483 agit
3178 1414 3555 1482 penitentiam
3587 1431 3602 1466 :
3635 1415 3923 1486 quoniam

2286 1507 2434 1561 venit
2477 1515 2692 1577 tempus
2721 1505 2983 1562 salvandi.
3036 1507 3350 1563 Misericors
3381 1517 3462 1564 est
3506 1508 3657 1565 enim
3707 1508 3921 1565 Domi-

2287 1613 2390 1654 nus
2421 1596 2594 1669 (Psat.
2621 1614 2804 1654 Lxxvn
2835 1606 2882 1653 et
2915 1598 3062 1653 Eccl.
3090 1598 3174 1669 ιι).

2359 1691 2616 1758 Quoniam
2639 1690 2943 1762 placuerunt
2961 1693 3121 1748 servis
3147 1693 3246 1747 tuis
3270 1693 3470 1766 lapides
3491 1697 3629 1766 ejus.
3658 1693 3916 1766 Lapides

579 1797 664 1845 cst
696 1789 748 1843 in
783 1801 870 1844 me
898 1786 1059 1856 forte,
1096 1788 1200 1842 hoc
1227 1787 1392 1853 aruit,
1417 1796 1473 1842 et
1503 1786 1776 1841 inﬁrmum
1807 1783 2005 1841 factum
2041 1795 2125 1841 est
2157 1803 2169 1840 :
2205 1793 2251 1854 Β
2281 1785 2452 1840 sancti
2485 1793 2630 1840 sunt.
2663 1784 2836 1840 Terra
2875 1795 3090 1852 autetn,
3120 1785 3222 1842 hoc
3254 1797 3356 1856 est,
3407 1797 3757 1858 peccatores,
3792 1789 3914 1844 mi-

577 1891 784 1954 quanto
806 1880 977 1952 magis
999 1896 1119 1952 qua:
1154 1895 1251 1951 per
1272 1893 1520 1936 naturam
1555 1879 1766 1935 inﬁrma
1790 1887 1876 1935 est
1895 1881 2066 1935 caro?

653 1973 941 2029 Percussus
962 1988 1078 2028 sum
1112 1982 1165 2026 ut
1188 1959 1386 2044 fenum,
1419 1982 1468 2028 et
1497 1975 1632 2029 aruit
1665 1990 1754 2027 cor
1780 1989 1966 2027 meum.
2021 1973 2175 2030 Sicut

576 2076 632 2125 et
661 2065 788 2122 alibi
831 2066 1092 2137 scriptmn
1124 2076 1210 2122 est
1239 2085 1252 2122 :
1283 2067 1457 2122 llomo
1497 2068 1635 2122 sicut
1666 2067 1848 2124 fenum
1875 2067 1994 2123 dies
2027 2067 2166 2136 ejus.

575 2160 667 2217 Sic
687 2160 834 2216 enim
877 2159 987 2216 vita
1015 2159 1300 2215 hominum
1331 2161 1490 2227 viret,
1525 2171 1582 2214 et
1619 2162 1730 2214 cito
1765 2161 1985 2214 arescit.
2035 2160 2172 2228 Quia

573 2252 762 2307 oblitus
790 2269 904 2307 sutn
935 2252 1252 2306 manducare
1273 2269 1458 2323 panem
1497 2267 1684 2306 meum.
1720 2250 1836 2306 Non
1871 2251 2025 2316 dixit,
2062 2268 2168 2306 non

574 2346 886 2402 desideravi
927 2345 1278 2414 manducare,
1322 2355 1416 2401 aut
1458 2347 1767 2416 contempsi
1809 2345 2166 2400 manducare.

571 2437 843 2494 lntantum
877 2439 1008 2493 tnihi
1042 2439 1189 2495 venit
1219 2438 1485 2494 memoria
1516 2446 1866 2508 peccatorum
1899 2452 2163 2504 meorum,

569 2539 627 2588 et
647 2533 812 2587 talem
836 2531 1213 2600 paenitentiam
1237 2530 1345 2602 egi,
1370 2539 1430 2585 ut
1446 2529 1611 2587 etiam
1626 2529 1989 2586 obliviscerer
2017 2544 2168 2584 man-

572 2625 774 2681 ducare
804 2642 816 2678 :
847 2622 1189 2681 desiderium
1231 2623 1327 2678 Dei
1377 2622 1616 2691 habens,
1660 2632 1715 2678 et
1762 2621 1939 2694 ipsum
1987 2622 2164 2678 solum

573 2717 954 2774 considerans.

640 2813 682 2867 Α
709 2827 828 2868 voce
873 2813 1094 2884 gemitus
1127 2813 1226 2868 mei
1257 2828 1276 2868 :
1304 2812 1524 2868 adhwsit
1556 2829 1620 2869 os.
1641 2828 1808 2867 meum
1842 2811 1986 2867 carni
2016 2825 2164 2866 mete.

572 2905 795 2962 Discant
822 2905 915 2977 qui
955 2916 1121 2978 agunt
1165 2907 1568 2978 pmnitentiam,
1612 2903 1889 2976 quomodo
1929 2903 2166 2960 debeant

567 3013 734 3070 agere
758 2998 1162 3070 paenitentiam.
1189 2999 1264 3055 Ita
1295 3000 1440 3056 enim
1471 2998 1747 3056 exsiccavi
1777 2997 2162 3069 memetipsum

566 3103 626 3150 ut
652 3093 767 3150 sine
796 3109 962 3150 carne
999 3108 1203 3162 essem,
1237 3102 1293 3149 et
1323 3092 1498 3164 pelles
1535 3107 1672 3148 mea:
1704 3091 2051 3148 coluerercnt
2076 3104 2164 3145 os-

565 3187 717 3243 sibus
747 3187 903 3244 meis.
937 3187 1170 3243 Carnem
1197 3202 1298 3258 pro
1329 3186 1469 3258 pelle
1497 3184 1654 3241 dixit.

640 3282 843 3339 Similis
877 3284 1046 3355 factus
1085 3298 1201 3336 sum
1249 3281 1514 3353 pellicano
1549 3280 1870 3336 solitudinis.
1915 3278 2029 3334 Duo
2071 3293 2165 3348 ge-

525 3381 530 3384 ’
565 3391 695 3432 nera
713 3376 967 3432 dicuntur
986 3391 1111 3432 esse
1139 3377 1332 3432 horum
1358 3375 1686 3430 volatilium.
1715 3373 1893 3430 Unum
1925 3375 1975 3429 in
2001 3376 2161 3443 aquis

562 3475 670 3534 est,
699 3475 755 3524 et
777 3483 902 3525 esca
925 3469 1044 3538 eius
1073 3469 1253 3539 pisces
1273 3477 1403 3524 sunt
1435 3487 1448 3522 :
1485 3476 1542 3524 et
1570 3484 1736 3524 unum
1760 3469 1812 3524 in
1844 3469 2156 3539 solitudine,

561 3571 618 3618 ct
641 3577 767 3618 esca
797 3561 916 3633 ejus
945 3573 1212 3618 venenata
1249 3560 1525 3628 animalia,
1564 3561 1666 3619 hoc
1708 3569 1814 3628 est,
1855 3571 2156 3632 serpentes,

564 3665 620 3710 et
648 3654 928 3722 crocodili,
967 3664 1023 3710 et
1049 3653 1292 3710 lacertae.
1345 3653 1617 3709 Dicuntur
1654 3663 1834 3710 autem
1883 3654 1983 3712 ista
2013 3655 2162 3710 vola-

562 3751 680 3810 tilia
706 3749 897 3806 Latine
927 3747 1244 3804 onocrotali.
1294 3745 1377 3804 llli
1422 3763 1557 3819 ergo
1598 3747 1793 3803 similis
1837 3748 2012 3804 lactus
2037 3765 2158 3805 sum

559 3846 650 3916 qui
682 3854 769 3901 est
797 3845 852 3900 in
877 3843 1176 3901 solitudine
1207 3859 1221 3898 .'
1256 3843 1351 3917 qui
1381 3843 1622 3900 comedit
1651 3852 1916 3901 venenata
1950 3845 2160 3900 anima-

564 3938 659 4005 lia,
693 3939 796 3995 hoc
845 3949 952 4009 est,
1000 3957 1125 3999 esca
1167 3956 1287 3997 mea
1331 3940 1489 4012 quasi
1531 3956 1803 3996 venenum
1852 3950 1973 3996 erat
2002 3941 2153 3996 mihi.

564 4031 763 4087 Factus
782 4051 896 4088 sum
915 4035 1047 4089 sicut
1070 4037 1373 4106 nycticorax
1399 4037 1453 4091 in
1475 4036 1760 4091 domicilio.
1787 4037 2003 4092 Scimus
2030 4038 2154 4107 quia

558 4139 756 4182 corvus
785 4125 943 4198 niger
969 4137 1051 4182 est
1079 4144 1094 4180 :
1117 4135 1173 4183 et
1198 4127 1332 4182 nihil
1360 4127 1527 4183 habet
1552 4129 1605 4182 in
1631 4143 1692 4184 se
1713 4129 1917 4183 album.
1943 4128 2155 4200 Hyper-

559 4216 736 4274 bolico
765 4217 933 4273 voluit
978 4217 1166 4274 dicere
1199 4235 1214 4268 :
1247 4218 1396 4290 quia,
1438 4215 1637 4274 Factus
1677 4237 1791 4274 sunt
1829 4220 1962 4273 sicut
1993 4219 2156 4290 ngcti-

559 4325 741 4364 corax.
773 4309 863 4365 Sic
908 4325 1039 4378 ergo
1083 4311 1137 4364 in
1171 4309 1261 4366 die
1298 4311 1451 4382 niger
1492 4322 1575 4367 est
1610 4322 1852 4381 :quanto
1900 4313 2073 4382 magis
2102 4314 2154 4368 in

557 4403 754 4459 nocte?
797 4403 891 4460 Sic
944 4419 1076 4475 ergo
1121 4402 1299 4460 factus
1342 4420 1462 4461 sum
1493 4411 1719 4476 propter
1744 4416 1964 4476 peccata
2009 4421 2148 4475 mea,

560 4496 940 4568 memetipsum
972 4496 1351 4554 considerans.

2279 1875 2576 1932 scricordia
2608 1875 2825 1933 Domini
2857 1877 3120 1949 indigent.
3153 1877 3220 1932 Et
3258 1890 3407 1934 teme
3433 1883 3542 1947 eius
3574 1881 3914 1937 misereban-

2279 1984 2381 2029 tur.
2412 1973 2482 2030 Ut
2513 1974 2746 2030 fructum
2779 1973 3036 2031 exhibeat
3066 1977 3392 2032 sanctitatis.

2353 2067 2624 2123 Tintebunt
2646 2079 2822 2140 gentes
2847 2087 3029 2125 nomen
3065 2069 3310 2125 Domini:
3333 2080 3380 2125 et
3400 2087 3578 2127 omnes
3608 2089 3757 2145 reges
3788 2082 3907 2130 ter-

2277 2177 2350 2216 ra:
2372 2161 2593 2234 gloriam
2624 2173 2784 2217 tuam.
2812 2162 2946 2230 Qum
2976 2163 3125 2232 prius
3155 2162 3302 2219 idola
3328 2165 3670 2234 tnctuebant,
3697 2175 3752 2223 et
3777 2168 3900 2223 dsco

2277 2255 2586 2311 moniorum
2621 2257 2842 2312 nomina
2897 2255 3224 2313 invocabant
3261 2276 3274 2314 :
3310 2273 3452 2314 nunc
3481 2274 3686 2316 nomen
3735 2270 3896 2317 tuum

2274 2355 2608 2402 venerentur
2641 2356 2698 2402 et
2722 2348 2964 2403 timeant.

2349 2437 2487 2505 Quia
2509 2438 2790 2508 tecti/icabit
2814 2437 3073 2494 Dominus
3099 2439 3253 2496 Sion.
3280 2440 3593 2500 Ecclesiam
3617 2458 3768 2500 suam
3790 2460 3894 2502 su-

2272 2545 2369 2601 per
2396 2531 2810 2589 fundamentum
2843 2533 3222 2603 apostolorum
3254 2544 3309 2590 et
3337 2535 3734 2608 prophetarum
3762 2557 3774 2593 :
3813 2538 3889 2592 Et

2268 2624 2525 2680 videbitur
2568 2627 2620 2679 in
2642 2625 2811 2697 gloria
2841 2642 2958 2680 sua.
2985 2623 3120 2680 Cum
3150 2641 3310 2683 omne
3331 2643 3535 2699 corpus
3571 2630 3690 2700 ejus
3709 2630 3889 2702 glori-

2271 2717 2514 2774 fic.tverit
2541 2716 2609 2773 ad
2634 2717 3054 2774 similitudinem
3092 2718 3346 2790 imaginis
3373 2721 3568 2791 glorize
3596 2738 3730 2778 sum.

2342 2811 2406 2866 Et
2436 2812 2661 2882 respexit
2691 2813 2744 2866 in
2772 2813 3059 2866 orationem
3094 2810 3375 2867 hutnilium
3401 2829 3419 2866 :
3451 2823 3499 2868 et
3549 2831 3653 2869 non
3684 2816 3883 2886 sprevit

2267 2922 2439 2977 preces
2468 2921 2665 2960 eorum.
2695 2904 2800 2961 Sed
2857 2904 3095 2962 adventu
3146 2919 3248 2960 suo
3274 2905 3512 2962 visitavit
3572 2908 3834 2964 mundum
3863 2926 3878 2962 :

2265 2999 2356 3070 qui
2385 3000 2514 3055 olim
2541 2998 2980 3055 desiderabatur.

2339 3092 2651 3149 Scribuntur
2681 3094 2789 3148 [nec
2817 3094 2870 3147 in
2902 3093 3236 3166 generatione
3261 3093 3448 3149 altera.
3478 3093 3535 3149 In
3568 3109 3715 3152 noro
3745 3094 3884 3150 Tesc

2189 3189 2235 3252 C
2273 3197 2530 3245 tameulo.
2580 3187 2644 3242 lt't
2674 3186 2900 3260 populus
2931 3189 3020 3258 qui
3046 3188 3362 3258 ocreabitur,
3405 3188 3642 3243 laudabit
3694 3189 3882 3244 Domi-

2267 3300 2413 3337 num.
2442 3282 2792 3338 Christianus
2816 3283 3025 3354 utique,
3051 3285 3142 3354 qui
3168 3284 3316 3354 prius
3340 3284 3576 3354 peccatis
3598 3295 3878 3352 mortuus,

2268 3379 2319 3432 iu
2343 3393 2410 3433 eo
2435 3386 2520 3434 est
2555 3386 2857 3432 recreatus.

2340 3470 2474 3538 Quia
2498 3469 2762 3542 prospexit
2802 3469 2867 3523 de
2893 3467 3094 3524 excelso
3124 3477 3301 3523 sancto
3337 3485 3432 3523 suo
3467 3484 3484 3524 :
3513 3465 3781 3523 Dominus
3811 3469 3881 3524 de

2264 3565 2388 3619 (celo
2414 3567 2468 3620 in
2517 3575 2705 3620 terram
2743 3565 2965 3644 aspea_:it.
3002 3562 3073 3618 Ut
3110 3563 3312 3618 audiret
3351 3563 3570 3634 gemitus
3604 3563 3881 3634 comperti-

2203 3665 2208 3671 '
2265 3669 2435 3714 torum
2470 3674 2486 3712 :
2520 3667 2572 3712 ut
2627 3656 2793 3713 solvat
2837 3656 2978 3727 filios
3027 3657 3470 3727 interemptorum.
3503 3655 3774 3726 RcSpexit
3819 3665 3878 3710 ut

2263 3751 2638 3808 misereretur.
2673 3749 2967 3806 Descendit
2999 3759 3058 3806 ut
3085 3749 3325 3817 vincula,
3370 3747 3568 3820 quibus
3593 3748 3722 3803 nexi
3751 3763 3878 3805 era-

2265 3862 2410 3912 mus,
2446 3844 2777 3900 absolveret.

2339 3936 2406 3993 Ut
2454 3938 2762 3993 annuntient
2789 3938 2841 3990 in
2877 3937 3006 3993 Sion
3059 3953 3244 3992 nautea
3275 3935 3521 4004 Domini,
3577 3945 3626 3992 et
3657 3937 3874 3992 laudem

2261 4034 2374 4104 ejus
2403 4033 2454 4085 in
2497 4029 2817 4086 Jerusalem.
2844 4030 3072 4101 Semper
3101 4030 3280 4085 bonus
3308 4031 3554 4098 nuntius,
3601 4044 3747 4084 nova
3776 4046 3874 4085 ex-

2262 4122 2412 4180 hibet
2462 4123 2662 4195 gaudia
2692 4140 2704 4176 :
2737 4121 2883 4178 sicut.
2907 4121 3152 4194 Angelus
3178 4123 3244 4177 ad
3292 4122 3516 4177 Mariam
3544 4139 3556 4176 :
3591 4121 3868 4194 Spiritus,

2259 4215 2465 4288 inquit,
2500 4226 2722 4272 sanctus
2759 4216 3117 4287 superveniet
3165 4217 3218 4272 in
3270 4225 3322 4270 te
3350 4217 3367 4285 (
3392 4213 3519 4269 Luc.
3546 4213 3620 4286 t).
3655 4215 3730 4270 Et
3762 4217 3869 4273 ite—

2260 4325 2378 4366 rum
2440 4309 2798 4381 pastoribus:
2834 4305 2975 4365 Ecc‘e
3033 4323 3136 4379 ego
3185 4309 3448 4363 annuntio
3494 4307 3649 4363 vobis
3703 4306 3870 4364 hodie

2257 4403 2513 4476 gaudium
2571 4418 2824 4474 magnum
2864 4421 2876 4456 :
2923 4401 3049 4472 quia
3097 4409 3253 4457 natus
3294 4410 3379 4457 est
3414 4400 3572 4456 vobis
3607 4400 3868 4458 Salvator

2263 4499 2462 4572 (lbid.,
2490 4517 2526 4556 ιι
2545 4499 2771 4573 ).5ἱε1ει
2801 4514 2945 4555 nunc
2969 4499 3020 4554 in
3048 4499 3177 4556 Sion
3193 4499 3278 4556 vel
3306 4498 3360 4553 in
3390 4499 3700 4556 Jerusalem
3725 4517 3868 4556 nun-

631 4589 766 4658 Quia
787 4591 1010 4648 cinerem
1037 4601 1296 4663 tamquam
1327 4609 1512 4662 panem
1541 4594 1868 4649 manducavi.
1912 4594 1969 4649 In
1998 4595 2146 4651 cine-
2178 4587 2234 4650 D
2261 4596 2427 4652 tiatur
2461 4615 2475 4652 :
2503 4597 2628 4666 quia
2663 4603 2821 4650 natus
2851 4605 2937 4651 est
2966 4595 3019 4650 in
3050 4594 3211 4652 terris
3239 4596 3286 4650 is
3321 4595 3412 4666 qui
3442 4593 3646 4649 mundo
3674 4607 3867 4664 pecca-

552 4699 669 4742 rem
702 4685 1032 4758 intingebam
1064 4703 1258 4758 panem
1305 4703 1484 4744 meum
1517 4707 1530 4743 :
1561 4697 1615 4744 et
1657 4689 1737 4745 sic
1771 4689 2145 4745 comedebam.

553 4778 611 4838 Si
644 4795 772 4851 ergo
805 4782 1070 4853 propheta
1119 4781 1224 4838 hoc
1271 4782 1425 4853 dicit,
1476 4799 1576 4838 nos
1616 4783 1742 4852 quid
1788 4782 2051 4839 facimus?
2083 4783 2151 4837 Et

551 4869 796 4946 poculum
826 4892 995 4931 meum
1037 4892 1153 4930 cum
1182 4878 1308 4947 ﬂetu
1355 4876 1650 4932 miscebant.
1681 4875 1828 4933 Nihil
1869 4879 2002 4934 mihi
2029 4885 2148 4934 erat

548 4985 739 5039 suave,
784 4986 963 5043 neque
1001 4972 1178 5042 panis,
1230 4986 1407 5042 neque
1449 4971 1748 5041 poculum:
1799 4972 1893 5027 sed
1938 4981 2145 5027 tantum

553 5063 834 5121 caelestem
866 5079 1061 5136 panem
1091 5063 1496 5134 desiderabam,
1537 5065 1590 5121 id
1623 5073 1710 5122 est
1734 5064 2032 5122 Christum.

618 5157 662 5210 Α
691 5157 827 5228 {acie
861 5158 954 5211 ira:
974 5157 1350 5229 indignationis
1381 5166 1506 5212 tute.
1537 5157 1605 5212 Et
1637 5157 1753 5213 haec
1775 5159 1956 5214 omnia
1981 5158 2145 5216 facie-

543 5247 693 5316 bam,
733 5247 1095 5304 considerans
1127 5247 1422 5305 adventum
1456 5257 1607 5304 tuum
1639 5259 1695 5305 et
1725 5249 1966 5306 futurum
1999 5251 2143 5322 judi-

541 5339 711 5396 cium.
740 5341 876 5407 Quia
911 5344 1114 5396 elevans
1152 5343 1360 5397 allisisti
1394 5359 1492 5397 me.
1543 5341 1657 5397 Hoc
1696 5341 1880 5398 dicant
1913 5345 2002 5415 qui
2038 5345 2142 5400 ali-

540 5433 759 5506 quando
789 5431 1013 5491 fuerunt
1038 5433 1237 5502 sancti,
1268 5444 1323 5490 et
1348 5434 1689 5492 ceciderunt.
1724 5435 1962 5493 Exaltati
1989 5437 2136 5494 enim

540 5524 595 5584 in
629 5526 938 5595 virtutibus,
963 5537 1152 5599 postea
1179 5527 1519 5584 ceciderunt.
1553 5527 1832 5600 Siquidem
1859 5530 2032 5586 sancti
2055 5529 2140 5586 di-

537 5629 669 5677 cunt
702 5640 714 5674 ε
745 5621 869 5692 quis
901 5621 1125 5679 elevans
1153 5621 1382 5679 tenuisti
1422 5637 1529 5678 me.

609 5713 734 5768 Dies
763 5715 862 5768 mei
881 5716 1012 5769 sicut
1035 5717 1219 5770 umbra
1249 5716 1662 5770 declinaverunt.
1691 5715 1907 5783 Sidies,
1931 5724 2136 5787 quanto

536 5803 711 5873 magis
737 5806 1096 5892 noctestltoc
1138 5816 1246 5878 est,
1276 5808 1321 5866 si
1374 5807 1583 5875 lumen,
1616 5815 1817 5879 quanto
1857 5807 2027 5882 magis
2057 5817 2130 5866 te-

2257 4687 2324 4744 tis
2353 4696 2570 4744 mortuo
2591 4687 2752 4743 vitam
2779 4687 3020 4743 afferret.

2325 4781 2392 4836 In
2445 4782 2794 4838 convenientia
2833 4782 3058 4854 populos
3088 4782 3140 4836 in
3169 4797 3329 4836 unum
3351 4798 3370 4836 :
3397 4792 3446 4836 et
3472 4796 3614 4853 reges
3639 4789 3697 4834 ut
3746 4797 3859 4836 ser-

2252 4874 2391 4929 viant
2422 4872 2666 4929 Domino.
2700 4875 3041 4932 Convenient
3063 4875 3117 4930 in
3139 4890 3246 4930 una
3274 4873 3624 4940 credulitate,
3653 4882 3714 4928 ut
3740 4888 3859 4930 ser-

2251 4968 2401 5023 viant
2429 4967 2804 5038 Redemptori.

2331 5060 2615 5133 Respondit
2668 5061 2714 5115 ei
2759 5060 2814 5114 in
2844 5062 2928 5116 uia
2958 5061 3158 5115 virtutis
3184 5078 3294 5116 sua:
3325 5076 3343 5116 :
3371 5062 3687 5131 paucitatem
3739 5060 3854 5115 die-

2251 5169 2367 5208 rtun
2401 5169 2632 5209 meorum
2661 5155 2844 5208 nuntia
2889 5154 3038 5208 mihi.
3072 5153 3374 5226 Respondit
3397 5154 3664 5210 Dominus
3692 5153 3854 5210 Jeru-

2251 5248 2418 5304 salem
2447 5248 2502 5304 in
2525 5249 2612 5303 die
2639 5247 2856 5302 virtutis
2879 5289 2894 5313 ,
2924 5247 2976 5303 id
3008 5257 3091 5304 est
3116 5291 3131 5316 ,
3163 5263 3287 5304 cum
3310 5247 3377 5303 ad
3411 5250 3724 5317 passionem
3759 5262 3852 5306 ac-

2249 5341 2474 5398 cederet
2505 5359 2516 5394 :
2551 5349 2606 5395 et
2634 5339 2984 5396 annuntiavit
3009 5341 3340 5411 paucitatem
3361 5341 3572 5398 dierum
3592 5356 3847 5407 suorum,

2249 5433 2480 5490 dicens:
2515 5433 2652 5503 Quia
2703 5431 2925 5489 venient
2989 5432 3106 5489 dies
3139 5447 3262 5488 cum
3313 5433 3747 5490 circumdaberis
3777 5432 3848 5488 ab

2244 5526 2504 5595 inimicis,
2536 5533 2591 5582 et
2623 5524 2988 5582 eradicaberis
3011 5524 3164 5598 (Luc.
3195 5527 3342 5598 xIx).
3375 5536 3430 5582 et
3463 5525 3698 5597 reliqua.

2319 5621 2382 5676 Et
2412 5637 2474 5676 ne
2494 5635 2697 5676 revoces
2727 5634 2807 5673 me
2832 5619 2882 5672 in
2917 5618 3135 5673 dimidio
3157 5619 3359 5672 dierum
3383 5635 3612 5675 meorum
3637 5635 3657 5674 :
3682 5619 3739 5673 in
3759 5635 3844 5691 ge-

2245 5716 2510 5769 neratione
2542 5723 2591 5768 et
2620 5710 2996 5784 generationem
3042 5711 3166 5765 anni
3210 5711 3302 5764 tui.
3341 5710 3516 5784 luiqui
3551 5727 3655 5770 nec
3683 5712 3847 5768 diuti-

2239 5807 2393 5866 diant
2419 5806 2698 5878 dies(Ps.
2733 5804 2879 5876 LIV).
2915 5806 3023 5864 Istc
3049 5819 3178 5864 vero
3213 5816 3353 5876 orat,
3387 5817 3443 5864 ut
3478 5824 3589 5868 non
3621 5824 3844 5870 revoce-
