4016 6356
170 288 332 347 ιιειι

1158 288 1586 349 BREVI.\RIUM
1628 286 1693 345 IN
1731 285 2069 346 PSALMOS.
2112 286 2358 346 PSALM.
2396 288 2505 345 Cll.

3341 295 3482 355 H30

163 407 276 456 tur
328 414 362 455 a
393 397 620 456 dimidio
644 398 880 467 dierum,
923 399 1132 458 scilicet
1160 411 1218 458 ut
1255 403 1324 460 ad
1353 403 1652 473 perfectum
1684 417 1777 459 ve-
1802 402 1861 466 Α
1888 402 2031 458 dicat
2060 420 2076 459 :
2106 402 2333 472 Quando
2363 402 2561 474 aliquis
2591 402 2754 459 habet
2808 404 3058 475 Spiritum
3109 406 3436 463 inﬁrtnitatis
3458 450 3473 475 ,

154 491 348 550 niens
362 493 540 548 virum
563 492 909 566 perennitatc
925 501 1227 566 temporum
1250 510 1371 553 cum
1403 496 1635 552 Domino
1657 510 1781 565 per-

167 581 419 639 fruatur.

256 674 430 732 Initio
459 685 536 746 tu,
570 677 814 746 Domine,
869 688 1060 735 terram
1089 681 1351 753 fundasti,
1386 691 1433 736 et
1471 697 1629 751 opera
1672 698 1782 737 ma-

168 786 353 827 nuum
399 780 606 827 tuarum
633 780 756 827 sunt
793 774 928 829 cali.
951 773 1105 830 Sicut
1130 775 1274 830 enim
1306 774 1359 829 in
1392 775 1658 845 principio
1681 774 1779 829 ista

167 865 390 922 creasti
441 882 456 920 :
510 866 582 922 ita
631 874 688 922 et
736 882 880 924 nunc
904 867 992 924 vel
1034 875 1235 924 terram
1257 868 1507 938 corporis
1533 867 1704 923 nostri
1727 867 1779 923 in

172 975 394 1018 novum
416 975 638 1030 reparas
667 961 974 1019 hominem:
998 962 1085 1019 vel
1118 971 1329 1019 mentes
1357 970 1572 1018 nostras
1613 962 1784 1018 caelo—

169 1068 310 1114 rum
341 1052 604 1124 dignitate
628 1055 937 1126 componis.
960 1054 1068 1113 Sed
1097 1054 1166 1110 de
1193 1055 1468 1126 prioribus
1486 1053 1644 1111 colis
1669 1052 1780 1108 ait:

259 1144 379 1217 Ipsi
404 1146 665 1215 peribunt,
724 1156 777 1202 tu
826 1155 996 1202 autem
1036 1162 1326 1217 permanes.
1374 1146 1543 1203 Juxta
1595 1145 1781 1201 illud:

168 1239 401 1298 Caelum
426 1248 484 1296 et
501 1249 644 1297 terra
669 1239 1013 1295 transibunt:
1039 1240 1210 1296 verba
1231 1254 1363 1297 vero
1378 1254 1499 1297 mea
1520 1253 1627 1295 non
1651 1251 1788 1308 prte-

174 1335 435 1393 teribunt
460 1332 677 1407 (Matth.
698 1350 849 1401 mu,
877 1342 925 1388 et
960 1332 1127 1388 Marc.
1158 1348 1251 1389 xm
1269 1333 1312 1405 ).
1343 1331 1413 1388 Et
1456 1349 1632 1387 omnes
1658 1332 1788 1386 sicut

174 1430 546 1486 uestimentum
572 1436 904 1485 veterascent.
936 1428 1004 1481 Et
1043 1427 1180 1483 sicut
1211 1430 1526 1498 opertorium
1568 1424 1788 1480 mutabis

172 1538 300 1593 eos,
333 1530 384 1578 rt
430 1520 769 1577 mutabuntur
790 1535 812 1576 :
840 1530 897 1575 tu
944 1529 1118 1575 autem
1162 1520 1297 1574 idem
1324 1518 1435 1590 ipse
1458 1536 1530 1586 es,
1565 1528 1613 1573 et
1663 1517 1789 1572 anni

180 1616 265 1671 tui
306 1630 410 1671 non
450 1613 707 1685 deficient.
744 1613 858 1670 lloc
877 1622 995 1679 est,
1027 1612 1122 1684 qui
1148 1627 1274 1668 cras
1300 1612 1353 1667 in
1383 1611 1537 1668 etelis
1561 1652 1578 1680 ,
1610 1611 1786 1683 ipsum

180 1717 243 1767 te
273 1707 530 1766 ostendis
552 1709 604 1764 in
636 1706 819 1764 terris.
850 1706 998 1765 ldem
1027 1708 1082 1763 in
1111 1715 1270 1763 utero
1300 1706 1564 1779 virginis:
1594 1707 1708 1777 ipse
1732 1707 1786 1762 in

1883 504 2193 551 contractus
2219 503 2327 559 est,
2359 493 2617 551 deorsum
2639 495 2937 565 conSpicit,
2969 507 3169 553 terram
3200 497 3473 567 intuetur,

1883 586 2082 643 C(Bllnll
2114 586 2304 643 videre
2334 602 2438 642 non
2472 596 2669 658 potest.

1959 680 2063 748 Qui
2091 680 2298 735 redimit
2319 682 2382 735 de
2407 681 2623 735 interitu
2646 681 2803 736 vitam
2827 689 2990 737 tuam.
3020 683 3238 751 Pretio,
3272 684 3474 756 inquit,

1884 774 2149 845 redempti
2172 776 2304 830 estis
2329 793 2343 829 :
2365 775 2534 831 nolite
2558 773 2676 830 ﬁeri
2698 775 2841 831 servi
2862 775 3138 831 hominum
3156 777 3194 849 (Ι
3213 776 3335 831 Cor.
3362 792 3415 832 Vl
3430 786 3479 832 et

1887 865 2166 938 vtt).Qnod
2179 874 2264 922 est
2277 866 2453 938 majus
2464 868 2697 938 pretium
2711 883 2872 938 quam
2885 868 3200 924 Creatorem
3218 884 3315 940 pro
3325 884 3479 924 crea-

1887 967 2006 1014 tura
2036 974 2134 1015 sua
2159 959 2477 1031 sanguinem
2502 959 2767 1016 fundere?
2801 960 2906 1028 Qui
2935 972 3146 1018 coronat
3169 970 3218 1017 te
3244 964 3299 1017 in
3327 963 3481 1017 mise~

1886 1052 2114 1107 ricordia
2142 1062 2190 1106 et
2234 1052 2666 1108 miserationibus.
2698 1053 3075 1110 Praecurrente
3105 1054 3483 1110 misericordia

1887 1144 1977 1199 dat
2008 1143 2313 1210 victoriam,
2342 1141 2534 1199 tribuit
2559 1143 2818 1215 palmam.

1963 1237 2066 1305 Qui
2090 1237 2250 1309 replet
2280 1238 2335 1291 in
2364 1236 2509 1292 bonis
2532 1235 2847 1292 desiderium
2868 1246 3034 1293 tuum.
3062 1238 3408 1312 Conjungens
3432 1246 3487 1297 te

1888 1332 2094 1387 sanctis
2125 1332 2177 1386 in
2200 1329 2409 1389 caelesti
2442 1329 2769 1391 Jerusalem.

1962 1422 2315 1479 Renooabitur
2352 1430 2410 1477 ut
2455 1423 2646 1494 aquila:
2663 1424 2913 1495 juventus
2943 1434 3055 1480 tua.
3082 1425 3153 1483 Ut
3181 1441 3211 1480 a
3234 1428 3406 1483 veteri
3430 1427 3484 1483 in

1890 1529 2090 1571 novum
2113 1513 2391 1571 hominem
2425 1517 2676 1572 muteris.
3224 1528 3229 1532 '

1962 1602 2190 1662 Facieus
2215 1606 2597 1663 misericordias
2620 1609 2860 1676 Domini,
2894 1619 2943 1665 et
2957 1611 3224 1683 judicium
3252 1613 3491 1670 omnibus

1891 1698 2140 1770 injuriam
2185 1700 2518 1769 patientibus.
2568 1701 2675 1771 Ut,
2717 1705 2996 1776 oppressis
3045 1705 3261 1780 impiis,
3314 1708 3492 1781 erigat

184 1802 472 1860 infernum
512 1800 872 1859 descendens.
902 1799 1052 1857 Idem
1103 1814 1392 1871 resurgens
1436 1815 1468 1854 a
1509 1798 1738 1855 mortuis
1771 1816 1782 1852 :
1814 1795 1864 1857 Β
1893 1805 2160 1862 pauperes
2188 1807 2341 1850 suos.

182 1894 314 1968 ipse
334 1909 614 1968 regressus
640 1909 702 1951 es
732 1894 789 1949 in
818 1895 1038 1950 ctelnm.

264 1988 398 2046 Filii
447 2005 710 2046 serrorum
740 1998 950 2043 tuorum
1007 1986 1334 2043 habitabant.
1382 1986 1519 2054 Quia
1561 1984 1654 2042 tibi
1693 1998 1792 2056 per

166 2087 471 2162 apostolos
493 2096 622 2143 sunt
650 2084 846 2143 renati.
881 2084 947 2139 Et
966 2100 1137 2139 semen
1161 2099 1338 2138 eorum
1355 2083 1412 2138 in
1431 2080 1684 2138 steculum
1708 2080 1791 2135 di-

145 2182 411 2255 -rigetur.
444 2180 546 2238 Vel
573 2178 914 2251 prmdicatio,
969 2180 1055 2235 vel
1101 2178 1279 2234 virtus
1328 2193 1519 2235 eorum
1553 2177 1605 2231 in
1641 2176 1790 2232 omni

186 2286 357 2350 gente
384 2275 731 2333 distenditur.
772 2272 884 2331 Nos
915 2287 1050 2331 vero
1079 2274 1439 2344 deprecemur
1467 2271 1751 2328 Dominum
1771 2311 1787 2339 ,

187 2378 254 2428 ut
282 2370 537 2427 exaudiat
570 2369 855 2425 orationes
897 2367 1232 2439 supplicum,
1277 2365 1553 2422 mentibus
1586 2364 1790 2420 nostris

192 2463 408 2522 inserat
445 2462 630 2521 lumen
661 2476 818 2518 suum
854 2478 868 2516 :
900 2470 959 2517 ut
988 2461 1107 2532 ejus
1146 2460 1602 2532 magniﬁcentiam
1632 2472 1793 2515 enar-

191 2562 409 2623 rantes,
457 2569 776 2613 mereamur
822 2553 1025 2609 sanctis
1062 2552 1181 2624 ejus
1218 2560 1503 2608 consortes
1540 2550 1686 2608 efﬁci
1734 2550 1789 2606 in

190 2650 507 2709 ccclestibus
538 2650 751 2722 regnis.
774 2648 877 2706 Cui
909 2648 1082 2721 gloria
1110 2657 1165 2703 et
1186 2646 1472 2719 imperium
1503 2646 1557 2701 in
1582 2644 1791 2703 sucula

188 2747 544 2807 mulorum.
575 2747 771 2803 Amen.

756 2906 981 2965 PSALM
990 2905 1075 2965 US
1113 2904 1221 2963 Cll.

193 3044 443 3107 Psblmus
472 3044 670 3119 David.
700 3046 807 3119 Iste
826 3045 1070 3119 psalmus
1099 3045 1339 3101 maxime
1360 3043 1507 3119 circa
1530 3043 1788 3119 pietatem

230 3128 395 3192 atque
431 3114 869 3179 misericordiam
911 3116 1008 3174 Dei
1030 3126 1396 3173 commoratur
1420 3134 1432 3171 ε
1460 3114 1543 3172 ait
1562 3114 1707 3172 enim
1734 3131 1749 3168 :

265 3281 511 3351 Benedic,
541 3283 718 3337 anima
743 3297 877 3349 mea,
900 3278 1126 3336 Domino
1150 3294 1170 3334 :
1218 3286 1265 3334 et
1292 3278 1464 3334 omnia
1492 3292 1608 3349 qua:
1650 3277 1792 3332 intra

194 3392 279 3432 me
306 3382 451 3441 sunt,
482 3375 679 3429 nomini
709 3382 890 3428 sancto
916 3373 1054 3445 ejus.
1102 3371 1307 3427 Dicitur
1332 3379 1388 3426 et
1416 3371 1469 3425 in
1492 3370 1603 3425 alio
1628 3369 1787 3424 loco:

196 3467 268 3526 Et
287 3467 525 3535 scitote,
582 3466 840 3538 quoniam
901 3465 1166 3521 Dominus
1216 3464 1333 3535 ipse
1382 3471 1467 3519 est
1496 3462 1637 3518 Deus
1668 3460 1787 3533 (Ps.

196 3560 381 3632 sets).
412 3558 482 3616 Et
516 3573 663 3616 nunc
685 3556 885 3615 dicitur
913 3576 925 3611 :
957 3555 1027 3611 Et
1048 3557 1225 3612 omnia
1250 3570 1367 3624 quia
1388 3555 1622 3609 intrante
1646 3561 1788 3619 sunt,

196 3653 397 3709 nomini
416 3662 594 3709 sancto
609 3656 744 3722 eius.
769 3650 825 3708 Si
850 3649 1174 3717 dixerimus,
1207 3647 1449 3715 Benedic,
1466 3647 1643 3701 animo
1656 3662 1789 3711 mea,

198 3747 424 3829 Domino
449 3764 468 3802 :
499 3758 557 3804 et
613 3745 875 3802 Dominus
895 3787 911 3812 ,
946 3743 1211 3801 Dominus
1241 3752 1327 3799 est
1359 3761 1372 3795 ι
1401 3741 1547 3813 quod
1592 3755 1792 3797 nomen

199 3840 295 3898 hic.
318 3842 514 3912 quterit
532 3840 833 3896 Dominus?
861 3839 917 3896 Si
945 3838 1231 3905 Dominus,
1262 3836 1522 3891 Dominus
1555 3833 1797 3904 appella-

203 3936 328 3985 tur:
352 3926 481 3997 quid
507 3925 681 3982 dicit:
714 3923 782 3980 Et
813 3925 986 3979 omnia
1012 3939 1128 3995 qute
1167 3923 1303 3977 intra
1333 3937 1412 3975 me
1430 3928 1552 3975 sunt
1597 3918 1796 3974 nomini

200 4028 379 4080 sancto
406 4019 555 4090 ejus?
576 4016 860 4073 Adventus
887 4013 1033 4080 Filii,
1084 4027 1284 4070 nomen
1311 4011 1490 4067 Patris
1514 4020 1619 4068 est.
1652 4008 1796 4066 Ante

199 4114 490 4172 adventum
509 4110 714 4169 Christi
744 4110 1019 4168 sciebatur
1037 4109 1177 4166 Dens
1201 4125 1215 4163 :
1238 4107 1401 4164 Pater
1426 4106 1791 4179 ignorabatur.

200 4205 447 4277 Denique
475 4206 592 4278 ipse
617 4203 747 4261 dicit
766 4203 822 4261 in
853 4202 1151 4272 Evangelia
1181 4220 1199 4258 :
1225 4202 1409 4267 Pater,
1433 4201 1667 4258 revelavi
1698 4216 1797 4258 uo-

198 4317 327 4360 men
367 4309 519 4357 tuum
544 4298 856 4356 hominibus
876 4298 1065 4372 (Joan.
1098 4299 1264 4372 xvtt).
1290 4300 1410 4358 Non
1434 4316 1720 4373 possumus
1740 4300 1794 4358 in

198 4396 430 4469 singulis
468 4395 755 4454 versiculis
807 4395 1084 4452 immorari
1119 4412 1136 4453 :
1174 4396 1426 4466 quoniam
1472 4396 1666 4469 longus
1712 4404 1797 4453 est

198 4489 441 4563 psalmus
471 4508 484 4545 :
515 4487 612 4546 sed
638 4489 835 4545 breves
863 4487 1215 4545 sententiolae
1263 4486 1525 4546 debemus
1571 4489 1797 4561 singulis

1968 1884 2143 1940 Notos
2164 1886 2284 1956 fecit
2310 1886 2420 1942 vias
2449 1902 2571 1942 suas
2601 1886 2776 1960 Moysi
2807 1906 2827 1945 :
2857 1891 2983 1960 ﬁliis
3013 1889 3184 1949 Israel
3204 1893 3493 1952 voluntates

1890 1993 2032 2033 suos.
2067 1975 2134 2032 Ei
2171 1978 2262 2048 qui
2292 1978 2466 2051 legem
2511 1979 2871 2051 spiritualiter
2901 1983 3174 2057 intelligit,
3206 1985 3289 2043 vel
3319 1988 3367 2043 ei
3399 1987 3490 2058 qui

1890 2084 2015 2126 eum
2044 2070 2242 2126 mentis
2268 2071 2443 2127 oculis
2473 2077 2899 2145 contemplatur.

1966 2161 2265 2219 Misericors
2309 2172 2358 2218 et
2405 2164 2677 2220 miserator
2706 2163 2964 2224 Dominus
2996 2185 3016 2224 :
3047 2170 3250 2241 patiens
3278 2180 3327 2228 et
3353 2174 3491 2228 mul-

1893 2263 2002 2310 tum
2056 2255 2369 2311 misericors.
2420 2256 2561 2325 Quia
2614 2258 2728 2314 cito
2771 2258 3009 2316 ﬂectitur
3052 2261 3120 2317 ad
3173 2264 3491 2321 misericor-

1862 2344 1866 2348 Α
1889 2348 2060 2405 diam.

1964 2441 2091 2497 Non
2120 2443 2176 2498 in
2194 2452 2502 2516 perpetuum
2520 2445 2798 2516 irascetur,
2822 2464 2981 2519 neque
3006 2449 3062 2504 in
3081 2459 3332 2506 teternum
3351 2469 3495 2508 com-

1890 2535 2197 2606 minabitur,
2228 2547 2336 2594 etc.
2374 2537 2598 2596 Meliora
2630 2541 2777 2597 enim
2806 2557 2972 2613 quam
3004 2544 3379 2612 merebamur,
3410 2547 3493 2603 in-

1891 2627 2080 2685 dulsit.
3272 2627 3283 2635 ο

1967 2721 2227 2789 Quoniam
2255 2722 2539 2778 secundum
2589 2724 2922 2780 altitudinem
2949 2727 3063 2783 caeli
3086 2746 3120 2783 a
3149 2738 3287 2785 terra
3317 2746 3496 2787 corro-

1893 2813 2088 2869 boravit
2115 2814 2528 2870 misericordiam
2561 2831 2713 2871 suam
2739 2832 2895 2889 super
2924 2819 3159 2876 timentes
3197 2838 3272 2877 se.
3314 2823 3498 2880 Distat

1891 2906 2124 2964 multum
2161 2907 2366 2965 coelum
2391 2923 2421 2963 a
2454 2917 2630 2977 terra;
2666 2910 2763 2967 sed
2790 2910 2975 2968 divina
3001 2913 3379 2972 misericordia
3409 2916 3499 2988 jn-

1889 3002 2031 3074 giter
2056 3019 2188 3062 suos
2213 3014 2271 3062 et
2304 3006 2561 3077 protegit,
2590 3016 2647 3063 et
2676 3007 2988 3067 conﬁrmat.

1965 3098 2229 3164 Quantum
2254 3098 2417 3155 distat
2445 3109 2589 3156 ortus
2611 3101 2674 3156 ab
2690 3101 2974 3169 occidente,
3004 3102 3157 3177 longe
3178 3106 3301 3176 fecit
3327 3123 3360 3159 a
3397 3124 3491 3160 no-

1815 3181 1864 3247 C
1893 3190 1969 3246 bis
1998 3190 2301 3263 iniquitates
2328 3203 2548 3248 nostras.
2586 3192 2688 3250 Ubi
2715 3192 2862 3249 Deus
2889 3196 3313 3267 appropinquat,
3340 3197 3492 3253 elon-

1892 3293 2089 3355 gantur
2130 3282 2326 3341 delicta
2357 3301 2372 3339 :
2407 3293 2496 3352 ut,
2536 3283 2695 3355 juxta
2726 3282 3052 3356 Apostolum
3077 3329 3092 3354 ,
3127 3286 3220 3343 ubi
3253 3288 3494 3344 abundat

1892 3384 2199 3447 peccatum,
2229 3376 2633 3447 snperabundet
2663 3386 2719 3433 et
2749 3377 2921 3447 gratia
2953 3377 3144 3449 (Rom.
3184 3378 3268 3451 v).

1969 3470 2243 3537 Quomodo
2291 3470 2563 3525 miseretur
2608 3478 2756 3543 pater
2809 3470 3038 3542 ﬁliorum
3061 3513 3077 3540 ,
3130 3473 3373 3529 misertus
3417 3488 3494 3532 est

1894 3560 2156 3617 Dominus
2173 3562 2465 3618 timentibus
2485 3563 2870 3634 segbliseretur
2891 3575 3047 3634 pater
3066 3564 3200 3630 ﬁlio,
3224 3582 3347 3624 cum
3364 3583 3489 3624 eum

1897 3657 2151 3713 verberat
2188 3669 2245 3712 ut
2291 3657 2566 3714 emendet.
2598 3657 2674 3714 Ita
2719 3666 2778 3715 et
2817 3657 3082 3715 Dominus
3134 3661 3362 3732 corripit
3392 3677 3492 3716 nos

1896 3750 2170 3807 interdum
2200 3758 2263 3806 ut
2283 3752 2465 3807 salvos
2494 3751 2657 3807 lactat
2688 3768 2700 3805 :
2739 3766 2847 3807 non
2877 3761 3061 3808 tamen
3085 3752 3140 3808 in
3170 3766 3489 3824 perpetuum

1898 3841 2233 3914 derelinquit
2256 3852 2318 3898 ut
2348 3842 2559 3914 perdat.

1974 3935 2234 4003 Quoniam
2274 3936 2384 4008 ipse
2411 3934 2647 4006 cognovit
2700 3934 3010 4009 figmentum
3065 3945 3319 3993 nostrum.
3376 3938 3492 3995 Scit

1898 4028 2045 4085 enim
2070 4027 2332 4099 propheta
2362 4042 2536 4098 genus
2564 4026 2863 4083 humanum
2893 4038 3170 4099 tamquam
3210 4038 3406 4085 testam
3430 4029 3493 4084 ﬁ-

1899 4119 2009 4191 guli
2048 4120 2117 4176 de
2155 4119 2270 4175 luto
2308 4118 2625 4187 formatam,
2677 4117 2733 4175 in
2780 4118 3046 4176 honorem
3078 4120 3309 4177 ﬁliorum
3348 4122 3492 4178 asci-

1902 4220 2056 4269 tum:
2085 4212 2319 4285 ideoque
2359 4212 2721 4270 considerans
2764 4213 2815 4268 ei
2845 4212 3109 4282 judicium
3160 4215 3351 4269 mortis
3396 4228 3495 4285 pro

1900 4305 2113 4364 delictis
2169 4308 2637 4380 appropinquare,
2681 4307 2757 4362 ait
2796 4306 3233 4365 misericordiam
3291 4308 3490 4380 depre-

1898 4414 2030 4456 cans
2058 4417 2072 4453 Ξ

1972 4490 2301 4549 Recordatus
2331 4503 2406 4548 est
2436 4494 2681 4564 quoniam
2716 4494 2885 4564 pulvis
2917 4509 3095 4549 sumus
3116 4536 3131 4561 ,
3176 4495 3328 4550 homo
3359 4496 3495 4550 sicut

198 4582 485 4641 versiculis
512 4591 791 4653 coaptare,
813 4581 985 4650 magis
1007 4596 1226 4639 sensum
1249 4591 1607 4654 exponentes,
1638 4598 1796 4655 quam
1823 4579 1882 4642 D
1905 4588 2083 4657 fenum
2131 4586 2240 4640 dies
2279 4586 2412 4655 ejus.
2451 4590 2530 4641 Ac
2563 4585 2609 4639 si
2650 4585 2860 4641 diceret
2889 4604 2899 4640 :
2934 4586 3052 4641 Non
3095 4587 3388 4654 irasceris,
3435 4596 3495 4643 ut

196 4674 367 4734 verba
395 4682 656 4731 terentes.

271 4767 498 4824 Benedic
525 4809 543 4834 ,
571 4768 746 4823 anima
796 4786 910 4824 mea
940 4809 956 4836 ,
1013 4768 1236 4828 Domino
1274 4786 1296 4827 :
1342 4781 1391 4827 et
1418 4772 1527 4828 noli
1571 4771 1799 4827 oblivisci

202 4877 380 4919 omnes
424 4859 790 4916 retributiones
818 4862 952 4929 ejus.
982 4860 1175 4917 Multas
1206 4863 1594 4921 retributiones
1641 4863 1800 4920 nobis

200 4952 458 5025 praestitit
512 4952 775 5009 Dominus
806 4969 819 5007 :
851 4954 1079 5025 grandia
1109 4954 1266 5011 nobis
1294 4955 1555 5013 henelicia
1582 4957 1798 5027 praesti-

201 5047 270 5103 tit
297 5064 310 5102 :
341 5048 468 5117 quia
496 5047 719 5119 cmlum,
751 5048 878 5119 quia
910 5058 1135 5119 terram,
1166 5049 1291 5121 quia
1318 5052 1585 5107 elementa
1616 5050 1801 5108 omnia

205 5156 302 5215 pro
333 5142 492 5198 nobis
518 5141 668 5200 fecit.

279 5234 384 5303 Qui
424 5236 745 5309 propitiatur
773 5236 1008 5292 omnibus
1055 5236 1420 5306 iniquitatibus
1446 5237 1569 5292 tuis.
1601 5236 1676 5295 Ut
1711 5252 1805 5295 eas

204 5331 356 5406 quasi
400 5332 604 5388 nubem
654 5331 855 5388 deleat.
906 5331 1008 5399 Qui
1053 5340 1207 5387 sanat
1256 5348 1436 5387 omnes
1476 5331 1805 5402 inﬁrmitates

208 5435 340 5482 tuas.
372 5425 608 5483 Peccata
654 5426 849 5498 quibus
875 5425 1188 5482 inﬁrmaris.
1231 5425 1427 5482 Multas
1466 5425 1809 5481 inﬁrmitates

210 5517 370 5575 habet
398 5516 582 5573 anima
609 5525 815 5573 nostra.
850 5516 992 5586 Quot
1021 5525 1263 5589 peccata,
1317 5524 1397 5573 tot
1436 5516 1807 5574 inﬁrmitates.

207 5608 455 5682 Denique
482 5620 539 5667 et
565 5609 657 5665 illa
705 5610 923 5677 mulier,
952 5610 1007 5666 in
1040 5610 1358 5682 Evangelio,
1387 5625 1509 5681 quas
1536 5609 1727 5667 decem
1757 5619 1815 5668 et

208 5711 330 5760 octo
357 5700 517 5758 annis
572 5700 813 5757 habebat
862 5701 1117 5771 spiritum
1160 5701 1512 5772 inﬁrmitatis,
1545 5712 1600 5759 et
1649 5712 1816 5775 caput

205 5808 427 5857 sursum
460 5793 680 5865 erigere
712 5807 826 5850 non
847 5803 1057 5866 poterat
1080 5796 1098 5867 (
1119 5794 1245 5851 Luc.
1280 5793 1436 5869 sui).
1466 5795 1661 5856 Videte
1683 5797 1813 5870 quid

496 5910 780 5976 ΡΑτιιοι..
827 5908 1043 5973 XXVI

1902 4684 2197 4745 conteras;
2234 4676 2331 4733 sed
2386 4676 2694 4734 recordaris
2734 4676 2879 4747 quod
2908 4691 3034 4733 vasa
3082 4673 3229 4747 ﬁguli
3264 4693 3493 4735 sumus:

1902 4783 2022 4840 qua:
2067 4768 2239 4823 semel
2270 4769 2581 4834 confracta,
2636 4767 2881 4837 reparari
2940 4781 3048 4822 non
3103 4778 3363 4837 possunt;
3396 4768 3495 4826 sed

1903 4860 2157 4932 protinus
2202 4859 2463 4916 decidunt
2488 4867 2544 4915 et
2592 4866 2866 4914 arescunt.
2911 4856 3195 4929 Tamquam
3237 4860 3337 4928 ﬂos
3378 4861 3497 4932 agri

1901 4953 1978 5008 sic
2026 4953 2287 5025 efﬂorebit.
2354 4952 2435 5008 Ad
2489 4962 2720 5024 tempus.

1984 5046 2246 5112 Quoniam
2273 5045 2486 5113 spiritus
2533 5046 2831 5116 pertransiit
2858 5044 2912 5099 in
2942 5044 3036 5100 illo
3060 5085 3074 5111 ,
3124 5052 3172 5098 et
3198 5059 3303 5099 non
3326 5046 3499 5100 subsi-

1906 5142 1993 5196 stit
2021 5155 2040 5197 :
2068 5150 2118 5195 et
2145 5156 2248 5195 non
2296 5138 2559 5211 cognoscit
2599 5137 2827 5209 amplius
2862 5136 3033 5191 locum
3075 5152 3248 5191 suum.
3295 5135 3502 5194 Trans-

1908 5247 2071 5295 eunte
2093 5247 2274 5293 autem
2296 5235 2514 5306 spiritu,
2534 5233 2712 5290 omnis
2736 5231 3047 5305 jucunditas
3065 5232 3354 5289 viriditatis
3381 5235 3501 5306 ejus

1910 5330 2143 5387 traditur
2167 5327 2457 5384 oblivioni.

1986 5422 2352 5478 Misericordia
2380 5430 2556 5478 autem
2580 5418 2795 5475 Domini
2820 5418 2885 5473 ab
2911 5428 3107 5476 interno
3130 5460 3147 5488 ,
3186 5429 3234 5475 et
3260 5436 3421 5500 usque
3448 5420 3503 5475 in

1913 5526 2166 5573 internum
2181 5532 2334 5588 super
2354 5515 2589 5570 timentes
2608 5528 2743 5567 eum.
2770 5509 2910 5581 Quia
2938 5527 3063 5569 cum
3085 5521 3402 5584 peccatores
3422 5527 3504 5567 ar-

1913 5612 2047 5685 guit,
2080 5610 2240 5682 iustis
2260 5607 2692 5667 misericordiam
2723 5607 2953 5678 praebet.

1988 5703 2059 5759 Et
2067 5704 2278 5779 justitia
2302 5705 2414 5777 ejus
2444 5703 2499 5757 in
2530 5702 2668 5771 filios
2697 5699 2929 5772 ﬁliorum
2954 5700 3033 5756 his
3054 5702 3142 5773 qui
3169 5708 3374 5758 servant
3406 5711 3513 5756 tes-

1920 5805 2201 5856 tamentum
2229 5799 2367 5872 ejus,
2415 5806 2464 5853 et
2491 5808 2739 5852 memores
2785 5803 2906 5850 sunt
2932 5794 3295 5851 mandatorum
3351 5795 3515 5868 ipsius

2916 5909 2994 5975 36
