4016 6350
568 286 701 349 {ibi

1296 240 1297 243 Ἴ
1356 286 1700 345 APPENDIX
1738 288 1830 343 AD
1868 284 2110 343 TOMUM
2149 275 2500 341 SEPTIMUM
2540 282 2601 338 S.
2647 277 3048 339 HIERONYMI.

3751 280 3921 339 uss
3982 280 3985 371 χ

568 408 638 462 ad
652 407 948 479 faciendum
986 420 1067 459 ea.
1102 404 1157 459 In
1194 400 1453 473 operibus
1501 402 1685 472 utique
1730 398 1887 455 bonis
1923 415 1938 452 :
1970 396 2170 469 quibus
2196 400 2250 462 Α
2275 395 2485 450 siculus
2508 393 2584 449 illi
2612 393 2703 464 qui
2729 391 2836 448 ait:
2865 390 3055 447 Posuit
3078 389 3334 447 tenebras
3352 388 3646 448 latibulum
3675 404 3870 446 suum
3902 409 3918 445 :

570 501 822 557 mandata
847 500 944 555 Dei
964 497 1168 569 jugiter
1195 502 1592 561 memorantur,
1617 504 1679 549 ut
1699 491 2079 549 custodiantur
2099 489 2169 546 ab

564 594 720 664 ipsis.

640 688 896 744 Dominus
934 685 990 739 in
1032 684 1159 739 caelo
1209 681 1408 754 pararit
1436 681 1607 737 sedem
1662 696 1844 744 suam,
1875 687 1922 733 et
1952 692 2168 749 regnum

566 783 731 852 ipsius
748 779 985 834 omnibus
1013 778 1386 833 dominabitur.
1412 775 1806 832 Ascensionem
1829 773 2164 828 Dominicam

566 873 832 945 praedicit,
862 887 987 942 qua:
1019 881 1139 942 post
1170 870 1572 940 reparationem
1603 868 1843 923 hominis
1869 866 2007 922 facta
2037 876 2123 921 est
2150 883 2161 918 :

570 981 667 1036 per
713 980 873 1035 quam
903 963 1155 1020 Christus
1192 963 1451 1017 Dominus
1479 961 1765 1017 universos
1803 957 1994 1014 mundi
2029 956 2165 1011 ﬁnes

567 1073 682 1114 suae
713 1056 1069 1113 dominationi
1102 1056 1338 1127 subegit.

637 1148 935 1205 Benedicite
967 1149 1276 1215 Dominum,
1308 1146 1482 1217 angeli
1511 1148 1644 1219 ejus.
1675 1143 1858 1200 Nuntii
1894 1142 2157 1199 veritatis.

566 1240 808 1295 Potentes
829 1241 1033 1302 virtute,
1058 1239 1306 1309 facientes
1331 1239 1538 1293 verbum
1561 1238 1723 1291 illius.
1746 1235 1897 1291 [Ilico
1909 1249 2030 1306 quae
2048 1233 2164 1291 fue-

562 1337 636 1392 rit
660 1337 892 1401 lorutus,
918 1333 1224 1404 explentes.
1249 1331 1328 1385 Ad
1346 1330 1660 1385 audiendam
1680 1345 1851 1383 vocem
1871 1344 2164 1384 sermonum

564 1433 697 1498 eius.
734 1430 847 1484 Hoc
876 1439 982 1499 est,
1014 1427 1322 1498 intelligere
1343 1440 1466 1496 «tum
1506 1424 1853 1495 prazceperit.

634 1522 930 1577 Benedicite
960 1520 1204 1586 Domino,
1227 1536 1398 1573 omnes
1421 1519 1630 1573 virtutes
1648 1520 1784 1590 ejus,
1807 1516 2031 1571 ministri
2050 1517 2165 1588 ejus

560 1614 646 1685 qui
675 1614 846 1684 facitis
870 1610 1185 1666 voluntatem
1208 1614 1341 1683 ejus.
1370 1609 1493 1677 Qui,
1516 1608 1719 1663 virtute
1736 1607 1883 1662 illius
1901 1605 2161 1671 roborati,

560 1705 787 1761 verbum
819 1703 1079 1760 Ecclesiis
1108 1701 1450 1758 ministratis.

2272 487 2371 545 Vel
2416 487 2495 543 illi
2537 489 2627 559 qui
2675 486 2845 543 dicit:
2885 486 3067 542 Nubes
3098 493 3153 542 et
3176 484 3351 557 caligo
3387 485 3440 541 in
3468 485 3713 541 circuitu
3738 484 3920 555 ejus.

2270 583 2377 641 Sed
2407 583 2689 640 sciendum
2719 584 2843 655 quia
2871 583 2941 639 de
2969 582 3193 639 occultis
3224 580 3500 654 mysteriis
3541 580 3648 637 ista
3681 580 3917 636 dicun-

2273 688 2401 734 tur:
2452 692 2576 735 nam
2625 678 2695 734 de
2735 676 2888 734 istius
2932 674 3070 734 lucis
3106 674 3444 748 plenitudine
3475 685 3587 731 tota
3619 685 3773 731 terra
3816 689 3916 731 re-

2271 770 2459 843 fulget.

2342 860 2642 919 Eztendens
2664 861 2849 918 etclam
2870 862 3002 918 sicut
3034 862 3241 932 pellem.
3290 862 3345 917 lu
3378 859 3601 916 modum
3632 859 3793 916 enim
3838 860 3915 914 ii-

2270 954 2355 1010 bri
2381 954 2691 1025 cujusdam,
2721 955 2839 1011 sive
2870 954 3190 1022 voluminis,
3215 954 3438 1022 ctelum,
3465 968 3589 1009 cum
3616 952 3910 1023 majestas

2273 1047 2368 1104 Dei
2419 1048 2701 1115 voluerit,
2754 1048 2838 1103 vel
2884 1046 3217 1111 extenditur,
3274 1047 3360 1102 vel
3410 1045 3691 1117 plieatur:
3735 1045 3909 1101 sicut

2272 1139 2594 1211 Evangelica
2640 1149 2875 1196 testatur
2925 1141 3079 1196 ﬁdes.
3126 1139 3233 1208 Qui
3260 1140 3388 1213 tegis
3416 1139 3569 1210 aquis
3600 1138 3906 1209 superiora

2269 1233 2404 1299 ejus.
2447 1232 2745 1304 Superiora
2788 1233 2914 1290 cmli
2943 1275 2959 1301 ,
2999 1233 3154 1304 juxta
3183 1230 3440 1289 Genesim
3462 1276 3476 1297 ,
3509 1230 3581 1287 ab
3608 1232 3772 1302 aquis
3807 1240 3907 1287 le-

2266 1335 2473 1396 guntur
2501 1323 2658 1398 (Gen.
2682 1330 2725 1392 ι)
2750 1341 2765 1380 :
2793 1325 2917 1396 quia
2944 1340 3116 1396 aquas
3145 1340 3310 1394 super
3341 1323 3753 1379 ﬁrmamentum
3783 1338 3907 1393 po-

2268 1415 2401 1471 sitas
2429 1415 2606 1473 dicit:
2637 1433 2776 1488 quas
2816 1416 3221 1472 multitudinem
3249 1415 3572 1487 angelorum
3606 1416 3899 1486 intelligi-

2270 1524 2390 1564 mus
2416 1527 2429 1562 :
2461 1509 2617 1579 juxta
2650 1510 2782 1565 illud
2812 1528 2824 1565 :
2860 1513 3029 1581 Aqua:
3057 1525 3177 1580 quae
3205 1523 3373 1580 super
3399 1510 3569 1566 eteius
3602 1518 3739 1566 sunt
3765 1510 3899 1565 lau—

2268 1600 2400 1659 dent
2431 1617 2630 1659 nomen
2663 1602 2880 1659 Domini
2912 1601 3355 1674 (Psal.cxt.vtn).

2344 1697 2448 1765 Qui
2479 1698 2630 1768 ponis
2666 1699 2850 1754 nubem
2897 1714 3168 1753 ascensum
3208 1707 3378 1753 tuum.
3426 1696 3696 1753 Dominus
3727 1698 3891 1754 enim

632 1795 929 1852 Benedicite
961 1795 1212 1859 Domino,
1249 1794 1425 1848 omnia
1462 1809 1616 1865 opera
1650 1794 1781 1864 ejus.
1832 1792 1940 1848 Vos
1976 1793 2163 1863 utique
2199 1800 2240 1859 Β
2268 1789 2461 1857 Jesus,
2493 1789 2800 1847 benedicﬁs
2827 1790 3112 1862 discipulis
3138 1834 3152 1860 ,
3185 1790 3437 1846 elevatus
3464 1799 3581 1855 est,
3615 1800 3676 1845 et
3702 1790 3891 1847 nubes

560 1890 653 1961 qui
678 1892 731 1945 in
757 1903 825 1945 eo
852 1888 1062 1944 vivitis.
1100 1888 1236 1955 Quia
1257 1902 1420 1943 omne
1446 1902 1584 1958 opus
1609 1886 1755 1958 quod
1780 1886 1981 1941 factum
2003 1897 2087 1942 cst
2106 1886 2164 1940 in

558 1998 626 2039 eo
647 1983 759 2037 vita
782 1991 865 2038 est
884 1980 1067 2054 (Joan.
1103 1980 1177 2050 ι).
1200 1980 1265 2035 1η
1289 1980 1426 2035 omni
1447 1981 1560 2035 loco
1586 1981 1952 2035 dominationis
1973 1980 2158 2049 ipsius.

558 2076 706 2132 Nihil
727 2077 874 2131 enim
900 2075 1172 2143 reperitur
1201 2073 1290 2128 ubi
1320 2088 1425 2129 non
1457 2072 1790 2129 dominetur.
1816 2071 2010 2128 Omnia
2031 2088 2164 2127 con-

558 2171 715 2237 tinet,
737 2178 791 2223 et
811 2182 872 2224 se
901 2168 1103 2237 ubique
1127 2164 1400 2221 diﬁuudit.
1422 2165 1663 2232 Benedic,
1689 2167 1864 2220 anima
1891 2181 2022 2230 mea,
2051 2162 2162 2219 Do-

556 2263 777 2313 minum.
812 2258 938 2312 Htec
983 2266 1163 2312 autem
1217 2256 1482 2326 pr0pheta
1536 2271 1643 2313 non
1689 2256 1758 2311 de
1803 2270 1901 2311 sna
1950 2265 2159 2312 tantum

554 2350 731 2405 anima
759 2391 773 2415 ,
802 2347 897 2404 sed
937 2358 992 2403 et
1021 2347 1087 2402 ad
1122 2359 1344 2402 nosuas
1375 2363 1594 2418 quoque
1640 2349 1847 2404 animas
1889 2349 2156 2418 loquitur,

557 2449 616 2495 ut
641 2455 764 2495 eum
792 2438 991 2508 jugiter
1015 2436 1340 2492 benedicant
1361 2437 1451 2508 qui
1473 2438 1613 2493 bona
1644 2439 1887 2509 largitur,
1917 2439 2008 2510 qui
2034 2455 2156 2509 pec-

554 2534 695 2588 catis
722 2530 1071 2601 protiitiatur,
1104 2530 1194 2600 qui
1224 2529 1292 2583 de
1321 2528 1540 2585 interitu
1565 2529 1816 2595 redimit;
1849 2531 1941 2599 qui
1966 2532 2017 2585 in
2062 2533 2157 2587 bo-

552 2624 637 2679 nis
664 2636 826 2677 omne
854 2620 1184 2677 desiderium
1212 2617 1451 2691 complet
1479 2638 1489 2674 :
1513 2622 1604 2692 qui
1636 2638 1777 2678 nunc
1810 2623 1968 2680 nobis
1994 2624 2156 2680 mise-

554 2716 661 2772 reri
697 2714 951 2785 dignetur
990 2723 1053 2769 ut
1084 2724 1240 2784 pater
1266 2713 1414 2781 ﬁliis,
1456 2713 1780 2770 delictorum
1810 2716 2046 2772 molibus
2070 2715 2156 2772 hic

555 2808 833 2874 remissis;
863 2808 949 2862 cui
984 2818 1071 2862 est
1114 2823 1238 2862 cum
1269 2816 1482 2862 aeterno
1524 2807 1684 2863 Patre
1709 2815 1766 2863 et
1794 2808 1997 2878 Spiritu
2021 2823 2149 2862 sau-

555 2911 643 2959 cto
676 2901 855 2957 honor
874 2909 929 2956 et
954 2900 1130 2970 gloria
1159 2901 1211 2955 in
1244 2900 1445 2956 smcula
1480 2902 1827 2957 saeculorum.
1859 2900 2054 2958 Amen.

1107 3053 1426 3112 PSALMUS
1453 3055 1585 3111 Clll.

2268 1884 2506 1953 suscepit
2554 1882 2704 1937 illum
2729 1925 2744 1949 ,
2794 1892 2848 1938 et
2880 1881 3228 1937 intuebantur
3256 1897 3382 1939 eum
3412 1892 3641 1939 euntem
3675 1882 3731 1937 in
3761 1897 3890 1939 etn-

2269 1977 2380 2033 lum
2433 1978 2573 2048 (Act.
2606 1978 2673 2047 ι).
2726 1977 2829 2043 Qui
2865 1976 3103 2032 ambulas
3146 1994 3303 2047 super
3342 1994 3542 2049 pennas
3575 1984 3882 2033 ventorum.

2265 2069 2441 2141 Super
2467 2085 2682 2126 omnem
2722 2070 3060 2127 alacritatem
3105 2081 3391 2129 ventorum
3427 2071 3692 2129 Dominus
3723 2072 3886 2129 ince-

2263 2163 2362 2218 dit.
2405 2162 2514 2219 Sed
2542 2174 2595 2219 et
2615 2179 2780 2236 super
2794 2174 3107 2221 sanctorum
3134 2166 3344 2225 animas
3372 2180 3494 2237 qua:
3521 2166 3589 2223 ad
3621 2166 3895 2226 etelestil

2265 2256 2515 2324 tendunt,
2543 2268 2599 2313 et
2628 2257 2933 2315 iuambulat
2961 2267 3018 2314 et
3043 2258 3302 2329 quiescit.

2335 2347 2437 2415 Qui
2463 2348 2593 2419 facis
2621 2349 2839 2422 angelos
2862 2360 2980 2409 tuos
3013 2352 3251 2423 spiritus.
3292 2350 3361 2410 Ut
3389 2350 3662 2423 inspirant
3688 2351 3877 2413 homi-

2262 2439 2424 2497 nibus
2461 2440 2580 2510 ejus
2631 2441 2811 2499 facere
2863 2443 3197 2500 voluntatem
3227 2462 3239 2498 :
3272 2447 3400 2515 quia
3427 2444 3675 2501 carnalis
3701 2445 3874 2503 homo

2260 2547 2366 2589 non
2399 2533 2548 2603 capit
2574 2548 2639 2589 ea
2669 2549 2791 2604 qua:
2829 2544 2956 2591 sunt
2988 2535 3108 2593 Dei.
3150 2533 3219 2594 Et
3250 2536 3518 2592 ministros
3549 2545 3667 2593 tuas
3690 2536 3870 2610 ignem

2259 2640 2511 2687 urentem.
2570 2629 2643 2688 Ut
2695 2631 2748 2687 in
2785 2631 2909 2688 aliis
2952 2630 3135 2691 lumen
3166 2630 3413 2689 veritatis
3443 2630 3737 2689 infundant
3766 2649 3779 2684 :
3813 2632 3869 2689 in

2257 2722 2379 2777 aliis
2407 2731 2627 2792 peccata
2655 2732 3002 2779 consumant.

2333 2813 2438 2882 Qui
2483 2815 2714 2886 fundasti
2753 2824 2944 2870 terram
2972 2832 3126 2885 super
3152 2816 3488 2871 stabilitatem
3514 2833 3669 2872 suam
3693 2860 3708 2885 ,
3750 2828 3862 2873 elc.

2258 2907 2584 2965 Discordare
2615 2910 2865 2964 videntur
2896 2910 3012 2967 base
3034 2925 3158 2965 cum
3189 2910 3285 2966 illo
3310 2953 3325 2977 ,
3375 2910 3464 2966 ubi
3495 2911 3576 2967 ait
3602 2929 3614 2964 :
3642 2908 3865 2968 Caelum

2255 3010 2309 3059 et
2362 3008 2502 3061 terra
2556 3002 2886 3063 transibunt.
2930 3003 3038 3063 Sed
3085 3003 3202 3065 haec
3242 3002 3479 3059 visibilis
3532 3012 3681 3060 terra
3715 3019 3866 3075 pra:-

2257 3096 2386 3155 terit
2422 3098 2699 3168 :corporis
2725 3114 2856 3157 vero
2889 3109 3029 3159 terra
3057 3115 3181 3169 quas
3210 3097 3448 3159 fructum
3480 3098 3707 3156 exhibet
3731 3114 3868 3159 san-

551 3167 793 3254 Psalmus
832 3170 1032 3263 Da‘vid;
1066 3168 1174 3226 iste
1200 3173 1441 3263 psalmLus
1473 3172 1644 3263 iusius
1666 3181 1932 3263 creatam
1959 3188 2141 3263 vocaeu}

2265 3187 2461 3244 etitatis
2478 3231 2493 3256 ,
2527 3164 2915 3263 mysteriorum
2942 3164 3246 3248 cmlc‘stiunt
3267 3190 3431 3262 pallio
3455 3191 3859 3247 circumdatur.

622 3245 867 3297 continet
910 3241 1222 3298 laudantem
1269 3257 1332 3298 ac
1364 3242 1775 3298 benedicentem
1819 3244 2009 3301 Deum.
2040 3243 2147 3301 Sed

621 3313 726 3369 hoc
756 3314 931 3384 ipsum
975 3312 1331 3385 spiritualiter
1368 3314 1630 3370 debemus
1660 3314 1965 3371 advertere.

623 3446 848 3505 Benedic
877 3488 893 3514 ,
940 3449 1115 3505 anima
1169 3465 1312 3517 mea,
1366 3448 1613 3508 Domino.
1684 3452 1749 3509 Ut
1797 3454 1924 3510 dum
1982 3456 2144 3513 bene-

549 3541 686 3597 dicis
735 3541 917 3606 illum,
975 3552 1030 3599 tu
1077 3539 1416 3598 benedicaris
1459 3543 1526 3601 ab
1576 3543 1690 3601 illo.
1743 3544 2008 3603 Provocat
2058 3563 2145 3605 se.

552 3633 839 3703 metipsum
894 3633 1157 3703 propheta
1222 3633 1274 3689 in
1350 3632 1717 3695 benedicendo
1780 3638 1906 3695 Deo.
1973 3639 2143 3697 Bene-

545 3725 730 3781 dicere
756 3734 935 3781 autem
979 3724 1232 3792 Domino,
1285 3724 1387 3781 hoc
1427 3738 1554 3793 est,
1584 3729 1676 3799 qui
1730 3731 1913 3787 laudat
1961 3730 2139 3789 Domi-

545 3836 672 3874 num
700 3861 715 3887 ,
766 3819 1121 3888 semetipsum
1153 3819 1448 3875 bi‘netlicit.
1504 3820 1727 3879 Domine
1770 3821 1913 3883 Deus
1976 3841 2139 3881 meus.

545 3911 814 3967 Omnibus
840 3912 1056 3982 quidem
1086 3926 1147 3969 es
1179 3922 1232 3969 et
1268 3913 1434 3981 Deus,
1466 3923 1522 3971 et
1550 3915 1838 3982 Dominus;
1878 3919 1973 3974 sed
2006 3918 2139 3975 mihi

544 4004 782 4073 proprie,
814 4005 939 4073 quia
993 4021 1100 4061 non
1127 4021 1248 4065 sum
1275 4020 1465 4064 servus
1497 4009 1726 4077 peccati.
1769 4007 2140 4081 Magniﬁcatus

543 4114 595 4155 es
621 4095 959 4154 vehementer.
998 4097 1093 4155 Vel
1123 4098 1176 4155 in
1206 4115 1312 4167 me,
1339 4101 1421 4155 vel
1450 4101 1501 4155 in
1528 4101 1752 4171 reliquis
1779 4104 1982 4158 sanctis
2008 4104 2131 4161 tuis.

543 4187 647 4258 Qui
670 4191 909 4245 omnium
937 4190 1100 4255 Deus,
1124 4204 1283 4246 meus
1313 4191 1622 4260 specialiter
1652 4192 1794 4249 Deus
1826 4212 1837 4249 :
1873 4196 1999 4265 quia
2026 4213 2133 4253 non

541 4295 661 4334 sum
701 4294 894 4337 servus
923 4279 1153 4351 peccati,
1188 4282 1310 4349 quia
1344 4283 1517 4337 merui
1553 4283 1735 4339 vocari
1768 4299 1957 4341 servus
1988 4294 2130 4343 tuus.

539 4369 912 4441 Magniﬁeatus
937 4386 997 4425 es
1024 4372 1392 4427 vehementer.

612 4463 998 4534 Confessionem
1028 4474 1076 4521 et
1104 4464 1339 4523 decorem
1367 4464 1602 4523 induisti.
1656 4466 1882 4525 lnduisti
1910 4470 2125 4529 confes-

2326 3283 2495 3357 Super
2533 3294 2732 3340 montes
2778 3285 2982 3341 stabunt
3029 3301 3201 3356 aquae.
3255 3285 3433 3355 Super
3459 3286 3735 3342 excelsam
3766 3300 3862 3342 su-

2250 3377 2492 3446 perbiam
2526 3377 2849 3448 insipientes
2880 3378 3063 3448 populi
3095 3387 3522 3433 commorantur.
3564 3376 3642 3431 Ab
3679 3378 3863 3433 incre-

2247 3468 2459 3540 patione
2481 3478 2567 3524 tua
2598 3472 2796 3542 fugient
2828 3487 2847 3525 :
2877 3488 2909 3525 a
2939 3487 3060 3527 voce
3098 3472 3316 3525 tonitrui
3361 3473 3438 3526 tui
3467 3469 3854 3541 formidabant.

2248 3562 2365 3617 Vox
2414 3565 2558 3619 enim
2607 3575 2695 3621 tua
2740 3575 2826 3621 est
2872 3581 2992 3622 cum
3022 3565 3195 3621 dicis:
3232 3565 3621 3622 Pteniteutiam
3663 3565 3854 3635 agite:

2243 3657 2704 3728 appropinquabit
2734 3673 2961 3730 regnum
2990 3657 3258 3714 caelorum
3286 3656 3505 3725 (Matth.
3536 3657 3643 3728 ιιι).
3687 3656 3855 3712 Tam-

2243 3762 2406 3819 quam
2437 3750 2733 3805 tonitrunm
2768 3765 2933 3821 vero,
2972 3761 3032 3805 ut
3063 3750 3116 3804 hi
3151 3750 3408 3817 timeant,
3438 3764 3560 3804 eum
3595 3749 3851 3815 minaris,

2243 3853 2367 3894 cum
2393 3840 2502 3895 ais:
2521 3840 2634 3897 Nisi
2661 3842 3035 3912 paenitentiam
3060 3842 3299 3914 egeritis,
3324 3856 3513 3898 omnes
3537 3842 3700 3899 simul
3724 3857 3852 3914 per-

2241 3932 2391 3987 ibitis
2423 3931 2577 4004 (Luc.
2618 3933 2764 4007 xm).

2312 4023 2613 4081 Ascendunt
2652 4044 2845 4082 omnes.
2881 4028 3066 4083 Sancti
3098 4028 3150 4083 in
3184 4027 3518 4101 splritualem
3549 4028 3847 4099 proﬁciunt

2239 4113 2684 4187 intelligentiam.
2734 4118 2796 4173 Et
2833 4120 3153 4176 descendunt
3185 4121 3378 4193 campi.
3432 4120 3629 4191 POpuli
3650 4137 3844 4177 eorum

2238 4206 2506 4267 doctrinis
2552 4211 2795 4279 subditi,
2850 4221 2909 4268 ut
2955 4214 3215 4269 virtutum
3247 4214 3473 4271 ﬂoribus
3500 4216 3840 4286 repleantur.

2236 4298 2305 4354 In
2336 4301 2508 4357 locum
2530 4320 2681 4375 quem
2713 4306 2951 4377 fundasti
2984 4308 3077 4362 eis.
3120 4306 3179 4362 In
3207 4319 3536 4365 conventum
3569 4308 3845 4366 Ecclesia-

2233 4391 2452 4451 sticum.

2310 4486 2612 4545 Terminum
2641 4491 2862 4561 posuisti
2895 4510 3046 4565 quem
3076 4511 3178 4550 non
3209 4494 3676 4568 transgredientur.
3731 4496 3839 4551 Ca-

537 4556 750 4619 ⁸ί⁰¹¹θ⁸¹¹
778 4556 1003 4657 ἀίίξίῗηδξ
1034 4556 1508 4657 θθ¹ξίί⁸⁴ῗ¹³⁶ξ¹ίιίνίξ
1534 4558 1974 4657 υιιιηῖειθηΡαιοτ
2001 4564 2126 4620 εαξη
2158 4552 2209 4625 Π
2235 4577 2490 4636 tholicam
2534 4552 2718 4652 utique
2762 4552 2958 4654 ﬁdem,
3007 4602 3169 4657 quam
3203 4552 3381 4657 usque
3421 4589 3488 4642 sd
3533 4589 3833 4644 terminum

535 4659 593 4708 et
623 4660 783 4711 terra:
813 4649 1032 4719 (Matth.
1068 4650 1169 4722 ιιι).
1214 4648 1443 4713 lnduisti
1474 4651 1732 4721 decorem,
1765 4655 1859 4711 illo
1890 4656 1960 4713 de
1988 4658 2128 4714 nube

534 4742 820 4814 splendida
846 4743 1250 4814 respondente:
1282 4744 1381 4803 ilic
1405 4746 1688 4803 estFilius
1713 4763 1865 4805 meus
1893 4748 2126 4807 dilectus

531 4838 585 4897 in
616 4855 724 4910 quo
750 4840 890 4896 bene
916 4841 1215 4910 complacui
1247 4859 1259 4894 :
1294 4840 1473 4911 ipsum
1502 4841 1687 4899 audite
1714 4844 1933 4915 (Matth.
1964 4850 2121 4916 xvii).

530 4931 818 4988 Confessio
847 4932 1137 5003 dupliciter
1166 4932 1511 5005 intelligitur.
1554 4939 1665 4993 Aut
1693 4940 1742 4993 in
1775 4940 2118 5009 plenileutia,

526 5025 699 5080 autin
729 5024 900 5095 gloria
935 5026 1026 5081 llei
1054 5044 1066 5078 :
1098 5026 1213 5081 llt-c
1242 5033 1344 5091 est,
1375 5028 1602 5097 gloriam
1637 5030 1858 5088 induiin
1886 5075 1897 5086 .
1930 5049 2119 5103 quem-

526 5115 817 5173 admodum
865 5117 922 5172 iu
972 5117 1267 5188 Evangelio
1303 5120 1421 5189 ipse
1453 5119 1708 5180 Salvator
1752 5124 1885 5179 dicit
1932 5123 2120 5182 :Con-

519 5207 712 5265 ﬁtehor
759 5208 854 5265 tibi
880 5252 896 5277 ,
946 5208 1142 5271 Pater:
1177 5209 1279 5271 hoc
1308 5223 1389 5271 eat
1416 5257 1432 5279 ,
1462 5213 1705 5283 gloriﬁco
1737 5227 1789 5275 te
1822 5236 1834 5272 :
1869 5229 1957 5276 aut
1988 5221 2114 5291 quia

516 5301 844 5357 conﬁtemur
877 5315 1095 5371 peccata
1130 5312 1317 5359 nostra
1349 5307 1597 5363 Domino.
1630 5309 1687 5368 In
1712 5326 1780 5367 eo
1801 5313 1945 5368 enim
1968 5314 2112 5383 quod

511 5392 835 5455 conﬁtemur
885 5394 994 5453 Deo
1039 5407 1257 5467 peccata
1295 5406 1515 5467 nostra,
1552 5401 1921 5471 gloriﬁcamus
1959 5422 2103 5467 eum.

510 5485 582 5542 Et
609 5486 842 5544 decorem
866 5486 1099 5545 induisti.
1126 5488 1319 5551 Videte
1344 5491 1611 5555 ordinem.
1637 5494 1876 5559 Primum
1907 5497 2107 5570 aliquis

509 5578 829 5645 conﬁtetur,
879 5588 933 5635 et
976 5579 1055 5633 sic
1087 5581 1300 5654 accepit
1331 5583 1825 5657 pulchritudinem,
1864 5599 1920 5647 et
1943 5591 2105 5647 deco-

511 5685 649 5739 rem,
682 5679 739 5735 et
764 5680 952 5743 postea
986 5669 1191 5731 lumen.
1234 5672 1348 5731 Hoc
1378 5674 1523 5731 enim
1553 5679 1836 5750 sequitur:
1869 5681 2102 5743 Amictus

509 5758 704 5817 lumine
731 5762 862 5821 sicut
890 5762 1211 5823 vestimento.
1254 5764 1576 5829 Contrarias
1619 5772 1831 5830 videtur
1857 5772 1948 5835 hic
1976 5790 2095 5835 ter.

2232 4673 2522 4740 praesentis
2556 4675 2677 4728 vita:
2718 4677 3054 4733 cusmdiunt.
3112 4679 3294 4751 Neque
3321 4690 3686 4736 convertentur
3712 4697 3835 4754 ope-

2227 4764 2335 4819 rire
2362 4774 2570 4822 terram.
2616 4766 2673 4821 in
2706 4768 2929 4842 ﬂagitiis
2957 4770 3153 4842 quibus
3175 4773 3327 4843 prius
3354 4774 3622 4830 vixerant.

2300 4859 2402 4924 Qui
2429 4861 2619 4916 emittis
2648 4863 2814 4933 fontes
2838 4866 2890 4918 in
2912 4865 3261 4922 convallibus.
3288 4867 3435 4923 Inter
3460 4868 3677 4924 deserta
3698 4883 3833 4940 gen-

2228 4950 2388 5020 tium,
2421 4952 2674 5023 baptismi
2706 4957 2938 5027 gratiam
2976 4959 3185 5014 tribuit.
3230 4959 3379 5014 Inter
3418 4960 3646 5016 medium
3680 4978 3829 5015 mon-

2223 5045 2370 5100 tium.
2455 5046 2511 5101 ltl
2551 5059 2675 5114 est,
2736 5051 3128 5107 Ecclesiarum.
3209 5052 3611 5110 Pertransibunt
3649 5073 3822 5129 equae.

2218 5137 2399 5208 Ipsius
2432 5138 2632 5197 lavacri
2659 5184 2674 5209 ,
2708 5142 2823 5200 sive
2845 5143 3089 5202 doctoris
3118 5164 3130 5199 :
3164 5146 3442 5215 irrigaudo
3471 5148 3633 5204 donis
3655 5150 3825 5206 cmic-

2218 5231 2392 5286 stibus
2417 5234 2703 5303 populum.

2294 5320 2359 5375 Et
2390 5323 2641 5393 putabunt
2670 5342 2845 5380 omnes
2870 5327 3043 5383 bestia:
3069 5334 3208 5401 agri,
3241 5333 3611 5405 exspectabant
3637 5337 3820 5406 onagri

2216 5412 2272 5468 in
2299 5415 2387 5471 siti
2415 5432 2532 5472 sua.
2587 5416 2656 5473 Ut
2684 5419 2936 5475 omnibus
2968 5419 3087 5477 base
3123 5424 3297 5491 gratia
3340 5427 3628 5497 aqualiter
3659 5429 3819 5485 mini-

2215 5513 2425 5563 Stretur
2452 5524 2463 5560 ε
2497 5508 2641 5565 sicut
2665 5509 2741 5564 ait
2767 5510 3003 5567 Paulus:
3036 5512 3392 5584 Sapientibus
3420 5527 3473 5573 et
3508 5517 3817 5590 insipienti-

2216 5594 2317 5652 bus
2341 5596 2555 5657 debitor
2575 5617 2694 5665 sum
2722 5600 2898 5675 (Rom.
2934 5602 2994 5673 I).

2286 5688 2461 5761 Super
2484 5708 2547 5748 ea
2576 5693 2805 5749 uolucres
2825 5695 2938 5751 caeli
2958 5693 3282 5752 habitabant.
3325 5698 3427 5767 Qui
3450 5701 3812 5759 excelsiorem

2211 5780 2278 5837 ad
2319 5780 2744 5855 intelligendum
2775 5795 3098 5845 meruerunt
3124 5800 3371 5846 sensum.
3416 5789 3495 5851 De
3518 5794 3695 5851 medio
3727 5811 3819 5867 pro
