4016 6392
155 314 309 383 1133

1112 302 1545 374 unevrsumn
1585 302 1651 375 tu
1691 299 2030 369 assumes.
2074 300 2315 373 PSALM.
2357 299 2488 375 ctu.

3316 307 3455 374 “Si

155 444 383 489 trarum.
411 426 469 485 Id
497 432 602 492 est,
625 422 1022 493 Eccmsiarum.
1052 421 1257 489 Dabunt
1282 437 1452 478 vocem
1480 436 1649 485 suam,
1683 418 1761 474 Ad
1792 425 1835 497 Α
1867 420 2016 491 cupit
2047 418 2341 491 decipere:
2371 435 2435 479 ac
2466 419 2510 475 si
2540 418 2706 488 dicat,
2734 419 2950 487 Judam,
2985 421 3177 493 David,
3204 425 3458 481 Salomo-

158 520 588 582 collaudandum
618 517 813 583 Deum.

233 619 443 693 Riguus
474 624 693 673 montes.
744 611 859 667 Hoc
883 621 966 672 est
992 652 1008 677 ,
1040 609 1339 693 apostolos.
1374 607 1454 663 De
1483 605 1762 679 superiori-

157 716 256 771 bus
281 714 409 771 suis.
455 712 533 775 De
562 707 879 773 caelestibus
902 749 918 775 ,
953 704 1239 761 eﬂ'undens
1268 718 1434 773 super
1462 717 1558 757 eos
1586 700 1762 772 Spirio

159 817 278 864 tum
325 813 603 863 sanctum.
675 801 755 856 De
800 801 973 873 fructu
1014 814 1229 869 cperam
1260 808 1467 857 tuorum
1493 794 1763 851 satiabitur

158 910 325 955 terra.
369 900 444 954 De
472 893 756 955 beneficiis
788 890 1099 965 largitionis
1132 899 1258 946 tuae.

241 992 541 1047 Prodacens
568 993 746 1062 fenum
780 985 1053 1059 jumentis,
1101 993 1150 1040 et
1170 982 1383 1038 herbam
1408 981 1643 1037 servituti
1672 980 1765 1033 Ito-

161 1084 387 1145 minurn.
465 1080 775 1149 Unicuique
831 1077 1134 1135 secundum
1190 1075 1467 1146 propriam
1518 1073 1765 1129 tribuens

158 1175 571 1231 necessitatem.

242 1265 314 1323 Ut
340 1265 530 1322 educas
558 1279 744 1339 panem
793 1261 858 1316 de
895 1270 1033 1316 terra
1056 1301 1071 1326 ,
1123 1268 1169 1314 et
1198 1260 1373 1313 vinum
1407 1257 1633 1329 la'tiﬁcet
1676 1271 1768 1310 cor

161 1357 413 1415 hominis.
466 1356 512 1411 Α
557 1355 759 1410 terreni
801 1352 1048 1424 corporis
1076 1366 1210 1422 agro
1239 1366 1403 1421 quem
1430 1365 1460 1404 a
1493 1349 1651 1409 nobis
1681 1363 1769 1406 as-

162 1451 406 1524 sumpsit
435 1492 449 1518 ,
520 1448 837 1523 mysterium
890 1432 1179 1519 proferens
1219 1444 1466 1501 caelestis
1514 1444 1667 1514 panis
1705 1456 1769 1498 ac

166 1543 354 1618 poculi
381 1542 660 1610 salutaris,
695 1558 802 1613 quo
826 1539 1102 1601 reﬁciatur
1133 1538 1402 1594 Ecclesia.

243 1638 313 1694 Ut
336 1638 589 1694 exbilaret
613 1637 801 1717 [aciem
830 1639 946 1710 ejus
986 1636 1041 1689 in
1067 1634 1202 1693 oleo.
1247 1634 1599 1691 Exhilaratur
1625 1632 1768 1690 enim

166 1735 297 1791 oleo
329 1731 719 1788 misericordiae
741 1773 756 1798 ,
786 1732 1063 1799 jusmrum
1106 1730 1276 1785 facies
1304 1744 1490 1783 coram
1526 1729 1656 1784 Deo.
1704 1726 1771 1781 Et

1865 526 2010 578 nem,
2043 511 2262 567 Petrum
2296 528 2310 565 :
2340 510 2481 568 sicut
2505 512 2768 583 scriptum
2799 521 2920 571 est:
2955 529 3095 573 escze
3122 516 3240 587 ejus
3264 519 3456 575 electa:

1863 602 2043 673 (Abas.
2074 603 2139 675 ι).

1938 695 2097 753 Ortus
2127 708 2201 763 est
2226 698 2305 754 sol
2329 740 2343 765 ,
2389 707 2436 761 et
2467 702 2767 774 congregati
2804 713 2944 761 sunt.
2979 702 3057 761 Ne
3088 704 3333 761 tristetur
3364 706 3459 761 ille

1864 788 1957 860 qui
2005 790 2239 857 cecidit.
2297 791 2393 848 sed
2440 794 2814 863 pmnitentiam
2846 805 2993 866 agat.
3053 798 3235 854 Oritur
3264 797 3343 853 illi
3374 801 3459 855 sul

1860 878 2111 953 iustitiae,
2165 891 2221 938 et
2249 882 2459 954 fugiunt
2494 885 2563 947 ab
2588 899 2655 941 eo
2686 900 2875 942 omnes
2908 888 3096 944 bestia:
3124 899 3178 946 et
3211 901 3455 959 peccata,

1865 985 1921 1028 et
1952 974 2190 1030 efﬁcitur
2222 976 2362 1043 talis,
2389 978 2589 1048 qualis,
2622 986 2678 1033 et
2702 990 2860 1034 antea
2895 981 3014 1035 fuit.
3072 981 3279 1038 Iterum
3311 985 3456 1040 enim

1865 1081 2019 1127 ortus
2047 1080 2134 1126 est
2160 1070 2242 1137 sol
2267 1070 2515 1140 justitite.

1940 1160 2117 1229 Exibit
2141 1161 2296 1229 [tanta
2318 1164 2388 1229 ad
2425 1182 2557 1237 opus
2575 1182 2730 1225 suum
2760 1178 2810 1229 et
2838 1169 2906 1222 ad
2931 1171 3281 1241 operationem
3310 1189 3461 1227 suam

1869 1272 2032 1327 usque
2060 1256 2129 1317 ad
2158 1273 2441 1329 uesperum.
2473 1258 2766 1331 Postquam
2798 1268 2979 1325 autem
3007 1272 3163 1319 ortus
3192 1263 3353 1319 fuerit
3382 1268 3463 1331 sol

1864 1348 2127 1419 justitizn:
2180 1351 2377 1406 iterum
2426 1353 2642 1419 egimus
2691 1354 2757 1415 ad
2807 1356 3179 1425 operationem
3220 1368 3461 1415 nostram

1871 1457 2041 1513 usque
2082 1443 2151 1505 ad
2182 1460 2472 1514 vesperum
2502 1488 2517 1512 ,
2554 1448 2660 1511 hoc
2677 1457 2791 1517 est,
2823 1463 2996 1519 usque
3018 1450 3088 1507 ad
3116 1465 3464 1508 consumma-

1870 1533 2093 1590 tionem.
2134 1534 2363 1604 Oportet
2392 1553 2523 1610 ergo
2548 1554 2649 1605 nos
2677 1542 2824 1607 οωμὶ
2860 1553 3111 1612 tempore
3137 1548 3350 1617 operari
3378 1549 3468 1616 ju-

1871 1630 2099 1697 stitiam,

1948 1722 2115 1789 Quam
2139 1725 2473 1797 magniﬁcam
2499 1736 2623 1787 sunt
2655 1744 2815 1797 apcra
2849 1741 2959 1796 tua,
2996 1732 3233 1791 Dontine.
3300 1734 3357 1790 In
3382 1751 3474 1791 ex-

170 1827 325 1901 panis
355 1842 445 1881 cor
486 1823 712 1879 hominis
761 1822 1055 1894 conﬁrmat,
1116 1822 1237 1892 Ipse
1277 1822 1432 1901 panis
1461 1821 1574 1891 ipsa
1601 1819 1768 1874 corda
1805 1804 1848 1877 Β
1878 1829 2089 1879 cessum
2119 1818 2319 1873 mentis
2345 1821 2495 1885 venit
2523 1821 2806 1892 propheta.
2874 1825 2990 1883 Non
3016 1827 3306 1891 inveniens
3336 1848 3477 1901 quo.

171 1929 364 1975 nostra
414 1918 749 1973 confirmat:
791 1914 882 1987 qui
933 1913 1275 1977 descendens
1325 1912 1394 1968 de
1434 1912 1576 1968 coelo
1610 1912 1773 1971 vitam

173 2008 375 2066 tribuit
404 2008 628 2063 mundo.

248 2103 641 2160 Saturabuntur
667 2102 810 2174 ligna
837 2101 1029 2172 campi.
1071 2099 1197 2155 Sive
1228 2097 1583 2163 rationabiles
1603 2140 1617 2167 ,
1662 2098 1778 2153 sive

170 2194 585 2253 irrationabiles
639 2176 1130 2259 botuinespsicut
1177 2192 1425 2263 superius
1471 2190 1540 2245 de
1590 2190 1780 2245 bestiis

171 2300 343 2361 atque
392 2293 612 2361 onagris
652 2286 1031 2367 exposuimus.
1081 2286 1147 2340 Et
1177 2286 1318 2340 cedri
1347 2284 1552 2340 Libani.
1587 2283 1783 2338 Excel-

174 2385 355 2441 siores
383 2381 580 2437 merito
610 2383 814 2434 sancti.
862 2379 1004 2446 Quas
1036 2378 1312 2447 plantavit.
1373 2376 1430 2431 In
1458 2376 1664 2443 unitate
1688 2374 1784 2429 Εασ

178 2475 502 2533 clesiasticm
532 2473 682 2530 ﬁdei.
730 2472 853 2528 Illic
878 2488 1111 2542 passeres
1139 2469 1508 2543 nidi/icabunt.
1557 2468 1783 2538 Sapien-

179 2581 265 2629 tes
298 2571 595 2627 :BdiiiCuﬂl.

260 2664 446 2721 Erodii
492 2662 676 2716 domus
721 2661 832 2716 dua:
873 2668 1177 2714 esteorum.
1238 2655 1469 2711 Erodius
1499 2653 1676 2724 major
1704 2660 1790 2707 est

182 2756 442 2812 omnibus
470 2752 784 2810 volatilibus
807 2797 820 2821 ,
853 2752 942 2821 qui
978 2751 1216 2819 aquilam
1250 2749 1423 2801 vincit
1450 2754 1503 2801 et
1529 2744 1786 2801 comedit.

181 2849 357 2922 Igitur
383 2847 507 2902 talis
537 2845 725 2910 homo,
758 2843 846 2914 qui
879 2842 931 2896 in
962 2841 1127 2899 domo
1154 2841 1245 2896 Dei
1275 2838 1501 2905 habitat,
1533 2837 1787 2891 ducatum

186 2943 438 3015 praebeat
461 2939 529 2995 ad
559 2937 885 2993 vincendum
914 2934 1197 2990 diabolum
1219 2976 1234 2997 ,
1267 2933 1389 3003 quia
1425 2930 1609 3000 aquila
1641 2943 1791 2999 saepe

186 3054 295 3113 pro
328 3036 546 3093 diabolo
578 3033 819 3102 ponitur.
874 3028 1080 3087 Montes
1108 3027 1301 3082 excelsi
1324 3026 1505 3080 cervis.
1541 3023 1656 3078 Huc
1675 3021 1794 3085 aui-

185 3134 305 3191 mal
333 3138 621 3202 serpentes
646 3126 869 3197 occidit,
904 3136 953 3179 et
988 3123 1143 3194 ipsos
1175 3121 1440 3177 comedit.
1484 3120 1624 3191 Ergo
1655 3118 1795 3174 bene

1879 1907 2040 1967 modo
2066 1909 2316 1973 laudaret
2347 1913 2634 1975 Dominum
2658 1957 2673 1980 ,
2715 1916 2851 1973 dixit
2879 1936 2891 1971 :
2943 1919 3112 1985 Quam
3132 1924 3472 1994 magniﬁcam

1876 2012 1998 2063 sunt
2019 2021 2175 2076 opera
2206 2014 2319 2073 tua,
2354 2006 2592 2069 nomine.
2661 2010 2951 2068 Excedunt
3003 2013 3300 2072 humanum
3349 2034 3475 2074 sen-

1880 2110 2001 2150 sum
2049 2106 2136 2161 tna
2186 2094 2388 2167 apera.‘
2426 2098 2617 2156 Omnia
2642 2103 2696 2157 in
2733 2105 2995 2174 sapientia
3022 2108 3213 2177 fecisti.
3287 2110 3343 2165 In
3372 2110 3479 2167 Do-

1882 2190 2031 2255 mino
2063 2200 2254 2247 nostro
2279 2191 2409 2257 Jesu
2437 2192 2681 2251 Christo.
2743 2198 2860 2266 ipse
2903 2201 3050 2254 enim
3084 2211 3167 2256 est
3206 2204 3477 2271 sapientia

1885 2279 1980 2341 Dei
2026 2282 2324 2341 secundum
2378 2286 3042 2363 Apostolumdicentem:
3088 2295 3234 2364 quod
3274 2294 3328 2349 in
3361 2298 3481 2364 ipso

1884 2383 2064 2439 creata
2089 2390 2217 2435 sunt
2242 2379 2426 2437 euinia
2454 2377 2631 2450 (Rom.
2668 2380 2766 2451 ιι).
2820 2380 3046 2455 [inpleta
3084 2395 3159 2440 est
3186 2395 3323 2442 terra
3356 2406 3481 2454 pos-

1884 2471 2114 2533 sessione
2141 2480 2250 2535 tua.
2303 2473 2370 2533 Et
2410 2489 2607 2533 revera
2654 2477 2835 2531 omnia
2874 2494 3039 2545 opera
3082 2481 3293 2537 Domini
3327 2484 3482 2553 plena

1888 2575 2018 2617 sunt
2067 2567 2359 2634 sapientia.
2428 2567 2663 2635 Quando
2708 2571 2852 2625 enim
2906 2573 3157 2628 videmus
3203 2577 3484 2634 formicam

1890 2653 2036 2713 scire
2086 2656 2306 2726 quando
2351 2658 2543 2730 hyems
2593 2661 2782 2726 venit;
2813 2671 2869 2717 et
2907 2667 3118 2734 reponit
3153 2667 3255 2722 sibi
3282 2683 3486 2734 BSCallt,

1892 2755 1950 2802 et
2002 2747 2204 2805 iterum
2251 2749 2482 2811 culicem
2535 2762 2642 2806 tam
2694 2753 2987 2819 minutum,
3038 2756 3243 2815 habere
3274 2762 3478 2825 oculos,

1895 2848 2144 2899 ventrem
2172 2849 2228 2899 et
2248 2841 2507 2899 universa
2535 2846 2778 2901 membra
2814 2848 2958 2902 sicut
2986 2841 3041 2904 et
3071 2866 3170 2906 nos
3200 2851 3487 2917 habemus,

1895 2940 1949 2997 et
1982 2932 2210 3000 policent
2244 2942 2300 2987 et
2321 2933 2449 2995 alia.
2503 2934 2760 2995 Videmus
2791 2950 2970 2994 autem
3004 2940 3348 3009 elephantem
3383 2955 3489 3001 tam

1897 3038 2146 3093 magnam
2190 3024 2417 3089 bestiam
2461 3025 2663 3085 habere
2691 3029 2900 3096 oculos,
2928 3046 3109 3097 nares,
3142 3035 3333 3102 pedes,
3364 3053 3498 3092 ven-

1901 3124 2037 3172 trem
2070 3118 2214 3172 sicut
2261 3126 2317 3172 et
2365 3134 2465 3174 nos
2504 3119 2556 3187 in
2588 3120 2720 3189 ipsis
2751 3122 2908 3181 locis.
2937 3123 3201 3180 Similiter
3224 3137 3407 3182 autem
3443 3140 3501 3185 et

188 3229 251 3284 in
279 3191 556 3282 montibus
586 3220 816 3285 habitat,
848 3191 938 3289 qui
968 3191 1231 3271 interﬁcit
1258 3211 1662 3281 intelligibilem
1688 3224 1797 3275 ser-
1823 3191 1870 3256 Ο
1900 3223 2086 3283 apem,
2137 3210 2412 3280 quomodo
2458 3209 2620 3271 faciat
2665 3214 2772 3268 mel
2817 3224 2874 3269 et
2897 3230 3100 3283 ceram.
3153 3216 3349 3275 Nonne
3372 3230 3502 3276 sunt

188 3333 423 3396 pentem
451 3339 462 3374 :
496 3319 589 3391 qui
616 3316 921 3386 sapientior
950 3322 1074 3368 erat
1105 3314 1159 3366 in
1194 3310 1448 3379 paradiso
1482 3325 1592 3380 prie
1623 3308 1801 3362 otnni-

191 3418 303 3474 Iius
334 3413 554 3477 bestiis,
585 3410 683 3481 qui
727 3407 945 3477 decepit
975 3406 1141 3460 Evam
1173 3403 1328 3477 (Gen.
1362 3401 1470 3473 ιιι).
1536 3401 1695 3455 Petra
1720 3417 1803 3455 re-

195 3508 400 3579 fugium
440 3501 739 3558 herinaciis.
791 3498 897 3567 Qui
928 3496 1153 3551 timidus
1182 3504 1265 3550 est
1289 3534 1305 3564 ,
1341 3492 1608 3563 refugium
1637 3490 1805 3546 habet

196 3610 415 3673 petram
443 3616 455 3651 :
491 3605 645 3668 petra
673 3602 856 3649 autem
881 3591 1134 3646 Christus
1159 3597 1266 3643 est.

276 3691 432 3747 Fecit
456 3692 635 3746 lunam
670 3689 725 3742 in
762 3695 1007 3758 tempore.
1053 3682 1221 3747 Aiunt
1249 3679 1467 3751 quando
1499 3676 1699 3733 crescit
1722 3674 1806 3730 lu-

196 3802 311 3858 na,
364 3798 615 3841 crescere
661 3780 874 3835 fructus
918 3790 1137 3841 omnes,
1184 3783 1238 3829 et
1277 3772 1494 3844 quando
1520 3770 1803 3838 minuitur,

199 3883 408 3940 Iterum
441 3878 650 3935 fruetus
685 3874 879 3930 minui.
914 3872 1059 3943 Ergo
1086 3871 1229 3925 bene
1256 3867 1392 3923 dixit
1419 3886 1430 3920 :
1457 3866 1603 3921 Fecit
1632 3866 1809 3920 lunam

199 3976 263 4029 in
288 3985 536 4041 tempore,
570 3971 676 4025 Aut
701 3967 860 4023 aliter
880 3963 1251 4033 intelligamus
1274 3960 1456 4015 lunam
1479 3956 1803 4013 Ecclesium.

201 4069 267 4127 In
301 4061 639 4138 proﬁciendo
688 4060 834 4115 enim
864 4055 1198 4125 Ecclesiam,
1250 4052 1568 4123 proﬁcimus
1599 4060 1654 4105 et
1683 4062 1808 4103 cum

206 4164 330 4234 ipsa
359 4202 375 4228 ,
422 4168 474 4215 et
508 4172 633 4214 cum
668 4151 1109 4226 persecutionem
1150 4151 1374 4222 patitur,
1419 4156 1476 4204 et
1523 4145 1808 4217 minuitur,

203 4262 271 4311 et
300 4266 402 4313 nos
432 4266 552 4304 cum
600 4248 690 4304 illa
724 4244 1042 4323 minuimur,
1092 4251 1145 4307 et
1199 4239 1633 4311 persecutionem
1674 4237 1813 4311 pati-

212 4364 367 4407 mur.
396 4345 493 4404 Sol
518 4342 751 4416 cognovit
778 4355 1016 4394 occasum
1044 4352 1218 4395 suum.
1252 4334 1306 4392 Si
1336 4334 1416 4391 sol
1443 4332 1644 4390 occidit
1673 4349 1686 4387 :
1715 4345 1815 4385 nos

199 4451 475 4517 putamus
536 4434 903 4503 nosmetipsos
963 4430 1329 4499 sempiternos
1376 4427 1545 4484 esse?
1600 4424 1658 4493 In
1709 4423 1817 4483 hoc

202 4541 403 4588 autem
432 4526 730 4591 mirandum
761 4536 839 4581 est
881 4543 893 4578 :
945 4520 1222 4594 quomodo
1282 4528 1487 4575 tantum
1520 4520 1730 4586 lumen,
1762 4525 1817 4572 et

205 4634 375 4683 tanta
424 4623 641 4689 claritas
682 4635 802 4690 quae
855 4618 1033 4688 operit
1081 4617 1395 4677 universum
1436 4611 1699 4668 mundum
1736 4610 1821 4666 lu-

207 4719 375 4777 mine
420 4731 520 4771 suo
570 4733 581 4767 :
618 4716 671 4769 in
712 4720 993 4777 momento
1033 4710 1252 4775 occidit.
1295 4708 1526 4775 Oremus
1551 4714 1731 4769 autem
1761 4710 1821 4759 ut

206 4827 335 4883 non
365 4808 522 4864 nobis
550 4805 760 4863 occidat
789 4805 871 4860 sol
895 4803 1143 4876 justitiat.

300 4905 532 4961 Posuisti
560 4901 787 4958 tenebras
817 4911 866 4956 et
890 4904 1029 4972 facta
1053 4909 1125 4953 est
1153 4913 1280 4965 nox,
1312 4898 1365 4951 in
1388 4896 1502 4969 ipsa
1531 4890 1821 4964 pertransi-

216 5006 351 5062 bunt
383 5016 555 5055 omnes
583 4998 759 5065 bestia:
783 4996 943 5053 silete.
1011 4994 1078 5048 Et
1107 4990 1405 5047 secundum
1449 4988 1683 5043 litteram
1728 5001 1821 5041 or-

212 5095 419 5153 dinem
448 5091 614 5147 habet
639 5108 652 5144 :
681 5087 939 5161 quoniam
969 5084 1091 5141 ideo
1121 5084 1256 5140 iacta
1287 5091 1373 5138 est
1400 5096 1530 5149 nox,
1564 5086 1625 5134 ut
1652 5078 1828 5133 homi-

224 5204 335 5247 nes
360 5186 773 5257 requiescerent
804 5181 873 5247 ab
917 5178 1175 5257 Operibus
1204 5175 1352 5242 suis,
1377 5181 1435 5229 et
1462 5172 1653 5231 bestia:
1673 5186 1828 5240 egre-

220 5281 502 5340 derentur
531 5276 599 5333 ad
631 5275 955 5348 pastionem.
1003 5266 1319 5331 Secundum
1345 5262 1705 5336 tropologiam
1735 5276 1829 5316 au-

222 5386 389 5441 tem:
430 5368 653 5442 quando
702 5365 858 5429 nobis
883 5359 1205 5429 occubuerit
1244 5358 1326 5425 sol
1352 5356 1580 5428 iustitia:
1605 5371 1618 5407 :
1648 5354 1828 5407 omnia

1904 3300 2022 3355 haec
2042 3300 2333 3357 miratiune
2352 3301 2534 3373 digna,
2571 3311 2626 3359 et
2652 3304 2916 3375 sapientia
2948 3307 3146 3378 plena?

1980 3392 2094 3449 Hoc
2143 3411 2287 3450 mare
2333 3412 2579 3467 magnum
2622 3408 2670 3452 et
2712 3401 2994 3471 spatiosum
3040 3403 3282 3461 manibus
3328 3422 3345 3458 :
3390 3406 3501 3460 illic

1906 3487 2117 3557 reptilia
2163 3502 2384 3560 quorum
2431 3504 2534 3543 non
2588 3498 2665 3544 est
2706 3506 2972 3557 numerus.
3021 3494 3288 3561 Animalia
3308 3495 3505 3568 pusilla

1905 3596 2023 3639 cum
2060 3583 2284 3653 magnis.
2340 3580 2533 3637 Nonne
2573 3591 2655 3638 est
2703 3582 2811 3643 hoc
2865 3587 3019 3642 inira:
3060 3589 3343 3657 sapientia
3370 3605 3507 3661 quo-

1910 3672 2073 3726 modo
2106 3672 2156 3729 in
2185 3674 2321 3727 mari
2356 3684 2485 3728 sunt
2515 3676 2752 3746 reptilia,
2784 3692 3015 3748 quorum
3064 3695 3173 3735 non
3206 3690 3290 3737 est
3318 3698 3508 3739 nume-

1911 3764 2047 3820 rus?
2092 3764 2161 3819 Et
2210 3766 2385 3836 pisces
2438 3777 2545 3835 tam
2587 3770 2824 3849 majores
2864 3788 3025 3847 quam
3069 3774 3343 3841 minores:
3374 3793 3509 3849 quo-

1914 3857 2077 3914 modo
2104 3860 2212 3913 sint
2241 3858 2294 3914 in
2320 3858 2614 3933 profundo,
2644 3873 2698 3917 et
2736 3863 2860 3919 inde
2887 3876 3171 3923 resnmunt
3200 3866 3387 3939 vitam,
3420 3871 3510 3927 ubi

1913 3950 1958 4005 si
2008 3949 2171 4005 homo
2206 3950 2487 4029 ceciderit,
2537 3954 2789 4022 moritur,
2841 3966 2896 4012 et
2936 3956 3038 4037 ipsi
3081 3960 3127 4019 si
3158 3962 3406 4029 venerint
3446 3964 3502 4019 in

1916 4050 2085 4112 terra,
2118 4044 2471 4113 moriuntur?
2508 4044 2630 4101 Illic
2651 4064 2802 4115 naves
2830 4052 3236 4118 pertransibunt.
3275 4054 3409 4123 Quis
3437 4072 3500 4115 es

1919 4137 2075 4193 nobis
2105 4147 2189 4193 est
2213 4138 2365 4194 navis
2387 4138 2545 4197 fortis
2565 4140 2656 4212 qui
2670 4142 2840 4219 possit
2863 4143 3007 4199 istud
3029 4147 3293 4203 smculum
3316 4148 3502 4220 lugere

1919 4237 1974 4284 et
2025 4246 2134 4285 non
2183 4231 2572 4301 submergatur
2615 4245 2708 4299 aut
2751 4234 2990 4301 (insudat
3038 4236 3091 4293 in
3122 4247 3377 4310 petram:
3411 4243 3510 4297 sed

1919 4320 2120 4377 habent
2163 4338 2384 4380 sensum
2429 4323 2523 4396 qui
2552 4340 2676 4382 eum
2703 4327 3016 4401 gubernet,
3050 4338 3108 4386 ut
3138 4332 3311 4401 possit
3332 4333 3515 4389 salvus

1921 4412 2037 4481 fieri
2048 4455 2061 4470 .

1991 4505 2165 4562 Draco
2212 4510 2310 4564 iste
2335 4527 2488 4581 quem
2508 4515 2748 4587 [armasti
2786 4514 2853 4567 ad
2875 4514 3202 4575 illudendum
3227 4520 3295 4573 ei.
3340 4518 3513 4577 Juda'i

1928 4599 2159 4669 dicunt,
2213 4602 2505 4669 draconem
2557 4620 2809 4676 magnum
2842 4607 2969 4662 fecit
3012 4612 3174 4677 Deus,
3204 4612 3294 4682 qui
3318 4612 3521 4671 dicitur

1929 4693 2252 4765 Leviatltan,
2279 4704 2335 4749 et
2363 4702 2447 4749 est
2476 4695 2527 4748 in
2552 4698 2684 4749 mari
2711 4712 2725 4749 :
2754 4707 2808 4751 et
2833 4700 3071 4768 quando,
3095 4701 3268 4771 aiunt,
3317 4706 3525 4763 recedit

1930 4784 2204 4853 Oceanus,
2248 4784 2416 4840 draco
2457 4785 2711 4847 vertitur.
2752 4787 2862 4842 Nos
2891 4799 3069 4844 autem
3097 4791 3383 4851 dicamus:
3417 4796 3527 4854 Iste

1932 4889 2015 4935 est
2054 4878 2242 4947 draco,
2280 4880 2369 4950 qui
2422 4878 2491 4934 de
2536 4879 2789 4957 paradiso
2816 4880 3023 4953 θὶνοιηε
3049 4894 3154 4955 εει»
3183 4887 3275 4957 Ψιί
3311 4886 3529 4959 decep“

1930 4971 2096 5053 Evam
2124 4988 2135 5023 :
2163 4979 2217 5025 rt
2239 4970 2398 5026 datus
2422 4982 2505 5025 est
2533 4972 2584 5031 in
2617 4975 2716 5027 hoc
2742 4974 2941 5035 nuludp
2968 4975 3034 5029 ad
3059 4976 3389 5034 illudendum
3421 4997 3523 5039 no-

1933 5066 2036 5122 bis.
2082 5065 2326 5133 Quantos
2355 5065 2504 5119 enim
2538 5066 2834 5121 monachos
2862 5078 2916 5122 et
2950 5068 3187 5126 clericos
3221 5074 3528 5144 praecipita-

1937 5160 2032 5213 vit.
2082 5158 2271 5211 Omnia
2303 5174 2335 5209 a
2364 5168 2413 5212 te
2443 5168 2739 5228 exspectant
2769 5168 2823 5213 ut
2865 5158 2955 5219 des
2984 5159 3095 5215 illis
3130 5178 3298 5217 escam
3318 5163 3371 5219 in
3403 5172 3534 5220 tem-

1933 5268 2077 5324 pore,
2108 5261 2216 5307 etc.
2249 5251 2388 5320 Quia
2430 5254 2609 5315 nuntia
2640 5251 2739 5311 Dei
2770 5268 2905 5315 nutu
2937 5254 3145 5313 vivunt.

2010 5343 2228 5414 Auferes
2274 5344 2514 5413 spiritum
2556 5345 2789 5417 ipsorum
2831 5355 2877 5398 et
2910 5345 3172 5419 deﬁcient,
3198 5351 3327 5413 etin
3356 5352 3535 5423 ρηιυρ-

1941 5452 2049 5491 rem
2080 5453 2232 5491 suum
2261 5426 2596 5491 revertentur.
2648 5433 3190 5512 Consummationetp
3238 5444 3423 5507 mundi
3471 5448 3541 5501 si-

1943 5531 2207 5602 gniﬁcat:
2259 5528 2476 5601 quando
2504 5538 2784 5601 pru‘ccpto
2818 5531 2911 5586 Dei
2953 5534 3131 5590 ortinia
3162 5537 3541 5597 exterminan-

1947 5633 2053 5693 tur,
2103 5625 2246 5681 sicut
2295 5624 2558 5695 scriptum
2598 5633 2685 5683 cst
2713 5643 2725 5677 :
2754 5625 2924 5689 Terra
2948 5642 3015 5687 es
3042 5638 3099 5699 et
3124 5630 3178 5684 in
3210 5641 3408 5699 terram
3439 5633 3543 5690 ibis

1949 5719 2106 5794 (Gen.
2137 5718 2241 5799 .1")-

2025 5813 2215 5866 Emitte
2258 5811 2501 5885 spiritum
2553 5824 2699 5866 tunm
2746 5823 2793 5867 et
2842 5816 3173 5881 creabantur.
3212 5817 3269 5888 In
3298 5819 3389 5883 die
3419 5837 3545 5877 cor-

222 5465 394 5529 nobis
442 5459 730 5531 tenebrosa
780 5467 902 5511 sum
931 5497 945 5523 ,
989 5462 1044 5510 et
1075 5462 1201 5521 tunc
1231 5452 1284 5506 in
1316 5463 1415 5505 nos
1446 5452 1837 5529 pertranseunt

226 5559 430 5631 bestia
458 5576 471 5610 :
523 5563 580 5621 et
609 5552 694 5608 leo
723 5549 977 5621 rugiens,
1006 5546 1198 5616 volens
1224 5558 1419 5623 rapere
1458 5552 1514 5598 et
1566 5539 1838 5595 devorare

230 5669 359 5721 ηοερ

312 5743 489 5814 Catuli
533 5740 743 5798 leonum
791 5737 1052 5817 rugientes
1074 5778 1091 5811 ,
1125 5742 1181 5788 ut
1223 5733 1432 5817 rapiant
1466 5738 1514 5794 et
1546 5734 1780 5800 quierant
1810 5741 1844 5779 a

237 5839 356 5896 Deo
378 5853 553 5907 escam
584 5833 702 5899 sibi.
747 5831 891 5887 Bene
914 5827 1072 5893 dixit,
1096 5843 1127 5879 a
1158 5823 1265 5879 Deo
1290 5838 1306 5876 :
1335 5820 1593 5904 quoniam
1626 5826 1844 5887 sanctos
