4016 6342
594 289 735 346 “33

1396 284 1740 343 APPENDIX
1779 285 1870 342 AD
1911 285 2152 345 TOMUM
2194 283 2543 343 SEl'TIMUVI
2583 284 2641 343 S.
2684 258 3084 345 HllillONYMl.

3771 280 3925 343 “5G

597 400 1004 456 sutnnuttionis.
1057 399 1112 456 Si
1140 399 1364 470 spiritus
1392 407 1579 455 creat:
1626 415 1755 472 ergo
1785 400 1930 456 Deus
1957 408 2062 457 cst.
2112 401 2189 457 Ita
2218 403 2266 464 Α
2366 402 2594 459 Ltutetur
2641 418 2728 458 cor
2762 402 3104 475 quwrentiam
3130 396 3432 456 Dominam.
3463 398 3761 458 Gaudcant
3789 418 3921 456 mo-

601 493 748 546 cnim
778 501 948 558 creat,
974 492 1247 561 quomodo
1278 499 1334 548 et
1363 491 1540 548 Pater.

674 582 754 635 Sit
785 582 952 653 gloria
976 581 1186 637 Domini
1206 584 1257 636 in
1286 584 1555 639 steculum.
1592 585 1731 657 Ergo
1766 595 1821 641 et
1850 600 1949 643 nos
1971 584 2065 657 qui
2084 586 2194 657 glo-

597 674 903 740 rilicamus,
931 673 1250 745 sempiterni
1281 677 1507 731 erimus.
1541 675 1827 733 Luctabitur
1856 678 2108 734 Dominus
2135 679 2188 732 iu

598 765 837 836 operibus
876 767 1005 820 suis.
1041 766 1247 823 Lmtitia
1284 777 1369 824 est
1392 769 1539 824 enim
1571 769 1813 840 Domini,
1847 771 2065 842 quando
2093 785 2193 827 nos

600 869 848 914 creatura
879 859 1080 930 ipsius,
1124 860 1495 917 hencdicimus
1535 878 1656 919 eum
1700 863 1752 918 in
1791 864 1880 920 die
1916 879 2194 921 resurrec-

600 950 783 1006 tionis.

669 1044 771 1111 Qui
799 1046 1009 1116 respicit
1038 1054 1247 1117 terram,
1280 1056 1328 1102 et
1374 1048 1633 1119 [ariteam
1681 1059 1913 1104 tremere.
1968 1047 2191 1105 Tremet

588 1142 736 1198 enim
799 1149 939 1198 terra
994 1150 1178 1198 nostra
1229 1144 1281 1198 in
1312 1142 1402 1199 die
1423 1144 1636 1214 judicii.
1686 1144 1968 1216 Significat
2008 1155 2188 1200 autem

583 1246 903 1307 peccatores
933 1245 1199 1293 terrenos.
1229 1238 1331 1302 Qui
1355 1239 1519 1309 tangit
1541 1247 1735 1294 montes
1766 1248 1811 1294 et
1833 1240 2107 1313 fumigant.
2133 1239 2189 1297 Si

587 1337 804 1383 mutiles
834 1327 1118 1399 fnntigant,
1154 1338 1356 1398 quanto
1374 1331 1544 1400 magis
1581 1330 1771 1386 terra?
1816 1331 1999 1387 Sancti
2031 1330 2192 1385 fumi-

586 1428 748 1491 gant:
779 1422 1248 1490 quoniamomncs
1293 1437 1392 1492 per
1431 1426 1611 1493 ignem
1660 1424 2016 1481 salvabimur.
2071 1424 2187 1480 Non

587 1510 732 1567 cnim
773 1511 1038 1568 haberent
1061 1512 1289 1583 fumum,
1337 1515 1439 1571 nisi
1478 1516 1621 1587 ignis
1664 1526 1826 1574 esset.

581 1605 613 1675 ἱ
659 1606 886 1660 Cantabo
931 1604 1156 1661 Domino
1195 1607 1250 1661 in
1280 1607 1386 1662 vita
1433 1624 1596 1665 mea:
1644 1611 1867 1681 psallam
1912 1610 2023 1668 Deo
2076 1628 2188 1668 meo

583 1696 837 1767 quamdiu
861 1714 996 1753 sum.
1042 1697 1510 1767 Quemadmodum
1540 1712 1590 1757 et
1614 1701 1744 1757 alibi
1776 1701 1916 1758 dixit
1936 1721 1949 1757 :
1971 1702 2188 1759 Dimitte

586 1802 678 1842 me
705 1796 764 1841 ut
791 1787 1080 1858 refrigerer
1104 1790 1421 1861 priusquam
1451 1792 1666 1861 abeant,
1697 1804 1754 1852 et
1780 1796 2016 1866 amplius
2073 1812 2179 1853 non
2213 1788 2257 1849 Β

584 1879 816 1952 ero(Ps.
848 1881 1095 1954 xxxvm).
1125 1884 1341 1941 Dimitte
1368 1900 1455 1941 me
1497 1888 1773 1957 paululum
1822 1889 2103 1960 temporis,
2129 1898 2187 1945 ut

584 1989 739 2047 agam
773 1974 1149 2047 paenitentiam
1183 1993 1280 2048 pro
1306 1981 1547 2050 peccatis
1595 1982 1733 2039 meis
1784 2001 1797 2035 :
1834 1982 2087 2054 quoniam
2129 1984 2183 2039 in

585 2065 803 2121 inferno
849 2077 1072 2123 nonest
1118 2069 1210 2139 qui
1267 2069 1443 2140 possit
1491 2055 1738 2128 confiteri
1788 2082 2011 2144 peccata
2064 2087 2180 2131 sua.

660 2157 966 2213 Iucundum
1013 2160 1079 2214 sit
1126 2161 1171 2214 ei
1222 2159 1481 2231 eloquium
1531 2180 1722 2218 meum.
1763 2164 2065 2220 Iucundum
2115 2165 2188 2220 sit

585 2253 636 2307 ei
695 2260 757 2305 ut
801 2251 997 2307 merito
1033 2251 1230 2321 aliquis
1273 2254 1446 2321 possit
1478 2253 1701 2311 laudare
1748 2264 1805 2311 et
1862 2255 2186 2313 benedicere

586 2342 783 2401 Deum.
831 2342 1084 2414 Optativo
1122 2345 1286 2404 modo
1313 2345 1480 2413 dixit,
1513 2364 1622 2403 non
1670 2349 2011 2419 imperativo.
2075 2350 2185 2422 Ego

583 2452 705 2491 rere
751 2435 1125 2492 delectaboriu
1163 2436 1409 2494 Domino.
1446 2441 1596 2496 Beati
1645 2444 1736 2513 qui
1764 2452 1884 2513 post
1923 2444 2183 2514 judicium

581 2528 692 2586 hoc
720 2528 925 2586 dicunt.

651 2621 920 2692 Deﬁciunt
951 2634 1245 2695 peccatores
1295 2642 1328 2679 a
1363 2634 1522 2681 terra.
1555 2626 1675 2684 Non
1728 2629 1867 2685 dixit
1920 2638 2186 2701 tttpecca-

587 2725 736 2771 tores
783 2726 1030 2787 pereant,
1060 2717 1153 2773 sed
1187 2718 1362 2789 ipsum
1407 2729 1714 2790 peccatum,
1766 2733 1824 2777 ut
1874 2739 1979 2778 non
2021 2739 2180 2795 appa-

588 2820 728 2865 reat.
766 2811 996 2866 Peccato
1033 2822 1212 2867 autem
1240 2826 1345 2867 non
1367 2823 1687 2884 apparente,
1731 2816 1914 2886 utique
1940 2816 2052 2886 jam
2076 2833 2184 2873 non

580 2911 708 2956 sunt
762 2911 1118 2973 peccatores:
1153 2903 1247 2959 sed
1279 2919 1471 2961 omnes
1515 2905 1647 2975 justi
1699 2906 2066 2963 invenientur.
2114 2906 2183 2961 Et

586 2996 749 3066 iniqui
781 2996 854 3051 ita
888 3004 943 3050 ut
977 3013 1079 3052 non
1102 2997 1227 3052 sint.
1272 2999 1493 3055 Scilicet
1546 3000 1749 3071 iniqui,
1796 3001 1893 3058 sed
1919 3002 2071 3074 justi.

1122 3111 1441 3170 PSALMUS
1508 3114 1641 3170 CIV.

582 3185 832 3259 Alleluia.
887 3183 1003 3259 Iste
1031 3185 1273 3259 psalmus
1296 3184 1553 3259 nissime
1572 3197 1783 3256 patrum
1816 3188 2047 3259 replicat
2073 3189 2183 3244 his-
2212 3182 2257 3245 C

660 3256 849 3331 loriam
881 3255 1007 3310 :sed
1059 3255 1415 3331 spiritualiter
1470 3258 1635 3331 debet
1691 3255 1938 3331 intelligi.
1991 3261 2182 3316 Omnia

656 3328 953 3402 enimquac
983 3326 1365 3397 contingebant
1395 3328 1737 3402 antiquitus,_
1762 3330 1816 3402 in
1860 3326 2029 3402 figura
2055 3347 2185 3388 con-

658 3399 963 3467 tingebant,
1019 3405 1078 3452 ut
1123 3413 1223 3452 nos
1274 3398 1621 3455 erudiremur
1675 3398 2004 3474 (llCorfx).

654 3488 984 3559 Conﬁtemini
1006 3485 1253 3556 Domino,
1285 3501 1330 3543 et
1356 3490 1588 3545 invocato
1629 3508 1815 3548 nomen
1851 3497 1984 3567 ejus.
2042 3495 2184 3551 Con-

594 3580 820 3636 titemini
851 3590 906 3635 et
953 3578 1154 3636 dicite:
1185 3581 1441 3650 quoniam
1489 3593 1809 3652 peccatores
1864 3602 2074 3643 sumus.
2100 3586 2179 3643 Τιι

594 3685 776 3729 autem
832 3673 1173 3739 misericors,
1223 3685 1278 3729 et
1326 3674 1603 3731 misereris
1661 3678 1838 3733 nobis.
1880 3678 1949 3736 Et
1976 3681 2184 3735 invoca.

585 3780 634 3822 te
670 3784 853 3823 nomen
881 3770 1013 3840 ejus.
1066 3766 1135 3822 Ut
1180 3782 1289 3823 non
1353 3768 1616 3840 fingamus
1643 3770 1786 3827 idola
1837 3772 1891 3828 in
1924 3774 2183 3833 cordibus

583 3861 817 3925 nostris,
852 3860 947 3915 sed
987 3859 1275 3916 Dominum
1318 3871 1564 3917 nostrum
1613 3864 1934 3923 invocemus
1960 3909 1975 3935 ,
2013 3877 2071 3924 et
2100 3870 2183 3941 ip-

586 3969 648 4004 se
691 3953 795 4006 erit
834 3951 1136 4024 redemptio
1185 3962 1396 4009 nostra.
1455 3956 1775 4012 Annuntiate
1825 3959 1958 4014 inter
2008 3971 2184 4033 gentes

588 4059 748 4114 op'ra
814 4044 948 4115 ejus.
999 4044 1338 4101 Erubescant
1375 4044 1549 4102 Judzei
1601 4048 1692 4118 qui
1747 4049 1933 4107 dicunt
2000 4053 2052 4107 in
2104 4053 2180 4109 ls-

582 4137 699 4193 racl
754 4146 963 4191 tantum
1016 4137 1153 4193 facta
1199 4153 1324 4195 esse
1375 4140 1639 4196 mirabilia
1691 4153 1745 4198 et
1793 4159 1959 4215 opera
2000 4145 2139 4217 ejus.

658 4230 872 4287 Cantate
918 4233 983 4302 ei,
1029 4243 1076 4287 et
1124 4231 1352 4305 psallite,
1397 4239 1464 4290 ei.
1496 4234 1598 4304 Qui
1662 4237 1913 4310 intelligit
1965 4249 2181 4298 sanctas

586 4326 927 4397 Scripturas,
970 4335 1023 4382 et
1066 4325 1120 4379 in
1172 4326 1289 4396 lege
1340 4327 1551 4382 Domini
1602 4329 1895 4386 meditatur
1944 4332 2174 4406 jugiter,

586 4431 642 4475 et
670 4434 823 4475 tuens
851 4419 967 4490 ejus
1000 4420 1402 4489 contemplatur
1426 4419 1701 4489 coelestia,
1734 4421 1820 4479 hic
1871 4425 2015 4481 canit
2041 4425 2175 4484 Deo.

2293 494 2454 550 nachi
2521 512 2535 549 :
2585 494 2841 566 quoniam
2881 493 3244 564 quaerentium
3293 491 3583 549 Dominum
3647 493 3919 548 laetantur

2292 596 2481 653 eorda.
2533 597 2591 654 Si
2649 596 3056 669 quaerentium:
3090 603 3297 666 quanto
3353 594 3529 665 magis
3577 609 3783 652 eorum
3813 595 3917 666 qui

2293 700 2574 758 inveniunt
2595 700 2760 756 cum?
2789 699 2889 768 Qui
2922 699 3066 756 enim
3099 713 3223 754 eum
3247 697 3550 767 inveniunt,
3585 696 3918 753 immobiles

2294 813 2447 859 sunt.
2484 802 2712 871 Qttterite
2741 800 3024 856 Dominum
3050 810 3098 855 et
3122 800 3532 870 conﬁrmamini.
3587 800 3917 871 Antequam

2292 910 2661 968 quaereremus
2691 895 2994 960 Dominum,
3030 893 3228 949 infirmi
3255 908 3495 949 eramus.
3523 891 3688 949 Nunc
3715 904 3914 949 autem

2290 997 2625 1059 quaerentes,
2647 986 2790 1043 ﬁrmi
2820 999 2874 1042 ct
2905 985 3078 1043 fortes
3109 1000 3318 1041 sumus.
3354 984 3412 1042 Si
3436 993 3622 1042 autem
3660 995 3716 1041 et
3749 985 3915 1041 inve-

2292 1080 2574 1136 norimus:
2608 1089 2813 1152 quanto
2862 1076 3033 1150 magis
3076 1077 3301 1149 perfecti
3359 1077 3606 1135 erimus?
3665 1078 3916 1145 Quaerite

2294 1171 2480 1242 facient
2509 1174 2623 1244 ejus
2650 1187 2876 1243 semper.
2911 1171 3154 1228 Hebraeis
3201 1170 3420 1242 quidem
3474 1172 3743 1243 scriptum
3795 1181 3909 1238 est,

2294 1277 2352 1322 ut
2385 1274 2466 1322 ter
2489 1266 2541 1320 in
2563 1279 2709 1320 anno
2741 1273 3042 1335 appareant
3062 1279 3245 1321 coram
3273 1263 3508 1319 Domino
3542 1262 3911 1335 (Enimn).

2292 1358 2361 1414 Et
2387 1372 2510 1428 quae
2524 1355 2740 1429 justitia
2765 1355 2879 1412 haec
2900 1363 3019 1412 erat
3050 1373 3065 1410 :
3093 1356 3223 1425 quid
3249 1363 3431 1412 autem
3458 1355 3669 1427 grande
3688 1354 3911 1427 aliquid

2293 1451 2586 1517 faciebant,
2649 1460 2731 1507 ter
2771 1450 2823 1505 in
2851 1464 2998 1506 anno
3045 1464 3311 1521 apparere
3336 1447 3394 1507 in
3427 1457 3727 1520 conspectu
3756 1448 3910 1504 Dei?

2295 1544 2377 1600 lbi
2408 1544 2474 1599 ad
2501 1543 2756 1615 parvulos
2794 1543 3119 1613 loquebatur
3143 1560 3156 1598 :
3190 1542 3278 1598 hic
3305 1551 3485 1599 autem
3514 1543 3792 1615 propheta
3818 1543 3910 1598 dio

2294 1637 2372 1693 cit
2428 1634 2778 1692 credentibus
2819 1634 2874 1691 in
2917 1634 3111 1700 Deum,
3165 1649 3383 1706 semper
3436 1650 3560 1691 eum
3616 1650 3901 1704 qumrere,

2293 1727 2749 1801 quemadmodum
2780 1738 2832 1784 et
2864 1727 2917 1783 in
2963 1727 3259 1800 Evangelia
3306 1730 3566 1799 scriptum
3599 1736 3687 1785 est
3724 1746 3736 1782 :
3764 1727 3905 1785 Sine

2289 1820 2708 1879 intermissione
2735 1831 2890 1876 orate
2922 1819 2964 1893 (l
2990 1819 3169 1876 Thess.
3206 1819 3285 1893 v).

2367 1913 2682 1971 Mementote
2705 1913 3019 1969 mirabilium
3049 1916 3164 1987 ejus
3210 1931 3329 1987 qtae
3370 1913 3513 1987 fecit.
3536 1914 3596 1972 In
3626 1915 3898 1988 Egypto.

2293 2014 2348 2063 et
2381 2006 2434 2062 in
2468 2009 2608 2061 mari
2641 2005 2850 2074 Rubro,
2878 2016 2929 2061 et
2957 2006 3009 2061 in
3031 2007 3270 2063 deserto.

2366 2098 2555 2155 Semen
2585 2097 2847 2154 Abraham
2874 2099 3009 2153 servi
3036 2102 3150 2171 ejus
3178 2116 3196 2155 :
3225 2099 3325 2169 ﬁlii
3344 2098 3533 2171 Jacob,
3580 2101 3732 2157 electi
3755 2105 3898 2167 eius.

2288 2190 2343 2245 Si
2368 2189 2491 2260 quis
2517 2200 2599 2246 est
2629 2205 2847 2249 semen:
2872 2205 2980 2246 non
3001 2192 3113 2261 jam
3135 2189 3301 2260 lilius,
3330 2192 3629 2249 secundum
3657 2194 3805 2265 quod
3835 2196 3892 2250 in

2294 2282 2595 2355 Evangelio
2618 2284 2876 2356 scriptum
2905 2292 2992 2340 est
3020 2303 3032 2339 :
3057 2284 3114 2341 Si
3148 2284 3243 2340 lilii
3275 2285 3551 2342 Abraham
3581 2289 3802 2350 essetis,
3832 2303 3897 2343 o-

2288 2392 2419 2448 pera
2449 2376 2620 2448 patris
2672 2378 2838 2434 vestri
2887 2377 3141 2436 faceretis
3172 2377 3355 2450 (Joan.
3387 2379 3529 2452 vm).
3563 2381 3710 2451 Ergo
3742 2380 3894 2453 quod

2287 2470 2591 2540 gloriantur
2629 2486 2736 2526 non
2774 2480 2920 2542 sunt,
2967 2480 3022 2528 et
3068 2472 3114 2528 si
3160 2488 3346 2529 semen
3385 2484 3531 2529 sunt.
3570 2473 3730 2531 Servi
3766 2482 3900 2530 sunt

2290 2562 2394 2618 sub
2422 2564 2616 2619 timore
2639 2565 2916 2621 constituti
2953 2582 2967 2620 :
3000 2580 3107 2620 non
3145 2565 3408 2623 habentes
3437 2567 3733 2639 perfectam
3763 2567 3902 2624 chao

2289 2653 2503 2709 ritatem
2535 2670 2655 2725 quae
2676 2654 2822 2711 foras
2841 2655 3005 2712 mittit
3036 2655 3348 2731 limorem(l
3369 2658 3532 2715 Joan.
3559 2659 3655 2731 tv).
3685 2658 3800 2715 Nos
3833 2660 3899 2715 li-

2289 2746 2346 2800 lii
2377 2762 2567 2803 sumus
2588 2747 2778 2819 Jacob,
2808 2748 2925 2820 ejus
2944 2750 3033 2821 qui
3056 2751 3421 2823 supplantavit
3450 2752 3674 2809 fratrem
3704 2768 3895 2819 suum,

2288 2850 2345 2896 et
2377 2843 2497 2897 tulit.
2545 2843 2818 2913 primitiva
2868 2846 3007 2916 ejus.
3059 2845 3209 2901 Multi
3242 2855 3428 2904 autem
3472 2848 3679 2915 vocati,
3732 2849 3895 2922 pauci

2287 2950 2419 2991 vero
2449 2935 2630 2991 electi.

2363 3024 2431 3079 Et
2458 3029 2872 3100 pertransierunt
2899 3031 2964 3088 de
2989 3040 3139 3102 gente
3167 3032 3223 3089 in
3243 3042 3461 3105 gentem.
3522 3033 3674 3092 Multi
3699 3044 3897 3107 putant

2289 3121 2433 3191 quod
2461 3121 2530 3177 de
2554 3123 2866 3194 captivitate
2891 3125 3041 3181 dicat
3062 3125 3399 3183 Judteorum.
3432 3126 3550 3184 Non
3575 3140 3661 3186 est
3684 3132 3779 3187 ita.
3813 3131 3896 3188 De

2291 3214 2331 3267 A
2343 3212 2565 3270 braham
2581 3216 2727 3273 enim
2746 3216 2895 3274 dicit.
2908 3217 3048 3273 Exiit
3064 3218 3133 3275 de
3160 3229 3300 3275 terra
3313 3219 3712 3292 Chaldaeorum,
3731 3233 3899 3280 etve-

2288 3306 2372 3361 nit
2405 3307 2457 3362 in
2498 3308 2966 3381 Mesopotamiam,
3017 3322 3067 3368 et
3092 3311 3160 3368 de
3183 3313 3572 3385 Mesopotamia
3602 3316 3657 3370 in
3681 3325 3893 3372 terram

2289 3398 2751 3470 repromissionis,
2782 3412 2832 3458 et
2856 3405 3048 3459 iterum
3065 3403 3119 3458 in
3133 3403 3451 3477 Egyptum.
3473 3405 3542 3461 Et
3554 3407 3617 3462 de
3636 3425 3800 3481 regno
3820 3410 3895 3465 ad

2288 3492 2540 3563 populum
2572 3494 2814 3551 alterum.
2843 3497 3009 3553 Multa
3040 3514 3204 3569 regna
3229 3503 3547 3571 transimus,
3580 3510 3639 3558 ut
3682 3517 3891 3575 perve-

2291 3582 2507 3639 niamus
2528 3586 2595 3641 ad
2631 3597 2830 3643 terram
2861 3590 3324 3661 repromissionis.

2361 3672 2485 3729 Non
2516 3678 2744 3748 permisit
2772 3678 3033 3735 hominem
3057 3697 3242 3738 nocere
3287 3684 3381 3739 eis.
3415 3683 3787 3755 Pharaonem,
3820 3695 3883 3743 ut

2291 3779 2520 3825 noceret
2546 3771 2821 3828 Abraham
2855 3776 2907 3830 in
2956 3777 3117 3844 Sara,
3152 3792 3255 3834 nec
3300 3776 3616 3836 Abimelech
3648 3779 3802 3837 Isaac
3833 3781 3889 3839 in

2287 3861 2532 3920 Rebecca
2560 3863 2773 3937 (Cenes.
2807 3883 2881 3924 ιιι
2903 3878 2953 3923 et
2978 3872 3055 3938 ι).
3095 3869 3162 3925 Et
3192 3872 3445 3942 corripuit
3480 3889 3576 3947 pro
3603 3874 3679 3929 eis
3712 3891 3884 3949 reges.

2288 3955 2356 4011 Et
2386 3955 2619 4025 idipsum
2642 3957 2795 4030 dicit,
2821 3959 3160 4019 Pharaonem
3182 3972 3236 4019 et
3256 3964 3592 4021 Abimelech.

2357 4047 2539 4102 Nolite
2576 4059 2786 4122 tangere
2828 4052 3051 4109 ehristos
3078 4071 3240 4123 meos,
3270 4067 3319 4111 et
3346 4058 3400 4112 in
3448 4060 3718 4131 prapltetir
3755 4061 3885 4117 meis

2284 4139 2443 4196 nolite
2471 4142 2770 4217 malignari.
2802 4145 2880 4203 De
2911 4146 3043 4217 ipsis
3067 4150 3393 4220 patriarchis
3441 4150 3575 4208 dicit
3602 4171 3617 4209 :
3644 4154 3887 4211 Erubes-

2284 4239 2563 4305 cantcrgo
2592 4234 2786 4303 Judaei,
2811 4238 2900 4309 qui
2931 4238 3138 4307 dicunt,
3172 4242 3426 4313 quoniam
3454 4244 3637 4301 sinon
3678 4246 3884 4319 aliquis

2285 4334 2517 4395 ungatur
2537 4327 2701 4398 regali
2723 4338 3020 4401 unguento,
3047 4348 3153 4388 non
3184 4342 3363 4404 potest
3382 4332 3639 4394 Christus
3666 4341 3880 4395 vocari.

2283 4416 2398 4474 lloc
2442 4418 2587 4475 enim
2637 4421 2823 4478 dicunt
2852 4425 3105 4494 quoniam
3142 4426 3403 4484 Dominus
3431 4440 3619 4486 noster
3649 4445 3761 4487 non
3795 4439 3883 4488 est

586 4510 690 4580 Qui
744 4519 924 4566 autem
982 4510 1143 4567 habet
1190 4510 1243 4566 in
1297 4527 1356 4568 se
1409 4528 1600 4568 omnes
1629 4512 1875 4582 virtutes,
1918 4515 2022 4572 hoc
2066 4528 2169 4587 est,
2201 4531 2253 4592 ο
2281 4507 2528 4567 Christus
2558 4530 2573 4568 :
2601 4515 2726 4585 quia
2754 4527 2962 4573 nonest
2984 4528 3181 4575 unctus
3212 4528 3489 4591 unguento
3508 4522 3701 4594 regali.
3737 4523 3881 4580 Ecce

582 4603 868 4671 operarius
902 4613 988 4659 cst
1015 4604 1144 4660 boni
1166 4604 1371 4675 operis,
1402 4604 1490 4661 hic
1530 4605 1684 4678 quasi
1716 4606 1994 4679 cytharam
2024 4625 2177 4665 com-

578 4710 794 4767 ponens
814 4694 1097 4762 virtutum,
1133 4693 1317 4765 psallit
1345 4694 1596 4753 Domino.
1631 4696 1859 4752 Narrate
1882 4700 2055 4755 omnia
2080 4700 2177 4756 mi-

578 4786 769 4842 rabilia
804 4788 936 4858 ejus.
988 4786 1047 4842 In
1096 4787 1401 4843 centesimo
1430 4799 1587 4843 sexto
1616 4790 1822 4859 psalmo
1863 4790 2031 4848 dicit:
2068 4792 2168 4860 Qui

581 4877 917 4934 descendunt
942 4892 1103 4947 mare
1128 4877 1181 4932 in
1222 4878 1469 4946 navibus,
1499 4880 1757 4938 facientes
1799 4885 2169 4955 operationem

573 4972 632 5027 in
689 4973 840 5041 aquis
895 4971 1099 5027 multis.
1160 4969 1267 5042 Ipsi
1322 4970 1574 5029 viderunt
1615 4990 1781 5047 opera
1837 4977 2074 5046 Domini,
2105 4988 2163 5036 et

576 5062 845 5119 mirabilia
879 5063 996 5133 ejus
1029 5063 1080 5118 in
1114 5063 1403 5133 prolundn.
1434 5064 1489 5119 Si
1522 5064 1574 5121 in
1606 5067 1729 5122 navi
1761 5082 1947 5124 nos1ra
1974 5085 2170 5142 corpo-

572 5161 675 5215 rali
708 5159 1083 5215 transierimus
1138 5160 1321 5228 illaesi,
1355 5169 1409 5215 et
1440 5177 1704 5233 nusquam
1738 5179 1837 5219 nos
1869 5174 2167 5238 tempestas

572 5250 844 5322 opprimat
878 5268 889 5304 :
917 5264 1015 5305 nec
1049 5250 1102 5305 in
1132 5261 1340 5320 petram
1363 5250 1748 5311 olfenderimns
1782 5268 1835 5311 et
1857 5255 2168 5329 frangamus

572 5358 770 5398 navem
800 5351 1074 5409 nostram,
1113 5357 1402 5414 possumus
1447 5360 1670 5403 narrare
1721 5347 1991 5405 mirabilia
2045 5352 2163 5407 Dei.

573 5435 646 5490 Et
672 5450 864 5491 revera
909 5434 1115 5506 grande
1161 5435 1479 5490 miraculum
1512 5446 1617 5508 est,
1648 5442 1879 5497 transire
1907 5444 2166 5499 mundum

572 5530 737 5584 ἱδιιιιιι
767 5529 886 5584 sine
912 5527 1146 5583 macula.
1174 5524 1496 5584 Laudamini
1526 5530 1577 5584 in
1606 5532 1810 5587 nomine
1835 5545 2013 5588 saneto
2030 5537 2161 5608 ejus.

566 5620 862 5691 Prophetat
898 5621 1043 5676 enim
1073 5619 1139 5676 de
1169 5618 1367 5692 populo
1390 5621 1697 5693 gentilium.
1728 5624 1842 5682 lloc
1864 5634 1967 5693 est,
2000 5636 2059 5681 ut
2090 5627 2163 5682 si-

567 5726 687 5766 mus
718 5722 772 5768 et
803 5726 1062 5768 vocemur
1084 5710 1420 5784 Christiani,
1454 5730 1520 5770 ex
1551 5714 1769 5774 nomine
1794 5716 2001 5775 Domini
2027 5733 2155 5776 nos-

563 5805 629 5864 tti
660 5804 788 5862 lesu
819 5805 1040 5862 Christi.
1950 5814 1955 5815 ί
2020 5814 2023 5815 ⁷

2280 4610 2410 4658 ante
2452 4605 2625 4676 legem
2656 4608 2981 4677 patriarchas
3031 4627 3138 4668 non
3173 4614 3319 4670 uncti
3371 4614 3539 4686 regali
3571 4628 3877 4687 unguento,

2278 4695 2479 4753 Christi
2506 4698 2797 4757 dicuntur:
2821 4701 3022 4761 Christi
3056 4715 3239 4761 autem
3264 4720 3389 4763 sunt
3407 4708 3722 4779 quiSpiritu
3749 4726 3880 4768 san-

2276 4798 2365 4844 cto
2405 4803 2702 4862 unguntur.
2729 4794 2872 4868 Ergo
2901 4806 2957 4853 et
2982 4797 3245 4854 Dominus
3272 4809 3457 4857 noster
3471 4801 3618 4873 juste
3640 4816 3880 4862 vocatur

2276 4882 2549 4941 Christus.
2570 4886 2726 4955 Quod
2752 4890 2828 4945 illi
2850 4902 3070 4963 negant,
3103 4902 3295 4950 euntes
3324 4907 3512 4951 contra
3534 4895 3871 4969 Scripturas.

2351 4978 2418 5033 Et
2448 4982 2643 5035 vocavit
2677 4984 2867 5055 famem
2914 5001 3069 5057 super
3107 4996 3320 5043 terram.
3353 4988 3564 5060 Sat-pius
3595 4992 3788 5047 evenit
3816 5002 3878 5048 ut

2275 5084 2401 5141 qua:
2427 5081 2683 5142 putantur
2710 5077 2982 5134 contraria
3026 5094 3172 5148 esse,
3225 5081 3340 5137 haec
3381 5082 3718 5154 providentia
3767 5082 3868 5140 Dei

2271 5177 2370 5232 pro
2398 5164 2636 5222 utilitate
2682 5166 2835 5224 fiant.
2889 5168 3004 5225 Nisi
3041 5170 3184 5226 enim
3219 5171 3418 5230 fratres
3448 5172 3655 5244 Joseph
3704 5175 3871 5231 zelati

2270 5253 2501 5311 fuissent
2533 5272 2679 5329 cum,
2740 5259 2786 5316 si
2826 5276 2934 5316 non
2963 5262 3336 5321 vendidissent
3381 5281 3507 5323 eum
3543 5284 3557 5321 :
3588 5268 3870 5338 quomodo

2269 5346 2628 5406 descenderet
2664 5352 2719 5407 in
2751 5352 3091 5427 Egyptum?
3116 5355 3176 5414 Si
3201 5373 3312 5413 non
3352 5357 3526 5415 fames
3555 5359 3694 5417 facta
3723 5360 3858 5417 fuis-

2270 5449 2375 5506 set,
2404 5442 2679 5512 quomodo
2702 5448 3027 5517 patriarcha:
3050 5448 3446 5506 descenderent
3468 5451 3522 5506 in
3542 5450 3863 5525 IEgyptum.

2271 5544 2810 5609 ctcognoscerentur
2837 5557 2865 5596 a
2894 5541 3064 5600 fratre
3115 5543 3259 5599 suo?
3307 5545 3596 5613 Quomodo
3646 5546 3862 5605 Pharao

2267 5642 2655 5702 percuteretor
2682 5633 2868 5692 decem
2922 5636 3128 5710 plagis?
3177 5637 3468 5707 Quomodo
3517 5641 3742 5699 exirent
3791 5643 3863 5700 de

2265 5722 2547 5797 Λεπριοῖ
2573 5728 2858 5795 Quomodo
2881 5729 2935 5786 in
2963 5731 3225 5787 eremode
3246 5741 3401 5803 petra
3427 5734 3817 5808 exirentaqua:
3842 5756 3855 5791 :

2261 5817 2534 5892 quomodo
2563 5823 2821 5898 mysteria
2865 5838 2987 5897 qua:
3027 5824 3079 5880 in
3103 5823 3325 5882 deserto
3357 5824 3496 5883 facta
3541 5836 3673 5895 sunt
3703 5829 3758 5886 in
3791 5828 3858 5890 li-
