4016 6334
158 304 329 364 1137

1128 301 1555 360 BREVIARIUM
1596 301 1658 358 IN
1699 301 2036 360 PSALMOS.
2075 302 2324 363 PSALM.
2366 303 2501 363 CIV.

3351 306 3487 365 H38

148 435 339 493 gura,
368 434 470 477 nos
491 434 554 475 ea
576 420 934 491 spiritualiter
959 394 1429 491 intelligeremus?
1461 420 1651 477 Sinon
1679 418 1776 476 Ju-
1807 424 1855 486 Α
1882 420 1936 477 in
1985 434 2121 478 terra
2177 420 2361 479 Cham.
2429 425 2620 484 Omnis
2677 431 2768 499 qui
2799 431 3028 503 cmperit
3073 432 3240 488 Deum
3294 429 3479 485 videre

154 514 277 570 das
302 514 600 572 Dominum
618 514 948 585 prodidisset
968 533 979 568 :
998 515 1274 588 quomodo
1290 529 1390 570 nos
1406 513 1783 571 salvatemur?

153 608 229 667 Si
269 625 385 664 non
415 608 593 665 Judaei
640 608 1062 677 crucilixissent,
1118 619 1173 664 et
1200 608 1469 664 increduli
1503 607 1777 663 fuissent:

154 701 459 775 quomodo
486 717 585 759 nos
612 703 998 759 crederemus?
1024 702 1226 772 Joseph
1246 717 1383 774 ergo
1410 702 1508 757 ivit
1540 702 1594 758 in
1616 700 1784 774 Egy—

153 805 360 867 ptum,
386 810 693 865 pncparare
706 794 1000 864 hospitium
1015 805 1068 850 et
1089 796 1348 851 alimenta
1364 794 1626 852 fratribus
1642 798 1777 851 suis.

251 885 409 942 Misit
432 894 553 941 ante
579 901 666 941 eos
696 886 884 940 virum.
922 884 1104 955 Ipsum
1155 885 1283 941 dicit
1313 884 1541 956 Joseph.
1581 883 1647 939 In
1674 902 1784 940 scr-

154 996 302 1035 vum
341 979 664 1035 venundatus
701 987 777 1034 est
814 976 1032 1051 Ioseph.
1082 978 1229 1034 Bene
1260 987 1419 1034 natus
1464 987 1520 1034 et
1563 986 1783 1034 sanctus

156 1073 263 1128 vir
297 1071 574 1128 venditur.

251 1165 688 1222 Humiliaoerunt
712 1166 768 1221 in
789 1166 1122 1238 compedibus
1154 1168 1309 1235 pedes
1347 1168 1480 1239 ejus.
1515 1164 1654 1232 Quia
1686 1178 1787 1219 no-

162 1257 279 1312 luit
313 1256 629 1314 consentire
666 1256 904 1313 domina:
934 1256 1224 1329 Egyptite.
1274 1257 1696 1312 Humiliaverunt
1726 1255 1782 1311 in

161 1349 516 1422 compedibus
541 1350 694 1417 pedes
721 1350 856 1417 ejus,
889 1348 986 1405 sed
1032 1364 1140 1403 non
1188 1358 1479 1419 potuerunt
1506 1345 1778 1427 justitiam

164 1440 475 1497 humiliore
502 1457 518 1497 :
547 1439 784 1497 sedecim
815 1442 961 1496 enim
992 1455 1259 1496 annorum
1286 1454 1408 1496 cum
1442 1448 1622 1505 esset,
1652 1438 1786 1493 ada-

162 1541 361 1588 matus
390 1540 479 1589 est
507 1547 537 1587 a
568 1532 812 1598 domina,
872 1541 929 1588 et
975 1532 1028 1588 in
1081 1534 1171 1587 tali
1217 1542 1380 1589 tetate
1429 1532 1781 1597 consumtus,

163 1643 304 1699 quae
350 1627 526 1700 magis
554 1627 817 1698 voluptati
872 1626 1056 1683 dedita
1111 1637 1217 1697 est,
1271 1626 1785 1683 noluitcunsentire

164 1720 478 1791 iniquitati,
507 1721 603 1777 sed
635 1722 806 1793 magis
838 1720 1015 1776 timuit
1046 1720 1344 1793 periculum
1393 1720 1610 1777 animm.
1646 1718 1784 1775 Fer-

1890 515 2109 589 mente),
2135 517 2217 572 vel
2258 518 2387 574 vitia
2420 519 2791 590 supplantare.
2859 525 2911 580 in
2940 523 3344 580 tribulationem
3383 520 3484 577 dc-

1887 608 2118 676 sceudit,
2152 619 2206 667 et
2249 610 2393 667 inter
2436 621 2627 683 gentes
2670 614 2927 672 adversas
2969 615 3263 672 inhabitat.

1960 702 2026 755 Et
2057 703 2204 757 auxit
2234 704 2480 776 populum
2510 721 2660 759 suum
2687 706 3027 775 vehementer,
3053 717 3099 762 et
3122 708 3483 777 ﬁrmauiteum

1885 811 2042 867 super
2091 795 2327 850 inimicos
2370 798 2502 868 ejus.
2543 796 2810 865 Quoniam
2860 800 2912 853 in
2952 800 3296 871 septuaginta
3325 800 3487 870 quin-

1885 902 1991 957 que
2014 888 2298 942 animabus
2323 888 2728 945 descenderunt
2753 890 3136 964 qugyptum.
3155 900 3484 947 etsexceuta

1888 981 2054 1035 millia
2098 981 2347 1035 exierunt
2392 979 2461 1036 de
2508 980 2747 1054 Egypto
2786 983 2965 1054 (Deut.
2997 984 3076 1053 ι).
3112 983 3247 1039 Vide
3285 994 3489 1056 myste-

1885 1074 2044 1129 rium.
2069 1072 2172 1142 Qui
2191 1074 2470 1141 quondam
2489 1085 2646 1131 erant
2672 1092 2903 1133 numero
2921 1077 3110 1134 brevi:
3143 1093 3287 1134 nunc
3313 1078 3480 1147 aucti,

1884 1176 1939 1221 et
1986 1166 2181 1222 ﬁrmati
2227 1166 2507 1223 dicuntur.
2576 1169 2859 1239 Augeutur
2910 1181 3124 1236 autem,
3175 1180 3231 1227 ct
3280 1172 3480 1227 contir-

1887 1268 2102 1316 tnantur
2126 1260 2258 1329 justi
2293 1274 2326 1315 a
2356 1261 2609 1330 Domino,
2653 1278 2722 1319 ue
2741 1265 2822 1320 eis
2864 1264 3111 1321 adversa:
3147 1266 3482 1337 praevaleant

1888 1361 2208 1425 potestates.

1956 1446 2214 1503 Convertit
2262 1464 2569 1518 cor-eorum,
2598 1459 2654 1505 ut
2699 1452 2902 1506 odirent
2947 1451 3200 1521 populum
3250 1455 3382 1525 ejus,
3417 1460 3466 1505 et

1884 1539 2061 1594 dolum
2091 1540 2317 1611 facerent
2362 1542 2419 1595 in
2465 1543 2624 1597 servis
2663 1544 2796 1613 ejus.
2826 1542 3071 1612 Scilicet,
3127 1551 3189 1598 ut
3233 1553 3483 1599 contem-

1888 1633 2162 1702 plarentur
2209 1632 2522 1703 iniquitates
2570 1650 2789 1691 eorum.

1959 1724 2105 1781 Misit
2147 1724 2368 1797 Moysen
2422 1744 2626 1783 seruum
2670 1746 2857 1796 suum,
2917 1731 3089 1785 Aaron
3139 1747 3286 1802 quem
3335 1731 3484 1802 elegit

165 1832 295 1870 tum
325 1816 627 1888 pertransiit
666 1815 896 1869 animum
946 1819 1079 1889 ejus.
1133 1814 1358 1871 Ferrum
1408 1815 1584 1887 ipsum
1637 1812 1771 1870 dicit
1807 1812 2067 1892 Bipsum.
2113 1819 2311 1891 Legem
2356 1820 2540 1890 utique
2569 1831 2624 1877 et
2653 1822 3040 1878 sacerdotium.

170 1916 490 1980 peccatum,
520 1908 661 1978 quod
690 1908 892 1964 occidit
915 1909 1172 1964 animam.
1201 1908 1394 1965 Aliter.
1421 1908 1557 1975 Quia
1589 1908 1643 1963 in
1675 1922 1776 1977 pe-

170 1998 361 2055 riculo
412 2008 552 2062 erat,
604 2009 895 2054 accusatus
932 2014 963 2054 a
1016 2000 1235 2055 domina
1292 1999 1346 2055 in
1400 1999 1492 2055 tali
1526 1998 1774 2055 crimine.

171 2090 432 2147 Ardebat
461 2089 606 2146 enim
640 2090 864 2146 domina
891 2090 944 2146 in
975 2106 1126 2158 eum,
1157 2091 1297 2149 sicut
1341 2091 1606 2162 scriptum
1652 2100 1775 2146 est:

169 2182 387 2239 Omnes
440 2182 837 2251 adulterantes,
868 2183 1012 2238 sicut
1056 2182 1304 2239 clibanus
1340 2183 1503 2239 corda
1536 2182 1776 2253 ipsorum

174 2275 349 2348 (Ose.
403 2278 542 2348 vlt).
604 2276 781 2332 Donec
832 2279 1022 2333 veniret
1069 2276 1279 2332 verbum
1325 2280 1460 2350 ejus.
1534 2274 1776 2332 Verbum

174 2373 353 2445 ipsius
383 2372 595 2429 Domini
626 2372 776 2439 dicit,
805 2373 896 2445 qui
926 2388 1049 2428 eum
1078 2371 1349 2428 liberavit.

251 2465 539 2538 Eloquium
582 2465 793 2521 Domini
813 2466 1150 2539 inﬂanmtorit
1180 2481 1317 2522 eum.
1349 2464 1463 2522 Nisi
1511 2466 1655 2521 enim
1689 2464 1776 2520 in-

174 2561 490 2619 ﬂammatus
530 2571 677 2619 esset
726 2561 932 2634 Spiritu
983 2571 1204 2633 sancto,
1258 2578 1366 2619 non
1401 2571 1614 2633 poterat
1654 2561 1777 2618 lihi-

177 2655 365 2711 dinem
414 2654 654 2711 vincere.
701 2653 942 2726 Spiritus
973 2654 1118 2711 enim
1152 2653 1366 2710 Domini
1418 2654 1778 2710 inﬂammavit

174 2764 324 2819 eum,
363 2757 420 2805 et
442 2749 738 2820 exstinguit
764 2748 941 2819 ignem
960 2747 1222 2804 lihitliuis.
1245 2746 1392 2803 Misit
1425 2764 1516 2802 rex
1541 2755 1590 2802 et
1626 2747 1778 2804 soluit

174 2859 313 2897 eum.
340 2839 648 2899 Secundum
671 2840 903 2897 litteram
927 2840 1139 2896 Pharao
1164 2840 1339 2908 misit,
1364 2848 1417 2895 et
1440 2838 1601 2896 solvit
1625 2855 1774 2897 eum.

176 2935 351 2991 Aliter
398 2952 410 2988 :
468 2933 526 2991 Si
570 2933 768 3005 aliquis
815 2943 1054 2990 tentatur
1104 2949 1134 2988 a
1193 2932 1446 3001 libidine,
1504 2934 1608 2988 nisi
1668 2934 1777 2990 Do-

176 3028 361 3083 minus
406 3027 725 3098 apparuerit
751 3036 803 3083 et
830 3026 1053 3083 solverit
1078 3042 1376 3084 eumznon
1422 3036 1605 3098 p0test
1642 3027 1780 3083 etfu-

176 3134 310 3192 gere
357 3128 667 3192 peccatum.
702 3118 850 3175 llisit
895 3136 1008 3188 rex,
1056 3128 1105 3175 et
1142 3120 1292 3175 solvit
1330 3137 1447 3174 eum
1491 3137 1509 3174 :
1540 3122 1777 3193 princeps

1955 1909 2140 1966 Posuit
2163 1913 2217 1965 in
2243 1912 2316 1966 eis
2344 1912 2496 1967 verba
2516 1913 2784 1986 signorum
2805 1929 3019 1968 suorum
3046 1923 3093 1970 et
3122 1915 3484 1987 prodigiorum

1878 2002 1937 2055 in
1986 2010 2128 2057 terra
2173 2000 2356 2058 Cham.
2431 2003 2689 2068 Attende,
2746 2004 3014 2070 oJudzee,
3048 2005 3140 2076 qui
3181 2007 3483 2063 secundum

1882 2093 2122 2149 litteram
2150 2095 2296 2150 dicta
2343 2096 2598 2167 intelligis
2628 2115 2641 2150 :
2666 2096 2933 2169 Numquid
2969 2097 3182 2173 Moyses
3204 2109 3258 2154 et
3294 2101 3477 2155 Aaron

1883 2187 1934 2242 in
1958 2195 2100 2242 terra
2117 2186 2288 2242 Cham
2307 2198 2635 2257 acceperunt
2650 2190 2959 2245 mandatum
2978 2190 3047 2245 de
3069 2192 3261 2261 signis,
3292 2198 3347 2246 ct
3369 2205 3478 2246 non

1883 2280 2062 2350 potius
2093 2280 2144 2333 in
2195 2288 2341 2335 terra
2381 2278 2631 2335 Madiau?
2657 2281 2765 2336 Aut
2812 2281 2869 2336 in
2932 2293 3077 2338 terra
3112 2280 3279 2338 Cham
3331 2282 3479 2338 fece-

1879 2384 2007 2429 runt
2050 2373 2328 2445 prodigia,
2388 2383 2444 2429 et
2474 2389 2582 2430 non
2630 2374 2685 2430 in
2742 2374 3004 2448 Egypto?
3040 2376 3148 2433 Sed
3185 2386 3246 2433 ut
3281 2376 3485 2433 intelli-

1880 2480 1977 2535 gas
2019 2464 2136 2521 haec
2164 2480 2261 2538 per
2289 2465 2460 2536 legem
2494 2475 2547 2521 et
2586 2467 2953 2522 sacerdotium
2996 2482 3167 2539 usque
3212 2468 3374 2524 hodie
3400 2469 3484 2525 ine

1882 2566 1964 2613 ter
2000 2566 2190 2630 gentes
2211 2557 2520 2615 incredulas
2542 2559 2625 2631 agi
2659 2559 2820 2616 :ideo
2863 2561 3125 2632 propheta
3148 2571 3345 2617 terram
3397 2576 3488 2631 po-

1879 2659 1989 2714 suit
2031 2656 2222 2712 Cham.

1956 2747 2099 2803 Misit
2128 2748 2362 2804 tenebras
2393 2759 2441 2803 et
2467 2749 2754 2805 abst-aravit
2784 2766 2892 2807 eos.
2927 2749 3219 2823 Cmperunt
3241 2752 3292 2808 ei
3314 2766 3481 2823 expo-

1881 2858 2011 2900 nere
2040 2858 2240 2899 arcana
2273 2844 2662 2916 mysteriorum
2696 2844 2822 2914 Dei,
2857 2853 2909 2899 et
2939 2845 3163 2901 claritas
3194 2847 3483 2902 mundanas

1880 2937 2160 3009 sapientiae
2202 2938 2493 2993 obscurata
2537 2947 2641 2994 est.
2689 2937 2779 2994 Sic
2816 2939 2962 2994 enim
3010 2939 3145 2994 alibi
3172 2957 3185 2993 :
3212 2939 3481 3010 Compreo

1882 3029 2112 3087 hendam
2171 3031 2447 3101 sapientes
2494 3030 2546 3085 in
2601 3029 2795 3086 astutia
2834 3045 3023 3086 eorum
3055 3030 3128 3101 (11
3165 3028 3287 3087 Car.
3318 3031 3382 3101 ι).
3416 3030 3483 3087 Et

1880 3122 2200 3180 exacerbavit
2236 3138 2495 3178 sermones
2526 3126 2661 3196 ejus.
2692 3121 2827 3191 Quia
2857 3121 2978 3177 duri
3001 3122 3082 3178 eis
3106 3132 3265 3178 erant
3293 3141 3305 3176 :
3336 3123 3485 3178 sicut

177 3214 511 3289 populorum,
554 3223 602 3269 et
648 3214 843 3269 dimisit
894 3230 1027 3268 eum.
1069 3212 1190 3269 Rex
1215 3229 1277 3269 ac
1314 3214 1588 3286 princeps,
1628 3224 1780 3287 pater
1805 3203 1850 3269 C
1884 3215 2146 3289 quosdam
2192 3215 2551 3287 Evangelium
2585 3215 2792 3271 dixisse
2824 3215 2989 3271 refert
3020 3232 3033 3270 :
3069 3215 3248 3271 Durus
3280 3224 3363 3270 est
3386 3214 3481 3270 hic

176 3308 464 3379 accipitur,
497 3316 555 3363 ut
576 3306 710 3363 illud
747 3325 759 3359 :
794 3304 909 3362 Rex
946 3322 1172 3377 magnus
1203 3322 1370 3376 super
1390 3322 1609 3363 omnem
1661 3317 1776 3363 ter-

177 3419 316 3469 ram,
372 3410 428 3458 et
456 3401 590 3458 illud
620 3420 632 3453 :
666 3400 930 3455 Dominus
981 3400 1240 3470 princeps
1271 3400 1776 3457 noster:Dominus

174 3493 346 3566 judex
378 3501 566 3550 noster
598 3490 776 3568 (Psal.
824 3490 994 3563 vat).
1032 3491 1152 3562 Ipse
1188 3506 1320 3564 ergo
1352 3491 1501 3547 misit
1521 3491 1774 3562 angelum

176 3602 333 3643 suum
379 3588 471 3659 qui
528 3585 763 3643 revolvit
803 3584 1040 3656 lapidem
1099 3586 1169 3640 ab
1207 3585 1354 3641 ostio
1411 3584 1774 3652 monumenti,

178 3689 233 3736 et
254 3678 737 3736 dissolvitsudaria
764 3677 1101 3747 funerisejus
1132 3677 1330 3750 (Marc.
1361 3680 1476 3748 xv).
1499 3678 1622 3750 Ipse
1644 3693 1780 3750 quo-

179 3787 283 3843 que
333 3779 562 3844 paterna
611 3771 834 3839 virtute,
877 3771 1089 3827 devicta
1126 3781 1321 3840 morte,
1354 3773 1423 3827 ab
1450 3771 1664 3828 inferno
1690 3787 1779 3827 rc-

180 3866 374 3922 missus
417 3874 523 3922 est.
568 3864 714 3921 Nihil
766 3864 859 3920 hic
891 3866 1234 3937 negligenter
1288 3865 1641 3921 sentiendum
1681 3875 1776 3922 aut

180 3959 479 4031 putandum
507 3978 520 4013 :
544 3959 668 4030 quia
719 3959 789 4016 ab
827 3960 1038 4030 angelis
1065 3960 1361 4016 suscitatus
1389 3968 1496 4017 est.
1542 3960 1776 4016 Minore-

186 4066 271 4112 tus
297 4062 383 4109 est
408 4053 554 4110 enim
584 4052 749 4126 paulo
778 4053 960 4108 minus
989 4053 1059 4108 ab
1079 4053 1291 4124 angelis
1324 4072 1335 4106 :
1361 4068 1482 4109 cum
1518 4063 1573 4108 ut
1607 4054 1776 4111 homo

182 4148 417 4219 suscepit
444 4156 673 4204 mortem
690 4145 865 4220 (Psal.
886 4146 1028 4219 vttt).
1050 4145 1181 4202 Nam
1212 4146 1263 4200 in
1291 4146 1690 4203 resurrectione
1715 4154 1777 4202 ut

180 4242 320 4299 Deus
352 4256 536 4303 verus,
562 4239 811 4309 angelico
836 4253 968 4294 usus
1008 4247 1091 4293 est
1145 4238 1467 4293 ministerio.
1520 4236 1775 4308 Regnum

182 4333 281 4389 hoc
317 4331 384 4387 ad
435 4330 768 4403 principatus
813 4345 915 4387 nec
968 4329 1036 4385 ad
1061 4329 1403 4387 Pharaonem
1447 4329 1765 4400 pertinebit,

181 4427 269 4499 qui
299 4424 686 4484 exterminatur
714 4432 821 4494 est,
845 4439 946 4480 nec
974 4422 1040 4479 ad
1076 4422 1227 4478 illum
1264 4423 1357 4495 qui
1391 4431 1595 4480 tantum
1628 4424 1777 4495 prin-

180 4534 307 4590 ceps
333 4533 631 4589 coquorum
658 4527 763 4574 est.

1880 3325 2065 3367 sermo
2092 3329 2104 3364 :
2129 3309 2248 3381 quis
2275 3324 2398 3365 eum
2421 3308 2611 3365 audire
2634 3309 2808 3381 possit
2830 3306 3012 3383 (Jonn.
3038 3306 3151 3374 vi)?

1952 3404 2212 3460 Convertit
2242 3419 2404 3475 aquas
2432 3418 2614 3457 eorum
2639 3402 2693 3456 in
2715 3403 3041 3475 sanguinem.
3068 3400 3140 3457 Ut
3174 3401 3265 3472 qui
3313 3399 3480 3456 sedu-

1879 3497 2052 3555 cendo
2097 3497 2418 3569 sanguinem
2451 3494 2755 3553 effuderant
2796 3493 3169 3562 parvulorum,
3194 3492 3294 3565 ipsi
3322 3492 3480 3549 dein-

1879 3606 2010 3661 ceps
2042 3605 2143 3662 pro
2169 3590 2323 3661 aquis
2353 3604 2610 3645 cruorem
2659 3588 2960 3644 haurirent.
2988 3586 3096 3644 Sed
3125 3585 3360 3642 maxime
3391 3585 3482 3642 hic

1880 3683 2181 3740 versiculus
2215 3682 2507 3745 hrcretjcos
2560 3679 2808 3750 respicit.
2853 3677 2924 3733 Et
2972 3677 3161 3732 occidit
3198 3676 3362 3747 pisces
3391 3693 3481 3732 eo-

1879 3794 2020 3831 rum.
2065 3775 2167 3843 Qui
2219 3775 2362 3831 inter
2400 3773 2700 3829 ﬂuctuosas
2740 3771 2904 3843 hujus
2943 3768 3131 3825 mundi
3183 3767 3479 3827 felicitates

1879 3884 2106 3937 regnum
2131 3883 2254 3924 esse
2275 3866 2561 3940 putabant.

1951 3959 2021 4014 Et
2061 3960 2205 4015 dedit
2240 3969 2381 4015 terra
2416 3974 2596 4013 eorum
2635 3973 2795 4012 ranas
2837 3957 2892 4011 in
2918 3956 3270 4029 penetralibus
3298 3971 3474 4027 regum

1875 4059 2131 4124 ipsorum.
2164 4056 2222 4111 In
2250 4055 2420 4123 ranis,
2453 4062 2738 4125 poetarum
2764 4062 2789 4091 ⁸
2813 4052 3056 4109 carmina
3084 4052 3474 4122 designantur,

1877 4150 2020 4222 quia
2053 4148 2323 4205 catholica
2354 4147 2542 4219 regula
2576 4146 2978 4216 discrepantes,
3010 4160 3199 4218 regum
3222 4153 3477 4200 terreno-

1877 4256 1996 4297 rum
2019 4241 2184 4298 corda
2206 4239 2587 4310 deceptionum
2618 4238 2813 4297 fabulis
2844 4237 3081 4308 replent.

1954 4332 2118 4399 Dixit,
2146 4343 2196 4389 et
2230 4334 2365 4389 venit
2399 4333 2694 4405 cynomyia.
2726 4333 2784 4388 ln
2814 4330 3124 4405 cyuomyia,
3165 4327 3216 4383 id
3249 4336 3352 4396 cst,
3384 4344 3480 4385 ca-

1878 4429 2006 4485 nina
2035 4443 2259 4495 musca,
2305 4444 2426 4499 quae
2465 4414 2519 4483 in
2565 4442 2726 4484 coeno
2777 4441 2843 4482 ac
2895 4434 3141 4483 stercore
3175 4423 3473 4492 volutatur,

1875 4520 2146 4577 luxuriam
2177 4521 2383 4576 indicat
2403 4536 2419 4578 :
2443 4536 2563 4589 qua:
2590 4520 2916 4590 plerumque
2953 4532 3267 4589 compressa
3299 4518 3479 4587 pullu-

250 4609 527 4666 Constituit
557 4626 671 4664 eum
696 4607 979 4664 Dominum
1006 4608 1191 4663 domus
1213 4623 1342 4664 sure.
1362 4606 1621 4664 Ecclesia:
1650 4605 1771 4677 ejus
1798 4601 1850 4663 D
1878 4615 1974 4671 lat.
2009 4614 2159 4670 Sicut
2188 4612 2403 4678 Petrus,
2436 4613 2631 4681 inquit,
2663 4611 2946 4680 apostolus
2982 4628 2995 4666 :
3024 4608 3190 4665 Canis
3219 4623 3475 4665 reversus

180 4703 440 4775 sanguine
476 4702 772 4773 acquisita}.
799 4700 865 4756 Et
908 4702 1197 4773 principem
1234 4701 1397 4755 outnis
1437 4698 1775 4771 possessionis

179 4814 302 4855 sine.
351 4797 529 4866 Quam
579 4794 842 4851 adiaholi
889 4794 1158 4851 abstraxit
1197 4802 1485 4865 potestate.

253 4891 320 4948 Ut
343 4891 567 4945 erudiret
585 4889 841 4963 principes
867 4905 988 4943 suos
1012 4889 1145 4943 sicut
1184 4890 1533 4958 semetipsum,
1562 4896 1610 4943 et
1630 4902 1774 4943 senes

181 4987 289 5059 ejus
310 4984 638 5059 prudentiam
661 4982 887 5038 doceret.
924 4981 1210 5051 Principes
1232 4994 1297 5036 ac
1325 4980 1575 5036 seniores
1603 4985 1763 5036 erant

181 5079 502 5152 populorum
527 5075 783 5149 apostoli,
836 5084 892 5130 et
911 5075 996 5131 sui
1032 5090 1063 5129 a
1093 5073 1430 5146 proprietate
1462 5073 1616 5140 dicti,
1652 5089 1762 5130 non

182 5187 211 5228 a
264 5170 585 5243 principatu,
638 5182 779 5241 quos
829 5169 945 5239 ipse
990 5167 1165 5223 sacris
1214 5166 1448 5222 erudivit
1509 5166 1764 5238 eloquiis.

181 5264 307 5322 Nam
359 5271 416 5319 ct
455 5263 605 5333 ipsos
659 5261 1008 5318 sacerdotum
1064 5259 1340 5330 principes
1435 5272 1499 5313 ac
1536 5257 1771 5329 populo-

183 5374 294 5421 rum
324 5358 573 5416 seniores
630 5356 831 5428 smpius
881 5354 1111 5420 docens,
1167 5351 1407 5408 erudivit
1454 5351 1510 5407 in
1537 5352 1762 5424 templo,

182 5467 295 5510 cum
340 5451 424 5507 eis
466 5449 682 5506 divinas
732 5448 951 5520 aperuit
1002 5444 1343 5517 Scripturas.

249 5541 315 5600 Et
357 5543 569 5599 intrauit
597 5539 767 5598 Israel
789 5540 843 5598 in
866 5539 1176 5615 Egyptum,
1201 5547 1248 5593 et
1266 5536 1433 5594 Iacob
1458 5537 1626 5593 incola
1672 5538 1771 5609 fuit

254 5688 277 5718 ⁸
299 5679 503 5735 Recole
541 5693 662 5745 qum
688 5678 851 5748 paulo
889 5677 1144 5749 superius
1181 5678 1235 5733 in
1279 5674 1475 5744 psalm.
1508 5691 1687 5732 Lxxvu
1713 5675 1782 5732 ad

185 5752 445 5824 geminum
467 5750 820 5824 istiuslocum
847 5750 1225 5806 observamus.
1244 5749 1321 5804 De
1347 5750 1643 5824 cyno‘ntyia,
1661 5763 1784 5824 qua;

185 5816 537 5896 Subsequitur,
574 5829 738 5894 atque
762 5820 852 5879 hic
878 5828 1068 5878 auctor
1109 5828 1297 5878 contra
1325 5816 1438 5878 véri
1473 5816 1783 5891 Hieronymi

1879 4706 1947 4764 atl
1971 4706 2329 4776 vomitum,et
2354 4718 2446 4759 sus
2467 4704 2582 4759 lota
2606 4718 2636 4758 a
2666 4702 2925 4772 squalore
2947 4701 3089 4757 omni
3108 4700 3177 4769 (ll
3208 4699 3353 4753 Petr.
3389 4698 3476 4769 It).

1882 4798 1950 4854 Et
1981 4799 2164 4870 cinifes
2192 4800 2247 4852 in
2288 4796 2523 4851 omnibus
2553 4795 2744 4866 ﬁnibus
2773 4810 2969 4850 eorum.
3023 4792 3077 4847 In
3120 4791 3302 4855 cinife,
3354 4791 3478 4845 dia-

1879 4891 2087 4947 lectica:
2106 4888 2243 4944 artis
2266 4887 2519 4945 stimulus
2546 4886 2870 4958 intelligitur
2901 4903 2913 4939 :
2946 4900 3066 4956 quae
3096 4883 3227 4938 licet
3245 4897 3473 4953 parvum
3510 4900 3513 4901 ν

1880 4982 2128 5039 videatur
2153 4980 2356 5037 habere
2387 4978 2723 5036 seductiouis
2741 4976 3015 5044 aculeum,
3042 4973 3367 5046 gravissime
3392 4982 3477 5029 ta-

1881 5091 2003 5132 men
2031 5073 2242 5130 sauciat
2264 5080 2473 5129 mentes
2504 5071 2790 5127 humanas.

1864 5171 1870 5177 ’
1950 5167 2134 5223 Posuit
2157 5166 2359 5238 pluuias
2389 5180 2567 5220 eorum
2596 5165 2926 5239 grandinem.
2951 5161 3027 5220 Ut
3053 5158 3250 5217 divinis
3280 5174 3477 5229 argue-

1878 5271 2066 5320 rentur
2083 5258 2422 5315 verberibus.
2448 5257 2472 5312 1
2478 5273 2629 5330 gnem
2647 5265 2877 5312 urentem
2893 5256 2945 5309 in
2970 5263 3109 5309 terra
3131 5267 3329 5307 eorum.
3352 5250 3475 5308 Non

1875 5355 2292 5417 illuminantem,
2337 5350 2432 5408 sed
2463 5360 2713 5407 urentem
2749 5365 2765 5405 :
2798 5348 2924 5419 quia
2956 5354 3180 5403 sanctus
3215 5343 3356 5416 ignis
3376 5342 3472 5413 ju—

1877 5455 1993 5505 stos
2023 5445 2321 5511 illuminat,
2354 5452 2668 5514 peccatores
2690 5440 2894 5498 exurit.

1950 5541 2023 5596 Et
2061 5539 2314 5612 percussit
2362 5538 2539 5594 uineas
2587 5551 2783 5606 eorum,
2815 5544 2864 5590 et
2912 5530 3166 5604 ﬁculneas
3201 5545 3401 5597 eorum,
3428 5537 3481 5585 et

1888 5675 2213 5733 sententiam
2246 5675 2412 5731 vertit
2456 5674 2512 5731 in
2554 5674 2794 5729 caninam
2838 5687 3087 5739 muscam,
3121 5668 3245 5727 vide
3269 5684 3391 5741 quae
3421 5669 3479 5727 in

1890 5747 2110 5820 praeﬁxa
2140 5745 2512 5805 admonitione
2532 5743 2975 5819 perstrinximus.
