4016 6348
176 291 356 347 IL“

1178 291 1609 350 BREVIARIUM
1645 292 1712 349 ΙΝ
1751 291 2087 351 Ρθλιιιοθ.
2127 294 2375 353 PSALM.
2415 295 2528 349 (LV.

3379 297 3519 355 H42

160 404 498 468 Salvator.
538 404 732 460 Beatus
771 419 903 475 ergo
931 406 1019 475 qui
1056 388 1184 476 facit
1207 406 1497 476 justitiam,
1551 408 1656 463 hoc
1702 417 1816 475 est,
1851 412 1898 471 Α
1926 409 1994 465 ab
2036 410 2120 465 his
2167 410 2329 476 Deus,
2379 426 2502 467 cum
2558 426 2663 467 non
2713 412 3037 484 intelligunt.
3092 414 3298 470 Eruditi
3339 423 3518 470 autem

179 502 299 572 qui
342 499 789 557 facitChristum.
814 500 1101 567 Quomodo
1127 514 1257 570 ergo
1276 499 1502 555 facimus
1521 500 1819 569 Christum,

181 594 319 652 hoc
352 604 466 662 est,
511 594 822 664 justitiam?
847 593 907 667 Si
949 594 1093 662 jnste
1132 609 1386 665 agamus,
1429 594 1735 665 concipitur
1766 596 1819 650 in

186 688 385 743 nobis
426 685 655 758 iustitia,
683 694 742 742 et
769 686 975 754 paritur
1001 700 1066 739 ex
1096 684 1252 740 nobis
1291 685 1520 756 iustitia,
1550 696 1607 742 et
1634 701 1820 743 sumus

184 787 403 836 mater
425 778 676 849 iustitiae.
711 778 862 834 Felix
889 786 977 834 est
1001 787 1057 834 et
1077 777 1266 834 beatus
1285 778 1374 850 qui
1404 778 1554 834 omni
1578 788 1823 851 tempore

188 881 262 929 et
297 882 482 944 pater,
515 880 572 930 et
600 881 777 929 mater
800 880 885 929 est
903 872 1145 944 justitiie.

287 963 561 1019 Memento
589 964 771 1031 nostri,
804 961 1052 1031 Domine,
1084 963 1136 1017 in
1168 962 1485 1034 beneplacito
1510 965 1693 1036 populi
1722 966 1818 1020 tui.

189 1056 381 1124 Quod
419 1056 553 1112 dicit
598 1056 793 1112 beatus
841 1056 1006 1112 David
1035 1097 1050 1121 ,
1095 1060 1196 1112 hoc
1224 1068 1307 1112 est
1341 1076 1353 1112 :
1393 1060 1537 1126 Scio,
1575 1059 1821 1127 Domine,

191 1156 466 1205 veterem
494 1149 668 1220 legem
705 1167 716 1202 :
750 1147 1038 1204 Beatitudo
1063 1149 1305 1220 perfecta
1335 1165 1441 1204 non
1472 1150 1627 1205 estin
1652 1152 1821 1207 veteri

193 1242 391 1313 Lege,
417 1243 513 1298 sed
545 1243 598 1297 in
628 1242 943 1313 Evangelia.
979 1242 1102 1300 Scio
1123 1244 1377 1314 quoniam
1420 1243 1568 1313 prior
1595 1244 1823 1314 populus

195 1335 451 1392 oﬂ’endit
471 1344 545 1404 te,
577 1345 631 1390 et
656 1350 829 1391 novus
851 1335 1080 1406 populus
1092 1345 1331 1403 creatur,
1354 1342 1443 1407 qui
1471 1336 1675 1391 serviat
1702 1335 1819 1392 tibi.

199 1428 346 1485 Scio
376 1429 505 1500 quia
548 1428 731 1485 veniet
758 1429 901 1483 ﬁlius
925 1440 1048 1484 tuus
1069 1469 1085 1494 ,
1116 1440 1170 1484 et
1198 1428 1430 1484 salvabit
1463 1444 1626 1483 omne
1652 1442 1824 1499 genus

199 1527 562 1588 humanum,
612 1534 670 1581 et
707 1525 935 1581 credent
979 1524 1033 1579 in
1081 1538 1241 1591 eum,
1292 1524 1385 1594 qui
1438 1523 1593 1578 electi
1640 1532 1819 1579 erunt.

200 1618 520 1687 Propterea
542 1632 672 1689 ergo
699 1632 832 1687 rogo
847 1617 1103 1687 quoniam
1127 1631 1230 1687 ego
1256 1615 1408 1685 prius
1438 1623 1598 1670 natus
1619 1630 1738 1669 sum
1765 1614 1823 1671 in

201 1712 396 1767 veteri
426 1711 600 1781 Lege,
633 1718 692 1767 ut
724 1712 957 1781 imputes
1003 1709 1136 1765 mihi
1186 1708 1492 1764 mercedem
1522 1723 1646 1763 cum
1680 1725 1822 1766 novo

1925 508 2053 556 tunc
2080 514 2409 572 cognoscent
2442 504 2739 573 potentiam
2795 505 2910 560 Dei.
2961 504 3110 561 Mare
3153 514 3335 561 autem
3382 507 3519 562 duas

1926 592 2089 649 habet
2117 594 2496 666 intelligendas
2547 614 2561 650 :
2610 596 2935 667 baptismum
2988 598 3198 654 scilicet
3243 610 3297 654 et
3347 614 3523 656 sacu-

1925 683 2057 739 lum.

1997 776 2287 851 Increpauit
2309 797 2445 836 mare
2475 780 2733 849 Rubrum,
2754 793 2801 837 et
2830 785 3145 839 exsiccatum
3168 794 3266 841 est.
3299 785 3525 843 Desistit

1924 887 2110 927 coram
2133 873 2336 945 popqu
2358 873 2453 929 Dei
2474 877 2836 946 procellosum
2854 880 3138 948 saeculum,
3163 894 3285 935 cum
3314 894 3521 951 cogno-

1928 965 2070 1021 verit
2119 963 2328 1023 fontem
2372 969 2523 1024 vitaz.
2555 968 2626 1024 Et
2671 973 2849 1027 eduxit
2882 988 2968 1027 eos
2999 974 3050 1027 in
3076 974 3275 1045 abyssis
3297 976 3431 1030 sicut
3467 976 3523 1031 in

1924 1060 2126 1114 deserto
2155 1058 2353 1133 (Exod.
2382 1061 2524 1135 xiv.)
2558 1062 2854 1136 Tamquam
2894 1066 2940 1120 si
2979 1080 3076 1136 per
3121 1068 3266 1123 sicca
3314 1067 3516 1124 deserti

1923 1152 2255 1224 gradiantur,
2288 1156 2361 1209 ita
2390 1155 2554 1212 nullis
2583 1165 2711 1212 sunt
2734 1157 2991 1214 ﬂuctibus
3025 1161 3298 1230 occupati.

1995 1246 2064 1301 Et
2094 1248 2307 1303 saluauit
2332 1266 2419 1304 eos
2452 1250 2517 1304 de
2547 1268 2700 1305 manu
2729 1252 3032 1318 bdientium,
3072 1264 3121 1308 et
3169 1255 3385 1309 redemit
3432 1272 3519 1311 eos

1923 1336 1990 1391 de
2043 1354 2201 1392 manu
2230 1338 2447 1395 inimici.
2502 1341 2775 1398 Liberatio
2823 1358 2887 1399 ac
2931 1344 3233 1416 redemptio
3285 1347 3518 1404 hominis

1925 1445 2022 1501 per
2049 1432 2353 1501 passionem
2384 1433 2588 1490 Christi
2615 1433 2756 1491 facta
2784 1447 2888 1491 est.

1997 1521 2064 1575 Et
2096 1524 2297 1591 operuit
2326 1541 2464 1595 aqua
2483 1526 2785 1582 tribulantes
2823 1545 2911 1583 eos
2941 1545 2960 1584 .'
3007 1546 3140 1584 unus
3187 1547 3251 1584 ea:
3296 1532 3368 1592 eis
3412 1549 3515 1587 non

1923 1615 2165 1668 remansit
2205 1615 2224 1684 (
2252 1612 2457 1671 Ibidem
2480 1620 2520 1686 ).
2563 1617 2654 1673 Sic
2681 1628 2735 1673 et
2764 1634 2907 1674 nunc
2948 1620 3005 1675 in
3034 1633 3217 1676 nostro
3240 1621 3517 1694 baptismo

1924 1706 2004 1762 ﬁt.
2046 1708 2272 1763 Ablutur
2301 1707 2465 1766 homo
2493 1712 2680 1781 aquis,
2712 1721 2767 1769 et
2799 1714 2938 1782 perit
2964 1712 3215 1771 diabolus
3250 1731 3372 1772 cum
3424 1732 3513 1774 sa-

204 1805 444 1875 populo.
466 1803 690 1860 Videtur
718 1813 901 1860 nostra
932 1818 1057 1860 esse
1085 1804 1354 1859 sententia
1381 1802 1517 1858 bare.
1551 1800 1818 1873 Legamus
1850 1798 1897 1859 B
1927 1801 2187 1857 tellitibus
2216 1801 2352 1857 suis.

202 1897 371 1968 ipsos
396 1897 723 1964 versiculos,
764 1905 821 1953 et
848 1896 1190 1952 inveniemus
1232 1895 1407 1964 ipsum
1453 1908 1671 1948 sensum
1697 1908 1819 1950 esse

203 2008 385 2064 quem
413 1990 676 2047 diximus.
706 1990 876 2045 Visita
906 2007 1000 2045 nos
1028 1991 1084 2045 in
1111 1987 1338 2044 salutari
1354 1996 1464 2044 tuo.
1491 1987 1604 2043 Hoc
1625 1995 1729 2056 est,
1762 1988 1816 2042 in

205 2084 361 2141 Filio
389 2093 505 2151 tuo,
533 2083 750 2155 quando
774 2084 1003 2140 venerit.

287 2178 376 2233 Ad
401 2177 677 2233 videndum
702 2178 755 2232 in
779 2178 1003 2233 bonitate
1024 2177 1301 2232 electorum
1322 2184 1548 2229 tuorum.
1578 2172 1689 2229 Hoc
1709 2184 1816 2238 est,

207 2271 283 2326 da
314 2271 474 2328 nobis
497 2285 703 2343 partem
727 2287 851 2327 cum
883 2269 1162 2341 apostolis.
1193 2269 1460 2338 Quoniam
1480 2282 1576 2323 nos
1596 2268 1813 2340 quidem

207 2368 616 2424 antecessimus
641 2381 737 2421 eos
768 2366 821 2420 in
872 2373 1114 2436 tempore
1142 2382 1156 2417 :
1186 2363 1268 2418 llli
1309 2378 1440 2420 vero
1488 2362 1818 2417 antecedent

210 2475 318 2517 nos
342 2459 399 2514 iu
427 2460 800 2529 spiritualibus
833 2476 845 2513 :
875 2457 979 2513 hoc
1002 2471 1107 2524 est,
1133 2465 1193 2510 ut
1210 2456 1492 2511 videamus
1518 2455 1813 2510 bonitatem

211 2561 391 2618 tuam,
420 2566 584 2620 quam
617 2551 857 2606 facturus
882 2565 941 2605 es
969 2565 1092 2605 cum
1134 2547 1323 2605 electis
1353 2548 1479 2601 tuis.
1512 2545 1595 2600 Ad
1633 2547 1815 2601 ltetan-

210 2643 342 2697 dum
368 2643 422 2697 in
470 2642 653 2698 laetitia
680 2642 848 2715 gentis
871 2651 992 2696 tute.
1019 2641 1166 2697 Gens
1213 2639 1423 2695 Domini
1456 2652 1555 2692 nos
1583 2653 1810 2703 sumus;

210 2738 260 2792 si
307 2748 487 2793 tamen
517 2746 653 2809 gens
684 2737 857 2807 ipsius
900 2751 1107 2792 sumus.
1157 2734 1405 2803 Populo,
1459 2734 1664 2805 inquit,
1722 2735 1811 2803 qui

210 2836 494 2897 nascetur,
526 2845 687 2901 quem
714 2828 843 2885 iecit
877 2828 1155 2882 Dominus.
1186 2826 1252 2881 Ut
1274 2826 1550 2881 laudemur
1570 2841 1687 2880 cum
1707 2826 1815 2881 lue-

212 2920 438 2976 reditate
467 2931 576 2975 tua.
602 2921 713 2977 lloc
740 2930 841 2985 est,
870 2928 928 2974 ut
946 2934 1069 2974 cum
1099 2917 1398 2988 Evangelio
1411 2926 1467 2972 et
1489 2933 1586 2971 nos
1617 2916 1815 2973 habea-

212 3026 338 3068 mus
389 3022 619 3080 partem,
667 3014 759 3083 qui
802 3013 857 3067 in
900 3010 1070 3067 veteri
1120 3012 1238 3081 lege
1265 3007 1810 3079 faetisumushloan.

213 3101 356 3173 vm).
393 3104 666 3160 Abraham
699 3103 840 3157 enim
892 3112 1043 3172 pater
1067 3109 1255 3158 uester
1283 3100 1419 3155 vidit
1446 3100 1590 3155 diem
1622 3108 1806 3167 tuum,

1996 1894 2061 1949 Et
2086 1894 2418 1951 crediderunt
2444 1898 2499 1952 in
2518 1898 2682 1953 verbis
2709 1900 2839 1971 ejus,
2868 1912 2916 1955 et
2945 1899 3288 1957 laudauerunt
3307 1903 3516 1959 laudem

1921 1988 2053 2059 ejus.
2088 1986 2222 2055 Quia
2253 1987 2488 2043 victores
2510 1998 2689 2044 erant.

1991 2081 2105 2135 Cito
2132 2082 2385 2152 fecerunt,
2419 2081 2565 2135 obliti
2594 2091 2713 2136 sunt
2748 2099 2962 2153 operum
3003 2086 3137 2157 ejus.
3170 2086 3325 2143 Multi
3369 2087 3513 2144 enim

1920 2172 1973 2227 in
2006 2173 2250 2228 Ecclesia
2280 2173 2421 2228 male
2449 2174 2683 2231 vivendo
2726 2187 2783 2231 et
2815 2192 2921 2231 non
2955 2188 3107 2235 recte
3133 2179 3418 2237 sentiendo
3448 2180 3518 2237 de

1920 2264 2053 2329 Deo,
2084 2265 2318 2335 perdunt
2370 2266 2620 2335 baptismi
2678 2270 2928 2337 gratiam.
2987 2269 3112 2325 Non
3163 2274 3516 2329 sustinuerunt

1919 2358 2193 2413 consilium
2219 2359 2351 2430 ejus.
2398 2358 2469 2415 lit
2513 2360 2851 2417 custodirent
2896 2363 3096 2429 vitam,
3142 2380 3304 2434 quam
3363 2367 3513 2437 prius

1918 2451 2221 2521 elegerunt.

1991 2544 2059 2598 Et
2085 2545 2455 2616 concupierunt
2494 2547 2934 2615 concupiscentias
2964 2548 3016 2601 in
3045 2548 3270 2605 deserto.
3305 2548 3361 2603 lu
3388 2551 3515 2605 soli-

1919 2635 2102 2691 tudine
2134 2635 2289 2691 istius
2315 2638 2521 2692 sazculi.
2546 2636 2612 2692 Et
2625 2646 2944 2693 tentaverunt
2976 2637 3139 2693 Deum
3162 2640 3216 2694 in
3240 2640 3515 2713 inaquoso.

1915 2726 2141 2782 Siccitas
2169 2728 2314 2784 enim
2339 2726 2417 2783 eis
2448 2738 2588 2798 erat,
2616 2732 2742 2800 quia
2776 2746 2881 2784 non
2912 2732 3317 2803 cognoscebant
3341 2736 3516 2790 sancti

1917 2818 2149 2889 Spiritus
2182 2821 2576 2892 irrigationem,
2626 2823 2678 2877 in
2733 2823 2984 2879 columna
3020 2825 3178 2882 nubis
3221 2843 3342 2898 qua:
3383 2843 3521 2898 pm-

1915 2912 2145 2969 cedebat
2174 2929 2291 2969 eos.

1992 3004 2054 3059 Et
2081 3005 2220 3058 dedit
2272 3006 2346 3060 eis
2375 3007 2648 3079 petitiones
2697 3024 2895 3073 eorum,
2927 3018 2978 3063 et
3009 3010 3145 3065 misit
3185 3012 3514 3069 saturitatem

1914 3097 1969 3148 in
1996 3096 2195 3151 animas
2218 3113 2416 3152 eorum.
2445 3097 2515 3155 Ut
2544 3100 2812 3170 spirituali
2833 3100 2959 3156 cibo
2980 3102 3284 3174 poculoque
3312 3104 3508 3161 refice-

214 3204 275 3250 et
298 3195 515 3266 gavisus
539 3204 643 3250 est.
672 3194 967 3251 Videamus
995 3208 1128 3265 ergo
1158 3204 1211 3250 et
1244 3207 1367 3261 nos,
1398 3200 1453 3248 et
1480 3192 1812 3263 gaudeamus
1840 3186 1886 3249 C
1919 3197 2124 3242 rentur.

215 3301 341 3343 cum
364 3286 679 3343 haereditate
710 3294 822 3342 tua.

293 3376 627 3433 Peccavimus
649 3393 766 3431 cum
792 3376 1024 3449 patribus
1046 3377 1254 3431 nostris.
1282 3375 1402 3430 Filii
1432 3375 1601 3430 secuti
1624 3389 1814 3431 sumus

217 3481 424 3543 patres.
474 3471 586 3526 Hoc
615 3468 844 3525 iecimus
866 3469 1013 3541 quod
1049 3478 1104 3524 et
1132 3478 1314 3539 patres
1342 3467 1517 3523 nostri
1544 3466 1810 3523 fecerunt.

217 3570 421 3622 Omnes
440 3567 584 3620 enim
616 3564 719 3619 sub
746 3572 969 3635 peccatu
1008 3562 1307 3629 conclusit,
1343 3572 1401 3616 ut
1428 3560 1680 3616 omnibus
1705 3562 1809 3616 mi-

218 3666 493 3714 sereretur
537 3654 744 3729 (Galat.
799 3661 900 3727 ιιι).
960 3654 1163 3729 Injttste
1214 3655 1412 3728 egimus
1445 3670 1462 3706 :
1491 3654 1813 3724 iniquitatem

220 3749 458 3822 fecimus.
489 3748 782 3820 Diligenter
802 3747 1216 3803 animadvertite
1243 3746 1371 3819 quid
1398 3745 1542 3801 dicat
1568 3762 1584 3801 :
1614 3744 1810 3800 Pecca-

219 3845 384 3899 vimus
413 3858 529 3897 cum
557 3840 791 3913 patribus
821 3842 1032 3907 nostris,
1064 3841 1254 3912 injuste
1281 3840 1478 3910 egimus
1503 3880 1519 3904 ,
1566 3838 1811 3906 iniquita-

222 3948 324 3993 tem
344 3936 578 4007 fecimus.
609 3934 878 4006 Numquid
902 3934 1058 4001 dixit,
1087 3934 1253 4004 impie
1272 3930 1525 4003 egimus?
1552 3930 1698 3985 aliud
1730 3941 1815 3989 est

224 4037 559 4102 peccatorem
587 4043 711 4085 esse
738 4037 792 4083 et
818 4026 1099 4098 injustum,
1124 4025 1270 4081 aliud
1294 4034 1379 4081 est
1405 4040 1531 4080 esse
1562 4023 1809 4095 impium.

226 4123 482 4180 Peccator
529 4121 844 4194 frequenter
895 4121 1127 4177 vincitur
1167 4120 1483 4176 inﬁrmitate
1529 4121 1811 4192 corporis:

227 4217 423 4288 impius
452 4226 631 4272 autem
667 4226 825 4287 negat
858 4215 1048 4270 Deum.
1077 4212 1374 4285 Propterea
1398 4229 1528 4285 ergo
1557 4214 1811 4283 quoniam

227 4326 326 4381 ego
353 4325 458 4365 non
487 4325 609 4365 sum
640 4309 854 4379 impius,
880 4307 973 4363 sed
1009 4315 1282 4378 peccatur,
1318 4316 1601 4376 propterea
1638 4306 1814 4361 audeo

226 4417 414 4473 rogare
438 4415 540 4470 pro
563 4401 805 4471 peccatis
843 4398 997 4454 meis.

299 4494 478 4550 Patres
502 4493 662 4549 nostri
690 4494 743 4547 in
767 4490 1000 4563 ίΕθυριο
1029 4507 1132 4545 non
1158 4489 1529 4544 intellexerunt
1552 4488 1815 4542 mirabilia

232 4602 336 4648 tua.
363 4589 648 4656 Viderunt,
679 4598 732 4644 et
758 4602 865 4643 non
898 4585 1165 4642 viderunt.
1211 4584 1477 4640 Viderunt
1502 4583 1816 4639 carnalibus
1841 4578 1892 4638 D

235 4684 421 4751 oculis,
451 4693 507 4740 et
533 4680 910 4755 spiritualibus
940 4679 1115 4735 oculis
1143 4694 1251 4733 non
1282 4677 1555 4733 viderunt.
1586 4676 1703 4731 Non
1739 4676 1818 4730 di-

237 4777 328 4844 xit,
356 4791 463 4830 non
489 4774 776 4830 viderunt:
810 4771 931 4840 sed,
983 4789 1084 4825 non
1128 4768 1514 4825 intellexerunt.
1556 4766 1640 4823 Illi
1675 4766 1818 4823 enim

236 4870 480 4925 viderunt
511 4865 800 4933 mirabilia,
831 4874 887 4921 et
918 4880 1024 4919 non
1057 4864 1460 4920 intellexerunt.
1510 4861 1628 4917 Non
1669 4863 1815 4917 enim

238 4978 295 5020 ea
319 4958 583 5032 spirituali
607 4957 1119 5028 contemplaltantur
1142 4956 1360 5010 intuitu.
1396 4954 1584 5009 Etnon
1614 4953 1824 5022 fuerunt

240 5068 478 5110 memores
504 5050 854 5106 multitudinis
884 5047 1256 5104 misericordia:
1286 5057 1406 5102 tute.
1454 5047 1697 5113 Qualiter
1724 5060 1820 5101 eos

238 5146 301 5201 de
329 5144 577 5201 manibus
608 5143 948 5199 inimicorum
977 5142 1244 5213 eripuisti.
1279 5140 1384 5197 Sed
1418 5139 1578 5195 hodie
1607 5155 1821 5210 quoque

238 5237 494 5296 mirabilia
526 5235 679 5299 lacis,
711 5236 935 5291 Domine
966 5253 978 5289 :
1010 5250 1132 5290 cum
1162 5247 1259 5289 nos
1291 5249 1319 5288 a
1357 5232 1594 5288 tenebris
1635 5231 1820 5287 mundi

241 5341 445 5402 ereptos
474 5328 719 5400 dignaris
745 5327 1077 5383 illuminare.
1165 5378 1171 5386 ,

305 5422 366 5478 Ει
389 5423 718 5478 irritaverant
746 5419 1074 5475 ascendentes
1098 5420 1152 5473 in
1183 5432 1322 5472 mare
1344 5416 1616 5471 Rubrum:
1645 5426 1692 5471 et
1718 5416 1824 5472 sal-

242 5521 356 5575 tavit
380 5535 488 5585 eos,
519 5523 626 5571 etc.
653 5515 811 5570 Facta
840 5523 965 5570 sunt
992 5513 1135 5569 enim
1169 5512 1349 5567 ltzrcin
1373 5511 1553 5566 Israel.
1576 5510 1680 5567 Sed
1710 5509 1828 5565 ani-

245 5607 678 5667 madvertendum
707 5616 788 5660 est
814 5604 961 5676 quia,
995 5602 1137 5675 quod
1171 5603 1242 5659 ibi
1274 5602 1377 5656 fuit
1399 5601 1610 5667 umbra,
1643 5602 1696 5656 in
1730 5602 1828 5657 Ec-

243 5708 389 5766 clesia
418 5702 623 5761 veritas
679 5709 766 5757 est
813 5700 1101 5771 completa.
1148 5698 1316 5771 igitur
1365 5697 1693 5767 baptismum
1742 5697 1831 5752 vel

232 5816 366 5858 crus
395 5794 606 5856 Christi
633 5792 986 5868 pereuntibus
1014 5791 1246 5849 stultitia
1281 5799 1383 5848 est.
1425 5787 1671 5848 lrritatur
1700 5803 1830 5863 ergo

1993 3278 2059 3333 Et
2087 3281 2423 3337 irritaverant
2450 3281 2665 3355 Moysen
2689 3284 2742 3338 in
2767 3284 2969 3351 castris,
3001 3294 3047 3340 et
3073 3285 3251 3340 Aaron
3280 3296 3513 3344 sanctum

1916 3373 2035 3431 Dei.
2066 3375 2263 3447 Legem
2281 3377 2468 3448 utique
2523 3388 2577 3432 et
2620 3378 2991 3434 sacerdotium
3040 3379 3190 3434 stulti
3237 3379 3454 3435 irritant
3491 3399 3503 3436 :

1917 3483 2038 3523 cum
2070 3470 2160 3524 Dei
2194 3478 2484 3540 praecepta,
2510 3485 2606 3541 per
2630 3486 2725 3526 eos
2755 3472 3020 3533 nuntiata,
3054 3486 3161 3526 non
3190 3472 3435 3527 audiunt.

1989 3560 2184 3631 Aperta
2210 3573 2282 3614 est
2312 3569 2469 3628 terra,
2496 3572 2543 3616 et
2564 3561 2833 3633 deglutivit
2862 3561 3092 3629 Datltan,
3123 3575 3169 3617 et
3194 3564 3397 3634 aperuit
3425 3581 3507 3619 su-

1917 3670 2008 3725 per
2036 3656 2483 3726 congregationem
2523 3655 2737 3723 Abiron,
2786 3664 2833 3709 et
2861 3659 3057 3711 exarsit
3086 3656 3219 3728 ignis
3262 3658 3315 3711 in
3356 3674 3513 3728 syna-

1915 3763 2046 3819 goga
2090 3764 2288 3815 eorum,
2339 3757 2384 3800 et
2428 3752 2641 3819 flamma
2676 3749 2952 3803 combussit
2982 3762 3294 3822 peccatores.
3346 3749 3511 3806 Facta

1916 3853 2041 3893 sunt
2076 3841 2189 3894 haec
2217 3841 2514 3895 secundum
2545 3843 2799 3895 litteram.
2830 3841 2936 3897 Sed
2969 3851 3025 3897 et
3051 3858 3193 3897 nunc
3221 3857 3316 3897 eos
3343 3842 3511 3898 devo-

1918 3941 2002 3987 rat
2025 3941 2165 3985 tcrra
2203 3944 2255 3986 et
2286 3932 2512 3988 cxardet
2537 3932 2702 4004 ignis,
2730 3935 2819 4003 qui
2853 3942 3067 3990 terrena
3098 3937 3316 4007 sapiunt
3345 3948 3401 3991 et
3429 3952 3513 3992 re-

1916 4024 2169 4082 Ccdunta
2222 4025 2489 4081 mandatis
2532 4028 2647 4097 Dei,
2698 4043 2832 4096 quos
2865 4046 2972 4083 non
3024 4028 3299 4085 illuminat
3341 4032 3514 4102 gratia

1915 4116 2147 4187 Spiritus
2177 4117 2390 4185 sancti;
2424 4119 2518 4174 sed
2551 4118 2801 4175 accendit
2838 4118 3055 4175 llamma
3088 4120 3313 4188 peccati.

1988 4207 2058 4264 Et
2081 4215 2309 4283 fecerunt
2334 4211 2546 4265 vitulum
2579 4212 2630 4265 in
2663 4210 2859 4277 Horeb,
2894 4222 2942 4266 et
2972 4213 3323 4268 adoraverunt
3364 4214 3509 4269 scul-

1917 4304 2061 4376 ptile,
2093 4314 2141 4359 et
2162 4316 2487 4361 mutaverunt
2507 4306 2732 4379 gloriam
2755 4323 2904 4360 suam
2940 4306 2993 4360 in
3023 4305 3414 4362 similitudinem
3435 4308 3513 4362 ui-

1917 4398 2015 4454 tuli
2058 4399 2364 4455 comedentis
2392 4400 2586 4471 fenum.
2635 4399 2690 4453 In
2726 4399 2837 4456 Deo
2882 4400 3027 4456 enim
3079 4400 3340 4456 debuerat
3390 4415 3514 4457 esse

1916 4491 2082 4559 gloria
2138 4507 2359 4557 eorum;
2390 4493 2485 4548 sed
2533 4492 2726 4547 relicto
2772 4507 2858 4559 eo,
2904 4492 3200 4548 simulacro
3250 4503 3403 4549 muto
3453 4505 3509 4547 ct

1921 4584 2084 4638 surdo
2112 4585 2304 4640 dantes
2332 4585 2584 4655 gloriam,
2612 4585 2867 4641 dicebant
2895 4602 2908 4638 :
2944 4587 3004 4639 lli
3037 4594 3164 4641 sunt
3192 4587 3264 4641 dii
3298 4588 3395 4649 tui.
3433 4587 3511 4640 Is-

1923 4675 2032 4731 rael
2081 4673 2281 4745 (Exod.
2312 4672 2512 4746 xxx").
2557 4674 2645 4730 Sic
2678 4686 2731 4729 et
2761 4691 2902 4729 nunc
2932 4676 2977 4729 si
3009 4675 3154 4745 quis,
3187 4677 3375 4731 relicta
3421 4676 3519 4732 Ec-

1923 4768 2105 4834 clesia,
2137 4775 2314 4821 sortes
2355 4766 2730 4838 pythunesque
2774 4766 3031 4833 consulit,
3075 4775 3313 4823 mutatur
3340 4767 3511 4836 gloria

1924 4861 2063 4931 ejus,
2090 4869 2146 4916 et
2171 4859 2363 4914 similis
2391 4858 2584 4930 pecudi
2612 4859 2669 4913 lit
2701 4877 2715 4913 :
2744 4860 2883 4914 sicut
2926 4858 3199 4930 quondam
3231 4858 3516 4915 Nabucho-

1925 4954 2165 5010 donosor
2192 4952 2356 5026 (Dan.
2406 4951 2503 5025 tv).

2000 5045 2159 5099 Οἱ)Ιίιὶ
2188 5054 2306 5099 sunt
2333 5043 2499 5098 Deum
2526 5046 2616 5116 qui
2638 5044 2848 5099 salvavit
2874 5060 2959 5099 eos
2983 5060 3001 5099 :
3027 5046 3113 5114 qui
3146 5045 3265 5117 fecit
3303 5059 3519 5116 magna-

1930 5138 2000 5192 lia
2043 5139 2096 5190 in
2123 5135 2376 5209 .Egypto.
2405 5136 2474 5192 Ut
2500 5153 2561 5190 ca
2589 5137 2763 5207 plagis
2790 5136 3076 5191 verberata
3109 5138 3367 5207 populum
3393 5135 3523 5191 libe-

1924 5240 2092 5289 raret.
2146 5230 2213 5284 Et
2260 5231 2515 5286 mirabilia
2562 5233 2615 5284 in
2643 5240 2782 5285 terra
2814 5228 2993 5286 Citam.
3053 5230 3218 5297 Cum,
3250 5229 3524 5285 derelictis

1928 5324 2197 5395 gentibus.
2233 5324 2378 5396 ipsos
2408 5325 2464 5379 in
2491 5340 2680 5380 eorum
2714 5333 2857 5380 terra
2892 5325 3171 5395 plantavit.
3214 5324 3282 5380 Et
3322 5324 3526 5379 terribi-

1929 5420 2000 5474 lia
2030 5420 2082 5473 in
2101 5418 2230 5472 mari
2256 5418 2452 5473 Rubro.
2472 5416 2544 5474 Ut
2572 5417 2853 5474 Pharaone
2877 5418 3170 5483 exstincto,
3199 5417 3403 5474 siccum
3429 5431 3522 5487 po-

1929 5512 2072 5585 plllis
2096 5510 2369 5583 prmherct
2402 5514 2675 5566 incessum
2699 5508 2894 5581 (Exod.
2925 5509 3057 5580 xw).

2002 5603 2149 5659 Dixit
2180 5612 2234 5657 ut
2270 5602 2584 5672 disperderet
2624 5617 2710 5656 eos
2734 5602 2779 5657 si
2818 5619 2921 5656 non
2954 5600 3162 5674 Moyses
3193 5601 3384 5657 electus
3415 5600 3527 5671 ejus

1932 5696 2147 5751 stetisset
2178 5695 2232 5749 in
2255 5691 2611 5765 confractione
2632 5694 2686 5747 in
2713 5704 2988 5765 conspectu
3025 5697 3162 5768 ejus,
3190 5701 3296 5749 etc.
3336 5693 3529 5748 Atten-

1932 5790 1999 5845 de
2031 5789 2165 5857 lucc,
2219 5803 2251 5842 ο
2299 5785 2593 5844 sacerdos:
2638 5786 2872 5859 perierat
2923 5786 3068 5843 enim
3122 5785 3372 5860 populus,
3425 5779 3532 5839 nisi
