4010 6404
510 328 651 388 114⁸5

1290 328 1638 389 ΑΡΡΕΝΒΙΧ
1681 329 1771 385 ΑΒ
1808 328 2059 387 TOMUM
2095 326 2447 389 SEPTIMUM
2483 327 2542 387 S.
2585 327 2994 387 IIIERONYMI.

3678 319 3856 378 ιιμ

506 448 725 521 Moyses
750 446 1114 519 confregisset
1153 446 1288 502 iram
1340 445 1729 517 omnipotentis
1774 445 1889 513 Dei,
1938 453 1996 501 et
2043 456 2097 503 tu
2125 443 2181 506 Α
2275 444 2344 500 Et
2372 445 2768 501 immolaverunt
2789 445 2927 516 ﬁlios
2961 459 3084 499 suos
3112 453 3156 499 et
3189 442 3330 513 ﬁlias
3358 457 3484 498 suas
3511 439 3849 497 damoniis.

507 555 631 597 cum
656 540 857 596 videris
894 539 1150 610 populum
1184 538 1277 596 Dei
1306 537 1734 610 delinquentem,
1764 552 1900 594 cane
1927 538 2057 595 tuba
2083 554 2099 594 :

509 631 768 687 annuntia
796 630 877 687 cis
904 630 1101 687 delicta
1132 645 1346 692 eorum.
1396 640 1452 686 et
1489 639 1574 687 sta
1629 631 1683 687 in
1729 630 2101 688 contractione

509 723 578 779 ad
612 725 803 791 Deum,
837 731 893 777 nt
914 730 1195 778 avertatur
1226 722 1377 779 furor
1404 722 1525 793 ejus
1553 723 1623 779 ab
1649 724 1751 779 eis.

582 814 651 869 Et
679 830 772 884 pro
804 814 971 869 nihilo
993 814 1285 870 habuerunt
1313 825 1499 870 terram
1528 815 1941 872 desiderabilem.
1964 816 2100 884 Quia

509 908 670 963 istaut
696 906 1066 962 transitoriam
1098 906 1425 978 diligebant.
1454 904 1521 961 Et
1560 923 1662 962 non
1687 907 2022 962 crediderunt
2047 907 2103 963 in

505 998 672 1053 verbis
696 1001 831 1070 ejus.
860 997 1068 1066 Quibus
1096 998 1344 1069 promisit
1372 1013 1534 1069 regna
1561 998 1847 1054 caalorum.

581 1092 649 1147 Et
670 1102 1123 1148 ntnrmuraverunt
1144 1094 1199 1147 in
1234 1093 1579 1148 tabernaculis
1598 1094 1722 1148 suis.
1758 1093 1834 1147 De
1861 1106 2101 1148 murmu-

507 1186 719 1240 ratione
748 1187 898 1241 enim
929 1184 1223 1254 Apostolus
1258 1184 1442 1251 docet,
1470 1185 1659 1240 dicens
1688 1202 1701 1239 :
1732 1183 1909 1240 Nolite
1947 1200 2099 1240 mur-

510 1292 730 1334 murare
755 1277 900 1334 sicut
926 1277 1141 1349 quidam
1167 1293 1234 1334 ex
1281 1279 1416 1348 ipsis
1453 1287 1951 1343 uturmuravernnt,
1990 1287 2045 1334 et
2070 1294 2100 1335 ιι

509 1371 852 1442 serpentibus
884 1371 1162 1440 perierunt
1197 1369 1244 1441 (Ι
1273 1367 1395 1426 Cor.
1444 1369 1525 1442 tt).
1550 1368 1668 1425 Non
1697 1386 1828 1441 ergo
1859 1386 2102 1426 murmu-

507 1483 711 1535 remus,
734 1483 801 1523 ne
828 1482 928 1522 nos
945 1466 1221 1524 daemones
1248 1466 1538 1523 venenosis
1562 1466 1835 1523 morsibus
1855 1466 2104 1524 saucient

510 1574 576 1616 nc
601 1557 918 1631 deposcant.

584 1648 817 1706 Efevauit
837 1666 1047 1704 manum
1093 1667 1243 1704 suam
1272 1667 1428 1723 super
1471 1667 1597 1706 eos:
1644 1660 1699 1705 ut
1749 1661 2098 1720 prosterneret

506 1762 593 1801 eos
617 1746 673 1800 in
698 1745 916 1801 deserto.
944 1743 1008 1799 Et
1031 1753 1086 1799 ut
1108 1746 1351 1819 dejiceret
1385 1762 1557 1801 semen
1583 1763 1764 1802 eorum
1786 1747 1839 1800 in
1869 1744 2099 1801 nationi-

2206 537 2413 595 Sensus
2435 548 2491 593 et
2519 537 2728 593 animas
2755 553 2904 594 suas.

2277 630 2348 686 Et
2369 631 2665 701 effuderunt
2699 631 3003 703 sanguinem
3032 632 3376 695 innocentem,
3403 636 3454 684 et
3496 626 3845 699 sanguineus

2206 724 2436 794 ﬁliorum
2459 740 2692 790 suorum,
2730 733 2778 778 et
2804 722 3036 794 ﬁliarum
3065 738 3276 778 suarum
3313 737 3442 791 quas
3476 719 3842 788 sacriﬁcare-

2205 825 2327 871 ruut
2348 815 2679 887 sculptilibus
2709 813 2978 871 Chanaan.
3011 814 3164 870 Tunc
3192 814 3338 869 enim
3361 811 3565 867 anima:
3585 811 3842 883 sanguis

2204 906 2497 963 effunditur
2519 926 2530 961 :
2556 906 2773 979 quando
2790 906 2953 961 homo
2975 904 3135 961 idolis
3157 904 3373 961 deditus
3393 919 3425 959 a
3447 903 3569 972 Dei,
3592 901 3837 960 cultura

2204 1000 2519 1060 recesserit.

2279 1096 2559 1169 Interfecta
2594 1105 2671 1151 est
2708 1104 2846 1151 terra
2892 1096 2946 1150 in
2973 1094 3329 1166 sanguinibus,
3375 1104 3424 1149 et
3453 1093 3838 1148 contaminata

2202 1202 2278 1249 est
2307 1192 2362 1247 in
2383 1191 2621 1259 operibus
2652 1207 2849 1254 eorum,
2879 1200 2927 1244 et
2948 1190 3195 1261 fornicati
3225 1198 3345 1245 sunt
3383 1190 3437 1244 in
3472 1189 3836 1244 adiacentia-

2205 1289 2354 1343 nibus
2380 1288 2510 1343 suis.
2543 1285 2693 1341 Tabe
2722 1286 2866 1341 enim
2902 1284 3204 1357 iniquitatis
3246 1284 3526 1340 inlicitur:
3556 1298 3688 1341 cum
3736 1284 3834 1339 di-

2205 1382 2378 1437 versis
2427 1378 2881 1435 lornicationibus
2922 1392 3123 1447 corpus
3173 1377 3415 1433 hominis
3464 1376 3828 1447 inquinatur.

2206 1472 2337 1529 ideo
2363 1483 2416 1528 el
2448 1472 2525 1528 ira
2557 1470 2655 1526 Dei
2687 1470 2739 1525 in
2773 1469 2967 1540 impios
2995 1469 3150 1524 saevit
3176 1487 3188 1521 :
3220 1467 3363 1525 unde
3387 1466 3644 1538 sequitur
3686 1488 3700 1523 :

2278 1564 2346 1620 Et
2360 1565 2527 1619 iratus
2542 1574 2615 1618 est
2637 1564 2812 1635 furore
2830 1562 3081 1616 Dominus
3101 1561 3155 1615 in
3173 1561 3426 1634 populum
3448 1577 3603 1615 suum
3623 1569 3674 1614 et
3687 1560 3832 1615 aboo

2205 1660 2433 1715 minatus
2469 1668 2547 1714 est
2570 1658 2921 1714 luereditatem
2947 1673 3114 1711 suam.
3149 1655 3284 1724 Quia
3307 1653 3532 1725 reliquit
3558 1669 3713 1710 eum.
3750 1654 3827 1711 Et

2204 1752 2297 1823 qui
2312 1750 2582 1821 quondam
2598 1749 2621 1805 l'
2621 1761 2769 1806 uerat
2788 1749 2943 1822 plebs
2962 1748 3077 1818 Dei,
3093 1748 3229 1804 facta
3248 1755 3562 1803 csteaterva
3579 1745 3822 1803 diaboli.

510 1838 625 1905 bus,
674 1847 721 1892 et
762 1837 1081 1911 dispergeret
1121 1854 1207 1893 eos
1236 1839 1290 1893 in
1336 1838 1651 1911 regionibus.
1704 1838 1943 1909 Dispersi
1975 1848 2103 1895 sunt
2135 1843 2180 1904 Β
2280 1843 2346 1899 Et
2376 1843 2593 1899 tradidit
2622 1860 2707 1898 eos
2735 1844 2787 1897 in
2813 1859 2997 1897 manus
3025 1843 3356 1915 gentium,'et
3395 1840 3653 1895 deminuti
3689 1848 3828 1895 sunt

509 1929 652 1985 enim
691 1928 865 1985 Judaei
896 1928 950 1984 in
978 1928 1212 1985 diversis
1234 1928 1500 2001 partibus.
1533 1929 1643 1987 Sed
1675 1939 1731 1986 et
1764 1930 1854 1985 ille
1894 1928 2105 2000 disper-

506 2024 651 2095 gitur
682 2038 779 2095 per
806 2023 1045 2090 diversa,
1078 2025 1169 2096 qui
1218 2024 1603 2080 circumfertur
1626 2025 1776 2080 onmi
1809 2034 1971 2081 vento
2007 2024 2107 2080 do-

506 2118 719 2185 ctrinae,
747 2118 880 2174 etin
911 2119 1075 2175 Deum
1107 2118 1259 2174 ﬁrma
1293 2133 1400 2175 non
1428 2118 1679 2174 consistit
1699 2118 1958 2174 statione.

581 2207 649 2264 Et
677 2210 872 2264 initiati
895 2219 1014 2264 sunt
1041 2208 1383 2281 Beelphegor,
1419 2217 1463 2264 et
1488 2208 1819 2264 comederunt
1847 2208 2106 2279 sacrificia

509 2311 850 2357 mortuorum.
884 2301 989 2369 Qui
1021 2301 1130 2358 Deo
1157 2316 1218 2358 se
1249 2316 1572 2357 consecrare
1599 2301 1924 2368 debuerant,
1960 2301 2106 2357 idolo

507 2397 815 2452 consecrati
844 2406 991 2452 sunt.
1018 2396 1085 2451 Et
1112 2397 1202 2468 qui
1226 2412 1418 2467 panem
1450 2397 1631 2452 vivum
1661 2396 1871 2453 esurire
1898 2395 2105 2453 debue-

507 2495 653 2554 rant,
679 2495 1016 2544 mortuorum
1046 2487 1313 2543 sacrificia
1339 2486 1715 2544 comederunt.

585 2581 653 2636 Et
683 2582 1017 2637 irritaverant
1057 2598 1175 2637 eum
1211 2583 1267 2637 in
1297 2581 1748 2638 adinrentionibus
1795 2584 1923 2639 suis.
1966 2584 2105 2651 Quia

510 2675 759 2747 perversi
790 2684 966 2730 erant.
1000 2673 1068 2729 Et
1097 2674 1447 2749 multiplicata
1472 2686 1549 2731 est
1576 2677 1631 2732 in
1669 2678 1740 2731 eis
1765 2677 1942 2734 ruina.
1977 2677 2106 2733 Rui-

513 2784 583 2824 na
611 2776 695 2823 est
738 2782 861 2823 cum
912 2768 1145 2838 parietes
1208 2767 1497 2823 domorum
1544 2779 1752 2825 ruunt:
1811 2785 1932 2841 qua:
1980 2779 2106 2826 tunc

513 2860 906 2933 multiplicatur
926 2876 1049 2917 cum
1077 2860 1278 2917 fuerint
1305 2878 1336 2917 a
1384 2861 1750 2919 fundamentis
1778 2863 1975 2919 eversi.
2011 2863 2109 2918 Er-

511 2968 582 3026 go
608 2953 694 3009 isti
725 2968 845 3009 cum
878 2952 1255 3019 fundamento,
1284 2956 1337 3011 id
1373 2964 1476 3023 est,
1516 2969 1638 3011 cum
1689 2955 1803 3026 ipsa
1834 2955 1970 3027 legis
2026 2955 2110 3011 lit-

513 3059 629 3107 tera
658 3051 708 3105 in
751 3066 856 3121 qua
886 3065 946 3107 se
976 3052 1234 3122 putabant
1260 3060 1424 3116 stare.
1456 3050 1620 3107 diruti
1648 3059 1775 3107 sunt
1804 3069 1817 3106 :
1842 3051 1965 3122 quia
1996 3060 2105 3108 sta-

518 3143 656 3199 biliti
688 3159 796 3199 non
820 3142 1041 3199 fuerunt
1067 3158 1234 3215 super
1261 3153 1493 3215 petram.

2211 1952 2388 1991 eorum
2412 1936 2501 2005 qui
2544 1935 2762 1989 oderunt
2804 1950 2913 1989 eos.
2944 1930 3017 1987 Et
3061 1932 3435 1988 tribulaverunt
3478 1948 3565 1986 eos
3614 1931 3827 1985 inimici

2208 2046 2408 2098 eorum,
2440 2037 2486 2083 et
2510 2027 2771 2084 humiliati
2796 2035 2916 2082 sunt
2940 2025 3034 2080 sub
3073 2025 3306 2080 manibus
3333 2040 3534 2079 eorum.
3587 2022 3699 2080 Sed
3732 2022 3828 2078 di-

2210 2137 2304 2179 ces
2329 2130 2404 2189 tu,
2450 2138 2482 2174 ο
2510 2122 2675 2176 homo
2705 2138 2716 2173 :
2747 2117 2865 2175 Non
2895 2128 2981 2175 est
3019 2127 3169 2175 recta
3198 2118 3282 2173 via
3322 2116 3560 2185 Domini,
3590 2117 3685 2189 qui
3714 2131 3825 2174 nos

2211 2214 2266 2269 in
2293 2212 2457 2269 tantis
2484 2213 2644 2267 malis
2674 2211 2924 2268 inclinari
2955 2210 3241 2282 permittit.
3281 2209 3413 2277 Sed,
3443 2224 3656 2281 quasso,
3692 2224 3827 2279 pcr-

2208 2308 2357 2377 spice
2391 2325 2403 2361 :
2455 2306 2580 2377 quia
2630 2304 2887 2376 proauis
2935 2313 3260 2375 peccatores
3299 2300 3627 2358 criminibus
3657 2300 3827 2355 incli-

2211 2410 2431 2469 nantur,
2458 2411 2514 2456 et
2541 2399 2685 2454 Deus
2713 2407 2863 2453 tanta
2898 2397 3101 2469 pietate
3127 2394 3389 2466 pneditus
3414 2404 3524 2461 est,
3565 2402 3623 2449 ut
3662 2407 3823 2449 sem-

2213 2509 2310 2565 per
2348 2494 2600 2563 dignetur
2644 2490 2910 2562 impartiri
2963 2488 3323 2561 prtesidium:
3360 2487 3502 2544 sicut
3532 2486 3819 2559 loquitur:

2212 2587 2366 2660 Stepe
2378 2585 2630 2641 liberavit.
2647 2583 2875 2655 Semper
2887 2583 2979 2638 ille
2994 2582 3187 2638 liberat
3197 2590 3274 2651 ,et
3285 2590 3341 2636 tu
3358 2594 3465 2635 non
3478 2579 3779 2649 corrigeris
3793 2579 3822 2634 ἲ

2212 2677 2404 2734 Adhuc
2419 2676 2569 2748 plaga
2591 2674 2736 2731 illata
2750 2672 2999 2744 iujannis
3012 2680 3180 2727 astat:
3207 2681 3261 2728 et
3275 2682 3327 2725 tu
3342 2684 3443 2724 non
3455 2667 3776 2723 emendaris
3792 2667 3821 2721 ?

2283 2771 2399 2844 Ipsi
2422 2780 2589 2825 autem
2609 2768 3036 2824 exacerbaverunt
3058 2781 3173 2819 eum
3195 2764 3249 2819 in
3275 2760 3481 2817 consilio
3500 2776 3620 2814 suo.
3642 2758 3818 2827 Quod

2213 2866 2540 2932 habuerunt,
2574 2875 2653 2931 ut,
2691 2863 2883 2920 relicto
2906 2876 2998 2931 eo,
3028 2859 3169 2915 idola
3195 2867 3571 2928 sequerentur.
3607 2853 3680 2908 Et
3710 2856 3818 2909 liu-

2213 2958 2400 3015 miliati
2441 2968 2559 3012 sunt
2603 2958 2659 3011 in
2698 2953 3052 3027 iniquitatibus
3080 2951 3209 3006 suis.
3236 2950 3355 3006 iam
3390 2947 3445 3003 lti
3474 2962 3581 3002 non
3608 2962 3641 3002 a
3671 2945 3812 3013 Deo,

2212 3052 2309 3109 sed
2341 3066 2373 3106 a
2404 3051 2518 3106 suis
2540 3049 2756 3106 delictis
2787 3046 3166 3103 humiliantur.
3197 3042 3307 3100 Sed
3337 3040 3624 3115 praecurrit
3647 3039 3813 3096 solita

2214 3144 2515 3209 miseratio.
2548 3142 2766 3198 dicente
2797 3139 3096 3211 propheta:

592 3236 747 3292 Stetit
777 3235 1020 3304 Phinees,
1061 3248 1110 3292 et
1138 3236 1354 3309 placuit,
1385 3246 1435 3293 et
1470 3238 1686 3293 cessavit
1725 3238 2011 3310 quassatio.
2040 3238 2108 3294 Et
2137 3239 2184 3304 C
2285 3236 2355 3292 Et
2382 3238 2511 3292 vidit
2538 3253 2655 3291 cum
2680 3233 3076 3299 tribularentur,
3104 3238 3151 3287 et
3190 3229 3386 3284 audiuit
3418 3228 3700 3284 orationem
3721 3243 3810 3283 ro-

518 3340 813 3405 reputatnnt
865 3341 939 3387 est
976 3332 1022 3385 ei
1073 3332 1143 3386 ad
1182 3332 1469 3406 justitiam,
1500 3342 1623 3400 ,etc.
1677 3331 1943 3403 Superius
1966 3332 2113 3389 dixit

515 3424 736 3497 Moysen
769 3424 822 3481 in
846 3424 1218 3481 contractione
1247 3427 1504 3482 stetisse:
1541 3425 1627 3481 ltic
1660 3436 1838 3481 autem
1872 3425 2109 3482 Pltiueen

515 3531 775 3573 exorasse
817 3515 946 3571 dicit
981 3514 1169 3589 (Nam.
1204 3517 1366 3587 xxv).
1400 3516 1555 3586 Quod
1577 3517 1866 3589 diligenter
1890 3519 2110 3576 auscul-

512 3616 590 3675 ta,
619 3608 896 3676 sacerdos,
928 3610 1013 3664 cui
1043 3609 1240 3664 anima:
1267 3610 1659 3666 commendata:
1692 3621 1818 3667 sunt
1846 3628 1861 3667 :
1886 3614 2111 3684 evagina

515 3702 755 3773 gladium
790 3722 801 3757 :
831 3702 1081 3759 interime
1112 3703 1492 3771 tornicatores,
1523 3706 1624 3759 ltoc
1653 3712 1754 3774 est,
1780 3704 1963 3775 profer
1990 3721 2113 3761 ver-

520 3796 670 3865 bum,
704 3798 842 3852 insta
891 3797 1222 3867 importune,
1255 3809 1602 3869 opportune;
1640 3813 1830 3869 argue,
1867 3800 2107 3872 increpa,

519 3889 749 3946 obsecra
780 3906 903 3946 cum
931 3890 1078 3945 omni
1112 3890 1372 3960 patientia
1400 3898 1455 3946 et
1475 3889 1803 3962 doctrina(ll
1835 3889 1967 3945 Tim.
1992 3890 2109 3964 tv):

520 3989 579 4035 ut
606 3981 707 4037 tibi
750 3991 1037 4053 reputatur
1079 3982 1145 4036 ad
1187 3982 1475 4052 justitiam.
1516 3981 1651 4050 Quia
1682 3984 1772 4053 qui
1816 3983 2116 4039 reddiderit

519 4074 817 4143 pretiosum
831 4090 899 4130 ex
915 4074 1253 4141 vili,sicntos
1265 4090 1439 4132 meum
1454 4074 1657 4142 erit,ait
1671 4076 1933 4131 Dominus
1946 4077 2109 4133 Deus.

592 4164 662 4220 Et
700 4165 1035 4222 irritaverant
1073 4184 1193 4221 eum
1239 4168 1307 4222 ad
1353 4184 1514 4236 aquas
1554 4168 2015 4236 contradictionis,
2066 4181 2115 4225 et

518 4267 733 4313 uexatus
768 4268 843 4312 est
875 4258 1082 4332 Moyses
1126 4266 1332 4330 propter
1376 4276 1483 4326 eos,
1520 4260 1641 4331 quia
1682 4261 2117 4317 exacerbat'erttnt

517 4351 759 4418 spiritum
791 4352 926 4422 ejus.
961 4351 1130 4421 Aqum
1159 4349 1627 4418 contradictionis,
1668 4366 1822 4421 aqum
1863 4352 2113 4424 baptismi

521 4442 901 4511 accipiuntur:
944 4441 1012 4496 ad
1052 4456 1190 4512 quas
1219 4441 1438 4497 diabolo
1481 4443 1875 4499 contradicitur
1901 4456 1956 4501 et
1985 4460 2117 4515 0pc-

518 4534 672 4589 ribns
693 4532 829 4603 ejus.
864 4533 993 4589 Post
1014 4549 1149 4605 quas
1175 4535 1219 4589 si
1245 4534 1367 4605 quis
1397 4550 1455 4591 se
1481 4535 1914 4606 coinquinaverit
1946 4539 2112 4608 vitiis,

2215 3347 2353 3385 rum.
2383 3329 2550 3384 Docet
2579 3326 2724 3383 enim
2756 3334 2813 3383 et
2840 3334 2893 3382 te
2920 3323 3068 3396 quod
3109 3322 3157 3378 si
3181 3334 3485 3377 conversus
3526 3321 3809 3392 ingemue-

2217 3423 2291 3479 ris
2344 3440 2356 3477 :
2418 3422 2669 3494 protinus
2716 3420 3159 3493 appropinquant
3206 3416 3369 3473 celsis
3418 3416 3646 3474 auribus
3691 3413 3807 3487 ejus

2217 3529 2407 3587 preces
2446 3512 2769 3569 humilitatis
2798 3523 2926 3567 tum.

2288 3604 2489 3660 Memor
2515 3606 2615 3675 fuit
2645 3604 2933 3661 testamenti
2949 3603 3050 3658 sui.
3081 3601 3236 3672 Quod
3258 3616 3383 3658 cum
3408 3600 3681 3657 Abraham
3702 3598 3806 3657 ini-

2216 3697 2347 3753 tium
2382 3696 2506 3752 lidei
2531 3704 2732 3752 nostra:
2766 3695 2988 3766 pepigit.
3022 3693 3092 3749 Et
3121 3695 3357 3766 pamituit
3387 3711 3506 3749 eum
3532 3694 3800 3749 secundum

2216 3788 2598 3846 multitudinem
2628 3790 2997 3845 misericordia:
3022 3805 3150 3857 suat,
3178 3798 3226 3843 et
3256 3788 3400 3844 dedit
3420 3806 3508 3844 eos
3535 3789 3589 3843 in
3608 3789 3800 3843 miseri-

2216 3885 2423 3939 cordias
2460 3885 2512 3938 in
2542 3893 2819 3953 conspectu
2847 3883 3075 3937 omnium
3115 3883 3203 3952 qui
3227 3892 3472 3953 ceperant
3499 3897 3606 3937 eos.
3636 3881 3803 3951 Super

2215 3977 2544 4047 pteuitentes
2573 3977 2720 4033 enim
2754 3975 2982 4045 pmnitet
3022 3976 3161 4030 Deus
3192 3974 3260 4029 de
3291 3973 3502 4029 malitia
3529 3991 3685 4045 quam
3724 3973 3800 4028 lo-

2216 4080 2373 4124 cutus
2397 4068 2596 4137 fuerat,
2629 4078 2687 4123 ut
2708 4067 2935 4136 faceret,
2966 4076 3021 4124 et
3054 4081 3164 4124 non
3203 4066 3357 4136 fecit,
3389 4066 3725 4123 constituens
3748 4077 3798 4123 te

2218 4162 2271 4218 in
2314 4161 2437 4217 sinu
2468 4161 2701 4218 Abralta:
2742 4163 2910 4234 patris
2938 4161 3094 4234 cujus
3132 4177 3192 4217 es
3220 4160 3381 4217 tidem
3415 4170 3651 4218 secutus.
3682 4162 3797 4217 ltleo

2216 4265 2271 4311 et
2300 4258 2563 4325 prOpIteta
2594 4254 2871 4311 exsultans
2900 4255 2977 4310 ait
3007 4273 3018 4309 :

2290 4347 2476 4404 Salvos
2506 4364 2601 4402 nos
2622 4351 2726 4418 fac,
2747 4344 2969 4404 Domine
3000 4346 3138 4403 Deus
3171 4357 3361 4403 noster.
3395 4345 3475 4402 Ne
3506 4345 3659 4402 nobis
3680 4346 3793 4401 ritis

2216 4442 2584 4499 dominentur.
2619 4442 2689 4497 Et
2740 4458 2995 4514 congrega
3047 4458 3139 4496 nos
3191 4443 3256 4496 de
3300 4441 3618 4497 nationibus.
3671 4440 3793 4508 Quia

2218 4550 2352 4607 gens
2378 4536 2734 4592 Hebraeorum
2767 4537 2818 4590 in
2851 4534 3167 4606 regionibus
3190 4543 3275 4590 est
3304 4532 3578 4605 dispersa.

518 4636 746 4682 vexatur
774 4626 1052 4695 sacerdos,
1084 4643 1184 4700 pro
1214 4642 1280 4683 eo
1317 4628 1461 4700 quod
1502 4630 1915 4687 exacerbaverit
1954 4633 2116 4702 spiri-
2145 4624 2193 4685 D
2295 4630 2364 4685 Ut
2402 4630 2739 4701 conﬁteantur
2782 4629 2981 4684 nomini
3017 4638 3107 4684 tuo
3131 4637 3331 4697 sancto,
3358 4638 3408 4684 et
3436 4629 3704 4700 glorientur
3739 4628 3788 4681 in

517 4729 630 4775 tum
658 4719 756 4774 Dei
787 4735 884 4791 per
908 4736 1068 4791 quem
1102 4721 1192 4778 ille
1220 4721 1477 4792 praedicat
1510 4740 1522 4775 :
1553 4722 1691 4779 sicut
1733 4723 1927 4779 Paulu;
1958 4724 2110 4781 dice-

514 4812 647 4869 bat:
677 4813 806 4881 Quis
833 4815 1028 4881 uritur,
1060 4824 1113 4870 et
1154 4830 1256 4885 ego
1302 4829 1409 4871 non
1455 4831 1586 4871 uror
1621 4816 1665 4887 (Ι
1717 4814 1839 4871 Cor.
1886 4815 2009 4891 XI)?
2041 4819 2115 4874 De

516 4906 622 4962 hoc
651 4907 813 4961 etiam
852 4907 1046 4977 spiritu
1090 4908 1394 4963 testabatur
1430 4909 1659 4964 dicens:
1693 4908 1872 4967 Nolite
1910 4912 2117 4966 contri-

517 5009 663 5055 stare
693 4999 960 5071 Spiritunt
989 5009 1233 5057 sanctum
1270 5003 1362 5058 Dei
1389 5020 1401 5055 :
1437 5003 1491 5058 iu
1517 5017 1626 5074 quo
1655 5004 1853 5075 signati
1882 5004 2015 5062 estis
2059 5007 2112 5062 in

515 5092 603 5148 die
628 5093 1017 5162 redemptionis
1047 5094 1263 5167 (Epltes.
1299 5096 1394 5165 tv).

588 5186 660 5241 Et
697 5187 937 5241 distinxit
964 5189 1018 5242 in
1047 5188 1198 5243 labiis
1241 5190 1369 5244 suis.
1434 5189 1505 5249 Ut
1536 5190 1741 5263 jugiter
1782 5192 2116 5263 supplicaret

515 5294 615 5349 pro
673 5281 773 5336 eis.
830 5278 952 5335 Non
1017 5279 1437 5353 disperdiderunt
1490 5292 1666 5355 gentes
1729 5301 1856 5352 quas
1914 5284 2115 5340 dixerat

514 5371 769 5425 Dominus
795 5369 924 5424 illis.
959 5369 1326 5429 ldololatriam
1352 5374 1437 5430 vel
1464 5374 1677 5430 diversa
1707 5375 1966 5431 facinora.

592 5462 658 5515 Et
685 5461 948 5516 commixti
974 5472 1094 5517 sunt
1138 5466 1269 5520 inter
1307 5476 1481 5539 gentes
1526 5476 1573 5521 et
1616 5467 1907 5522 didicerunt
1956 5484 2113 5539 opera

521 5571 719 5624 eorum,
759 5562 807 5609 et
844 5556 1126 5612 seruierunt
1155 5558 1478 5630 sculptilibus
1506 5575 1704 5628 eorum,
1737 5569 1785 5614 et
1815 5563 2013 5631 factum
2039 5571 2113 5615 est

517 5648 625 5705 illis
649 5651 703 5705 in
726 5653 1053 5707 scandalum.
1092 5652 1246 5709 Sicut
1270 5653 1416 5708 enim
1446 5653 1715 5709 sacerdoti
1739 5653 1985 5708 exoranti
2016 5667 2115 5722 pro

520 5740 723 5808 populo
748 5741 813 5795 ad
839 5741 1105 5812 justitiam
1131 5751 1443 5812 reputatur;
1481 5744 1552 5799 ita
1584 5744 1665 5798 Itis
1695 5746 1787 5814 qui
1821 5744 1875 5799 in
1900 5743 2116 5801 deside-

522 5828 616 5881 riis
646 5828 896 5889 fanaticis
924 5836 1408 5904 convertebantur,
1440 5837 1491 5890 in
1526 5836 1862 5892 scandalum.

2218 4721 2375 4777 laude
2405 4731 2516 4777 tua.
2554 4719 2612 4776 ln
2644 4720 2783 4777 Filio
2826 4712 3012 4793 utique
3044 4738 3060 4777 :
3113 4722 3237 4793 quia
3275 4734 3473 4777 nomen
3527 4720 3643 4777 Filii
3687 4720 3789 4776 lsus

2216 4826 2306 4871 tua
2335 4827 2440 4871 εει.

2286 4908 2597 4963 Benedictus
2619 4907 2872 4965 Dontinus
2899 4908 3039 4965 Deus
3072 4908 3266 4974 Israel,
3292 4927 3324 4964 a
3350 4909 3546 4966 siccqu
3570 4919 3619 4965 et
3644 4924 3781 4981 usque

2216 5005 2271 5060 in
2296 5003 2563 5071 strculum,
2592 5014 2698 5059 etc.
2748 5003 2941 5060 Merito
2981 5004 3300 5060 benedictus
3340 5004 3394 5058 in
3444 5005 3660 5069 sarcula,
3703 5017 3785 5074 per

2220 5112 2380 5169 quem
2424 5097 2562 5152 facta
2604 5108 2731 5152 sunt
2754 5097 2975 5165 sucula,
3010 5106 3064 5152 et
3110 5112 3217 5153 non
3248 5094 3427 5152 solum
3479 5095 3616 5152 facta
3654 5104 3779 5161 sunt,

2167 5200 2171 5205 ’
2222 5188 2319 5245 sed
2348 5189 2510 5244 etiam
2553 5188 2857 5258 redempta.
2885 5187 2987 5256 Qui
3018 5198 3072 5244 et
3112 5204 3256 5243 nunc
3294 5201 3395 5243 nos
3439 5202 3677 5245 recreare
3708 5184 3782 5241 di-

2221 5289 2418 5353 gnetur
2450 5282 2501 5335 in
2544 5280 2791 5346 salutari,
2839 5280 2892 5335 id
2921 5290 3027 5344 est,
3074 5281 3127 5335 in
3170 5279 3391 5335 Christo
3419 5279 3552 5336 Jesu
3580 5279 3777 5336 Domino

2222 5384 2432 5439 nostro,
2463 5374 2549 5428 cui
2579 5382 2662 5428 est
2702 5388 2822 5427 cum
2864 5374 2982 5443 ipso
3012 5380 3068 5428 et
3094 5372 3297 5443 Spiritu
3327 5381 3519 5429 sancto
3550 5373 3703 5429 honor
3729 5381 3775 5426 et

2220 5465 2388 5539 gloria
2420 5466 2471 5520 in
2503 5465 2702 5520 smcula
2722 5463 3066 5520 saeculorum.
3141 5462 3340 5520 Amen.

2758 5578 3099 5637 PSALMUS.
3139 5577 3273 5635 CVI.

2221 5698 2466 5754 Alleluia.
2518 5697 2625 5753 Iste
2658 5696 2894 5767 psalmus
2940 5711 3158 5752 omnem
3207 5711 3426 5767 causam
3480 5695 3775 5753 conditionis

2294 5770 2544 5840 humana:
2569 5810 2585 5832 ,
2630 5766 2792 5839 quam
2843 5768 2932 5840 vel
2963 5766 3336 5840 delinquendo
3371 5770 3641 5840 sumpsit,
3682 5768 3774 5823 sire

2296 5839 2614 5909 paenitendo
2652 5838 2888 5911 Suscepit
2921 5855 2934 5893 :
2976 5840 3093 5895 sive
3133 5838 3536 5895 multitudinem
3587 5840 3773 5896 illiSl'ﬂ‘

3660 5877 3908 6322 1
