4010 6320
101 293 292 352 1148
1133 297 1558 357 Βηενιλιὶιωι
1602 301 1664 357 IN
1709 301 1757 356 P1

1866 303 2035 361 AIUS.
2079 304 2325 364 PSALil.
2368 307 2500 366 CVI.
3325 323 3463 379 1146

186 409 451 499 tinuum
487 410 577 499 Dei
611 410 694 499 (ut
738 411 1199 499 iu‘prxesentivait‘
1229 432 1240 468 :
1275 415 1696 499 quis-sapiens.“
1716 427 1771 473 et
1794 421 1846 480 Α
1875 431 2058 478 austro
2098 424 2276 480 veniet
2310 441 2324 480 :
2367 425 2646 496 quomodo
2678 443 2819 484 nunc
2846 427 3064 499 dicitur,
3096 431 3140 486 Α
3184 435 3309 489 solis
3349 445 3466 491 ortu

187 481 1765 590 3'33“'3:135;;,ﬁ‘nfﬂﬁgﬂel9333"'ffl‘iﬁg'ﬂgjﬁg;
1870 525 1918 570 et
1937 532 2148 584 occasu,
2177 519 2308 572 etab
2333 519 2573 590 aquilone
2597 522 2624 576 1’
2649 520 2849 578 Auster
2872 534 2928 579 et
2953 534 3113 580 notus
3145 528 3337 584 tacitus
3359 537 3464 586 est.

189 551 396 628 inisti)
451 568 674 610 narrare
701 555 1036 626 dignoscitur
1088 551 1247 612 :‘sed
1300 569 1353 613 et
1400 561 1763 628 repulsiouem
1870 551 2032 628 2",":

189 608 561 700 Judaéorum
599 608 668 682 eti
703 608 1044 683 vo‘cationem
1084 608 1766 700 gentium
1869 608 2058 665 Αδθίίδ
2081 621 2196 665 0"“
2234 621 2284 667 ⁸⁸
2325 629 2528 668 θδθαδυ·
2563 613 2758 683 Amo"!
2792 631 2949 671 “me”
2972 616 3095 674 dico
3125 619 3299 683 “bist
3339 622 3465 693 ηυίει

1869 704 2025 759 multi
2055 705 2275 760 venient
2301 706 2370 761 ab
2399 708 2610 764 oriente
2639 719 2695 765 et
2727 709 3032 778 occidente,
3063 723 3118 768 et
3148 715 3466 773 recumbent

197 697 456 766 pandit.

196 787 581 858 Cauﬁtemini
627 788 846 846 Domino
895 793 1140 862 quoniam
1184 793 1369 859 bonus,
1419 797 1662 866 quoniam
1708 799 1764 852 in
1867 795 1920 850 iu
1950 797 2071 852 sinu
2102 797 2476 856 Abrahaezlilii
2509 811 2688 858 autem
2717 806 3090 876 generationis
3122 807 3282 879 hujus
3309 811 3466 881 longe

1867 897 2026 944 erunt
2059 889 2291 962 (Matth.
2320 908 2408 947 vut
2433 894 2474 956 ).
2529 895 2570 948 Α
2608 896 2734 950 solis
2780 907 2894 952 ortu
2921 907 2969 953 et
3005 916 3191 956 occasu
3228 919 3248 956 :
3277 903 3463 975 utique

102 884 412 938 saeculum
444 883 802 939 misericordia
835 887 966 954 ejus.
1012 884 1140 943 ideo
1179 888 1514 945 conﬁtemini
1543 891 1591 946 ei
1642 906 1766 961 pec-

1867 981 2203 1053 alieuigente.
2240 984 2305 1039 Et
2327 986 2395 1040 ab
2420 987 2696 1056 aquilone.
2748 989 2949 1061 Aquilo
2977 991 3304 1050 durissimus
3332 1011 3462 1052 ven-

104 985 259 1032 cata
298 987 500 1032 vestra
535 995 549 1032 :
581 977 706 1047 quia
737 978 915 1034 bonus
959 990 1042 1035 est
1087 987 1144 1034 et
1181 990 1397 1050 peccata
1429 982 1674 1037 dimittit.
1706 983 1762 1039 Si

1868 1084 1955 1129 tus
1981 1085 2066 1131 est
2093 1095 2104 1130 :
2140 1077 2358 1134 nomine
2386 1089 2564 1136 autem
2594 1081 2791 1138 dexter
2810 1094 3050 1140 vocatur.
3075 1087 3158 1141 Ab
3180 1088 3459 1157 aquilone,

107 1079 338 1126 autem
373 1071 551 1126 bonus
579 1086 689 1125 non
718 1080 886 1140 esset,
932 1087 1039 1128 non
1071 1074 1226 1130 vobis
1270 1075 1513 1142 diceret,
1544 1078 1762 1146 conﬁte-

111 1167 271 1220 mini
295 1183 317 1232 ;
342 1174 428 1235 et,
454 1167 776 1236 conﬁtemini
802 1167 851 1221 ei
877 1184 896 1222 :
935 1169 1181 1240 quoniam
1207 1170 1259 1223 iu
1289 1171 1534 1225 sceculum
1558 1171 1762 1225 miseri-
1865 1171 2060 1243 inquit.
2095 1173 2451 1230 exardescent
2481 1176 2622 1232 mala
2667 1193 2830 1248 super
2875 1186 3073 1235 terram
3105 1179 3342 1252 (Jerem.
3376 1184 3460 1253 1—).

1867 1266 2012 1321 Mure
2051 1266 2248 1336 legitur
2280 1268 2333 1322 in
2377 1268 2651 1335 Numeris,
2705 1281 2762 1326 et
2797 1271 2851 1326 in
2885 1271 3092 1339 Exodo,
3139 1285 3194 1330 et
3227 1276 3279 1330 in
3311 1277 3460 1332 omni

113 1260 330 1313 cordia
366 1261 509 1332 ejus.
563 1261 660 1317 Hic
703 1271 786 1317 est
829 1263 1198 1318 misericordia
1240 1281 1254 1318 :
1296 1275 1554 1321 emterum
1599 1281 1761 1336 supra

111 1353 365 1422 justitia
397 1362 502 1408 est.
558 1354 817 1422 Quoniam
861 1357 912 1410 in
955 1359 1203 1412 saeculum
1234 1360 1592 1414 misericordia
1623 1365 1756 1433 ejus.
1865 1359 2144 1430 Scriptura
2191 1370 2398 1425 sancta.
2448 1371 2502 1418 et
2547 1364 2876 1436 ubicumque.
2922 1380 3070 1421 mare
3111 1368 3328 1435 auditis,
3376 1384 3464 1424 se-

120 1446 432 1516 Quamdiu
471 1453 605 1504 estis
632 1450 684 1504 in
713 1451 936 1519 saeculo,
968 1452 1326 1508 conﬁtemini.

206 1538 427 1592 Dicant
452 1540 542 1610 qui
567 1542 820 1614 redempti
845 1554 967 1598 sunt
1013 1561 1044 1597 a
1071 1543 1330 1612 Domino,
1379 1563 1507 1618 quos
1546 1549 1761 1603 redemit

136 1630 214 1686 de
240 1647 416 1685 manu
446 1632 662 1686 inimici.
715 1632 939 1704 Proprie
969 1635 1038 1691 de
1071 1638 1356 1692 vocatione
1383 1639 1625 1708 gentium
1674 1641 1757 1695 lo-

126 1723 363 1792 quitur.
420 1722 528 1779 lste
569 1725 717 1780 enim
764 1727 1010 1796 psalmus
1039 1743 1228 1784 eorum
1259 1730 1756 1789 liabetsacramen—

1865 1454 2101 1510 cundum
2132 1454 2349 1510 climata
2382 1470 2596 1526 semper
2626 1457 2947 1528 intelligitur
2970 1459 3248 1516 occidens.
3280 1461 3326 1517 A
3355 1461 3461 1518 situ

1864 1547 2007 1602 enim
2036 1547 2342 1604 Jerusalem
2377 1564 2525 1604 mare
2555 1548 2658 1604 hoc
2687 1566 2959 1620 magnum,
2987 1552 3130 1621 quod
3164 1551 3380 1618 dicitur,
3408 1555 3460 1610 in

1863 1640 2144 1696 occidente
2194 1649 2297 1697 est.
2351 1641 2540 1698 Videte
2585 1642 2746 1712 igitur
2793 1645 3110 1716 mysterium
3157 1643 3464 1714 Scriptura-

1865 1751 2006 1790 rum.
2057 1735 2115 1790 lu
2147 1737 2255 1791 isto
2299 1736 2422 1792 loco
2454 1736 2539 1792 bis
2581 1736 2836 1793 occidens
2881 1738 3214 1806 nominatur,
3264 1748 3319 1796 et
3363 1756 3460 1797 nec

129 1821 258 1868 tum
297 1831 311 1868 :
350 1816 444 1886 qui
478 1815 744 1887 redempti
775 1829 904 1873 sunt
931 1819 984 1875 in
1017 1819 1229 1877 Domitii
1259 1824 1535 1892 passione.
1567 1823 1756 1881 Dicant
1788 1817 1834 1876 Β
1865 1827 2032 1882 semel
2060 1836 2241 1882 notus.
2287 1827 2400 1882 lloe
2431 1843 2599 1899 quare
2646 1828 2887 1885 dicitur?
2934 1829 3198 1899 Quoniam
3231 1831 3460 1902 populus

131 1909 234 1980 qui
259 1908 526 1982 redempti
548 1921 690 1966 sunt.
721 1911 842 1981 ipse
883 1923 966 1969 est
992 1915 1136 1970 enim
1165 1915 1416 1973 Salvator
1443 1928 1498 1974 ct
1526 1918 1758 1974 Redeat-

134 2011 276 2071 ptor
305 2011 365 2057 et
398 2003 651 2074 pretium.
698 2003 889 2060 Dicant
915 2009 1003 2076 qui
1032 2010 1284 2081 redempti
1314 2020 1453 2065 sunt.
1507 2011 1624 2083 Ipse
1671 2029 1756 2069 re-

134 2093 320 2150 demit
360 2113 376 2148 :
427 2095 544 2166 ipse
589 2095 681 2151 dat
731 2099 964 2167 pretium
1003 2101 1318 2172 sanguinem
1345 2118 1524 2158 suum.
1577 2105 1756 2171 Quare

139 2197 338 2244 autem
374 2187 526 2244 dedit
566 2190 796 2260 pretium
828 2195 1144 2264 sanguinem
1171 2198 1375 2253 suum?
1423 2197 1489 2254 Ut
1517 2199 1755 2255 redime-

142 2291 233 2338 ret
262 2297 369 2338 nos
413 2282 482 2339 de
526 2299 690 2340 manu
719 2286 940 2343 inimici.
987 2286 1200 2359 Captivi
1246 2293 1390 2348 enim
1438 2293 1758 2350 tenebamur

145 2375 203 2430 in
233 2391 401 2432 manu
429 2375 656 2433 diaboli.
692 2379 984 2451 Propterea
1014 2391 1194 2439 autem
1224 2385 1316 2442 ille
1346 2387 1493 2442 venit
1517 2398 1570 2442 et
1596 2387 1753 2444 rede-

146 2469 251 2523 mit
283 2485 410 2538 uos,
442 2478 502 2525 ut
531 2471 786 2529 liberaret
812 2473 880 2529 de
918 2475 1118 2532 diaboli
1153 2493 1334 2534 manu.
1376 2479 1520 2546 Quos
1541 2481 1757 2537 redemit

147 2561 218 2616 de
247 2578 411 2616 manu
440 2565 661 2632 inimici,
712 2575 769 2620 ut
796 2565 1046 2623 destruat
1075 2568 1354 2626 inimicum
1396 2579 1452 2626 et
1498 2571 1781 2628 defcnso-.

147 2672 294 2711 rem.
330 2657 586 2714 Inimicus
615 2659 778 2714 homo
805 2663 1263 2732 superseminavit
1297 2666 1523 2720 zizania.
1573 2665 1758 2722 Inimi-

150 2767 256 2807 cus
285 2761 468 2808 autent
498 2753 748 2811 diabolus
776 2765 882 2812 est.
912 2757 1166 2814 Inimicus
1193 2767 1280 2816 est
1320 2760 1437 2830 ipse
1464 2769 1518 2815 et
1541 2775 1757 2830 posses-

152 2860 272 2902 sor.
311 2846 605 2918 Propterea
647 2864 807 2903 manu
839 2865 935 2904 sua
970 2865 1066 2906 nos
1098 2859 1245 2907 tenet
1275 2869 1286 2905 ε
1319 2869 1427 2908 non
1458 2854 1580 2924 quia
1627 2853 1753 2908 dili-

152 2939 256 3011 git,
305 2939 402 2996 sed
453 2941 575 3012 quia
617 2942 752 2998 odit.
805 2943 947 3010 Quos
986 2945 1201 3000 redemit
1251 2946 1315 3000 de
1342 2963 1497 3002 manu
1535 2949 1752 3002 inimici.

156 3030 398 3089 Grandis
428 3033 686 3104 maiestas
726 3046 780 3090 et
809 3036 1030 3106 grandis
1071 3040 1306 3106 potentia
1337 3040 1612 3111 sanguinis
1644 3041 1754 3097 Do—

157 3122 318 3189 mini,
342 3124 430 3194 qui
462 3125 623 3180 solvit
653 3141 869 3181 manum
901 3127 1123 3185 diaboli.
1156 3129 1440 3199 Quomodo
1467 3133 1610 3188 enim
1631 3141 1755 3188 sunt

1857 1918 2168 1974 Judzeorum
2216 1919 2267 1975 in
2317 1921 2422 1976 iSto
2476 1921 2684 1990 psalmo
2733 1937 2840 1978 non
2878 1923 3134 1979 scribitur
3163 1925 3454 1997 vocandus,

1859 2012 1954 2067 sed
1989 2020 2195 2066 tantum
2225 2013 2489 2082 gentium.
2526 2013 2767 2086 Denique
2790 2014 2917 2085 qttid
2948 2015 3124 2071 dicit?

1931 2105 2247 2160 Erraverunt
2271 2107 2323 2160 in
2359 2105 2640 2162 solitudine
2666 2107 2718 2162 in
2744 2109 2993 2178 inaquoso
3017 2125 3036 2164 :
3066 2110 3200 2164 viam
3238 2111 3458 2166 ciuitatis

1860 2197 2148 2252 habitaculi
2169 2214 2270 2251 non
2299 2198 2620 2252 invenerunt.
2647 2199 2944 2256 Esurientes
2961 2209 3008 2255 et
3037 2202 3286 2256 sitientes.
3313 2202 3378 2257 Et
3401 2211 3459 2258 ut

1859 2291 2044 2345 sciatis
2068 2290 2191 2361 quia
2226 2290 2442 2361 proprie
2471 2290 2542 2346 de
2581 2293 2869 2349 vocatione
2899 2295 3140 2365 gentium
3173 2295 3452 2364 scribitur,

1860 2393 1915 2439 et
1952 2383 2020 2439 de
2049 2383 2372 2454 expulsione
2412 2383 2745 2453 Judaeorum,
2793 2385 2848 2442 in
2890 2386 3244 2458 sequentibus
3289 2387 3459 2458 ipsius

1861 2477 2052 2546 psalmi
2083 2479 2347 2547 scriptum
2377 2487 2460 2532 est
2492 2495 2506 2532 :
2552 2477 2741 2533 Posuit
2776 2478 3000 2535 ﬂumina
3052 2481 3108 2536 in
3151 2479 3452 2548 desertum,

1861 2568 2112 2624 videlicet
2138 2568 2469 2623 Jutitenrttm.
2499 2567 2816 2624 Errarerunt
2857 2572 2914 2626 in
2953 2571 3454 2626 solitudiueiuiua-

1859 2677 2040 2732 quaso.
2088 2661 2335 2715 Diximus
2379 2677 2500 2732 qua:
2531 2671 2719 2718 essent
2745 2678 2922 2732 aqum,
2953 2651 3187 2719 diximus
3223 2679 3342 2734 qute
3371 2678 3459 2719 es-

1862 2763 1984 2810 sent
2014 2754 2256 2810 ﬂumina.
2303 2754 2457 2808 Viam
2494 2754 2720 2811 ciuitatis
2764 2755 3050 2810 habitaculi
3100 2773 3202 2812 non
3249 2757 3461 2811 invene-

1858 2855 2004 2913 runt,
2053 2847 2333 2902 esurientes
2375 2855 2424 2901 et
2474 2847 2729 2901 sitientes.
2785 2846 3135 2916 Exponamtts
3183 2847 3459 2919 quomodo

1858 2941 2100 3010 gentium
2146 2942 2377 3012 populus
2430 2939 2594 2995 fuerit
2643 2941 2694 2995 in
2747 2939 2985 3008 deserto,
3031 2941 3123 2996 ubi
3163 2957 3270 2996 tton
3301 2949 3461 2998 erant

1860 3048 2033 3105 aqum,
2068 3034 2169 3090 hoc
2199 3043 2303 3101 est,
2336 3033 2390 3088 in
2419 3033 2701 3104 iuaquoso,
2734 3042 2789 3088 et
2832 3034 3106 3105 quotnotlo
3140 3035 3280 3089 viam
3323 3036 3456 3090 civi—

1863 3127 1985 3182 tatis
2015 3125 2307 3182 habitaculi
2339 3141 2444 3180 non
2480 3125 2825 3190 invenerunt,
2851 3125 3156 3182 esurientes
3185 3135 3239 3180 et
3268 3126 3457 3181 sitien-

160 3215 342 3286 aliqua
385 3217 633 3272 animalia
677 3233 799 3288 quae
845 3220 1118 3290 stringunt
1169 3222 1376 3294 aliquid
1411 3224 1548 3278 intra
1580 3238 1640 3278 se
1667 3227 1746 3278 in-
1781 3210 1825 3272 C
1860 3229 1960 3278 tes.
1995 3221 2070 3277 De
2096 3220 2293 3292 quibus
2337 3220 2560 3289 dicitur,
2611 3235 2714 3275 non
2741 3221 3079 3287 invenerunt,
3110 3220 3453 3277 manifestum

160 3305 396 3373 clusum,
425 3308 568 3377 quod
599 3309 788 3366 dicunt
817 3319 873 3366 et
905 3311 1124 3377 medici.
1176 3323 1232 3370 et
1280 3315 1508 3388 physici,
1567 3327 1623 3370 ttt
1652 3317 1754 3372 nisi

161 3401 391 3457 fractum
421 3400 604 3466 luerit,
633 3417 662 3457 a
686 3418 746 3458 se
774 3418 880 3459 non
912 3404 1196 3475 dividitur,
1248 3421 1347 3462 nec
1375 3409 1596 3464 dimittit
1626 3409 1754 3465 illud

163 3494 308 3565 quod
349 3495 674 3551 intrinsecus
701 3495 946 3553 clausum
976 3507 1122 3554 leuet
1158 3518 1171 3552 :
1225 3501 1271 3553 si
1303 3509 1483 3556 autem
1529 3501 1755 3556 missum

166 3587 336 3642 fuerit
370 3587 570 3653 oleum,
619 3591 802 3644 statim
843 3589 1179 3658 dissolvitur,
1227 3602 1284 3647 et
1325 3593 1467 3663 quod
1509 3592 1754 3650 stt-ictum

167 3681 340 3738 fuerat
364 3683 655 3753 dlssipatur
681 3695 736 3740 et
771 3684 1028 3739 dividitur
1065 3686 1116 3740 in
1166 3696 1346 3756 partes
1375 3705 1386 3741 ε
1420 3687 1502 3742 sic
1545 3696 1601 3744 et
1645 3702 1758 3743 ma-

168 3791 296 3832 num
326 3776 667 3832 durissimum
699 3777 906 3833 diaboli
935 3779 1098 3834 solvit
1127 3783 1348 3852 sanguis
1376 3781 1603 3838 Christi.
1653 3781 1759 3837 No-

169 3870 312 3927 lebat
339 3887 440 3926 nos
467 3869 743 3927 dimittere
772 3872 1042 3928 diabolus.
1080 3873 1404 3943 Sanguinem
1436 3891 1590 3930 suum
1621 3875 1759 3931 ludit

173 3964 424 4020 DOtuinus
453 3965 608 4034 quasi
658 3964 834 4020 oleum
885 3965 1295 4029 misericordiae,
1332 3977 1385 4020 et
1433 3982 1529 4037 per
1580 3968 1755 4037 ipsum

173 4073 277 4113 nos
314 4057 574 4113 liberavit.
630 4057 706 4113 De
752 4059 1044 4130 regionibus
1088 4062 1416 4133 congregavit
1464 4077 1573 4116 eos.
1623 4060 1756 4116 Vide

172 4165 330 4222 quam
382 4149 599 4220 grandis
639 4150 709 4206 sit
759 4166 949 4206 manus
997 4149 1216 4206 diaboli.
1269 4151 1410 4218 Quos
1450 4152 1664 4206 redemit
1695 4155 1759 4206 de

174 4259 327 4298 manu
352 4243 563 4297 inimici.
595 4242 702 4297 Hos
727 4252 907 4297 autem
935 4257 1072 4312 quos
1101 4241 1336 4297 redemit
1363 4242 1432 4298 de
1463 4258 1623 4298 manu
1653 4243 1755 4298 ini-

175 4336 319 4401 mici,
343 4335 391 4391 in
417 4335 630 4391 cunctis
660 4335 974 4406 regionibus
1003 4333 1326 4389 tenebantur
1357 4333 1413 4389 in
1457 4349 1619 4389 mauu
1645 4335 1760 4389 iui-

177 4427 318 4485 mici.
344 4426 416 4483 De
433 4429 730 4501 regionibus
754 4429 1082 4500 congregavit
1110 4443 1215 4484 eos.
1241 4426 1299 4482 Itt
1333 4436 1447 4483 toto
1476 4428 1608 4484 orbe
1642 4443 1756 4484 ma-

178 4536 277 4577 nus
302 4519 493 4575 diaboli
523 4520 838 4591 possidebat
866 4535 986 4576 nos.

1857 3325 1962 3384 est,
1994 3314 2138 3385 quod
2169 3315 2504 3386 quaesierunt
2542 3315 2684 3370 viam
2717 3315 2952 3370 civitatis
2996 3314 3325 3382 habitaculi,
3357 3312 3454 3369 scd

1860 3426 1965 3464 non
2018 3411 2359 3465 invenerunt.
2419 3409 2764 3479 Qutrsierunt
2801 3424 2932 3480 ergo
2983 3407 3125 3463 viam
3167 3423 3264 3478 per
3291 3422 3452 3478 quant

1859 3504 2112 3560 venirent
2137 3505 2202 3558 ad
2229 3503 2508 3560 civitatem
2546 3522 2560 3560 :
2603 3505 2907 3560 esurientes
2938 3504 3275 3575 qttzcsierunl
3301 3512 3357 3558 et
3383 3503 3458 3557 si-

1859 3595 2079 3652 tieutes.
2123 3596 2310 3651 Anima
2359 3613 2536 3651 eorum
2584 3597 2639 3651 in
2682 3597 2808 3668 ipsis
2866 3597 3072 3668 defecit.
3131 3596 3457 3653 Defecerttnt

1859 3698 2160 3745 scrutantes
2190 3689 2454 3744 scrutinio
2481 3687 2654 3759 (Psal.
2689 3689 2870 3759 Lttttt).
2915 3689 3262 3756 Defeceruut,
3308 3705 3459 3759 qua!-

1859 3783 2088 3850 sierunt,
2122 3794 2176 3838 et
2207 3797 2314 3838 non
2348 3784 2694 3850 invenerunt,
2743 3791 2797 3838 et
2826 3783 2878 3837 iu
2905 3783 3084 3838 rsurie
3124 3798 3218 3838 sua
3251 3791 3308 3837 et
3337 3783 3452 3848 siti,

1857 3879 1994 3930 viam
2022 3876 2240 3930 civitatis
2269 3874 2553 3929 habitaculi
2583 3891 2684 3928 non
2709 3875 3030 3929 invenerunt.
3082 3873 3384 3928 Esurientes
3410 3882 3456 3928 et

1860 3969 2110 4022 sitientes.
2187 3966 2336 4020 Multi
2391 3967 2601 4020 luerunt
2652 3965 2743 4036 qtti
2797 3963 3247 4032 repromitterent
3294 3963 3451 4018 istam

1860 4059 2004 4113 viam
2049 4073 2170 4128 quae
2200 4055 2492 4112 deduceret
2527 4056 2592 4111 ad
2645 4055 2944 4111 civitatem.
2983 4056 3238 4111 Promisit
3260 4053 3459 4110 Socra-

1862 4160 1963 4219 tes,
2012 4149 2258 4221 promisit
2306 4149 2481 4216 Plato,
2527 4148 2776 4219 promisit
2821 4148 3166 4203 Aristotcles.
3217 4147 3460 4202 Haemor-

1860 4245 2059 4301 rltousa
2105 4259 2225 4315 qua:
2275 4242 2479 4300 ﬂuebat
2527 4243 2790 4315 sanguine
2837 4242 3010 4315 (Luc.
3039 4258 3132 4297 vttt
3160 4241 3201 4313 ),
3259 4243 3460 4298 multos

1860 4337 2111 4408 quaesivit
2153 4335 2418 4404 medicos,
2471 4345 2526 4392 et
2565 4353 2596 4392 a
2637 4337 2788 4392 nullo
2835 4337 3016 4392 satiari
3063 4336 3264 4407 potuit.
3309 4335 3459 4392 Viam

1861 4429 2083 4484 ciuitatis
2118 4427 2404 4483 habitaculi
2429 4444 2528 4482 non
2559 4429 2884 4484 invenerunt.
2935 4429 3194 4484 Doctrina
3241 4429 3454 4484 illorum

1861 4523 2034 4592 magis
2065 4521 2258 4575 famem
2288 4520 2521 4575 faciebat
2553 4522 2828 4588 veritatis,
2876 4537 3041 4592 quam
3093 4521 3457 4578 saturitatem.

247 4616 290 4670 Α
313 4615 427 4669 solis
450 4625 567 4669 ortu
589 4625 636 4670 et
665 4632 870 4684 occasu,
904 4615 968 4670 ab
993 4614 1237 4687 aquilone
1273 4624 1320 4670 et
1349 4616 1500 4671 ntari.
1530 4615 1756 4672 Videtur
1786 4601 1836 4661 Ῑ)
1863 4615 2280 4672 litemorrhousa
2350 4623 2518 4668 totam
2567 4613 2932 4668 substantiam
2987 4628 3140 4668 suam
3189 4615 3456 4685 impendit

181 4707 382 4780 quidem
414 4716 644 4779 quatuor
691 4707 898 4764 dixisse
928 4708 1147 4763 climata
1193 4727 1206 4763 :
1252 4708 1551 4778 Orientem,
1602 4707 1758 4764 Orci-

182 4801 406 4867 dentem,
456 4799 760 4866 Meridiem,
805 4809 860 4855 et
903 4800 1133 4856 Boream
1166 4817 1178 4852 :
1213 4799 1328 4854 lucc
1367 4810 1494 4856 sunt
1525 4811 1757 4870 quatuor

184 4895 384 4950 climata
423 4894 630 4949 mundi.
684 4895 792 4950 Sed
821 4909 927 4951 non
961 4895 1033 4950 ita
1065 4895 1304 4966 psalmus
1344 4897 1608 4952 continet.
1661 4896 1756 4952 Hic

185 4989 320 5044 enim
348 4987 503 5044 habet
533 5005 549 5044 :
601 4990 644 5042 Α
669 4989 792 5044 solis
823 5000 940 5043 ortu
987 4998 1036 5044 et
1073 5006 1258 5044 occasu
1288 5007 1307 5044 :
1336 4990 1478 5046 Ecce
1521 4990 1630 5045 duo
1661 4991 1757 5044 cli-

190 5091 346 5138 mata:
368 5081 438 5135 Ab
462 5082 726 5153 aquilone,
750 5081 854 5136 hoc
874 5091 976 5149 est,
1003 5097 1032 5136 a
1053 5084 1425 5153 septentrione
1455 5103 1467 5138 :
1494 5084 1633 5139 Ecce
1656 5084 1754 5138 tria

189 5179 403 5235 climata.
434 5175 500 5232 Et
520 5178 674 5232 mari.
701 5177 846 5233 Mare
868 5178 1055 5249 utique
1085 5179 1138 5234 in
1166 5179 1450 5236 occidente
1480 5188 1584 5234 est.
1615 5180 1757 5249 Ergo

193 5269 606 5338 videtequoniam
619 5269 955 5326 occidentem
971 5270 1057 5327 his
1071 5271 1387 5341 nominavit,
1405 5283 1454 5327 et
1470 5270 1754 5327 meridiem

195 5380 287 5420 nec
313 5361 492 5418 semel.
545 5363 724 5430 Quare
757 5363 920 5434 igitur
953 5363 1052 5418 tria
1081 5364 1296 5419 climata
1328 5363 1670 5429 nominavit,
1703 5373 1759 5419 et

196 5470 341 5510 unum
370 5453 536 5510 noluit
562 5454 924 5524 nuncupare?
952 5454 1207 5524 Legimus
1235 5457 1289 5510 in
1322 5456 1538 5510 Abacuc
1566 5473 1579 5509 :
1618 5455 1758 5513 Deus

195 5548 259 5601 ab
282 5555 446 5602 austro
485 5547 674 5602 veniet
701 5547 902 5618 (Abac.
929 5563 985 5602 ttt
1008 5547 1051 5618 ).
1100 5547 1175 5602 De
1206 5547 1486 5604 Salvatore
1513 5545 1753 5602 dicitur:

198 5639 425 5712 quoniam
456 5640 596 5695 Deus
626 5647 784 5695 natus
811 5648 895 5696 est
932 5640 983 5695 in
1029 5651 1237 5696 austro.
1286 5641 1331 5695 A
1362 5642 1466 5694 situ
1492 5641 1636 5696 enim
1667 5639 1758 5696 .le-

201 5733 426 5798 rusalem,
456 5732 734 5789 Bethleem
774 5734 826 5787 in
855 5741 1043 5790 austro
1084 5734 1256 5804 posita
1308 5740 1412 5789 est.
1459 5733 1758 5800 Propterea

200 5824 389 5895 dicitur,
439 5825 583 5884 Deus
613 5826 684 5882 ab
728 5834 914 5883 austro
943 5827 1144 5886 veniet.
1199 5827 1254 5883 Si
1292 5835 1474 5883 autem
1518 5824 1660 5881 Dens
1691 5828 1760 5884 ab

1861 4709 1912 4764 in
1945 4707 2206 4763 medicos.
2264 4703 2560 4758 Esurientes
2591 4714 2639 4758 et
2667 4706 2918 4769 sitientes,
2961 4706 3135 4759 aninta
3181 4721 3360 4760 eorum
3403 4707 3455 4760 iu

1858 4801 1986 4872 ipsis
2023 4799 2232 4868 defecit.
2280 4796 2383 4851 Sed
2417 4796 2674 4868 quoniam
2706 4796 3018 4865 perdiderat
3045 4811 3197 4850 suam
3230 4795 3457 4851 univer-

1860 4912 1974 4952 sam
2021 4893 2421 4960 substantiam,
2479 4893 2582 4947 lioc
2620 4900 2744 4958 est,
2800 4889 3044 4944 Ecclesia
3092 4887 3162 4943 de
3206 4887 3460 4958 gentibus

1858 4997 2184 5060 congregata
2221 5005 2233 5041 :
2265 4987 2390 5058 quia
2432 4985 2614 5040 anima
2642 4983 2760 5055 ejus
2801 4985 2852 5038 in
2895 4982 3016 5052 ipsa
3069 4980 3292 5048 defecit,
3343 4981 3458 5036 cla-

1864 5085 2033 5140 mavit
2075 5083 2139 5136 ad
2173 5080 2458 5136 Dominum
2504 5094 2626 5135 cum
2677 5078 3046 5133 tribularetur.
3094 5075 3294 5132 Tactus
3341 5077 3460 5130 lim-

1864 5175 1998 5231 ιη’ὴθ
2030 5174 2259 5240 Domini,
2292 5172 2502 5228 clamor
2530 5170 2804 5227 credentis
2835 5169 2954 5225 fuit.

1935 5269 2006 5326 Et
2031 5269 2383 5323 clamauerunt
2407 5265 2475 5321 ad
2511 5263 2794 5320 Dominum
2824 5281 2941 5318 cum
2971 5263 3366 5329 tribularentur,
3411 5271 3459 5317 et

1862 5364 1928 5416 de
1951 5361 2338 5416 necessitatibus
2369 5375 2544 5415 eorum
2566 5359 2756 5425 eripuit
2779 5375 2885 5412 eos.
2929 5355 3010 5411 Ad
3043 5356 3353 5422 Dominum,
3380 5357 3460 5410 in—

1864 5457 2001 5525 quit.
2032 5471 2156 5511 cum
2183 5455 2472 5512 tribttlsrer
2503 5453 2754 5518 clamavi,
2783 5449 3128 5509 etettaudivit
3155 5465 3242 5506 me
3271 5449 3455 5521 (Psal.

1865 5549 1965 5619 st).
2000 5547 2152 5603 Tunc
2205 5546 2528 5603 exaudimur
2568 5560 2597 5599 a
2648 5544 2899 5610 Domino,
2929 5541 3144 5613 quando
3172 5557 3281 5598 non
3325 5541 3459 5596 sim-

1867 5643 1991 5714 plex
2029 5655 2153 5708 vox,
2185 5641 2278 5696 sed
2308 5639 2582 5695 tribulatio
2607 5639 2806 5695 clamat
2830 5638 2894 5692 ad
2931 5639 3235 5693 Dominum.

1941 5735 2007 5788 Et
2036 5733 2212 5788 eduxit
2240 5749 2326 5788 eos
2357 5734 2411 5786 in
2448 5733 2582 5786 uiam
2626 5741 2842 5800 rectam,
2867 5742 2920 5787 ut
2957 5733 3094 5786 irent
3124 5733 3176 5786 in
3204 5731 3465 5787 civitatem

1868 5825 2226 5882 habitationis.
2253 5824 2385 5892 Quia
2405 5823 2553 5879 ‘viam
2578 5824 2816 5883 civitatis
2846 5823 3140 5882 habitaculi
3175 5841 3280 5882 non
3320 5825 3471 5884 invet-
