4016 6364
495 292 634 348 1147
1293 287 1639 345 APPENDIX
1675 288 1767 343 AD
1804 287 2045 345 TOMUM
2083 286 2133 346 SI

2254 284 2435 346 'IMUM
2473 284 2533 347 Β.
2576 279 2975 347 HIERONYMI.
3660 284 3843 343 1148

502 415 723 475 nerunt,
759 415 1039 478 prepterea
1070 406 1293 462 deduxit
1322 418 1417 461 eos
1441 405 1494 459 in
1524 403 1663 459 viam
1693 411 1920 460 rectam.
1953 403 2095 475 Ergo
2121 404 2174 465 Α
2270 403 2632 475 Conﬁteantur
2650 402 2877 460 Domino
2905 405 3276 461 misericordiae
3296 406 3431 479 ejus.
3466 400 3681 471 Quibus
3704 414 3793 455 ex
3814 428 3842 439 ο

502 499 763 577 ostendit,
792 500 914 571 quia
944 508 1070 554 ante
1095 499 1417 556 invenerunt
1440 496 1659 568 quidem
1690 495 1827 560 vias,
1855 494 1950 552 sed
1975 511 2094 565 pra-
2202 496 2376 552 celsus
2407 512 2465 552 sc
2498 490 2821 565 humiliavit,
2852 498 3049 570 quibus
3080 494 3226 558 Deus
3258 498 3424 555 homo
3458 496 3641 553 factus
3667 502 3765 551 est
3816 510 3839 549 :

500 608 620 658 vas,
652 602 707 648 et
735 609 839 646 non
874 602 1069 646 rectas.
1119 591 1183 644 Et
1227 591 1441 646 deduxit
1486 606 1572 646 eos
1612 591 1667 645 in
1716 592 1853 645 viam
1881 599 2093 645 rectam.
2201 586 2398 661 quibus
2424 590 2745 647 immortalis
2776 606 2876 663 pro
2904 592 3214 648 mortalium
3243 593 3352 648 vita
3380 590 3637 647 subditur
3661 602 3843 643 mor—

506 683 604 741 Via
629 684 853 739 deditin
884 699 980 737 eos
1006 685 1057 737 in
1086 684 1245 738 viam.
1279 683 1399 753 ipse
1426 683 1690 739 Dominus
1721 693 1883 753 atque
1911 681 2102 738 Salva-
2205 683 2265 737 ti.
2297 681 2364 736 Et
2387 683 2644 738 mirabilia
2669 686 2780 756 ejus
2794 684 2918 754 ﬁliis
2937 682 3221 740 hominum.
3250 683 3387 752 Quia
3410 679 3611 738 inferni
3634 694 3840 735 areas

507 785 593 831 tor
624 775 845 830 deduxit
872 789 968 830 eos
1001 774 1055 830 in
1094 776 1236 830 viam
1284 785 1485 831 rectam
1518 792 1532 829 :
1565 774 1691 831 fecit
1725 789 1843 844 eos,
1872 787 1928 831 ut
1963 776 2016 831 in
2042 784 2102 832 se
2206 782 2389 845 portas
2420 786 2711 847 vectesque
2751 771 3022 847 c'onlregit
3069 795 3082 830 :
3120 776 3245 846 quia
3295 775 3457 832 rediit
3507 773 3685 830 victor
3737 770 3838 828 ad

505 865 845 921 ambularent
876 884 890 920 :
926 866 1041 936 ipse
1074 878 1126 922 et
1149 866 1363 936 ductor,
1396 875 1453 923 et
1481 869 1584 922 via.
1612 867 1678 921 Et
1704 869 1919 923 deduxit
1942 884 2027 923 eos
2049 869 2104 923 in
2205 881 2432 937 superos
2465 884 2479 921 :
2508 867 2635 937 quia
2661 867 3009 924 remeavitad
3035 868 3227 924 caios.

503 959 641 1014 viam
679 968 892 1025 rectam,
932 967 989 1013 ut
1031 975 1125 1030 per
1156 959 1296 1014 hanc
1325 959 1487 1027 viam,
1523 958 1627 1014 hoc
1657 967 1761 1025 est,
1794 974 1891 1030 per
1922 958 2106 1015 Domio

508 1069 636 1110 num
664 1054 1004 1110 Sztlvatorem
1040 1056 1184 1111 irent
1222 1054 1275 1110 iu
1310 1056 1580 1112 civitatem
1629 1055 2003 1122 habitationis,
2050 1055 2106 1112 in

513 1132 811 1202 Ecclesiam
834 1147 953 1218 ejus
979 1163 1100 1219 qum
1133 1148 1351 1201 fundata
1401 1148 1574 1203 iuerat
1609 1162 1772 1219 super
1821 1148 2021 1217 ipsum,
2054 1156 2109 1204 et

516 1250 748 1311 petram,
782 1253 836 1297 et
881 1241 1020 1295 viam
1052 1250 1216 1313 atque
1246 1242 1548 1297 ductorem.
1596 1241 1880 1312 Simulque
1924 1243 2107 1297 consi-

512 1333 837 1401 derandum,
865 1335 988 1406 quia
1017 1335 1070 1390 in
1101 1337 1205 1390 isto
1238 1334 1443 1405 psalmo
1469 1335 1631 1391 tertio
1658 1335 1892 1392 dicitur:

584 1428 939 1497 Couﬁteantur
959 1426 1182 1482 Domino
1214 1427 1579 1483 misericordite
1608 1431 1746 1501 ejus,
1777 1436 1825 1482 et
1854 1427 2114 1483 mirabilia

513 1521 625 1591 ejus
656 1518 780 1589 [iliis
803 1518 1091 1572 hominum.
1138 1516 1275 1585 Quia
1302 1518 1510 1572 satiavit
1546 1520 1777 1572 animum
1812 1521 2038 1584 inanem,
2067 1528 2113 1573 et

515 1611 743 1665 animam
789 1610 1093 1664 esurientem
1141 1609 1348 1663 satiavit
1400 1609 1565 1664 bonis.
1630 1610 1739 1665 Eos
1784 1610 1876 1680 qui
1923 1611 2116 1666 inanes

516 1712 673 1759 erant
711 1718 740 1758 a
788 1702 958 1772 gratia
1010 1717 1129 1773 sua,
1179 1711 1232 1757 et
1283 1702 1480 1759 famem
1538 1702 1691 1757 verbi
1740 1702 2110 1773 patiebantur,

520 1792 678 1848 bonis
707 1794 1025 1851 emlestibus
1054 1794 1287 1850 satiavit.

593 1885 839 1942 Sedentes
868 1887 922 1941 in
951 1886 1171 1942 tenebris
1207 1896 1254 1941 et
1302 1886 1484 1941 umbra
1530 1887 1712 1941 mortis
1752 1903 1769 1940 :
1821 1888 2015 1942 uinctos
2058 1887 2115 1943 in

522 1980 849 2035 mendicitate
879 1989 926 2034 et
953 1985 1112 2051 ferro.
1165 1979 1417 2036 Vinctum
1462 1980 1608 2036 enim
1649 1988 1767 2035 erat
1804 1994 1975 2050 genus
2019 1979 2117 2034 hu-

523 2087 740 2128 tnanum
768 2073 977 2128 catenis
1006 2071 1318 2138 criminum,
1359 2081 1413 2128 et
1443 2073 1647 2128 carceri
1682 2072 1883 2127 diaboli
1913 2074 2120 2127 manci-

520 2172 728 2235 patum.
761 2164 828 2219 Et
854 2181 952 2220 cur
978 2164 1082 2220 hoc
1108 2165 1346 2220 accidit?
1381 2165 1513 2220 Vide
1542 2164 1670 2234 quid
1698 2166 1966 2236 sequitur.

602 2258 740 2326 Quia
781 2258 1211 2314 esacerbaverunt
1237 2261 1498 2327 eloquium
1526 2257 1759 2314 Domini.
1807 2258 1939 2327 Qum
1971 2275 2123 2313 man-

531 2349 780 2417 daverat,
832 2367 938 2405 non
984 2352 1375 2407 custodientes.
1428 2349 1498 2405 Et
1557 2349 1833 2404 consilium
1866 2350 2120 2405 Altissimi

524 2440 883 2497 irritaverant.
916 2442 1069 2509 Quod
1098 2441 1321 2497 dederat
1351 2452 1406 2497 ut
1432 2444 1703 2513 eligerent
1725 2443 1914 2498 vitam.

603 2532 669 2587 Et
693 2532 1027 2588 humiliatum
1048 2544 1121 2589 est
1150 2538 1204 2589 in
1223 2533 1483 2590 laboribus
1513 2550 1603 2588 cor
1633 2551 1829 2589 eorum.
1854 2533 1988 2603 Quia
2015 2550 2124 2590 non

531 2625 915 2681 exaltabantur
942 2628 997 2681 in
1028 2627 1286 2697 operibus
1310 2628 1423 2682 Dei.
1458 2625 1724 2697 Inﬁt-mali
1761 2634 1882 2681 sunt
1905 2642 1999 2680 nec
2029 2628 2126 2699 fuit

530 2722 620 2791 qui
658 2718 951 2792 adjuvaret.
991 2720 1070 2776 Eo
1110 2721 1255 2793 quod
1287 2721 1341 2776 in
1379 2722 1545 2776 Deum
1578 2721 1714 2776 ﬁrmi
1748 2736 1855 2776 non
1888 2729 2075 2777 essent
2107 2736 2124 2777 :

536 2825 638 2867 nec
665 2827 791 2867 eum
823 2813 1185 2884 requirerent,
1215 2813 1307 2884 qui
1333 2828 1496 2870 verus
1526 2823 1609 2869 est
1638 2814 1900 2870 medicus.

606 2902 674 2959 Et
700 2904 1050 2961 clamauerunt
1071 2908 1141 2961 ad
1173 2906 1455 2961 Dominum
1478 2906 1606 2960 dum
1639 2906 2040 2975 tribularentur,
2080 2917 2129 2963 et

538 2999 603 3053 de
633 3002 1018 3056 necessitatibus
1044 3017 1221 3058 eorum
1243 3001 1477 3057 liberavit
1503 3018 1609 3058 eos.
1638 3002 1847 3058 Deiecit
1872 3012 1994 3073 post
2020 3003 2133 3058 ori-

533 3091 713 3163 ginale
744 3104 1022 3163 peccatum
1051 3097 1344 3149 humanum
1386 3109 1554 3165 genus
1605 3113 1617 3148 :
1650 3097 1839 3150 iterata
1873 3095 1993 3150 vice
2020 3109 2128 3150 non

2280 960 2349 1015 Et
2377 962 2670 1031 sacriﬁcent
2713 962 3031 1033 sacriﬁcium
3059 961 3252 1017 laudis.
3303 960 3538 1018 Cessent
3586 959 3723 1015 hirci
3755 964 3840 1015 el

2210 1054 2361 1109 vituli
2406 1073 2422 1110 :
2462 1056 2588 1125 quia
2637 1054 2779 1109 Deus
2811 1053 3141 1110 sacriﬁcium
3168 1052 3238 1109 de
3266 1069 3403 1125 puro
3429 1050 3599 1109 corde
3630 1051 3839 1122 requi-

2210 1148 2298 1203 rit.
2331 1146 2399 1202 Et
2443 1149 2751 1203 annuntient
2792 1163 2951 1218 opera
2995 1151 3107 1219 ejus
3151 1148 3208 1202 in
3250 1144 3623 1203 occultatione.
3672 1143 3831 1202 Cum

2210 1239 2408 1311 gaudio
2435 1242 2645 1295 cunctis
2677 1240 2860 1295 choris
2910 1242 3241 1295 annuntieut
3281 1257 3295 1294 :
3323 1239 3561 1312 qualiter
3586 1253 3686 1295 eos
3712 1252 3830 1294 sua

2214 1333 2522 1388 visitatione
2548 1332 2791 1389 saivarit.

2290 1424 2394 1493 Qui
2412 1424 2725 1482 descendunt
2754 1443 2915 1482 mare.
2942 1426 2998 1482 Id
3027 1435 3132 1497 est,
3163 1425 3445 1483 stcculum.
3471 1424 3544 1479 In
3572 1425 3826 1480 nauibus.

2218 1516 2273 1572 ln
2303 1516 2594 1584 Ecclesiis,
2625 1534 2749 1588 quas
2797 1519 3073 1575 Christum
3111 1525 3355 1590 portant,
3402 1525 3459 1573 et
3484 1533 3513 1572 ιι
3554 1511 3826 1573 ﬂuctibus

2217 1609 2377 1681 hujus
2426 1611 2611 1665 mundi
2662 1611 2984 1667 tunduntur.
3036 1609 3315 1666 Facientes
3357 1612 3710 1683 operationem
3758 1610 3826 1663 iis

2218 1705 2367 1776 aquis
2391 1704 2589 1760 amitis.
2620 1704 2676 1759 lu
2722 1705 2959 1775 populis.
3007 1704 3114 1763 Sed
3161 1716 3216 1761 et
3262 1703 3329 1759 ad
3369 1702 3656 1774 apostolos
3702 1702 3829 1757 haec

2145 1789 2194 1851 Β
2223 1798 2509 1854 referenda
2530 1808 2655 1854 sunt
2679 1817 2692 1853 :
2717 1798 2833 1871 Ipsi
2857 1800 3093 1855 viderunt
3125 1815 3280 1873 opera
3315 1796 3553 1862 Domini,
3581 1804 3631 1853 et
3661 1798 3829 1853 mira-9

2220 1891 2343 1946 bilia
2372 1895 2487 1964 ejus
2533 1892 2586 1947 in
2612 1892 2896 1965 profundo.
2940 1891 2999 1948 in
3046 1890 3318 1963 profunda
3362 1891 3509 1946 enim
3554 1889 3826 1960 caligine,

2223 2002 2322 2057 per
2343 2000 2532 2042 eorum
2567 1987 3007 2056 praedicationem
3033 1988 3215 2043 lumen
3247 1984 3497 2041 veritatis
3524 1983 3739 2049 illusit,
3766 1991 3832 2036 es

2221 2079 2498 2146 viderunt,
2527 2089 2787 2149 operante
2811 2079 3042 2136 Domino
3062 2122 3077 2148 ,
3113 2081 3167 2134 in
3200 2077 3441 2135 tenebris
3473 2074 3831 2132 densissimis

2223 2173 2436 2228 clarere
2458 2176 2639 2228 lumen
2672 2173 2972 2228 verissimae
3001 2172 3312 2228 Trinitatis.

2298 2265 2464 2335 Dixit,
2490 2274 2538 2319 et
2565 2267 2705 2320 stetit
2726 2267 2944 2337 spiritus
2970 2264 3230 2338 procellte.
3262 2262 3514 2321 Cessavit
3544 2261 3830 2321 mundana

2229 2360 2480 2417 tentatio.
2513 2359 2606 2416 Sic
2636 2370 2689 2414 et
2716 2359 2770 2415 in
2797 2361 2920 2415 navi
2951 2359 3234 2416 dormiens
3262 2357 3548 2425 Dominus,
3580 2370 3707 2411 cum
3731 2369 3835 2410 es-

2226 2455 2424 2511 citatns
2451 2469 2480 2508 a
2509 2453 2796 2524 discipulis
2828 2454 3043 2519 luisset,
3067 2454 3361 2522 imperavit
3382 2456 3565 2513 vento,
3589 2457 3647 2506 et
3675 2462 3833 2504 mare

2228 2545 2375 2603 siluit
2410 2544 2591 2618 (Matt.
2622 2544 2763 2617 vni).
2798 2544 2866 2599 Et
2898 2545 3116 2600 exaltati
3146 2552 3269 2599 sunt
3297 2545 3492 2615 ﬂuctus
3522 2542 3658 2614 ejus.
3686 2541 3828 2596 Sos-

2232 2639 2382 2709 pensi
2420 2648 2585 2703 snnt,
2626 2649 2694 2694 ne
2738 2646 3005 2694 nocerent
3036 2653 3050 2691 :
3082 2636 3137 2691 id
3167 2645 3288 2702 est,
3339 2634 3500 2704 hujus
3539 2633 3834 2689 diabolica:

2232 2732 2557 2787 tentatiouis
2604 2739 2814 2800 motus,
2867 2738 3006 2802 quos
3054 2728 3229 2800 iniqui
3265 2734 3618 2785 commovent
3666 2739 3836 2796 super

2226 2822 2426 2893 justus.

2304 2916 2602 2971 Ascendunt
2629 2931 2789 2987 usque
2810 2915 2879 2969 ad
2899 2912 3076 2970 caelos.
3117 2914 3418 2969 Elevantur
3461 2911 3515 2967 in
3555 2908 3837 2979 superhiis

2234 3008 2381 3075 suis,
2408 3005 2474 3060 ad
2515 3017 2834 3061 sanctorum
2877 3004 3152 3075 injuriam.
3199 3001 3270 3058 Et
3310 3001 3629 3057 descendunt
3672 3012 3841 3070 usque

2235 3102 2303 3156 ad
2323 3099 2555 3172 abyssos.
2582 3098 2950 3153 liumiliantnr
2974 3100 3025 3152 in
3045 3095 3419 3153 Confessionc.
3447 3092 3518 3150 Et
3545 3105 3604 3147 ut
3631 3092 3840 3147 intelli-

535 3188 834 3244 observans
858 3190 1029 3260 legem
1061 3189 1311 3244 traditam
1338 3205 1435 3258 per
1462 3189 1705 3261 Moysen,
1736 3187 1830 3243 sed
1860 3196 1917 3243 et
1938 3187 2007 3244 de
2035 3188 2136 3244 hac
2161 3178 2207 3241 Ο
2238 3209 2332 3265 gas
2361 3190 2663 3263 ﬁguraliter
2692 3190 2794 3244 hoc
2817 3189 2886 3244 de
2914 3189 3073 3244 malis
3098 3186 3411 3244 hominibus
3456 3184 3564 3240 dici
3588 3222 3607 3250 ,
3652 3182 3841 3253 sequi-

540 3281 867 3336 necessitate
894 3280 1028 3336 illttd
1053 3282 1274 3351 eripuit.

610 3370 679 3426 Et
703 3375 882 3427 eduxit
902 3388 989 3427 eos
1008 3374 1071 3426 de
1102 3373 1345 3437 tenebris,
1372 3382 1479 3428 etc.
1507 3371 1576 3427 Et
1600 3374 1671 3428 ob
1699 3372 1751 3427 id
1784 3391 1795 3427 :

609 3464 970 3535 Con/iteantur
1002 3465 1221 3521 Domino
1249 3466 1614 3521 misericordia
1642 3469 1776 3540 ejus,
1806 3477 1852 3521 et
1877 3466 2138 3524 mirabilia

537 3561 651 3631 ejus
681 3560 807 3630 [iliis
846 3560 1134 3615 hominum.
1190 3562 1255 3617 Et
1298 3578 1397 3615 cur
1445 3562 1562 3632 ejus
1609 3563 1689 3617 vel
1742 3563 2138 3621 misericitrdiaa

540 3650 869 3707 cantitendze
893 3654 1029 3719 sint,
1060 3654 1146 3707 vel
1180 3653 1446 3708 mirabilia
1478 3654 1859 3726 praedicentnr,
1904 3672 2138 3728 sequen-

545 3747 616 3803 tia
643 3744 862 3803 docent.

617 3838 751 3906 Quia
779 3839 1016 3894 contrivit
1044 3849 1221 3912 portas
1246 3856 1425 3905 terras,
1449 3849 1498 3895 et
1518 3850 1680 3896 vectes
1712 3843 1904 3914 ferreos
1933 3845 2141 3916 confre-

542 3934 635 4005 git.
688 3931 937 3987 Visitavit
967 3934 1115 3987 ettim
1159 3948 1260 3988 nos
1289 3934 1472 3989 oriens
1511 3949 1579 3990 ex
1609 3935 1722 3989 alto
1755 3935 1927 4005 (Luc.
1966 3937 2049 4008 ι),
2087 3948 2142 3993 et

544 4026 861 4081 illuminavit
917 4040 1167 4081 errorum
1212 4028 1488 4098 tenebras,
1538 4028 1876 4101 disrupitqne
1923 4041 2143 4087 catenas

548 4114 710 4184 legis,
743 4124 799 4168 ut
830 4115 1002 4170 libero
1030 4116 1253 4171 arbitrio
1273 4119 1623 4173 serviremus.

623 4204 863 4278 Suscepit
890 4223 976 4261 eos
1017 4211 1082 4262 de
1107 4208 1190 4261 via
1216 4209 1504 4280 iniquitatis
1545 4224 1743 4265 eorum.
1776 4209 2147 4269 Obseraverat

557 4300 723 4370 igitur
770 4299 1023 4355 diabolus
1083 4301 1436 4357 validissimis
1498 4303 1637 4358 seris
1682 4318 1905 4359 suarum
1946 4304 2142 4361 aedium

551 4410 722 4450 :creas
763 4396 971 4466 valvas,
1024 4412 1093 4453 ne
1131 4397 1198 4451 ab
1230 4397 1348 4467 ejus
1372 4398 1494 4467 jure
1523 4399 1705 4469 egredi
1740 4400 1941 4456 valeret
1975 4417 2144 4473 genus

552 4488 870 4544 humanum.
894 4491 1026 4557 Quae
1049 4492 1253 4560 omnia,
1271 4491 1604 4561 utdiximus,
1629 4509 1723 4549 sua
1742 4495 2002 4551 Dominus
2016 4497 2144 4552 visi-

2239 3296 2362 3342 tur:
2395 3285 2580 3339 Anima
2609 3300 2791 3339 eorum
2826 3285 2878 3338 in
2920 3284 3069 3338 atatis
3121 3281 3357 3337 tabescet.
3415 3279 3643 3335 Fluctus
3687 3277 3841 3333 enim

2238 3394 2502 3451 aquarum
2532 3378 2767 3432 animum
2794 3392 2900 3433 non
2934 3376 3157 3432 habent.
3184 3374 3291 3431 Sed
3326 3374 3557 3430 tabescit
3608 3375 3788 3426 anima
3820 3388 3840 3427 :

2238 3487 2361 3528 cum
2394 3471 2676 3527 verberata
2732 3469 2909 3541 plagis
2955 3467 3307 3533 cmlestibus,
3368 3480 3427 3522 se
3474 3478 3736 3537 peccasse
3784 3471 3843 3518 et

2240 3566 2442 3621 sanctis
2466 3563 2716 3633 injuriam
2747 3563 3001 3618 intulisse
3039 3561 3339 3632 cognoscit.

2315 3656 2531 3711 Turbati
2556 3665 2693 3723 sunt,
2731 3664 2781 3709 et
2836 3658 2961 3710 moti
2988 3655 3121 3709 sicut
3146 3653 3337 3708 ebrius.
3367 3650 3509 3708 Nihil
3555 3650 3704 3706 enim
3748 3650 3846 3704 la-

2243 3758 2379 3819 tum,
2412 3748 2548 3803 nihil
2579 3749 2797 3815 stabile,
2825 3747 2959 3803 nihil
2991 3747 3235 3803 sobrium
3290 3761 3479 3800 eorum
3511 3758 3715 3800 sensus
3748 3743 3849 3798 ha.

2241 3841 2423 3898 hebat.
2456 3840 2513 3893 li:
2544 3840 2708 3894 omnis
2732 3840 2993 3910 sapientia
3017 3854 3193 3894 eorum
3234 3838 3477 3893 devorata
3514 3845 3609 3892 est.
3660 3836 3706 3892 Δ
3757 3850 3848 3890 sa-

2244 3935 2449 4006 pientia
2474 3933 2588 3989 veri
2620 3933 2712 3988 Dei
2738 3951 2752 3987 :
2776 3932 2917 3987 sicut
2938 3931 3216 4004 quondam
3240 3931 3408 3987 draco
3442 3930 3613 4003 Moysi
3650 3929 3849 4001 desino

2246 4027 2364 4083 tivit
2393 4027 2660 4081 dracones
2687 4022 3070 4096 Egypt‘torum
3108 4021 3312 4095 (Exod.
3338 4021 3461 4091 vn).

2319 4118 2386 4174 Et
2410 4117 2764 4173 clamauerunt
2792 4117 2861 4172 ad
2882 4116 3167 4171 Dominum
3192 4131 3310 4170 cum
3349 4113 3749 4179 tribularentur,
3799 4125 3850 4168 et

2245 4214 2310 4267 de
2354 4210 2737 4267 necessitatibus
2759 4224 2945 4266 eorum
2973 4207 3204 4264 liberavit
3228 4224 3336 4263 eos.
3371 4204 3439 4263 Ut
3468 4206 3855 4276 relinquentes

2246 4307 2581 4363 luxuriosam
2604 4303 2921 4360 ebrietatem
2941 4343 2956 4367 ,
2979 4301 3076 4357 Dei
3099 4301 3423 4371 sapientiam
3451 4305 3855 4368 sequerentur.

2321 4399 2518 4458 Statuit
2551 4396 2833 4468 procellam
2873 4398 2988 4464 eius
3007 4395 3064 4450 in
3083 4411 3290 4449 auram.
3316 4392 3388 4451 Ut
3419 4392 3533 4463 jam
3580 4406 3691 4446 non
3728 4406 3858 4447 cum

2250 4494 2373 4565 igne
2399 4499 2456 4548 et
2482 4489 2771 4564 grandine,
2800 4488 2895 4545 sed
2922 4503 3047 4543 cum
3079 4484 3234 4541 suavi
3268 4485 3444 4541 sancti
3469 4482 3720 4555 Spiritus
3752 4485 3857 4539 ιιι.

554 4584 761 4639 talione
785 4585 1063 4655 contrivit,
1084 4586 1386 4657 suscipiens
1415 4602 1538 4642 eum
1564 4560 1617 4642 iu
1646 4602 1728 4643 se.
1767 4587 1985 4662 Propter
2005 4591 2147 4661 inju-
2174 4560 2226 4622 θ
2255 4560 2403 4644 mine
2434 4560 2735 4640 adveniret.
2782 4581 2850 4637 Et
2877 4580 3133 4638 siluerunt
3166 4582 3356 4652 ﬂuctus
3381 4581 3518 4651 ejus.
3570 4577 3859 4633 Paeniten-

551 4680 723 4734 stitias
743 4680 878 4734 enim
902 4696 1024 4734 suas
1054 4681 1316 4736 Immiliati
1339 4690 1476 4735 sunt.
1500 4680 1568 4737 Ut
1591 4681 2031 4738 enitarenturiu
2055 4698 2143 4737 eo.

631 4770 848 4827 Omnem
874 4789 1043 4828 escam
1064 4775 1362 4827 abominata
1400 4783 1475 4827 est
1522 4774 1695 4828 anima
1733 4789 1934 4841 eorum,
1982 4783 2031 4829 et
2060 4791 2150 4846 ap~

560 4866 1033 4938 propinquaverunt
1061 4883 1221 4938 usque
1255 4866 1325 4919 ad
1355 4875 1534 4936 portas
1570 4867 1771 4921 mortis.
1812 4865 1877 4920 Et
1895 4866 2151 4921 clamave-

554 4968 674 5013 runt
704 4959 771 5013 ad
802 4958 1080 5014 Dominum
1103 4977 1217 5014 cum
1247 4959 1641 5027 tribularentur,
1668 4970 1715 5015 et
1746 4961 1807 5015 de
1832 4961 2151 5017 necessitati-

555 5050 649 5104 bus
676 5066 854 5105 eorum
879 5051 1112 5106 liberavit
1138 5068 1247 5107 eos.
1282 5050 1388 5108 Sed
1412 5051 1535 5107 vide
1564 5053 1802 5121 qualiter
1826 5067 1925 5108 eos
1955 5052 2153 5108 libera-

559 5145 735 5199 verit:
767 5146 889 5214 quia
919 5159 1079 5201 omne
1114 5146 1337 5201 verbum
1364 5147 1509 5212 vitm,
1538 5146 1682 5218 quod
1713 5147 1988 5218 prophetia
2018 5163 2156 5218 praes

557 5238 964 5306 nuntiaverunt,
993 5238 1285 5295 abominati
1325 5247 1453 5294 sunt
1492 5249 1549 5295 et
1577 5242 2156 5313 appropinquaverunt

558 5331 746 5393 morti.

636 5422 782 5477 Tunc
801 5424 943 5478 misit
972 5424 1177 5480 verbum
1204 5443 1375 5492 suum,
1422 5436 1470 5481 et
1491 5428 1694 5483 sanauit
1716 5444 1821 5483 eos.
1854 5429 2032 5500 Ipsum
2064 5429 2155 5486 Fi-

557 5516 713 5587 lium,
743 5520 908 5588 quiin
943 5520 1207 5591 principio
1230 5532 1349 5577 erat
1380 5522 1612 5596 Verbum
1647 5543 1661 5578 :
1695 5525 1786 5595 qui
1826 5524 1877 5580 in
1908 5525 2148 5596 Etangs.

558 5610 633 5666 lio
670 5620 828 5665 sanat
856 5626 1072 5667 omnem
1100 5614 1417 5684 languorem
1449 5594 1507 5696 et:
1542 5594 1756 5671 omnem
1786 5594 2153 5673 inﬁrmitatem

561 5702 615 5758 in
641 5703 821 5774 plebe.
854 5704 918 5758 Et
947 5707 1134 5777 eripuit
1179 5723 1264 5762 eos
1306 5708 1370 5764 de
1413 5709 1800 5765 interitionibus
1848 5725 2049 5767 eorum.
2098 5709 2156 5766 in

568 5793 767 5862 quibus
794 5810 853 5851 se
876 5796 976 5865 ipsi
1002 5798 1397 5857 demerseraut.

2256 4681 2385 4734 tium
2414 4688 2658 4749 agentes,
2691 4677 2745 4731 in
2769 4674 3218 4746 tranquillitatem
3250 4670 3503 4726 conversi
3525 4680 3673 4725 sunt.

2332 4770 2515 4826 luetati
2539 4779 2657 4825 sunt
2687 4769 2810 4840 quia
2836 4767 3112 4822 siluerunt.
3149 4763 3264 4820 Illis
3303 4763 3751 4834 quiescentibus,
3800 4763 3856 4818 Iti

2257 4865 2527 4921 lmtnntur.
2563 4860 2625 4917 Et
2653 4861 2831 4917 eduxit
2852 4876 2938 4914 eos
2966 4860 3019 4913 in
3057 4867 3263 4930 portum
3306 4857 3590 4913 voluntatis
3649 4872 3853 4913 eorum.

2259 4957 2337 5012 De
2360 4957 2441 5011 bis
2460 4953 2870 5028 quiescentibus
2892 4951 3169 5017 ﬂuetibus,
3190 4958 3560 5021 opposuerunt
3587 4951 3859 5020 integram

2258 5054 2588 5107 voluntatem
2620 5050 2685 5103 ad
2711 5064 2835 5105 eum
2863 5046 3092 5102 deduci:
3116 5045 3208 5117 qui
3238 5044 3495 5115 mitigans
3516 5043 3734 5114 ﬂuctus,
3756 5059 3857 5102 ve-

2257 5160 2350 5202 rus
2373 5156 2449 5199 εει
2477 5152 2684 5216 portus.
2711 5140 2781 5195 Et
2802 5142 2865 5196 de
2886 5137 3278 5194 necessitatibus
3294 5153 3469 5193 eorum
3492 5138 3726 5194 liberauit
3746 5156 3858 5194 eos.

2258 5236 2335 5294 Ne
2364 5236 2433 5291 ab
2465 5236 2547 5290 his
2577 5232 2801 5289 testibus
2830 5237 3212 5303 quaterentur.

2330 5327 2688 5400 Conﬁteantur
2747 5326 2974 5381 Domino
3035 5322 3404 5379 misericordia
3454 5324 3588 5393 ejus.
3646 5322 3858 5390 Quibus

2262 5425 2492 5497 protegit
2523 5437 2697 5494 genus
2725 5421 3038 5475 humanum.
3073 5417 3141 5472 Et
3180 5415 3439 5471 mirab'lia
3460 5419 3570 5488 ejus
3602 5415 3733 5486 [iliis
3763 5418 3859 5473 tto.

2263 5519 2481 5574 minuat.
2513 5515 2648 5583 Quia
2680 5511 3004 5570 mirabiliter
3026 5509 3130 5566 hos
3153 5508 3492 5580 compescuit
3522 5508 3745 5564 ﬂuctus.

2336 5610 2581 5667 Exultant
2606 5624 2723 5663 eum
2763 5607 2816 5661 in
2849 5603 3085 5660 Ecclesia
3120 5602 3302 5676 plebis.
3337 5602 3393 5659 in
3429 5604 3862 5674 congregatione

2265 5703 2526 5761 ﬁdelium.
2556 5698 2621 5755 In
2647 5697 2895 5755 cathedra
2916 5696 3178 5751 seniorum
3206 5694 3421 5752 laudent
3444 5694 3624 5750 illam.
3655 5694 3778 5751 Non
3806 5695 3862 5752 in

2264 5797 2362 5855 illa
2390 5794 2650 5854 eathedra
2677 5793 2731 5850 itt
2761 5805 2865 5865 qua
2892 5788 3096 5849 Scriba:
3135 5798 3193 5845 et
3242 5785 3511 5845 Pbarismi
3554 5786 3823 5849 sederunt
3844 5830 3863 5849 .
