4010 6320
224 336 383 397 Hi9

1190 343 1622 402 DREVIARIUM
1664 345 1727 401 IN
1771 342 2105 403 PSALMOS.
2150 340 2395 405 PSAMI.
2437 343 2595 404 CVII.

3392 344 3531 407 1150

217 457 333 527 qui
359 455 601 528 legentes
627 458 844 528 legem,
876 472 981 512 non
1029 460 1422 515 intellexerunt
1469 459 1522 513 in
1555 474 1618 515 ea
1652 452 1833 514 Domi-
1860 460 2287 531 Aspiritualiter
2364 460 2680 531 intelligas,
2755 461 2964 516 videbis
3036 462 3089 514 in
3156 459 3260 516 hoc
3323 460 3532 531 psalmo

220 561 369 604 ltum
404 550 745 620 nuntiatum,
779 549 876 606 scd
906 552 958 605 in
1010 553 1097 606 illa
1132 556 1189 607 in
1217 568 1319 623 qua
1369 568 1495 608 eum
1517 594 1531 619 ,
1590 554 1675 608 vel
1708 569 1836 623 pro-

222 642 441 710 phetae,
469 643 551 696 vel
578 642 939 713 patriarchae,
970 645 1240 714 spirituali
1272 644 1432 700 oculo
1461 646 1838 717 contemplan-

220 743 349 805 tes,
383 747 767 809 cognoverunt
799 737 852 793 in
876 738 1188 806 miraculis,
1218 738 1308 794 vel
1356 742 1594 796 oraculis
1622 742 1834 796 cecine-

221 838 389 886 runt.

311 923 451 989 Quia
483 926 653 995 posuit
674 928 895 998 ﬂumina
921 927 974 981 in
999 931 1258 982 desertum
1275 967 1289 993 ,
1313 937 1359 983 et
1385 929 1552 983 exitus
1582 944 1834 992 aquarunt

219 1016 285 1072 in
318 1018 494 1072 sitim:
524 1027 712 1073 terram
750 1020 1071 1090 [ructiferam
1090 1020 1143 1073 in
1165 1019 1511 1091 salsuginem,
1563 1037 1594 1074 a
1635 1020 1835 1073 malitia

218 1109 638 1164 inhabitantium
666 1111 719 1164 in
748 1127 832 1165 ea.
867 1111 1059 1166 Merito
1090 1111 1445 1175 exaltandus,
1490 1112 1686 1167 merito
1714 1111 1831 1166 lau-

221 1201 473 1272 dandus,
504 1205 593 1271 qui
621 1206 671 1257 in
699 1204 940 1260 Ecclesia
973 1220 1091 1275 qua:
1129 1204 1280 1275 prius
1312 1204 1486 1260 fuerat
1515 1204 1753 1272 deserta,
1780 1212 1837 1259 et

222 1296 367 1350 odio
397 1296 603 1362 habita,
630 1297 812 1367 posuit
838 1299 1139 1367 apostolos,
1191 1301 1283 1368 qui
1316 1313 1435 1352 eam
1488 1305 1546 1352 et
1586 1298 1834 1352 consola-

226 1402 433 1446 rentur
462 1390 725 1462 alloquio,
753 1403 806 1448 et
832 1393 1032 1448 alluvio
1054 1391 1450 1449 ftecundarent.
1490 1391 1645 1447 Dedit
1690 1403 1744 1446 et
1777 1391 1830 1445 in

226 1483 450 1539 animas
477 1485 779 1540 sitientium
804 1498 960 1540 suum
998 1486 1220 1543 verbum
1244 1527 1259 1551 ,
1283 1487 1463 1542 exitus
1492 1485 1831 1555 praedicatio-

222 1588 398 1644 Itum,
427 1588 477 1632 et
509 1585 708 1632 terram
738 1578 1017 1648 corporis,
1041 1595 1161 1648 quae
1191 1580 1343 1648 prius
1364 1578 1550 1649 spinas
1579 1578 1833 1633 amaritu-

219 1669 377 1725 dinis
408 1670 729 1742 protulerat,
758 1669 1026 1728 fructibus
1052 1671 1282 1742 replevit
1303 1671 1543 1728 aeternis.

309 1762 495 1818 Posuit
522 1762 782 1819 desertum
819 1764 871 1817 in
921 1774 1104 1836 stagna
1146 1778 1419 1831 aquarum.
1467 1761 1724 1817 Pracbens
1773 1763 1826 1816 in

1938 564 2135 622 quarto
2168 551 2575 608 misericordias
2601 552 2797 623 petitas
2825 560 2881 607 et
2907 551 3206 608 clementer
3247 552 3489 608 indultus
3515 568 3533 611 :

1938 660 2073 717 quas
2107 652 2162 701 et
2183 646 2340 699 nobis
2381 646 2577 711 pietate
2608 642 2812 716 proﬂua
2857 644 3112 716 dignetur
3150 643 3402 714 qua-sitas
3452 646 3536 699 in-

1938 737 2183 808 dulgere,
2219 739 2457 808 pulsatus
2481 738 2733 806 aperire,
2768 737 2969 808 petitas
3003 751 3108 792 non
3160 750 3377 807 negare.
3428 737 3534 809 Ipsi

1936 830 2106 900 gloria
2135 845 2257 885 cum
2289 840 2495 885 aeterno
2528 830 2689 886 Patre
2714 839 2768 886 et
2788 830 2995 901 Spiritu
3027 839 3216 886 sancto
3247 830 3301 885 in
3328 830 3527 887 sascula

1937 922 2287 977 saeculorum.
2311 920 2508 978 Amen.

2474 1014 2792 1072 PSALMUS
2830 1014 2988 1071 CVII.

1937 1125 2208 1202 Canticum
2230 1126 2431 1183 Psalmi
2461 1130 2562 1198 ipsi
2594 1129 2778 1185 Darid.
2802 1130 3083 1202 Canticum
3112 1142 3328 1202 semper
3354 1128 3532 1187 refer-

2008 1211 2096 1272 tur
2124 1200 2427 1272 inisensum
2462 1218 2474 1255 :
2506 1202 2743 1268 psalmus
2771 1216 2899 1256 vero
2929 1201 3163 1257 refertur
3220 1200 3273 1256 in
3332 1216 3526 1272 corpo-

2009 1271 2161 1326 ralia.
2192 1270 2263 1327 Ut
2282 1280 2464 1326 autem
2523 1272 2859 1327 manifestius
2884 1272 3148 1335 dicamus.
3172 1270 3445 1328 canticum
3472 1275 3524 1327 in

2008 1352 2033 1380 α
2068 1343 2332 1397 tlieoriam
2360 1341 2595 1397 refertur
2620 1360 2633 1397 :
2663 1343 2904 1412 psalmus
2933 1353 3113 1398 autem
3141 1342 3194 1398 in
3220 1347 3524 1414 practicen,

2008 1414 2109 1469 hoc
2134 1424 2250 1477 est,
2276 1415 2327 1468 in
2358 1429 2544 1481 opera.
2595 1414 2860 1480 Quoniam
2910 1429 3041 1484 ergo
3080 1417 3133 1469 iu
3181 1414 3337 1469 titulo
3380 1415 3523 1469 scri-

2005 1499 2156 1555 ptum
2192 1501 2204 1537 :
2238 1484 2510 1540 Canticum
2530 1486 2722 1557 psalmi
2754 1501 2773 1539 :
2825 1498 2973 1557 recte
3022 1495 3080 1557 et
3125 1497 3523 1553 consequenter

2006 1560 2059 1682 ll;
2091 1557 2327 1640 secundo
2366 1554 2640 1612 versiculo
2670 1557 2745 1611 ait
2780 1574 2790 1611 :
2845 1554 3072 1610 Cautabo
3115 1565 3160 1612 et
3204 1557 3422 1630 psallam
3475 1558 3529 1612 in

2006 1646 2035 1682 a
2061 1644 2173 1682 orta
2202 1644 2333 1682 mea.

2005 1644 2173 1699 gloria
2202 1644 2333 1682 mea.

2008 1767 2263 1821 Paratum
2285 1782 2372 1821 cor
2403 1782 2593 1833 meum,
2622 1766 2783 1833 Deus,
2813 1777 3058 1837 paratum
3088 1783 3179 1821 cor
3204 1783 3392 1823 meum.
3430 1766 3531 1821 Pa-

224 1856 475 1913 Ecclesia
533 1857 883 1927 baptismum.
939 1855 1003 1911 Et
1042 1867 1229 1911 terram
1250 1857 1361 1910 sine
1387 1871 1525 1927 aqua
1579 1856 1629 1908 in
1660 1855 1829 1909 exitus
1859 1853 1904 1914 Β
1932 1869 2082 1915 ratus
2129 1875 2250 1914 sum
2306 1875 2411 1914 non
2456 1860 2633 1915 solum
2683 1874 2881 1930 opere,
2933 1859 3028 1914 sed
3058 1860 3220 1915 etiam
3256 1858 3424 1916 corde
3475 1865 3531 1917 et

220 1966 508 2022 aquarum.
559 1950 950 2007 Praedicatores
1002 1950 1055 2005 in
1087 1951 1366 2005 nationum
1416 1949 1671 2004 ariditate
1697 1963 1830 2004 con-

220 2043 485 2099 stituens.

302 2133 373 2190 Et
397 2134 666 2191 collocavit
702 2136 811 2191 illic
850 2136 1151 2191 esurientes.
1198 2136 1269 2192 Ut
1308 2135 1464 2191 bonis
1516 2134 1829 2191 cwlestibus

229 2228 618 2285 reficerentur.
657 2229 1116 2284 Etconstitueruut
1157 2230 1413 2284 civitatem
1465 2228 1824 2283 habitationis.

221 2320 457 2377 Animas
497 2336 625 2377 suos
671 2320 1044 2378 exhibuerunt
1095 2323 1164 2378 ab
1214 2324 1504 2379 incentivis
1570 2323 1827 2378 vitiorum

226 2423 376 2470 tutas
408 2430 425 2471 :
451 2415 504 2469 in
532 2416 730 2485 quibus
752 2416 958 2471 fructus
984 2417 1211 2486 spiritus
1236 2415 1525 2471 habitaret.

303 2504 371 2561 Et
399 2509 779 2563 seminaverunt
805 2526 992 2581 agros,
1022 2518 1070 2564 et
1098 2509 1469 2581 plantauerunt
1504 2509 1674 2564 vineas
1701 2549 1717 2575 ,
1779 2518 1828 2564 et

226 2603 461 2670 fecerunt
491 2601 721 2667 lructum
744 2602 1050 2656 nativitatis.
1103 2601 1184 2657 Ad
1212 2602 1490 2672 3p05l0|tl5
1547 2601 1645 2654 ista
1681 2599 1825 2655 iefe-

224 2703 444 2758 runtur,
473 2695 562 2764 qui
592 2693 843 2763 iecerunt
888 2710 1077 2750 semen
1127 2696 1183 2750 in
1239 2695 1403 2751 corda
1460 2695 1824 2761 credentium,

226 2786 299 2842 de
339 2786 538 2857 quibus
586 2789 817 2844 lt'uctmtt
866 2789 1187 2845 ateridtatis
1215 2789 1519 2860 accipiant,
1574 2788 1675 2843 hoc
1721 2795 1823 2853 est,

223 2882 618 2949 centesimum,
648 2883 1087 2955 sexagesimum,
1148 2894 1201 2939 et
1251 2885 1588 2940 tricesimum
1639 2883 1824 2953 (Matt.

228 2974 373 3047 ιιιι).

307 3067 373 3121 Et
401 3067 662 3125 benedixit
682 3072 791 3136 eis,
835 3080 881 3124 et
918 3070 1253 3143 multiplicati
1300 3081 1421 3126 sunt
1466 3071 1638 3125 nimis.
1687 3071 1822 3136 Quia

228 3176 349 3234 quae
377 3168 539 3217 erant
561 3161 754 3231 placita
797 3163 873 3230 el,
908 3163 1198 3219 faciebant.
1234 3165 1325 3220 Sic
1353 3164 1487 3219 etin
1534 3178 1697 3217 manu
1728 3162 1824 3218 loc

1932 1970 2118 2011 sensu.
2151 1954 2407 2009 Paratum
2432 1970 2708 2009 cormeum
2738 1996 2753 2022 ,
2804 1957 2857 2009 in
2886 1970 3052 2011 sensu
3085 1975 3099 2012 :
3150 1965 3387 2024 paratum
3439 1970 3529 2009 cor

1932 2067 2120 2115 meum,
2155 2050 2206 2104 itt
2235 2064 2423 2118 opere,
2460 2049 2562 2103 hoc
2589 2059 2706 2119 est,
2739 2050 2791 2103 itt
2819 2048 3084 2121 practice.
3122 2049 3388 2116 Quoniam
3412 2064 3522 2105 non

1930 2141 2106 2197 solum
2140 2141 2305 2197 corde
2328 2151 2383 2197 et
2410 2156 2607 2203 sensu.
2635 2141 2729 2198 sed
2760 2143 2889 2197 etin
2914 2156 3086 2212 opere
3131 2152 3355 2212 paratus
3380 2156 3520 2196 sum.

1930 2235 2226 2306 Propterea
2255 2244 2311 2291 et
2351 2235 2591 2290 secundo
2637 2233 2805 2290 dico:
2854 2234 3083 2289 Cantubo
3122 2244 3170 2288 et
3220 2234 3444 2304 psallam
3471 2236 3527 2290 in

1928 2326 2097 2400 gloria
2144 2344 2278 2383 mea.
2302 2325 2555 2393 Cantabo,
2585 2327 2688 2382 hoc
2718 2334 2827 2395 est,
2861 2327 2912 2381 in
2945 2326 3111 2382 corde
3141 2341 3286 2394 meo,
3320 2335 3368 2380 et
3390 2326 3527 2398 psal-

1929 2423 2054 2476 lam.
2078 2422 2229 2478 Sicut
2260 2423 2573 2493 psalterium
2600 2434 2667 2478 ex
2695 2424 2884 2478 multis
2911 2422 3132 2479 chordis
3161 2421 3523 2490 compositum

1928 2525 2011 2569 est
2039 2555 2053 2579 ,
2084 2523 2141 2570 et
2182 2516 2230 2571 si
2283 2531 2391 2570 una
2417 2514 2621 2570 chorda
2672 2515 2835 2571 fuerit
2884 2522 3044 2585 rupta
3072 2559 3088 2585 ,
3134 2513 3528 2570 exterminatur

1928 2596 2379 2681 psalteriuni,'ita
2412 2621 2465 2667 et
2501 2612 2553 2666 in
2586 2611 2796 2667 actibus
2820 2610 3048 2675 nostris,
3098 2612 3144 2664 si
3176 2625 3339 2665 unum
3370 2621 3527 2664 man-

1927 2704 2111 2758 datum
2140 2704 2515 2775 praetergressi
2547 2703 2842 2771 fuerimus,
2903 2702 3224 2774 psalterium
3277 2712 3522 2756 nostrum

1930 2799 2219 2867 rumpitur.
2263 2798 2390 2852 Ideo
2442 2797 2581 2852 dixit
2613 2814 2628 2852 :
2677 2796 2911 2852 Cantabo
2946 2805 2991 2851 et
3024 2795 3246 2866 psallam
3272 2796 3326 2850 in
3355 2793 3522 2865 gloria

1927 2908 2061 2946 utea.
2099 2891 2152 2946 In
2197 2891 2322 2946 aliis
2351 2890 2629 2945 codicibus
2670 2890 2905 2961 legitur,
2952 2892 3007 2944 in
3036 2891 3205 2963 gloria
3260 2899 3369 2943 tua.
3414 2887 3524 2945 Sed

1929 2985 2122 3040 melius
2143 2994 2229 3040 est
2244 2984 2542 3039 secundum
2562 2981 2883 3038 llebraicum
2908 2981 3109 3052 legere,
3127 2982 3181 3035 in
3200 2980 3369 3050 gloria
3386 2996 3515 3035 mea.
3574 3002 3583 3009 ·

1927 3079 2079 3147 Quod
2095 3078 2248 3145 dicit,
2272 3080 2372 3132 huc
2387 3089 2470 3132 est
2492 3095 2505 3131 :
2524 3077 2757 3132 Cantabo
2780 3087 2825 3131 et
2853 3076 3076 3148 psallam
3102 3076 3153 3128 in
3171 3075 3341 3146 gloria
3365 3091 3479 3128 mea
3498 3092 3518 3131 .'

1930 3172 2065 3239 Hoc,
2096 3171 2345 3237 Domine,
2370 3170 2512 3241 quod
2542 3170 2634 3224 tibi
2654 3168 3005 3239 psallo,quod
3037 3168 3131 3223 tibi
3161 3177 3359 3234 canto,
3411 3183 3519 3223 non

231 3256 364 3327 septi
388 3257 667 3312 benedixit
688 3260 870 3312 omnia
896 3258 1063 3327 Deus,
1096 3260 1221 3328 quia
1250 3276 1311 3315 se
1356 3274 1386 3313 a
1414 3260 1595 3329 pravis
1617 3259 1825 3328 cogita-
1853 3238 1897 3301 (ἶ
1931 3265 2024 3319 tibi
2047 3238 2274 3333 gratiam
2299 3238 2460 3328 facio,
2483 3262 2576 3318 sed
2605 3238 2758 3316 mihi.
2780 3261 2835 3316 In
2871 3262 2978 3315 alio
3005 3261 3149 3314 enim
3181 3259 3387 3329 psalmo
3437 3259 3520 3313 di-

233 3345 472 3403 tionibus
518 3356 576 3404 et
620 3350 1077 3418 concupiscentiis
1120 3350 1414 3406 custodit-it
1467 3348 1621 3413 (Gen.
1650 3364 1735 3405 xu
1779 3358 1827 3404 et

231 3440 421 3511 seqq.).
450 3438 518 3493 Et
530 3441 772 3512 jumenta
799 3458 975 3496 eorum
1006 3458 1110 3497 non
1148 3443 1441 3497 ntiaoravit.
1479 3442 1828 3497 lrrationahi-

230 3531 313 3589 lcs
337 3532 476 3587 inter
495 3547 588 3587 eos
619 3531 868 3589 homines
899 3550 1003 3590 non
1028 3544 1154 3590 sunt
1184 3534 1436 3590 miuot-ati
1472 3536 1523 3591 in
1575 3534 1823 3600 inferius,

230 3622 327 3679 sed
359 3622 412 3678 in
436 3624 627 3679 melius
656 3626 911 3696 reparati.
945 3625 1114 3698 Igitur
1142 3626 1403 3697 explicita
1442 3628 1734 3682 vocatimie
1764 3640 1826 3680 ac

233 3714 609 3785 redemptione
632 3719 896 3789 gentium,
925 3719 1070 3775 redit
1091 3718 1159 3775 ad
1190 3720 1569 3790 expulsionem
1608 3718 1823 3774 Judaeu-

233 3823 352 3863 rum
372 3849 386 3873 ,
414 3807 604 3865 dicens
636 3827 652 3869 :

308 3901 475 3958 Pauci
490 3904 617 3975 facti
636 3915 779 3962 sunt.
812 3907 887 3962 Eo
911 3907 1053 3977 quod
1082 3924 1190 3962 non
1222 3905 1457 3963 fuissent
1484 3908 1540 3962 in
1575 3906 1660 3962 his
1687 3905 1828 3961 mul-

236 3995 472 4066 tiplicata
501 4012 667 4068 opera
697 3999 816 4055 Dei.
848 3998 914 4054 Et
940 4001 1105 4055 vexati
1137 4012 1255 4055 sunt
1290 4017 1321 4055 ιι
1355 4001 1688 4055 tribulatione
1709 4018 1822 4055 nta-

233 4088 406 4144 lorum
428 4099 478 4146 et
504 4090 704 4148 dolore.
728 4091 863 4160 Quia
888 4094 1159 4150 insontem
1189 4096 1354 4166 iniqui
1381 4106 1506 4149 sunt
1530 4097 1823 4165 persecuti.

308 4181 499 4250 E/I'usa
526 4194 602 4241 est
630 4187 891 4241 contentio
910 4203 1063 4259 super
1088 4190 1350 4261 principes
1383 4206 1585 4244 eorum.
1638 4189 1707 4246 Ut
1735 4190 1827 4260 qui

234 4276 526 4333 Dominum
557 4287 1033 4350 contempserant,
1068 4281 1172 4351 ipsi
1230 4291 1725 4339 contemnerentur.
1760 4283 1829 4338 Et

233 4367 572 4425 seduxerunt
629 4385 727 4426 eos
768 4387 902 4426 vana
958 4374 1198 4443 ipsorum
1250 4375 1581 4444 simulacra,
1643 4378 1827 4447 utique

235 4478 358 4533 qua:
398 4461 719 4519 udorabant.
776 4463 844 4518 Et
896 4465 1108 4521 deduxit
1148 4485 1234 4522 eos
1258 4468 1311 4521 in
1340 4470 1505 4534 invio,
1547 4478 1593 4522 et
1636 4487 1740 4524 non
1770 4472 1826 4524 in

233 4554 338 4611 uia.
363 4552 697 4611 Seduceutes
732 4570 831 4612 eos
860 4573 891 4611 a
920 4558 1007 4614 via
1039 4558 1288 4629 Domini,
1333 4559 1685 4617 deduxerunt
1729 4576 1825 4617 eos

1929 3357 2001 3411 cit
2022 3375 2034 3410 :
2058 3356 2325 3425 Quoniam
2362 3356 2621 3409 Inmorqu
2653 3370 2895 3409 meorum
2922 3366 3026 3406 non
3052 3368 3179 3424 eges
3206 3350 3514 3422 (Psalav).

1929 3450 2082 3517 Quod
2106 3463 2238 3520 ergo
2262 3448 2420 3515 facio,
2446 3465 2543 3519 pro
2570 3462 2656 3502 me
2677 3446 2837 3502 facio.
2862 3446 3016 3514 Quod
3038 3449 3175 3517 ergo‘
3193 3445 3371 3500 servio
3400 3445 3518 3511 tibi,

1929 3544 2097 3614 gloria
2111 3558 2227 3597 mea
2242 3551 2345 3597 est.
2363 3540 2680 3612 lt-junamns
2702 3559 2716 3595 :
2738 3540 2996 3610 mnuquid
3012 3538 3213 3610 aliquid
3232 3538 3519 3593 Deodona-

1931 3634 2087 3690 mus?
2120 3635 2220 3690 l’ro
2249 3634 2486 3704 peccatis
2528 3634 2733 3688 nostris
2758 3631 2859 3687 hoc
2896 3633 3142 3687 facimus.
3189 3630 3438 3685 iacemus
3465 3631 3519 3685 in

1926 3742 2110 3783 sacco.
2142 3729 2279 3797 Quid
2314 3744 2380 3783 ex
2413 3726 2517 3783 hoc
2569 3736 2888 3798 praestamus
2940 3727 3201 3781 Domino?
3249 3724 3361 3779 Hoc
3399 3732 3489 3779 tan
3511 3751 3523 3763 -

1927 3828 2041 3876 tum
2072 3821 2146 3875 illi
2194 3832 2549 3890 przestantus,
2585 3829 2644 3874 ut
2683 3821 2965 3874 salvemus
3012 3820 3223 3874 animas
3284 3825 3517 3873 nostras.

1928 3912 2049 3983 Ipse
2081 3915 2227 3969 enim
2255 3914 2359 3969 hoc
2385 3912 2694 3968 desiderat.
2732 3913 2884 3968 Sicut
2905 3914 3081 3967 bonus
3122 3921 3177 3966 et
3208 3909 3521 3965 misericors

1930 4008 2175 4064 medicus
2206 4024 2221 4062 :
2250 4008 2295 4061 si
2327 4007 2564 4078 aliquem
2598 4006 2915 4071 sanaverit,
2960 4004 3162 4075 gaudet
3200 4003 3418 4076 quidem
3466 4013 3523 4059 et

1929 4101 2046 4172 ipse
2094 4110 2148 4156 et
2192 4100 2281 4156 ille
2324 4100 2417 4171 qui
2454 4109 2680 4154 sanatos
2721 4108 2852 4154 est:
2901 4100 2974 4154 ita
3015 4105 3071 4154 et
3120 4097 3380 4152 Dominus
3424 4113 3525 4151 uo-

1928 4204 2064 4251 ster.

1944 4338 1947 4341 Α
2005 4286 2262 4359 Exsurge,
2285 4288 2587 4360 psalterium
2616 4296 2665 4342 et
2694 4286 2915 4341 cithara.
2961 4285 3006 4341 Ο
3028 4284 3365 4355 psalterium,
3386 4297 3419 4337 ο
3445 4282 3523 4338 ci-

1932 4383 2105 4447 thara,
2130 4382 2268 4436 facta
2299 4396 2359 4437 es
2379 4390 2435 4437 et
2454 4388 2636 4437 creata
2667 4395 2749 4449 es,
2782 4389 2842 4437 ut
2871 4380 3068 4451 psallas
3093 4380 3203 4435 Deo
3230 4395 3246 4434 :
3290 4382 3525 4449 exsurge

1931 4485 1986 4530 et
2009 4474 2202 4545 psalle,
2222 4489 2396 4543 quare
2421 4472 2675 4542 jaces'lO
2698 4473 2987 4534 monache.
3009 4471 3101 4542 qui
3131 4480 3243 4525 stas
3270 4483 3521 4538 corpore,

1933 4583 2105 4639 quare
2126 4568 2275 4637 jacet
2303 4567 2483 4620 anima
2515 4574 2629 4629 tua,
2663 4574 2719 4620 et
2746 4580 2854 4619 non
2890 4565 3086 4633 psallis
3113 4563 3341 4618 Domino
3365 4562 3388 4615 ?
3416 4561 3527 4615 Ma-

210 4647 292 4706 .in
320 4645 467 4703 invio
491 4647 732 4704 Satanas.
766 4649 1010 4720 Denique
1032 4692 1046 4717 ,
1071 4627 1317 4707 deductis
1365 4653 1484 4709 istis
1534 4654 1585 4709 in
1637 4655 1782 4710 invio
1805 4696 1821 4723 ,
1856 4627 1905 4689 ι)
1932 4627 2167 4717 ιξᾶὶοιιιᾏ
2194 4660 2358 4714 homo
2384 4657 2475 4725 qui
2505 4627 2633 4710 facit
2652 4670 2794 4725 opus
2819 4627 2911 4710 Dei
2940 4655 3280 4724 negligenter
3302 4651 3522 4725 (lerem.

234 4738 517 4796 videamus
538 4741 668 4812 quid
697 4741 886 4798 fecerit
910 4744 1049 4800 Deus
1083 4744 1225 4813 plebi
1258 4762 1389 4800 sum.

310 4831 378 4886 Et
400 4832 602 4906 adjuvit
625 4850 905 4907 pauperem
936 4836 1002 4890 de
1025 4837 1221 4910 inepia.
1254 4838 1518 4908 Populum
1565 4836 1829 4895 Christia-

235 4941 367 4982 num
394 4924 626 4996 dapibus
649 4928 871 4984 satiavit
893 4930 1137 4985 aeternis.
1175 4930 1239 4984 lt't
1261 4933 1433 5002 posuit
1452 4935 1585 4987 sicut
1613 4948 1729 4987 oves
1749 4933 1830 5003 fa-

234 5019 430 5076 milias.
478 5020 551 5077 Ut
589 5023 871 5080 audientes
906 5040 1095 5082 vocem
1126 5027 1239 5083 veri
1278 5029 1547 5099 pastoris,
1597 5029 1702 5085 fide
1737 5045 1829 5085 se—

232 5123 556 5184 querentur.

319 5203 579 5260 Videbunt
602 5207 747 5278 recti,
781 5217 830 5263 et
855 5209 1189 5265 (relabuntur.
1221 5212 1461 5279 Quorum
1513 5222 1641 5267 sunt
1694 5228 1835 5282 prte-

238 5296 514 5354 dicatione
557 5301 835 5356 conversi.
892 5299 963 5355 Et
1013 5303 1177 5359 onmis
1218 5304 1469 5375 iniquitas
1517 5304 1731 5375 opilabit
1776 5322 1833 5359 os

236 5405 409 5447 suum.
441 5392 730 5462 Diabolus,
759 5393 842 5450 vel
870 5393 1084 5461 Judaei,
1139 5395 1257 5451 sive
1310 5396 1550 5452 haeretici
1585 5413 1599 5450 :
1630 5398 1719 5465 qui
1776 5398 1830 5454 in

237 5484 518 5540 excelsum
545 5484 881 5558 iniquitatem
918 5487 1067 5558 loqui
1097 5497 1581 5559 prmsumpserant.

311 5576 439 5642 Quis
459 5580 667 5646 sapiens
695 5589 742 5635 et
769 5578 1024 5635 custodiet
1046 5597 1139 5648 ea,
1167 5590 1216 5634 et
1240 5590 1364 5635 tunc
1396 5580 1647 5651 intelliget
1686 5585 1835 5639 mise-

231 5661 490 5720 ricordias
515 5661 774 5721 Domini?
802 5665 863 5723 Si
909 5664 1055 5721 enim
1102 5668 1381 5737 sapienter
1428 5667 1747 5724 consideres
1776 5679 1831 5726 et

1936 4749 2145 4821 sum).
2176 4748 2232 4804 Si
2260 4744 2578 4817 psalterium
2602 4760 2662 4800 es
2679 4787 2694 4812 ,
2719 4745 2762 4800 si
2785 4745 2995 4800 cithara
3021 4760 3106 4809 es,
3130 4759 3301 4813 quare
3327 4742 3526 4798 surdus

1935 4858 2018 4907 es,
2043 4850 2101 4896 et
2129 4855 2235 4896 non
2257 4839 2532 4909 glorificas
2560 4837 2769 4893 Deum?
2791 4835 3084 4907 Exsurgam
3107 4832 3356 4889 diluculo.
3380 4833 3524 4890 Deus

1937 4935 1989 4991 in
2021 4932 2261 4989 tenebris
2306 4930 2556 4987 benedici
2583 4936 2639 4984 et
2672 4928 2880 4985 laudari
2932 4942 3038 4983 non
3070 4935 3250 4997 potest
3280 4942 3295 4980 :
3349 4924 3445 4980 sed
3472 4925 3527 4980 in

1934 5029 2057 5083 luce
2088 5024 2449 5081 benedicitur.
2489 5024 2618 5080 item
2649 5021 2772 5077 dico
2804 5021 2994 5077 miram
3022 5039 3033 5075 :
3065 5020 3191 5075 Etsi
3222 5027 3384 5074 nocte
3403 5032 3529 5073 sur-

1942 5125 2141 5195 gimus,
2166 5123 2334 5177 Deum
2362 5122 2416 5175 in
2446 5120 2567 5175 luce
2594 5118 2991 5175 benedicimus.
3036 5115 3341 5187 Numquam
3369 5112 3530 5169 Chri—

1938 5219 2123 5272 stiano
2146 5231 2252 5272 nox
2275 5223 2361 5271 est
2396 5231 2410 5269 :
2442 5227 2660 5282 semper
2686 5211 3000 5268 Christiano
3032 5210 3118 5266 sol
3144 5207 3371 5280 justilize
3420 5208 3532 5263 ori-

1941 5318 2051 5362 tur.
2102 5309 2168 5362 Et
2224 5307 2341 5362 lia-e
2378 5306 2602 5377 quidem
2657 5302 2958 5359 secundum
2999 5302 3223 5359 Judaeos
3275 5300 3528 5355 dicimus.

1938 5400 2216 5457 Caeterum
2248 5400 2554 5456 secundum
2585 5398 2836 5453 altiorem
2870 5411 3113 5462 sensum,
3151 5394 3415 5449 Dominus
3443 5398 3528 5448 est

1934 5493 2032 5564 qui
2058 5494 2206 5547 canit
2237 5510 2251 5545 :
2284 5491 2538 5546 Paratum
2566 5507 2655 5545 cor
2694 5488 2865 5544 mcum
2892 5531 2908 5555 ,
2962 5488 3128 5555 Deus,
3167 5497 3410 5561 paratum
3439 5502 3528 5541 eor

1939 5601 2129 5639 meum.
2174 5584 2402 5639 Paratus
2455 5600 2573 5640 sum
2610 5584 2745 5639 hic:
2798 5594 3019 5655 paratos
3061 5598 3179 5638 sum
3220 5584 3274 5639 in
3328 5585 3529 5639 futuro.

1938 5677 2104 5735 Salvo
2129 5684 2185 5732 et
2213 5675 2268 5731 in
2293 5678 2455 5733 terris
2483 5694 2499 5736 ξ
2538 5677 2689 5734 salvo
2710 5681 2767 5733 et
2795 5678 2845 5732 iu
2873 5678 3049 5743 caelis,
3081 5678 3184 5732 hoc
3214 5685 3323 5745 est,
3352 5687 3408 5733 et
3427 5691 3525 5731 an-

304 5857 327 5884 ι’
356 5844 487 5904 Vide
512 5810 756 5921 quaesub
787 5845 1001 5909 initium
1035 5849 1196 5923 epist.
1222 5851 1277 5910 in
1302 5860 1486 5908 nostra
1514 5852 1831 5910 recensione
1853 5851 1945 5926 50,
1968 5852 2036 5910 ad
2057 5852 2289 5913 Paulam
2300 5853 2730 5930 ,gobservamus,
2762 5864 2943 5926 uoce,
2973 5853 3079 5913 col.
3110 5854 3235 5913 Ml.
3261 5858 3286 5930 ξ
