4016 6328
197 273 350 331 11δὸ

1137 275 1565 336 BREVIARIUM
1607 276 1674 336 IN
1712 272 2046 337 i‘SALHOS.
2092 275 2314 337 I’SALM
2377 275 2530 336 CVII.

3331 281 3498 344 ’1151

194 389 334 458 duo,
367 391 546 459 Moab,
583 401 633 450 ct
666 394 864 463 Aman,
891 404 944 450 et
972 393 1129 452 Moab
1170 400 1342 469 major
1362 408 1445 456 est
1473 399 1612 456 lilius
1643 399 1802 472 (Gen.
1834 400 1880 462 Α
1911 415 2124 466 narunt,
2160 410 2215 456 et
2264 400 2564 472 sanguinis.
2601 398 2829 455 ldumma
2888 401 3032 456 enim
3089 400 3498 473 interpretatur,

194 482 342 553 xu).
383 484 575 542 Videte
627 503 757 558 ergo
788 489 1067 557 quomodo
1127 491 1180 544 in
1242 491 1421 546 littera
1481 491 1802 562 mysterium

194 578 586 635 absconditur.
623 580 678 636 In
710 583 977 649 tenebris,
1003 584 1056 638 iit
1090 584 1349 656 Spelunca
1381 603 1392 639 :
1438 600 1546 639 non
1582 586 1633 639 in
1664 586 1800 650 sole,

196 688 314 728 non
348 674 401 728 in
434 676 581 732 luce.
637 676 796 732 Moab
822 692 953 748 ergo
984 678 1226 733 diabolus
1255 680 1683 750 interpretatur:
1712 679 1804 750 qui

196 766 412 823 oblitus
462 779 546 826 est
592 772 762 841 patris
815 771 922 826 sui.
975 771 1217 843 Denique
1247 781 1301 829 et
1329 773 1658 840 Abessalon,
1713 773 1804 844 qui

196 873 538 934 persecutus
563 873 646 919 est
673 875 883 936 patrem
910 880 1086 931 suum,
1116 865 1508 936 interpretatur
1531 866 1799 923 diabolus.

200 953 318 1012 Iste
349 972 481 1028 ergo
529 957 712 1023 Moab,
745 959 1018 1029 quomodo
1049 960 1199 1016 lebes
1248 961 1368 1031 spei
1419 961 1629 1016 Domini
1680 960 1808 1016 est?

198 1047 386 1106 Lebes
417 1051 828 1122 interpretatur,
881 1053 1006 1107 olla.
1061 1053 1348 1122 Quomodo
1376 1054 1482 1109 olla
1529 1055 1648 1124 spei
1698 1053 1805 1107 Do-

197 1141 344 1195 mini
389 1144 512 1196 est?
561 1141 778 1214 Ergone
817 1143 1084 1200 credibile
1124 1153 1238 1211 est,
1279 1152 1343 1200 ut
1390 1145 1547 1199 Moab
1592 1143 1683 1215 qtti
1724 1144 1809 1198 itt-

200 1241 566 1304 tcrprelatur,
620 1236 881 1302 diabolus,
918 1237 1066 1291 lebes
1107 1238 1222 1308 spei
1257 1237 1469 1292 Domini
1520 1235 1808 1304 sit?Quo—

200 1329 373 1385 modo
408 1345 536 1399 spes
567 1329 781 1385 Domini
813 1332 942 1387 est?
969 1331 1122 1387 Dicat
1153 1332 1488 1402 Apostolus:
1519 1330 1670 1400 Quos
1697 1339 1808 1386 tra-

201 1421 322 1476 didi
347 1421 587 1489 Satantc,
623 1431 680 1476 ut
711 1421 923 1477 discant
956 1439 1064 1478 non
1095 1423 1478 1495 blasphemare
1507 1423 1716 1498 (lTim.
1743 1427 1806 1494 t).

201 1513 476 1571 Diabolus
509 1516 668 1584 quasi
700 1517 1123 1586 quiestionarius
1165 1518 1385 1572 Domini
1418 1528 1522 1574 est.
1566 1518 1670 1586 Qtti
1701 1533 1806 1572 non

199 1617 362 1663 recte
384 1607 667 1663 ambulant
689 1608 754 1662 ad
790 1609 980 1677 Deum,
1015 1609 1300 1664 traduntur
1322 1610 1565 1665 diabolo.
1594 1610 1810 1678 Quare?

202 1699 278 1756 Ut
308 1711 537 1772 pereant
566 1703 616 1757 in
648 1711 938 1758 a'ternum.
972 1703 1033 1758 Et
1065 1705 1159 1758 ubi
1190 1705 1478 1759 clementia
1525 1704 1617 1758 Dei
1646 1705 1670 1758 ?
1720 1703 1809 1759 ubi

1905 493 2213 564 sanguinea.
2241 493 2420 548 Locus
2463 493 2761 548 occisionis
2809 493 3137 563 animatum,
3189 496 3279 551 ubi
3320 499 3504 552 multa:

1908 585 2560 641 interﬁciuntur-animm.
2610 585 2784 642 Nemo
2835 587 2983 642 enim
3024 586 3198 644 victor
3223 588 3506 646 descendit

1905 679 1960 736 in
1989 679 2284 747 infernum,
2316 681 2419 735 nisi
2452 688 2507 735 ιιι
2539 681 2710 749 solus,
2751 679 3010 742 Domine.

1979 770 2140 840 Deus,
2170 774 2259 844 qui
2311 773 2549 843 repulisti
2592 789 2706 829 nos.
2770 771 2888 828 Non
2943 773 3103 841 dixit,
3139 775 3239 844 Qtti
3280 777 3506 847 repellis

1907 879 2035 932 nos,
2083 866 2202 932 sed,
2233 866 2334 933 Qui
2357 866 2653 937 aliquando
2684 865 2936 936 repulisti
2963 881 3084 922 nos.
3108 865 3176 921 Et
3207 885 3311 924 non
3340 870 3504 924 exibis

1906 955 2072 1023 Deus,
2122 960 2177 1013 in
2230 960 2506 1014 virtutibus
2557 962 2793 1016 nostris?
2825 961 2954 1017 Hrec
3001 962 3391 1035 interrogative
3422 965 3502 1020 le-

1907 1052 2082 1121 genda
2108 1063 2252 1107 sunt.
2281 1053 2350 1107 Et
2375 1070 2476 1108 non
2501 1055 2685 1118 exibis,
2709 1050 2872 1122 Deus,
2902 1055 2955 1108 in
2975 1055 3248 1111 virtutibus
3276 1056 3506 1114 nostris?

1907 1142 2008 1210 Qui
2037 1158 2227 1213 passus
2271 1159 2332 1200 es
2383 1159 2481 1215 pro
2512 1145 2691 1212 nobis,
2736 1160 2911 1216 quare
2950 1161 3056 1202 non
3106 1147 3330 1217 adjuvas
3360 1162 3501 1204 nos:

1909 1234 2005 1291 sed
2031 1236 2238 1305 pateris
2267 1235 2582 1291 conculcari
2629 1250 2730 1290 nos
2763 1251 2795 1290 a
2821 1235 3040 1292 diabolo
3079 1237 3506 1294 crudelissimo?

1909 1327 1978 1384 Et
2005 1346 2106 1384 non
2128 1329 2313 1397 exibis,
2344 1328 2503 1396 Deus,
2535 1331 2588 1384 in
2615 1329 2891 1385 virtutibus
2913 1331 3131 1386 nostris.
3160 1331 3348 1388 Videte
3377 1331 3506 1403 quid

1911 1423 2057 1478 dicat
2085 1441 2097 1476 :
2131 1422 2250 1478 Non
2291 1422 2446 1488 dixit,
2481 1438 2590 1478 non
2621 1423 2780 1479 existi
2812 1423 2968 1489 :sed,
3001 1441 3104 1479 non
3127 1424 3310 1492 exibis,
3341 1424 3500 1494 Deus,

1911 1517 1965 1570 in
1998 1515 2266 1570 virtutibus
2295 1517 2506 1571 nostris.
2536 1516 2652 1572 Hoc
2677 1517 2793 1571 vult
2823 1515 3007 1572 dicere
3039 1535 3050 1569 :
3085 1517 3314 1585 Quando
3359 1517 3510 1573 labo-

1913 1624 2124 1673 ramus,
2179 1618 2310 1665 tunc
2338 1609 2558 1680 adjuvat
2584 1626 2684 1666 nos
2714 1609 2882 1666 Deus.
2931 1609 3047 1665 Non
3094 1621 3174 1666 e5t
3218 1612 3363 1667 enim
3411 1626 3511 1666 vo-

1914 1701 2079 1757 lentis
2109 1717 2286 1773 neqne
2318 1705 2614 1770 currentis,
2644 1703 2738 1760 sed
2765 1703 3076 1760 miserentis
3104 1714 3185 1760 est
3211 1705 3303 1761 Dei
3329 1705 3506 1777 (Rom.

201 1796 525 1854 misericors
556 1797 748 1866 pater?
778 1797 869 1851 tibi
901 1800 1095 1868 estqui
1125 1797 1251 1852 facit
1291 1799 1462 1853 solent
1491 1813 1648 1854 suum
1672 1798 1804 1853 oriri
1837 1788 1884 1848 B
1911 1792 2010 1866 1x).
2047 1793 2240 1850 Videte
2271 1794 2402 1866 quid
2447 1795 2596 1850 dicat
2630 1814 2641 1848 :
2675 1795 2792 1850 Non
2823 1795 2900 1850 ait
2932 1814 2942 1848 :
2976 1812 3086 1851 non
3125 1805 3213 1853 est
3252 1796 3512 1867 jacentis,

203 1904 379 1959 super
399 1888 577 1958 justos
603 1901 656 1944 et
685 1899 1030 1960 peccatores,
1064 1899 1115 1944 et
1137 1889 1269 1959 pluit
1297 1905 1465 1954 super
1493 1899 1807 1960 peccatores

209 1991 271 2038 et
295 1982 475 2052 justos
502 1980 731 2054 (Matth.
778 1983 872 2054 v)?
900 1983 1056 2051 Quod
1084 1982 1235 2050 dicit,
1269 1983 1373 2037 hoc
1403 1990 1487 2037 cst
1518 1999 1532 2037 :
1563 1981 1804 2048 Tradidi,

204 2071 412 2143 inquit,
440 2085 759 2143 peccatores
787 2073 1030 2140 diabolo,
1065 2083 1125 2130 ut
1150 2075 1218 2129 ab
1245 2075 1364 2145 ipso
1390 2075 1645 2140 cruciati,
1677 2089 1807 2130 con-

203 2177 502 2223 vertantur
524 2167 591 2223 ad
619 2184 728 2223 me.
763 2168 972 2224 Dicitur
996 2178 1048 2224 et
1076 2168 1130 2223 in
1159 2167 1396 2224 Jeremia
1425 2187 1435 2220 :
1477 2167 1617 2236 Quid
1651 2167 1808 2224 vides

206 2261 603 2329 tu,Jerctnia?
646 2262 826 2317 Ollam
877 2277 1222 2328 succensam,
1274 2259 1696 2333 inquit(Jerem.
1743 2259 1804 2332 ι).

207 2355 410 2412 Videte
437 2371 567 2426 ergo
593 2357 850 2426 quoniam
882 2357 935 2412 in
983 2357 1083 2411 ista
1133 2357 1240 2411 olla
1277 2357 1566 2412 mittuntur
1592 2371 1806 2413 carnes.

208 2448 328 2506 lloc
371 2450 633 2519 scriptum
693 2449 860 2505 estin
911 2448 1212 2504 Ezechiel:
1257 2449 1328 2504 Et
1377 2451 1556 2514 mitte,
1609 2450 1807 2520 inquit,

211 2558 417 2600 carnes
466 2543 520 2598 in
566 2543 756 2610 ollam,
788 2555 848 2598 ut
895 2542 1090 2598 molles
1115 2542 1247 2597 ﬁant
1279 2541 1502 2615 (Ezeclt.
1528 2541 1699 2614 xxiv).
1742 2541 1812 2599 Ut

209 2632 352 2690 dura
383 2641 775 2690 convertantur
815 2635 882 2690 ad
915 2634 1080 2689 Deum
1129 2652 1144 2691 :
1187 2643 1246 2688 ιιι
1290 2651 1356 2689 ex
1395 2635 1565 2690 corde
1598 2635 1812 2705 lapideo

212 2725 311 2782 ﬁat
359 2740 454 2781 cor
498 2740 781 2782 carneum.
821 2727 887 2781 Et
917 2726 1007 2782 ubi
1049 2726 1198 2796 prius
1231 2742 1339 2782 non
1389 2736 1603 2798 poterat
1646 2727 1810 2784 scribi

209 2827 449 2890 propter
475 2818 772 2872 duritiam:
811 2828 996 2887 postea
1050 2819 1322 2874 scribatur
1371 2828 1593 2889 pr0pter
1637 2819 1815 2874 molli-

214 2908 370 2964 tiem.
399 2908 765 2974 Succendam,
801 2910 998 2981 inquit,
1030 2909 1172 2967 hanc
1211 2911 1395 2978 ollam,
1428 2921 1482 2966 et
1512 2927 1810 2983 excoqnam

209 3015 408 3057 carnes
433 3012 651 3073 etossa,
671 3018 846 3074 usque
867 3003 995 3058 dum
1019 3005 1275 3060 amittant
1293 3020 1509 3060 omnem
1525 3005 1811 3062 humorem

211 3104 276 3152 et
303 3095 564 3152 illuviem.
592 3095 661 3151 Et
686 3097 866 3153 videte
898 3105 1084 3167 postea
1117 3097 1245 3168 quid
1277 3097 1494 3154 dicatur
1523 3115 1533 3150 :
1585 3099 1651 3154 Et
1701 3097 1814 3156 dis-

1913 1902 2091 1959 ncque
2121 1888 2468 1956 dormientis,
2503 1888 2596 1944 sed
2626 1888 2942 1944 miserentis
2967 1899 3052 1945 est
3097 1888 3212 1946 Dei.
3249 1888 3357 1946 Sed
3389 1890 3514 1947 vide

1910 1981 2042 2052 quid
2069 1981 2206 2037 dicit
2239 2000 2252 2036 :
2305 1983 2421 2038 Non
2465 1991 2549 2038 est
2597 1983 2832 2039 volentis
2860 1999 3036 2054 neque
3072 1985 3367 2052 currentis,
3416 1983 3514 2040 sed

1913 2075 2230 2131 miserentis
2263 2076 2382 2130 Dei.
2435 2077 2490 2132 Si
2538 2093 2645 2133 non
2675 2093 2807 2149 ergo
2850 2077 3188 2134 voluerimus
3235 2088 3290 2134 ct
3318 2094 3514 2136 cucur-

1913 2168 2170 2235 terimus,
2217 2167 2364 2224 Deus
2406 2169 2564 2225 nobis
2615 2169 2748 2224 nihil
2800 2170 3068 2240 proderit.
3128 2170 3385 2227 Nostrum
3427 2179 3514 2228 est

1913 2261 2055 2316 velle
2085 2269 2140 2317 et
2167 2275 2414 2328 currere,
2446 2271 2501 2317 et
2533 2271 2720 2331 postea
2749 2262 2892 2319 Dens
2921 2263 3232 2320 miseretur.
3290 2263 3508 2322 Athleta

1914 2353 2058 2410 enim
2095 2353 2378 2410 dormiens
2423 2355 2600 2425 perdit
2639 2357 2950 2412 victoriam.

1985 2445 2069 2502 Da
2117 2448 2264 2503 trabis
2288 2448 2546 2503 auxilium
2586 2449 2652 2504 de
2683 2448 3040 2505 tribulatione.
3085 2449 3203 2507 Non
3237 2451 3394 2520 dixit,
3445 2451 3515 2509 da

1914 2540 2072 2596 nobis
2099 2540 2360 2598 auxilium
2383 2540 2452 2597 de
2490 2542 2706 2598 deliciis
2733 2561 2745 2595 :
2777 2543 2900 2613 sed,
2949 2543 3016 2600 de
3041 2544 3399 2602 tribulatione.
3433 2545 3516 2603 Ad

1918 2632 2206 2688 Dominum
2234 2649 2357 2690 cum
2387 2633 2681 2690 tribttlarer
2726 2635 2983 2701 clamavi,
3029 2645 3084 2692 et
3122 2637 3401 2694 exaudivit
3430 2654 3517 2696 me

1916 2724 2108 2796 (Psal.
2141 2726 2311 2798 cxtx).
2351 2725 2468 2782 Non
2494 2726 2634 2783 dixit
2664 2746 2674 2780 :
2705 2743 2827 2784 cum
2868 2743 3045 2786 essem
3081 2729 3137 2784 in
3164 2729 3377 2787 deliciis
3406 2730 3517 2787 cla-

1921 2819 2084 2884 mavi,
2108 2817 2498 2875 antdormiens
2521 2820 2776 2877 clamavi.
2804 2819 2896 2876 Vis
2919 2822 3171 2878 exaudiri
3197 2840 3225 2876 a
3253 2823 3521 2879 Domino?

1916 2910 2052 2967 Esto
2080 2910 2134 2966 in
2168 2911 2555 2968 tribulatione:
2590 2911 2786 2979 clama,
2815 2921 2871 2969 et
2895 2914 3226 2970 exaudiaris.
3281 2914 3338 2971 Si
3393 2915 3518 2986 quis

1917 3017 2051 3074 ergo
2090 3020 2200 3059 non
2234 3013 2318 3059 est
2348 3003 2402 3058 in
2434 3003 2808 3072 tribulatione,
2859 3005 3123 3062 auxilium
3177 3007 3392 3063 Domini
3438 3010 3520 3064 in-

1917 3109 2117 3151 vocare
2148 3110 2255 3150 non
2285 3102 2482 3165 potest.
2537 3096 2677 3163 Quia
2723 3112 2858 3151 uana
2886 3095 3034 3152 salus
3065 3098 3314 3154 hominis.
3353 3099 3521 3157 Male-

212 3203 368 3259 cant,
397 3195 595 3264 inquit,
615 3197 738 3266 quia
764 3209 865 3266 ego
895 3194 1178 3251 Dominus.
1207 3195 1394 3267 Magna
1414 3194 1810 3262 misericordia,
1842 3182 1886 3246 C
1921 3186 2098 3244 dictus
2132 3188 2294 3243 homo
2325 3189 2415 3258 qui
2449 3202 2605 3259 spem
2653 3188 2816 3245 habet
2841 3189 2894 3244 in
2927 3189 3148 3246 homine
3176 3191 3328 3264 (Jer.
3358 3191 3514 3266 xvii).

215 3295 279 3346 et
317 3302 573 3358 magnum
609 3295 1036 3344 sacramentum.
1073 3288 1357 3344 Mittuntur
1403 3303 1601 3344 carnes
1654 3289 1708 3343 in
1737 3288 1816 3343 ol-

212 3381 354 3449 lam,
391 3392 447 3436 ut
475 3391 856 3453 excoquantur
885 3390 940 3438 et
995 3381 1212 3436 discant
1249 3381 1376 3453 quia
1419 3381 1680 3437 Dominus
1707 3389 1810 3437 est.

214 3473 388 3532 Multa
422 3483 550 3530 sunt
579 3491 698 3547 qua:
721 3475 975 3531 dicantur
1005 3474 1073 3530 de
1114 3473 1268 3530 Moab
1296 3485 1350 3531 et
1389 3475 1516 3543 olla,
1549 3475 1644 3530 sed
1674 3488 1817 3530 nunc

214 3567 441 3637 longum
467 3575 573 3622 cst.

296 3658 362 3714 In
395 3659 683 3714 ldumtcam
714 3659 986 3716 extendam
1017 3659 1415 3715 calciamentum
1447 3676 1637 3715 meum.
1690 3659 1816 3716 ldu-

216 3769 357 3812 nizca
390 3753 800 3824 interpretatur,
837 3765 1038 3808 terrena
1067 3763 1123 3811 et
1150 3755 1457 3826 sanguinea.
1508 3753 1819 3810 Misericors

225 3847 399 3914 Deus,
431 3862 537 3902 n0u
572 3849 747 3903 solum
774 3849 1017 3905 coelestia
1040 3849 1154 3904 vult
1181 3848 1482 3920 possidere,
1515 3848 1610 3904 sed
1635 3859 1688 3904 et
1709 3857 1818 3904 ter-

222 3943 450 3999 restria.
506 3940 643 3996 Μϋιὶ
672 3944 982 4014 alienigena:
1011 3942 1168 3996 amici
1213 3941 1340 4012 [acti
1368 3950 1508 3995 sunt.
1559 3942 1633 3997 De
1664 3941 1820 3997 nobis

219 4033 382 4100 dicit,
409 4036 499 4106 qui
532 4052 599 4090 ex
629 4035 882 4106 gentibus
913 4037 1261 4092 credidimus.
1361 4024 1371 4032 ’

303 4131 433 4198 Quis
497 4131 717 4185 deducet
766 4147 846 4186 me
893 4131 947 4184 in
986 4131 1243 4186 civitatem
1283 4131 1536 4185 munitam
1566 4132 1590 4185 ?
1626 4129 1819 4198 Nemo,

221 4221 479 4281 Domine.
537 4221 616 4278 Tu
659 4237 719 4278 es
757 4223 903 4277 enim
955 4222 1047 4292 qui
1088 4221 1264 4278 dicis:
1305 4221 1574 4278 Torcular
1616 4222 1822 4279 calcavi

220 4314 399 4379 solus,
428 4323 480 4368 et
501 4313 568 4369 de
590 4313 846 4383 gentibus
868 4313 950 4368 vir
972 4329 1080 4368 non
1102 4312 1205 4367 fuit
1225 4329 1437 4368 mecum
1463 4312 1619 4386 (Isai.
1646 4315 1822 4385 thtt).

221 4406 434 4462 Omnes
488 4406 635 4461 enim
693 4406 1136 4473 declinaverunt,
1189 4405 1356 4463 simul
1412 4405 1640 4463 inutiles
1697 4408 1824 4464 facti

223 4508 363 4558 sunt
395 4518 406 4552 :
439 4516 547 4555 non
580 4501 774 4572 estqui
814 4501 986 4556 faciat
1024 4502 1246 4564 bonum,
1289 4516 1397 4556 non
1438 4510 1720 4572 estusque
1758 4501 1824 4557 ad

1920 3279 2036 3336 Non
2093 3290 2176 3337 est
2224 3296 2449 3338 necesse
2498 3281 2600 3337 hoc
2629 3281 3001 3353 interpretari.
3066 3284 3195 3340 Haec
3245 3286 3518 3344 sententia

1920 3374 2172 3430 omnibus
2193 3383 2360 3446 patet.
2402 3374 2612 3446 Aliquis
2638 3376 2876 3446 speravit
2906 3375 2958 3431 in
2988 3376 3318 3452 imperatore
3341 3419 3358 3447 ,
3389 3394 3518 3450 spe-

1920 3474 2064 3528 ravit
2091 3473 2142 3527 itt
2175 3473 2444 3544 principe,
2475 3473 2527 3527 in
2556 3483 2732 3544 patre,
2761 3481 2854 3528 aut
2882 3484 3055 3529 matre
3084 3490 3098 3529 :
3126 3475 3178 3530 in
3205 3474 3386 3545 aliquo
3417 3491 3518 3532 ne-

1920 3569 2067 3639 gotio
2095 3568 2274 3624 subito
2319 3567 2632 3624 subtractus
2690 3575 2774 3624 est
2803 3567 3036 3638 spiritus
3080 3568 3198 3639 ejus
3251 3571 3304 3625 in
3353 3584 3516 3641 quem

1923 3659 2012 3714 ille
2039 3659 2300 3729 speravit,
2329 3667 2385 3714 et
2405 3660 2627 3716 evanuit
2654 3660 2800 3715 salus
2830 3660 2969 3730 ejus.
3001 3658 3116 3715 Non
3168 3661 3331 3730 dixit,
3387 3678 3524 3718 vana

1921 3755 2069 3809 salus
2091 3754 2314 3808 hominis
2343 3769 2364 3819 ;
2389 3755 2509 3821 sed,
2547 3755 2694 3810 salus
2721 3754 2838 3825 ejus
2868 3755 2959 3825 qui
2987 3765 3170 3826 sperat
3193 3755 3245 3810 itt
3277 3755 3520 3815 homine.

1996 3845 2065 3900 In
2102 3844 2210 3902 Deo
2239 3848 2493 3919 faciemus
2535 3849 2796 3901 virtutem.
2831 3847 2944 3902 Non
2999 3847 3301 3904 habeamus
3342 3865 3517 3920 spem,

1924 3939 2028 3996 nisi
2059 3940 2111 3995 in
2144 3939 2375 3995 Domino
2403 3947 2635 3994 tantum.
2660 3937 2778 3994 Nutt
2811 3938 3058 3995 dicamus
3097 3957 3110 3994 :
3151 3941 3198 3996 si
3226 3940 3357 3997 illud
3386 3942 3519 3999 mihi

1926 4034 2164 4101 eveniat,
2214 4041 2307 4089 aut
2354 4033 2506 4100 illud,
2539 4033 2686 4089 unde
2713 4032 2889 4089 habeo
2933 4032 3167 4090 vivere?
3197 4034 3523 4106 Respondeo

1929 4127 2024 4186 tibi
2068 4126 2208 4198 quod
2244 4127 2416 4196 majus
2443 4133 2546 4183 est.
2579 4125 2632 4184 Si
2663 4125 2975 4197 persecutio
3001 4127 3119 4196 ﬁat,
3171 4127 3313 4184 unde
3355 4129 3524 4186 habes

1927 4219 2115 4274 vivere
2139 4220 2163 4273 ‘l
2204 4219 2432 4289 Semper
2459 4217 2772 4275 Christiano
2801 4221 3116 4292 persecutio
3144 4231 3252 4289 est,
3305 4237 3526 4293 semper
3591 4209 3595 4215 ’

1931 4312 2146 4368 auditas
2174 4313 2454 4384 proposita
2481 4322 2587 4370 est.
2619 4312 2786 4370 Nemo
2812 4329 2944 4386 ergo
2976 4313 3138 4370 debet
3167 4314 3236 4371 de
3261 4315 3371 4371 vita
3422 4315 3524 4372 ista

1931 4395 2250 4477 desperare;
2287 4420 2448 4462 nemo
2489 4406 2876 4472 timeat,nemo
2896 4405 3060 4463 debet
3091 4406 3280 4466 dicere
3311 4426 3321 4460 :
3353 4407 3408 4464 Si
3430 4422 3521 4464 sc-

1931 4512 2126 4563 ttuero,
2162 4496 2308 4551 unde
2337 4497 2510 4553 habeo
2536 4497 2768 4554 vivere?
2795 4499 2840 4553 si
2871 4498 3120 4554 inﬁrmus
3153 4499 3327 4556 iactus
3350 4501 3527 4568 fuero,

223 4607 400 4648 unum
432 4592 451 4661 (
466 4589 614 4645 Psal.
648 4592 789 4664 xm).
817 4591 948 4658 Quis
977 4607 1108 4663 ergo
1135 4591 1350 4646 deducet
1381 4607 1459 4646 me
1487 4592 1542 4647 in
1568 4594 1824 4646 civitatem
1852 4587 1906 4648 D
1932 4589 2074 4645 unde
2088 4590 2208 4645 vivo
2230 4590 2254 4643 Ἰ
2275 4588 2552 4645 Christum
2569 4589 2762 4658 habes,
2787 4600 2842 4646 et
2860 4591 3053 4647 times?
3071 4592 3126 4646 Si
3143 4593 3377 4647 volatilia
3402 4593 3527 4650 coeli

203 4685 490 4741 -rnunitam
512 4683 540 4737 7
563 4683 754 4749 Nemo,
789 4683 1039 4740 Domine.
1066 4684 1350 4756 Siquidem
1386 4693 1441 4740 et
1486 4684 1700 4751 Petrus,
1734 4685 1826 4755 qui

226 4778 572 4852 promiserat
601 4793 699 4850 pro
729 4786 782 4834 te
809 4777 975 4844 mori,
1009 4786 1194 4849 postea
1225 4788 1280 4834 te
1310 4779 1546 4848 negavit.
1573 4777 1704 4846 Quae
1745 4784 1833 4832 est

225 4873 336 4930 ista
368 4872 560 4928 civitas
609 4873 860 4927 munita?
890 4871 1162 4940 lniernns,
1202 4872 1294 4927 ubi
1329 4872 1681 4929 includuntur
1717 4870 1827 4926 itn-

227 4964 344 5036 pii:
375 4964 518 5020 unde
545 4963 696 5021 exire
726 4979 832 5019 non
861 4963 1012 5020 licet.
1047 4963 1118 5018 Et
1148 4979 1276 5019 vere
1328 4979 1394 5018 ex
1445 4963 1547 5018 ista
1587 4961 1830 5027 civitate,

227 5059 342 5117 nisi
375 5057 639 5113 Dominus
677 5056 852 5113 victor
881 5073 988 5113 non
1029 5056 1167 5113 exiit
1194 5057 1353 5112 alter.
1387 5056 1452 5111 Et
1479 5070 1608 5112 vere
1629 5054 1832 5110 civitas

230 5152 448 5209 munita
479 5161 564 5207 est
590 5152 716 5207 ista.
745 5151 964 5224 Moyses
1002 5151 1069 5206 de
1099 5152 1201 5205 ista
1248 5149 1468 5205 civitate
1522 5148 1674 5204 exire
1723 5163 1829 5203 non

233 5246 436 5320 potuit.
464 5245 637 5301 Jacob
658 5245 918 5301 similiter
946 5243 1174 5300 intravit
1197 5244 1248 5297 in
1281 5243 1422 5298 hanc
1451 5241 1753 5304 civitatem,
1778 5249 1834 5295 et

233 5357 347 5400 non
375 5349 460 5397 est
490 5355 766 5395 reversus.
800 5340 1044 5408 Denique
1081 5338 1216 5392 dicit
1241 5335 1308 5390 ad
1354 5334 1498 5389 ﬁlios
1520 5348 1650 5389 suos
1683 5351 1693 5387 ;
1727 5333 1834 5388 Lu-

234 5454 374 5510 gens
426 5435 760 5494 descendam
785 5435 852 5490 ad
893 5433 1104 5490 inferos
1135 5430 1305 5504 (Gen.
1356 5427 1589 5499 xxxvii).
1640 5428 1720 5484 Ad
1750 5426 1836 5483 in-

235 5533 391 5590 feros
420 5538 602 5586 autem
633 5529 955 5586 descendit:
992 5528 1118 5598 quia
1151 5523 1382 5581 necdum
1406 5530 1526 5578 erat
1556 5521 1839 5593 paradisus

236 5643 266 5682 a
301 5626 516 5681 latrone
542 5633 784 5695 apertus.
821 5621 1028 5677 Mnnita
1077 5628 1158 5676 est
1191 5619 1289 5675 ista
1323 5615 1518 5674 civitas
1571 5615 1638 5670 ad
1676 5629 1835 5685 egre-

239 5724 498 5781 diendum
533 5742 544 5776 :
578 5729 769 5794 aperta
813 5728 897 5775 est
940 5726 1124 5777 autem
1153 5718 1222 5774 ad
1255 5714 1665 5774 introeundum.
1703 5713 1838 5780 Quis

243 5819 457 5878 deducet
486 5833 569 5871 me
595 5831 756 5889 usque
783 5815 836 5870 in
867 5811 1205 5869 Iduma‘am?
1234 5810 1338 5869 Ubi
1393 5809 1548 5868 locus
1593 5817 1678 5867 est
1716 5823 1834 5882 pm-

1931 4684 2131 4756 pascit,
2155 4683 2369 4739 dubitas
2397 4683 2539 4754 quod
2563 4685 2736 4754 possit
2765 4693 2818 4740 te
2841 4686 3101 4756 pascere?
3126 4686 3386 4743 Diabolus
3406 4703 3532 4759 pas-

1932 4779 2005 4834 cit
2024 4792 2153 4834 suos
2182 4777 2452 4844 homines,
2471 4786 2522 4833 el
2555 4776 2804 4834 Christus
2823 4795 2928 4834 non
2943 4790 3126 4850 pascet
3148 4795 3281 4837 suos
3304 4780 3532 4838 servos?

1934 4869 2192 4925 Diabolus
2263 4869 2390 4925 facit
2437 4869 2652 4940 jttdices
2706 4868 2868 4941 hujus
2923 4871 3111 4928 mundi
3165 4872 3397 4944 divites,
3473 4884 3532 4932 et

1935 4963 2188 5019 Christus
2222 4979 2328 5018 non
2362 4971 2546 5035 potest
2587 4962 2790 5028 facere,
2823 4972 2882 5019 ut
2911 4979 3019 5020 non
3047 4965 3326 5022 mendicos
3350 4967 3371 5022 ἲ
3398 4965 3532 5023 Dia-

1939 5057 2099 5113 bolus
2148 5057 2243 5113 dat
2283 5073 2474 5112 aurum
2523 5067 2578 5114 et
2610 5072 2874 5128 gemmas,
2925 5067 2981 5115 et
3028 5056 3282 5116 Christus
3335 5077 3531 5132 panem

1940 5167 2050 5207 non
2080 5158 2261 5221 potest
2289 5150 2461 5207 dare?
2487 5149 2601 5207 Nos
2641 5166 2862 5207 omnem
2894 5151 3324 5210 sollicitudinem
3371 5153 3540 5226 proji-

1941 5243 2148 5299 ciamus
2189 5245 2256 5300 de
2297 5243 2560 5300 cordibus
2591 5242 2815 5312 nostris,
2868 5252 2924 5300 et
2969 5244 3258 5303 dicamus:
3311 5244 3379 5303 In
3428 5247 3537 5306 Deo

1941 5339 2194 5408 faciemus
2220 5339 2478 5394 virtutem.
2522 5338 2644 5407 Ipse
2673 5339 2782 5395 erit
2828 5339 3003 5396 virtus
3042 5352 3271 5397 nostra:
3304 5343 3421 5414 ipse
3449 5359 3544 5412 pa-

1944 5431 2026 5487 nis
2060 5440 2286 5487 noster:
2331 5432 2448 5502 ipse
2478 5433 2585 5486 erit
2625 5440 2808 5488 rector
2834 5441 3041 5490 noster.
3075 5432 3144 5490 Et
3174 5437 3284 5508 ipse
3337 5438 3409 5491 ad
3451 5441 3537 5492 ni-

1943 5525 2106 5580 hilum
2134 5525 2352 5580 deducet
2379 5525 2615 5582 inimicos
2669 5537 2896 5582 nostros.
2953 5527 3076 5599 Ipse
3129 5544 3229 5585 nos
3268 5541 3534 5586 coronat:

1944 5619 2062 5693 ipse
2107 5629 2308 5692 pugnat
2331 5619 2659 5677 nobiscum:
2694 5622 2868 5692 magis
2913 5631 3093 5678 autem
3127 5623 3242 5694 ipse
3278 5624 3457 5681 vincet
3485 5622 3541 5682 in

1945 5716 2125 5772 nobis.
2141 5713 2280 5785 Quid
2304 5715 2452 5772 enim
2476 5711 2740 5772 dicimus?
2769 5714 2837 5770 In
2868 5713 2980 5772 Deo
3007 5717 3256 5789 faciemus
3277 5719 3537 5776 virtutem.

1943 5809 2176 5879 Quando
2206 5810 2351 5868 enim
2399 5807 2568 5867 fortes
2597 5808 2884 5880 fuerimus,
2933 5809 3046 5884 ipse
3089 5810 3160 5868 ad
3199 5810 3419 5870 nihilum
3449 5811 3545 5891 de:
