4016 6354
512 250 662 317 H55

1294 242 1638 305 APPENDIX
1675 239 1767 299 AD
1806 226 2056 297 τοιιιιιι
2097 232 2453 297 SEPTIMUM
2493 200 2553 288 ς.
2594 226 3001 291 ιιιειιοιιγιιι.

513 377 661 430 ducet
689 371 924 429 inimicos
957 376 1181 427 nostros.
1211 366 1325 423 Non
1356 365 1494 421 dixit
1522 381 1535 418 :
1568 360 1852 435 pugnabit,
1898 369 1983 413 aut
2017 372 2109 412 oc-
2141 359 2187 420 Α
2216 353 2347 407 haut
2378 368 2391 405 :
2430 350 2574 405 Vah!
2609 349 2700 421 qui
2732 348 2899 405 solvis
2931 344 3214 416 templum,
3239 343 3376 401 etin
3411 341 3592 399 tribus
3620 339 3861 435 diebus

512 466 661 523 cidet
689 482 702 523 :
734 465 854 530 sed,
883 464 952 517 ad
983 460 1206 518 nihilum
1228 459 1469 515 deducet.
1501 455 1629 515 Ideo
1660 468 1755 510 eos
1775 451 1842 507 ad
1878 449 2108 509 nihilum

513 556 768 624 deducet,
813 564 892 619 ut,
922 554 966 611 si
989 549 1292 615 voluerint,
1335 547 1504 604 fortes
1536 561 1631 607 eos
1656 543 1838 610 faciat,
1865 552 1917 598 et
1945 540 2109 610 glori-

515 646 641 703 ﬁcet
669 662 783 704 eos.
817 644 1206 703 Benedicamus
1233 656 1368 714 ergo
1419 639 1634 697 Deum:
1682 635 1768 695 cui
1811 635 1885 693 sit
1933 632 2108 704 gloria

514 738 568 797 in
612 737 807 795 srecula
836 737 1188 801 saeculorum.
1220 735 1415 795 Amen.

1034 867 1361 927 PSALMUS
1396 865 1580 923 CVIII.

515 966 585 1023 In
615 968 792 1035 linem,
828 963 1076 1020 Psalmus
1108 962 1302 1017 David.
1334 957 1668 1035 Quoddicit,
1704 958 1759 1035 iu
1786 957 1943 1035 finem
1963 969 1995 1035 _:
2024 952 2109 1006 in-

585 1027 1040 1109 telligamusnou
1063 1036 1134 1090 de
1176 1032 1433 1109 prmscnti
1475 1029 1615 1109 dici,
1660 1027 1755 1109 sed
1789 1027 1857 1109 de
1890 1027 2109 1109 futuro.

586 1110 644 1169 Si
674 1095 858 1168 alitem
884 1108 950 1164 de
976 1106 1159 1162 futuro
1178 1095 1414 1171 'dicitur,
1455 1095 1738 1173 prophetia
1779 1100 1848 1155 de
1887 1095 2109 1151 Chrism

587 1189 691 1236 est.

587 1293 727 1349 Deus
753 1334 769 1360 ,
802 1291 1010 1347 laudem
1044 1306 1209 1347 meam
1247 1304 1311 1344 ne
1351 1286 1597 1343 tacueris.
1647 1284 1760 1341 Hoc
1798 1294 1912 1348 est,
1945 1280 2114 1343 Iudas

516 1402 604 1442 me
632 1384 876 1449 tradidit,
901 1382 1073 1441 Judaei
1105 1379 1381 1453 persecuti
1411 1388 1535 1434 sunt
1558 1419 1572 1443 ,
1602 1385 1659 1432 et
1688 1373 2072 1433 crucifixerunt
2096 1416 2109 1440 ,

514 1489 565 1535 et
594 1484 926 1548 putaverunt
950 1489 1036 1529 me
1057 1473 1114 1531 in
1141 1472 1305 1527 linem
1337 1471 1585 1540 perdere.
1613 1468 1691 1523 'I‘u
1716 1476 1924 1530 autem,
1951 1465 2113 1533 Deus,

515 1572 730 1629 Iaudem
779 1584 958 1627 meum
1005 1584 1073 1627 ne
1104 1566 1362 1627 tacueris.
1407 1564 1669 1623 Uuiversa
1720 1558 1967 1617 Ecclesia
2018 1573 2116 1629 per

516 1665 766 1737 singulos
792 1663 910 1719 dies
942 1662 1127 1717 laudat
1157 1660 1467 1725 Dominum,
1492 1665 1550 1713 et
1579 1654 1847 1723 completa
1883 1662 1965 1707 est
1991 1666 2116 1706 ora-

2212 445 2345 501 illud
2396 442 2719 503 recedilicas.
2775 441 2933 498 Salva
2982 439 3333 508 temetipsum
3374 435 3576 508 (Marc.
3608 436 3732 503 xv).
3770 433 3861 489 Si

2213 539 2387 610 diligit
2429 549 2481 593 te
2521 537 2708 604 Pater,
2744 534 2929 597 veniat
2971 549 3117 595 nunc
3143 575 3158 595 .
3203 538 3259 587 ct
3294 530 3494 589 liberet
3536 537 3594 585 te
3635 526 3859 601 (Matr.

2212 630 2430 701 xxvnl).
2469 630 2581 700 Ego
2622 644 2718 698 pro
2753 626 2886 697 ipsis
2920 641 2987 687 ex
3025 623 3257 683 mortuis
3298 620 3579 679 resurrexi
3604 663 3621 689 ,
3652 620 3861 683 etilli

2213 724 2402 783 dicunt
2441 741 2454 777 :
2492 722 2750 794 Discipuli
2795 721 2943 777 illius
2988 730 3258 783 venerunt
3299 725 3466 773 nocte
3491 762 3506 787 ,
3556 725 3615 773 et
3655 714 3857 775 furati

2212 828 2338 879 sunt
2366 832 2488 871 eum
2517 815 2672 887 (Luc.
2705 812 2894 884 χχιιι).
2930 811 2994 871 Et
3026 811 3203 867 odium
3236 828 3329 881 pro
3356 810 3639 875 dilectione
3680 824 3853 869 mea.

2214 906 2540 973 Considera,
2574 923 2608 963 ο
2636 905 2980 971 Christiane;
3008 902 3303 965 considera
3326 944 3341 967 .
3369 916 3404 961 ο
3429 899 3741 965 monacbe;
3782 900 3852 965 si

2218 1000 2477 1055 Dominus
2508 1008 2919 1068 persecutorem
2960 1012 3118 1055 suum
3167 1006 3213 1050 el
3251 994 3597 1067 proditorem
3628 995 3851 1051 osculo

2214 1093 2488 1163 suscepit,
2522 1099 2577 1148 et
2617 1106 2715 1165 pro
2744 1088 3186 1161 cruciﬁgentibus
3216 1104 3340 1151 eum
3371 1097 3496 1149 orat
3529 1105 3544 1143 :
3578 1102 3681 1143 nos
3722 1102 3846 1159 pro

2214 1187 2473 1245 fratribus
2505 1185 2710 1242 nostris
2738 1184 2865 1257 quid
2897 1184 3077 1243 facere
3104 1183 3416 1247 debemus?

2287 1278 2558 1337 Constitue
2584 1294 2739 1347 super
2764 1294 2883 1333 eum
2920 1285 3269 1351 peccatorem.
3307 1274 3580 1345 Quoniam
3634 1272 3843 1346 rogati

2217 1393 2319 1450 pro
2349 1377 2484 1448 ipsis
2515 1377 2567 1431 in
2595 1390 2761 1433 cruce
2788 1418 2802 1443 ,
2846 1384 2901 1430 et
2940 1375 3199 1437 viderunt
3224 1373 3449 1435 vulnera
3488 1388 3635 1435 mea.
3688 1372 3844 1429 Dedi

2217 1472 2298 1528 eis
2328 1473 2509 1527 locum
2544 1471 2915 1541 pmoitentiaa,
2955 1477 3014 1529 et
3050 1483 3155 1524 non
3194 1475 3363 1538 agunt
3406 1465 3795 1539 pmnitentism
3818 1508 3839 1534 ,

2219 1576 2275 1621 et
2302 1582 2389 1623 me
2422 1566 2615 1625 nolunt
2645 1564 2848 1620 habere
2887 1578 3069 1633 regem
3094 1605 3109 1629 ,
3154 1562 3392 1621 habeant
3421 1576 3606 1631 regem
3635 1560 3847 1617 diabo-

2218 1660 2329 1719 lum
2364 1678 2377 1714 :
2413 1659 2610 1715 nolunt
2640 1657 2841 1713 habere
2889 1672 3072 1728 regem
3104 1656 3310 1723 Jesum,
3356 1654 3595 1713 habeant
3642 1669 3845 1726 regem

517 1756 596 1812 tio
627 1754 843 1812 Domini
872 1753 1149 1811 dicentis:
1177 1751 1338 1817 Deus,
1361 1750 1568 1805 laudem
1592 1763 1759 1802 nteant
1785 1762 1847 1800 ue
1868 1743 2108 1803 tacueris.
2148 1758 2194 1818 Β
2221 1750 2558 1814 Barabham,
2586 1750 2676 1820 qui
2710 1749 3125 1819 interpretatur,
3157 1748 3302 1816 ﬁlius
3340 1747 3539 1819 patris,
3571 1745 3679 1802 hoc
3706 1758 3795 1809 est
3822 1790 3842 1815 ,

521 1849 659 1906 Vide
706 1849 862 1920 cujus
909 1847 1190 1920 dignitatis
1234 1855 1363 1901 sunt
1403 1844 1737 1903 sacerdotes.
1782 1839 2114 1897 Sacerdotes

515 1943 834 2017 loquuntur,
865 1953 921 2003 et
953 1944 1009 1997 in
1037 1940 1416 1999 sacerdotibus
1450 1940 1597 1995 Dens
1622 1935 1838 1993 laudem
1882 1932 2003 1989 Filii
2032 1932 2117 1987 sui

518 2053 626 2095 non
663 2047 829 2097 tacet.
879 2037 1017 2102 Quia
1062 2053 1119 2093 os
1152 2033 1438 2103 peccatoris
1468 2040 1516 2087 et
1545 2048 1600 2086 os
1637 2027 1809 2085 dolosi
1846 2041 2003 2097 super
2040 2039 2119 2079 me

516 2139 757 2201 apertum
786 2139 883 2187 est.
921 2127 1219 2183 Videamus
1248 2122 1522 2196 quomodo
1547 2137 1605 2177 os
1638 2120 1792 2177 Juda:
1824 2115 2117 2187 proditoris

514 2233 763 2296 apertum
799 2232 881 2281 est
927 2220 983 2277 in
1017 2219 1331 2277 Dominum.
1383 2215 1542 2271 Venit
1583 2212 1648 2267 ad
1689 2209 2020 2274 Dominum,
2060 2213 2121 2263 ut.

517 2331 645 2371 eum
694 2313 915 2379 tradat,
958 2321 1015 2366 et
1053 2310 1186 2371 dlcit
1226 2328 1236 2363 :
1275 2307 1447 2363 Rabbi
1475 2348 1490 2372 ,
1537 2305 1641 2359 hoc
1685 2313 1766 2357 est
1794 2346 1807 2367 ,
1860 2300 2119 2370 magister

522 2407 717 2480 (Marc.
763 2408 899 2474 xw).
943 2405 1084 2459 Ecce
1130 2418 1187 2457 os
1228 2399 1513 2474 peccatoris
1538 2438 1552 2463 ,
1593 2405 1640 2451 et
1680 2412 1735 2449 os
1764 2392 1957 2449 dolosi.
2006 2391 2118 2461 Ego

518 2515 643 2557 eum
679 2513 796 2557 mea
836 2496 1130 2552 clementia
1161 2493 1287 2549 volo
1337 2492 1550 2549 salvare
1577 2532 1592 2559 ,
1643 2499 1695 2545 et
1744 2486 1990 2543 osculum
2039 2484 2117 2540 illi

517 2589 766 2665 porrigo,
800 2597 854 2644 et
883 2588 1012 2643 volo
1046 2586 1270 2641 vincere
1305 2583 1567 2638 malitiam
1598 2582 1716 2653 ejus
1736 2624 1750 2651 ,
1779 2589 1835 2635 et
1864 2578 1958 2634 ille
1990 2593 2120 2649 per-

519 2689 704 2743 manet
730 2680 797 2736 ad
827 2676 1282 2735 malefaciendum
1311 2722 1325 2747 ,
1356 2684 1417 2731 ut
1443 2692 1529 2731 me
1562 2673 1764 2733 tradat.
1794 2671 2119 2742 Specialiter

521 2773 846 2847 intelligitur
871 2773 941 2828 de
969 2771 1109 2833 Juda
1151 2789 1164 2826 :
1201 2771 1536 2842 generaliter
1575 2778 1753 2825 autem
1785 2766 1855 2825 de
1882 2765 2114 2835 Judmis,

518 2867 572 2924 in
619 2881 686 2923 co
728 2875 978 2937 tempore
1018 2878 1127 2935 quo
1167 2862 1465 2919 dicebant:
1496 2860 1766 2931 Crucilige
1792 2900 1805 2922 .
1858 2858 2118 2928 crucitige

517 2960 704 3034 (Joan.
731 2959 866 3029 XIX).
891 2957 1022 3015 Tale
1048 2971 1111 3012 os
1137 2956 1444 3027 peccatoris
1468 2955 1523 3011 in
1551 2952 1836 3009 Dominum
1870 2961 2116 3019 apertum

517 3059 622 3111 est.
650 3050 721 3109 Ut
741 3061 924 3107 autem
951 3048 1183 3105 videatis
1203 3047 1345 3120 quod
1370 3047 1436 3103 de.
1455 3046 1712 3105 onmibus
1733 3044 1935 3105 Judwis
1954 3041 2111 3110 dixit,

517 3158 588 3203 ex
628 3143 1096 3216 consequentibus
1143 3143 1511 3214 cognoscetis.
1563 3140 1704 3209 Quid
1749 3138 1892 3195 enim
1941 3136 2116 3192 dicit?

589 3237 774 3295 Loculi
813 3247 933 3293 sunt
972 3236 1244 3295 adversum
1289 3251 1370 3289 me
1413 3235 1594 3306 lingua
1622 3232 1829 3287 dolosa.
1878 3230 1988 3300 Ego
2020 3245 2118 3302 pro

519 3331 653 3402 ipsis
676 3329 1057 3402 crucifigebar,
1093 3336 1148 3383 et
1188 3327 1264 3383 illi
1309 3325 1649 3382 insultabaut
1690 3323 1844 3381 mihi-
1880 3321 2115 3376 Vulnera

515 3436 638 3478 mea
672 3420 942 3479 medicina
974 3435 1164 3476 eorum
1195 3428 1346 3472 erant
1369 3461 1382 3483 ,
1413 3428 1468 3475 et
1499 3417 1724 3473 videbar
1753 3414 1859 3470 illis
1887 3414 1939 3468 in
1971 3415 2122 3469 deri-

513 3527 659 3573 sum.
692 3511 762 3568 Et
788 3511 1107 3571 sermonibus
1140 3511 1248 3565 odii
1278 3508 1730 3567 circumdederunt
1770 3524 1869 3562 me.
1908 3506 2028 3563 Non
2063 3515 2120 3561 ut

521 3607 751 3663 credant
778 3646 793 3671 ,
837 3603 932 3659 sed
981 3612 1039 3658 ut
1077 3611 1413 3674 expugnent.
1473 3601 1539 3659 Et
1575 3606 1995 3671 expugnaverunt
2039 3615 2121 3652 me

516 3699 701 3770 gratis.
738 3696 1042 3766 Dupliciter
1083 3695 1406 3765 intelligitur
1441 3693 1643 3766 gratis,
1689 3692 1794 3748 hoc
1835 3702 1918 3746 est
1943 3732 1956 3756 ,
2000 3692 2119 3748 sine

523 3806 714 3849 causa.
761 3789 873 3847 Nec
905 3791 1048 3845 erum
1099 3801 1449 3859 peccaveram
1479 3828 1493 3851 ,
1542 3795 1595 3841 ct
1626 3801 1732 3844 non
1780 3784 2031 3840 merebar
2063 3791 2120 3837 ut

520 3883 863 3940 debellarent
903 3897 1014 3937 me.
1046 3879 1177 3950 Qua:
1221 3888 1402 3935 autem
1442 3878 1604 3949 digna
1638 3892 1806 3932 causa
1853 3885 1969 3931 erat
2000 3917 2013 3942 ,
2063 3883 2121 3931 ut

519 3982 900 4049 expugnarent
931 3988 1017 4029 me
1038 3975 1063 4027 ‘l
1091 3973 1229 4041 Quia
1259 3986 1578 4028 sanaveram
1625 3980 1859 4041 wgrotos
1894 3983 2080 4025 eorum
2100 4008 2116 4036 ,

518 4068 647 4143 quia
689 4075 935 4125 mortuos
969 4067 1424 4122 resuscitaveram
1446 4108 1459 4129 ,
1493 4065 1617 4134 quia
1650 4064 1754 4118 alio
1786 4063 1935 4133 signa
1970 4060 2116 4117 fece-

520 4176 660 4221 ram.
715 4159 913 4215 Videte
956 4172 1085 4230 ergo
1127 4159 1388 4230 quoniam
1454 4159 1625 4233 gratis
1668 4165 2118 4226 espugnavcrunt

517 4270 664 4312 eum.
699 4255 768 4311 Et
797 4254 959 4309 aliter
981 4251 1323 4322 intelligitur.
1350 4250 1655 4306 Voluerunt
1686 4249 2037 4319 exstinguere
2064 4257 2120 4305 et

517 4347 705 4405 delere
760 4360 957 4400 nomen
1021 4358 1232 4408 meum,
1289 4351 1344 4399 et
1402 4352 1577 4396 tamen
1634 4358 1739 4396 non
1784 4348 2114 4412 Ipotuerunt.

518 4437 751 4507 Quando
770 4437 969 4508 aliquis
988 4435 1219 4508 aliquem
1244 4434 1612 4506 persequitur,
1635 4445 1689 4490 et
1712 4432 1842 4489 nihil
1870 4433 2112 4504 proficit:

2221 1841 2449 1897 diaboli.
2483 1841 2760 1897 Barahhas
2792 1841 2897 1897 iste
2919 1839 3045 1911 quis
3068 1839 3208 1894 fuit?
3234 1837 3552 1899 Seditiosns
3577 1847 3636 1895 et
3663 1838 3845 1901 latro,

2224 1935 2288 1990 Et
2319 1949 2446 1989 vere
2476 1934 2778 1991 Barallham
2813 1933 3016 1990 habent
3047 1948 3232 2007 regem
3262 1975 3277 1999 ,
3319 1942 3376 1990 et
3410 1946 3588 2004 usque
3627 1932 3684 1988 in
3724 1933 3844 1989 ho.

2223 2027 2473 2085 diernum
2507 2028 2648 2085 diem
2690 2028 3012 2087 seditiosum
3053 2035 3108 2083 et
3152 2028 3422 2089 latronem
3455 2070 3469 2094 ,
3503 2028 3597 2100 qui
3630 2028 3849 2089 occidit

2222 2119 2371 2189 ipsos
2398 2118 2644 2174 Judaeos.
2697 2120 2976 2183 Barabhas
3004 2119 3146 2179 latro
3175 2165 3189 2189 ,
3220 2122 3310 2192 qui
3355 2120 3623 2192 sanguine
3649 2119 3845 2176 delec-

2224 2220 2394 2279 tatur,
2423 2223 2712 2282 antequam
2761 2212 3024 2269 Dominus
3053 2213 3470 2281 cruciﬁgeretur
3495 2231 3507 2268 :
3535 2222 3843 2282 antequam

2223 2318 2349 2359 eum
2380 2304 2761 2376 cruciﬁgereot
2786 2306 2960 2365 Judaei
2987 2346 3000 2369 .
3034 2305 3278 2367 ini-lusus
3307 2315 3448 2371 erat.
3480 2305 3841 2376 Negavcrunt

2224 2397 2538 2461 Dominum,
2563 2409 2612 2453 et
2642 2398 2917 2455 Borahbas
2937 2398 3203 2461 dimissus
3228 2408 3311 2454 est
3332 2397 3514 2472 (locu.
3540 2398 3720 2471 svnt).
3747 2399 3843 2463 Ex

2222 2503 2290 2547 eo
2315 2490 2460 2544 enim
2492 2498 2739 2561 tempore
2772 2491 3052 2549 Barabbas
3082 2491 3249 2561 erepit
3279 2491 3331 2547 in
3366 2508 3463 2547 eos
3492 2492 3698 2548 habere
3723 2508 3838 2562 po-

2223 2590 2474 2639 Iestatem
2500 2624 2514 2650 ,
2549 2591 2607 2639 et
2644 2583 2735 2639 ille
2773 2582 2989 2639 dromon
3030 2585 3121 2653 qui
3158 2584 3367 2654 eiectus
3407 2585 3589 2643 fuerat
3621 2586 3691 2642 de
3727 2585 3840 2643 ho:

2222 2674 2369 2731 mine
2395 2717 2409 2740 ,
2440 2683 2495 2730 et
2523 2675 2592 2730 de
2641 2674 2731 2733 illa
2781 2678 3139 2746 generatione
3166 2722 3182 2749 ,
3223 2686 3281 2741 et
3325 2678 3735 2747 perambulabat
3767 2678 3835 2735 in

2221 2766 2462 2835 deserto,
2494 2777 2550 2824 et
2578 2768 2757 2831 locum
2790 2768 3036 2825 invenire
3068 2785 3173 2829 non
3199 2779 3453 2842 poterat,
3483 2770 3712 2826 adduxit
3738 2785 3832 2828 se-

2222 2875 2344 2916 cum
2378 2861 2516 2917 alios
2545 2870 2756 2930 septem
2788 2861 3069 2925 daemones
3100 2863 3317 2933 pejores
3354 2879 3416 2927 se
3440 2864 3601 2935 (Luc.
3634 2862 3734 2937 xl),
3768 2875 3837 2924 et

2223 2953 2445 3011 intravit
2477 2954 2529 3015 in
2560 2969 2891 3027 synagogam
2912 2998 2926 3020 ,
2955 2965 3006 3015 et
3041 2957 3178 3019 facta
3219 2964 3347 3021 sunt
3391 2957 3690 3015 novissima
3729 2959 3840 3013 tu»

2224 3048 2388 3103 minis
2418 3047 2566 3107 illius
2594 3048 2776 3119 pejora
2808 3049 3111 3119 prioribus.
3164 3050 3409 3121 Denique
3444 3059 3502 3111 et
3538 3051 3835 3124 Synagoga

2145 3149 2191 3214 ο
2223 3138 2538 3199 Judteorum
2588 3148 2880 3209 antequam
2930 3141 3281 3213 cruciﬁgeret
3331 3143 3621 3207 hominum
3650 3187 3666 3210 ,
3708 3154 3836 3205 erat

2223 3231 2445 3304 quidem
2489 3233 2769 3302 peccatrix
2794 3276 2809 3301 ,
2838 3232 2937 3291 sed
2986 3250 3151 3293 unum
3200 3241 3410 3293 tantum
3446 3234 3691 3297 habebat
3716 3236 3835 3295 de:

2221 3340 2460 3381 mortem.
2488 3324 2777 3381 Crucilisit
2814 3326 3124 3391 Dominum.
3153 3336 3205 3383 et
3242 3334 3365 3385 octo
3394 3327 3558 3393 simul
3607 3328 3661 3382 in
3705 3343 3833 3395 eam

2220 3417 2500 3477 daemones
2548 3417 2781 3489 ingressi
2830 3428 2979 3473 sunt.
3026 3416 3313 3491 Impletura
3366 3429 3453 3474 est
3500 3434 3636 3489 ergo
3678 3419 3828 3488 quod

2221 3510 2357 3566 dixit
2388 3533 2400 3568 :
2434 3510 2697 3565 Conslilue
2736 3527 2891 3582 super
2935 3527 3052 3565 eum
3097 3520 3418 3583 peccatorem
3444 3553 3459 3578 ,
3508 3523 3556 3567 ct
3587 3512 3832 3576 diabolus

2220 3612 2316 3657 stet
2342 3602 2597 3658 ademit-is
2637 3603 2772 3673 ejus.
2818 3603 3086 3675 Quoniam
3129 3619 3159 3665 a
3207 3603 3414 3661 dextris
3458 3602 3581 3676 ejus
3629 3604 3825 3671 stetit,

2220 3706 2512 3769 propterea
2542 3696 2834 3768 Synagoga
2869 3698 3071 3757 siccam
3123 3696 3357 3755 habebat
3386 3712 3606 3753 manum
3635 3697 3832 3754 destev

2222 3804 2376 3859 ram,
2407 3788 2545 3843 sicut
2577 3788 2845 3863 scriptum
2894 3796 2982 3843 est
3026 3790 3078 3849 in
3129 3790 3447 3862 Evangelio.
3496 3789 3609 3847 Nos
3638 3800 3829 3855 autem

2221 3896 2462 3944 oremus,
2495 3893 2551 3935 ιιι
2582 3881 2846 3945 Dominus
2876 3891 2985 3939 Stet
3014 3898 3042 3937 a
3074 3882 3284 3945 dextris
3309 3884 3539 3957 nostris,
3566 3884 3831 3943 diabolus

2221 3984 2401 4029 autem
2432 3989 2460 4027 a
2490 3973 2731 4028 sinistris
2762 3973 2916 4043 (Luc.
2950 3972 3049 4047 rt).
3084 3975 3361 4044 Scriptum
3399 3986 3481 4033 cst
3519 3978 3573 4033 in
3616 3976 3831 4035 Zacha-

2222 4068 2304 4121 ria
2339 4085 2350 4119 :
2386 4068 2451 4129 Et
2480 4067 2722 4123 ostendit
2770 4068 2899 4123 mihi
2955 4070 3215 4128 Dominus
3244 4072 3427 4127 Iesum
3460 4071 3823 4130 Sacerdotem

2222 4174 2478 4231 magnum
2507 4202 2521 4227 ,
2557 4168 2793 4215 stantem
2838 4175 3020 4223 coram
3051 4162 3246 4235 angelo
3274 4162 3491 4227 Domini
3518 4205 3534 4232 ,
3567 4175 3623 4220 et
3654 4164 3829 4227 Satau

2223 4254 2398 4311 stabat
2422 4267 2453 4307 a
2476 4252 2683 4309 dextris
2709 4256 2850 4323 ejus,
2880 4261 2939 4308 ut
2960 4266 3227 4329 pugnaret
3257 4270 3379 4315 cum
3403 4271 3470 4313 eo
3492 4255 3687 4329 (Zach.
3717 4265 3826 4326 tu).

2222 4345 2280 4403 Si
2312 4360 2445 4415 ergo
2475 4360 2504 4401 a
2535 4346 2744 4407 dextris
2771 4346 3020 4409 diabolus
3067 4356 3175 4409 stat
3200 4390 3217 4416 ,
3250 4350 3523 4421 quomodo
3568 4366 3719 4407 nunc
3758 4352 3832 4418 de

2220 4439 2356 4499 Juda
2387 4441 2541 4509 dicit,
2566 4450 2616 4500 et
2644 4442 2884 4499 diabolus
2912 4454 3012 4500 stet
3043 4462 3076 4501 a
3099 4445 3298 4501 dextris
3321 4448 3479 4519 eius?
3504 4446 3615 4504 Sed
3646 4448 3830 4515 videte

514 4540 571 4588 et
596 4547 705 4586 non
736 4530 922 4601 implet
948 4528 1284 4585 desiderium
1316 4542 1472 4585 suum
1494 4572 1512 4601 ,
1541 4527 1713 4601 gratis
1750 4526 2111 4599 persequitur.
2140 4539 2196 4609 Β
2220 4532 2350 4603 quid
2374 4532 2505 4593 dicit
2530 4508 2546 4586 7:
2580 4534 2763 4590 Stabat
2790 4534 3043 4592 diabolus
3070 4550 3101 4590 a
3128 4508 3512 4604 dextris'lesu,
3544 4547 3608 4599 ut
3630 4508 3830 4605 adseri-

589 4622 697 4678 Pro
724 4638 784 4679 eo
810 4631 867 4678 ut
897 4638 977 4677 me
997 4620 1296 4694 diligerent,
1330 4619 1670 4675 detrahebant
1702 4621 1832 4675 mihi
1853 4636 1872 4677 :
1895 4636 1991 4690 ego
2021 4637 2115 4674 au-

515 4726 615 4775 tem
636 4715 873 4771 orabam.
902 4716 1006 4771 Pro
1029 4713 1328 4787 beneﬁciis,
1360 4731 1478 4787 quae
1509 4714 1589 4771 eis
1619 4715 1954 4775 contuleram
1974 4756 1987 4780 ,
2015 4713 2117 4784 ipsi

515 4809 875 4865 contumelias
922 4808 1053 4863 mihi
1087 4806 1377 4864 faciebant.
1432 4808 1541 4879 Ego
1574 4818 1754 4870 autem
1784 4805 1911 4878 quid
1945 4806 2114 4863 facie-

515 4901 675 4959 bam?
705 4899 949 4956 Orabam.
983 4901 1109 4956 Hice
1138 4909 1267 4957 sunt
1310 4915 1461 4961 arma
1490 4899 1705 4955 Domini
1739 4899 1894 4956 :btcc
1923 4901 2031 4954 sint
2061 4908 2117 4961 et

516 5004 700 5051 nostra
734 5010 907 5062 arma,
932 4995 1131 5057 oratio.
1157 4994 1215 5050 Si
1236 4993 1455 5069 quando
1480 5008 1612 5064 ergo
1644 5008 1742 5048 nos
1773 4994 2118 5064 persequitur

517 5087 714 5158 aliquis
738 5130 752 5157 ,
790 5099 843 5143 et
882 5088 1001 5143 odit
1036 5102 1156 5159 nos,
1187 5086 1436 5142 dicamus
1469 5104 1481 5140 :
1513 5085 1620 5143 Pro
1644 5103 1701 5143 eo
1734 5097 1789 5142 ut
1822 5102 1900 5142 me
1926 5085 2114 5159 dilige-

515 5194 663 5251 rent,
700 5182 1036 5243 detrahebant
1076 5182 1221 5237 mihi.
1270 5182 1381 5254 Ego
1427 5191 1606 5243 autem
1645 5181 1773 5261 quid
1805 5180 2114 5236 faciebam?

521 5276 750 5330 Orabam
796 5291 813 5329 :
862 5283 921 5331 ut
957 5291 1052 5329 eos
1101 5275 1424 5333 vincerch
1468 5274 1647 5329 Absit.
1695 5273 1957 5329 Dominus
2006 5290 2113 5329 non

516 5369 741 5434 orabat,
773 5379 828 5424 ut
860 5369 1122 5425 vinceret.
1164 5367 1267 5425 Sed
1301 5368 1428 5441 quid
1463 5368 1633 5427 dixit?
1657 5367 1768 5443 Ego
1797 5378 1971 5431 autem
1993 5385 2115 5423 ora-

517 5462 653 5518 bam.
694 5461 832 5531 Quid
867 5460 1151 5523 dicebam?
1177 5461 1362 5534 Pater,
1396 5463 1617 5533 ignosce
1640 5463 1719 5525 eis
1747 5461 1922 5535 :quod
1964 5463 2110 5525 enim

519 5557 745 5627 faciunt,
772 5555 1020 5610 nesciunt
1043 5553 1197 5631 (Luc.
1222 5554 1397 5627 χχιιι).

595 5650 663 5704 Et
685 5657 964 5721 posuerunt
986 5650 1258 5709 adversum
1290 5666 1367 5704 me
1388 5648 1529 5705 mala
1558 5665 1656 5727 pro
1676 5647 1846 5705 bonis.
1868 5650 1928 5711 in
1952 5663 2116 5713 cruce

506 5745 753 5827 positus,
774 5744 1034 5817 rogabam
1058 5757 1160 5821 pro
1182 5743 1617 5815 cruciﬁgentibus
1645 5758 1755 5811 me,
1779 5742 1938 5803 etilli
1964 5741 2116 5799 dice-

2222 4636 2440 4681 saretur
2470 4626 2543 4689 ei,
2576 4626 2677 4685 hoc
2706 4634 2813 4697 est,
2844 4627 3090 4689 dexterae
3117 4630 3240 4703 ejus
3269 4630 3551 4699 adversari
3584 4633 3824 4695 solebat.

2224 4716 2322 4771 llic
2366 4725 2547 4773 autem
2582 4733 2689 4775 non
2720 4718 2894 4793 dicit,
2937 4720 3063 4792 quia
3112 4738 3356 4797 pugnare
3386 4723 3544 4792 wit;
3574 4725 3673 4783 sed
3699 4727 3825 4796 quia

2217 4807 2331 4881 jam
2380 4810 2589 4866 vicerat
2617 4809 2839 4869 ludam.
2892 4812 3150 4875 Diabolus
3196 4814 3269 4869 ibi
3308 4824 3499 4882 contra
3540 4816 3825 4879 dexteram

2223 4900 2501 4963 desiderat
2536 4917 2780 4973 pugnare
2812 4922 2823 4957 :
2859 4903 2947 4961 hic
2973 4918 3156 4965 autem
3186 4905 3502 4975 dominatus
3526 4918 3615 4973 est
3638 4909 3825 4971 dexte-

2222 5010 2299 5051 rae
2330 4994 2507 5052 Iudae.
2541 4996 2648 5052 Sed
2686 5007 2742 5061 et
2772 4997 2877 5059 hoc
2903 4999 3387 5067 considerandum.
3438 5002 3498 5065 lu
3541 5004 3637 5063 illo
3683 5017 3819 5061 tem.

2220 5102 2355 5165 pore
2388 5089 2566 5146 stabat
2593 5105 2626 5153 a
2656 5091 2869 5153 dextris
2918 5091 3176 5165 Domini,
3222 5106 3282 5157 ut
3320 5094 3705 5163 aduersaretur
3733 5098 3817 5167 ei,

2223 5181 2441 5251 quando
2466 5182 2627 5239 Jesus
2659 5181 2891 5239 habebat
2921 5186 3247 5245 vestimenta
3277 5187 3517 5255 sordida.
3552 5187 3648 5257 Sic
3675 5192 3820 5246 enim

2223 5280 2278 5330 et
2323 5274 2392 5328 ibi
2439 5274 2701 5346 scriptum
2748 5285 2834 5332 est
2870 5296 2882 5329 :
2914 5277 2982 5333 Et
3010 5277 3174 5343 Jesus
3220 5278 3456 5347 habebat
3495 5283 3820 5343 restituent:

2223 5365 2469 5422 sordida.
2503 5367 2770 5439 Quamdiu
2804 5367 2969 5429 habet
3016 5371 3280 5435 Dominus
3304 5372 3464 5441 Iesus
3495 5373 3819 5439 Vestimenta

2224 5460 2470 5530 sordida,
2504 5461 2712 5517 tamdiu
2740 5470 2844 5519 stat
2873 5460 3125 5531 diabolus
3149 5480 3178 5523 a
3205 5465 3413 5531 dextris
3443 5467 3586 5543 eius,
3622 5483 3816 5537 quam-

2224 5553 2316 5617 diu
2356 5565 2541 5635 portat
2568 5566 2789 5625 peccata
2821 5566 3004 5619 nostra
3040 5575 3052 5610 :
3082 5557 3136 5619 in
3179 5560 3421 5637 peccatis
3468 5560 3672 5629 nostris
3719 5562 3817 5618 ad-

2224 5658 2477 5709 versatur
2506 5650 2589 5711 illi
2621 5648 2891 5717 diabolus.
2932 5650 3161 5727 Quando
3197 5662 3379 5715 autem
3403 5650 3606 5717 dicitur
3634 5653 3690 5709 in
3722 5655 3821 5717 Za-

2225 5740 2408 5809 charia
2442 5760 2452 5795 :
2488 5742 2686 5801 Tollite
2716 5743 3041 5809 restituente
3074 5743 3192 5816 ejus
3228 5743 3451 5813 sordida
3476 5786 3494 5815 .
3522 5755 3575 5803 et
3614 5746 3822 5821 induite
