4016 6346
172 286 321 353 1157
1126 273 1561 351 υῂενιλιηυω
1592 285 1657 347 tu
1701 286 1808 343 PSA

1916 287 2030 347 [05.
2076 284 2321 346 I'SALM.
2359 284 2541 346 CVIII.
3336 287 3475 345 1158

164 423 301 465 eum
334 402 677 471 mutatoriis,
710 404 971 461 continuo
997 401 1127 459 dicit
1155 404 1313 461 Jesus
1348 404 1415 458 ad
1445 402 1723 461 diabolum
1759 419 1771 455 :
1802 405 1855 466 Α
1883 402 2077 461 Videte
2125 403 2522 461 dissensionem
2581 401 2980 457 Pharisaeorum
3010 408 3065 457 et
3104 400 3473 456 infelicitatem

168 498 433 567 lncrepet
482 496 742 551 Dominus
787 495 840 550 in
895 504 970 563 te,
1003 494 1237 550 Satanas
1263 537 1278 561 ,
1311 494 1559 564 increpet
1603 504 1655 551 te
1688 492 1780 566 qui
1881 494 2058 553 Judte.
2084 493 2139 552 Si
2179 495 2322 553 bene
2365 494 2581 551 emistis
2611 495 2930 565 sanguinem
2959 495 3124 561 Jesu,
3155 510 3322 563 quare
3370 509 3479 549 non

166 590 351 662 elegit
394 589 722 647 Jerusalem.
771 588 884 647 Hoc
928 596 1102 647 totum
1151 587 1276 647 ideo
1317 588 1606 658 diximus;
1655 589 1782 662 quia

171 684 449 756 scriptum
479 695 559 745 est
595 702 606 738 :
642 682 708 739 Et
737 683 976 741 diabolus
1003 691 1099 739 stet
1132 700 1160 735 a
1188 682 1381 739 dextris
1407 685 1539 759 ejus.

253 778 388 836 Cum
411 779 715 853 jun'icalur,
747 788 895 835 exeat
925 777 1315 835 condemnatus.
1369 776 1485 833 Non
1518 778 1701 835 veniat
1728 776 1783 835 in

164 871 468 944 judicium,
500 870 595 927 sed
626 869 680 925 itt
711 868 1256 931 condemnationem.
1308 868 1407 926 Ubi
1450 870 1598 925 enim
1636 867 1786 939 judi-

173 966 330 1020 cium
354 972 460 1031 est,
486 962 559 1018 ibi
588 961 975 1019 condemnatio
1003 980 1014 1014 :
1038 961 1130 1025 ubi
1161 973 1342 1017 autem
1375 960 1783 1028 condenmatio,

168 1054 294 1127 jam
345 1052 633 1110 manifesta
677 1062 763 1109 est
808 1054 1099 1108 sententia.
1153 1051 1220 1107 Et
1252 1053 1422 1108 oratio
1451 1056 1566 1128 ejus
1608 1053 1701 1123 ﬁat
1731 1053 1786 1107 iu

178 1157 474 1221 peccatum.
506 1147 831 1205 Ptenitentia
858 1144 1013 1205 Judas
1041 1190 1054 1211 ,
1086 1146 1243 1217 pejus
1275 1155 1554 1217 peccatum
1582 1147 1786 1205 factum

175 1249 291 1297 est.
328 1240 611 1309 Quomodo
634 1238 791 1310 pejus
817 1247 1100 1311 peccatum
1128 1237 1328 1295 factum
1358 1248 1441 1293 est
1471 1235 1791 1308 pmnitentia

177 1331 344 1389 Juda-
366 1331 391 1386 ?
413 1329 544 1387 lvit.
580 1341 636 1387 et
664 1329 959 1401 suspendio
985 1329 1166 1401 periit.
1200 1330 1269 1387 Et
1295 1330 1383 1400 qui
1408 1330 1655 1401 proditor
1686 1331 1794 1387 Do-

181 1426 323 1482 mini
350 1424 527 1481 factus
555 1433 640 1479 est
666 1466 682 1490 ,
713 1424 800 1480 hic
831 1433 889 1481 et
921 1424 1282 1494 interemptor
1310 1425 1391 1480 sui
1423 1424 1651 1481 exstitit.
1687 1424 1794 1481 Pro

180 1518 484 1573 clementia
525 1515 745 1571 Domini
777 1516 879 1571 hoc
908 1516 1033 1570 dico
1066 1533 1077 1568 :
1106 1517 1233 1591 quia
1276 1516 1451 1589 magis
1479 1533 1544 1577 es
1580 1517 1684 1575 hoc
1715 1518 1797 1572 of-

182 1611 364 1669 fendit
392 1611 703 1676 Dominum,
737 1610 860 1681 quia
892 1623 954 1667 se
986 1609 1295 1683 suspendit,
1320 1626 1479 1681 quam
1507 1611 1650 1682 quod
1686 1612 1788 1666 Do-

183 1705 403 1762 minum
432 1703 689 1775 prodidit.
719 1701 1026 1773 Oportebat
1051 1703 1357 1758 orationem
1388 1703 1565 1775 ipsius
1594 1718 1718 1759 esse
1740 1701 1794 1765 in

1885 588 2171 658 recepistis
2199 588 2485 658 pecuniam
2514 586 2797 644 vestram?
2836 587 2892 642 Si
2937 596 3120 641 autem
3173 605 3279 640 trutt
3312 587 3479 643 vultis

1887 683 2159 752 recipere,
2183 681 2440 753 quoniam
2465 680 2698 752 pretium
2726 679 3014 751 sanguinis
3043 689 3127 735 est
3153 696 3165 732 :
3190 678 3485 734 ostenditis

1888 775 2252 843 vosmetipsos
2283 774 2484 845 injuste
2526 782 2583 830 et
2610 773 2798 845 inique
2841 771 3106 829 eﬁ‘udisse
3133 773 3478 842 sanguinem.

1886 868 1996 927 Sed
2024 867 2151 924 vide
2179 867 2309 938 quid
2345 866 2566 923 faciunt.
2603 866 2805 937 Ipsam,
2836 865 3030 936 inquit,
3062 865 3347 935 pecuniam
3374 878 3481 918 non

1890 959 2112 1016 mittunt
2136 961 2188 1019 in
2218 960 2545 1025 corbonatn,
2574 960 2670 1017 sed
2697 968 2887 1016 emunt
2911 975 2978 1016 ex
3017 959 3132 1030 ipsa
3169 973 3354 1030 agrum
3380 1001 3394 1025 ,
3429 965 3485 1014 et

1887 1053 2164 1124 appellant
2209 1069 2332 1109 cum
2378 1053 2829 1121 Acheldemach,
2877 1052 3018 1122 quod
3066 1052 3481 1121 interpretatur,

1892 1150 2111 1221 pretium
2132 1149 2404 1221 sanguinis
2423 1148 2641 1221 (Hattlt.
2668 1148 2865 1220 xxvn).
2892 1150 3067 1215 Quare
3094 1148 3246 1203 illum
3267 1147 3489 1203 emunt?

1894 1241 1950 1297 ln
1985 1241 2323 1312 sepulturam
2367 1242 2805 1313 peregrinorum.
2850 1239 2959 1295 Nos
3000 1240 3145 1296 beati
3186 1240 3385 1311 quibus
3420 1239 3490 1297 de

1896 1335 2074 1406 pretio
2104 1335 2388 1406 sanguinis
2419 1333 2633 1389 Domini
2666 1348 2798 1405 ager
2843 1333 3061 1388 emitur.
3112 1331 3180 1410 Islt
3219 1349 3354 1387 ua'or
3380 1334 3494 1404 ejus

1896 1426 2073 1481 vidua.
2105 1426 2418 1499 Synagoga,
2451 1442 2571 1499 quae
2604 1427 2776 1496 prima
2812 1425 2950 1481 far-ta
2982 1434 3066 1481 est
3099 1442 3234 1482 uxor
3267 1426 3359 1480 Dei
3381 1467 3395 1493 ,
3426 1425 3497 1482 de

1897 1536 2001 1592 qua
2020 1522 2194 1579 dixit:
2223 1524 2282 1578 Et
2305 1522 2458 1579 dedit
2487 1522 2565 1577 illi
2596 1520 2840 1576 libellum
2865 1519 3080 1590 repudii
3105 1519 3285 1591 (Deut.
3311 1519 3490 1588 xxtv).

1899 1617 1969 1673 Et
1995 1615 2190 1673 iterum
2228 1636 2239 1669 :
2270 1616 2472 1687 Recepi
2500 1632 2642 1680 eam,
2673 1623 2729 1671 et
2755 1615 2869 1671 dixi
2904 1615 2980 1670 illi
3016 1633 3028 1668 :
3062 1615 3398 1671 Convertere
3430 1614 3495 1671 ad

1903 1724 1986 1763 me
2012 1707 2145 1777 (Jer.
2178 1707 2283 1780 nt).
2318 1708 2414 1763 Illa
2446 1725 2578 1779 ergo
2623 1709 2909 1780 Syuagoga
2950 1708 3240 1777 repudium
3287 1708 3502 1778 accepit

186 1796 575 1870 paenitentiam
601 1836 616 1867 ,
646 1802 705 1850 et
734 1808 894 1849 versa
921 1805 997 1847 esr
1034 1794 1086 1849 in
1118 1805 1423 1865 peceatum.
1467 1793 1636 1851 Vides
1686 1795 1795 1851 bm—
1826 1797 1874 1861 B
1902 1817 1930 1859 a
1965 1801 2286 1871 Salvatore,
2319 1812 2374 1858 et
2408 1803 2547 1859 facta
2578 1812 2663 1859 est
2699 1818 2836 1858 utter
2862 1803 3019 1858 Judte
3053 1802 3371 1873 proditoris.
3402 1805 3502 1858 l'e-

188 1886 429 1944 relicum
454 1894 728 1953 orantem,
753 1885 907 1941 vides
928 1885 1202 1953 Jttda-utn,
1221 1886 1375 1943 vides
1400 1887 1758 1943 Μιηιὶςὴειξιηιι
1783 1905 1794 1941 :

191 1982 331 2038 licet
366 1979 655 2051 jejnnent,
691 1979 817 2034 licet
858 1988 1056 2045 orent,
1102 1988 1279 2035 tamen
1329 1981 1508 2035 oratio
1555 1980 1797 2051 ipsorum

190 2072 439 2130 vertitur
466 2072 518 2127 in
545 2080 850 2144 peccatum.

277 2166 437 2221 Fiant
467 2167 577 2220 dies
622 2166 735 2239 ejus
767 2165 939 2235 pauci.
972 2165 1099 2221 Dies
1143 2165 1260 2237 ejus
1286 2162 1441 2236 pauci
1473 2164 1598 2221 facti
1626 2175 1750 2221 sunt
1786 2184 1798 2218 :

200 2270 401 2316 noctes
428 2274 555 2314 vero
577 2266 893 2314 creverunt.
925 2257 1197 2328 Receptus
1218 2267 1302 2313 est
1323 2260 1467 2314 enim
1499 2258 1553 2315 in
1577 2258 1803 2314 dimidio

196 2352 419 2407 dierum
452 2364 699 2405 suorum.
730 2348 822 2404 Sol
855 2348 925 2404 ab
953 2351 1075 2419 ipso
1105 2349 1336 2405 recessit
1358 2389 1374 2418 ,
1408 2360 1461 2405 et
1492 2365 1620 2409 ecce
1652 2362 1806 2407 tene-

199 2445 321 2501 brat
350 2443 401 2501 ei
445 2442 819 2515 multiplicata:
847 2451 996 2498 sunt.
1031 2442 1096 2496 Et
1125 2444 1480 2511 episcopatum
1528 2448 1639 2520 ejus
1669 2445 1808 2499 acci-

199 2538 317 2611 piat
348 2535 500 2590 alter.
537 2535 649 2590 Hoc
677 2544 732 2591 et
762 2535 815 2593 in
854 2533 1084 2590 Actibus
1128 2536 1500 2607 apostolorum
1549 2538 1809 2595 manifes-

201 2633 318 2690 tius
365 2632 779 2703 interpretatum
830 2639 918 2683 est
948 2627 1086 2700 (Act.
1112 2630 1177 2699 ι).
1223 2628 1337 2686 Non
1391 2631 1567 2685 solum
1619 2639 1803 2689 autem

203 2725 270 2782 in
317 2726 412 2781 illo
440 2735 687 2801 tempore
711 2724 780 2781 de
808 2723 945 2780 Juda
984 2722 1186 2779 dictum
1221 2733 1345 2792 est;
1377 2724 1470 2781 sed
1498 2739 1674 2795 usque
1709 2726 1808 2781 ho-

204 2819 306 2876 die
331 2818 563 2891 dicitur,
595 2827 650 2873 et
679 2812 848 2888 usque
881 2818 935 2872 in
965 2816 1107 2872 diem
1146 2816 1364 2887 judicii.
1409 2816 1464 2873 Si
1498 2817 1615 2887 ipse
1639 2816 1810 2874 Judas

202 2911 580 2986 apostolatnm
626 2909 906 2983 perdidit,
952 2910 1265 2966 custodiant
1304 2924 1363 2964 se
1390 2908 1710 2966 sacerdotes
1755 2917 1811 2966 et

204 3006 491 3079 episcopi,
520 3014 579 3060 nt
613 3020 722 3060 non
753 3014 807 3059 et
836 3004 939 3075 ipsi
966 3019 1125 3060 suum
1157 3003 1525 3061 sacerdotium
1557 3005 1807 3077 perdant.

202 3100 268 3159 Si
300 3099 584 3172 apostolus
629 3096 861 3166 cecidit,
899 3096 1113 3153 facilius
1157 3096 1454 3155 monachus
1499 3106 1679 3169 potest
1721 3114 1812 3153 ca-

1905 1894 2067 1964 nique
2098 1894 2228 1964 quid
2273 1893 2441 1951 fecit?
2487 1894 2602 1949 Non
2653 1895 2868 1964 accepit
2913 1896 3092 1953 dolent
3124 1938 3139 1961 ,
3191 1895 3289 1950 sed
3320 1895 3501 1949 dotem

1903 1989 2101 2047 tuoritu
2131 2004 2232 2045 suo
2262 1988 2430 2045 dedit.
2460 1990 2666 2046 lterum
2698 2000 2878 2044 autem
2908 1989 2999 2043 ille
3032 1990 3376 2044 miserrimus
3405 1989 3500 2045 Jno

1903 2081 2003 2141 das
2031 2082 2122 2154 qui
2150 2082 2388 2153 prodidit
2407 2083 2724 2151 Dominum,
2753 2101 2859 2138 non
2888 2085 2998 2139 vult
3024 2086 3274 2156 accipere
3300 2086 3500 2140 malam

1904 2174 2087 2231 dotem
2117 2190 2131 2239 ;
2163 2174 2258 2230 sed
2293 2174 2528 2231 reddidit
2562 2177 2837 2232 meretrici
2869 2178 3025 2232 uxori
3057 2180 3259 2234 malam
3293 2178 3501 2240 dotem,

1906 2254 2066 2336 quam
2115 2268 2331 2337 acrepit
2378 2267 2448 2325 ab
2498 2268 2610 2324 illa.
2665 2269 2733 2325 Et
2767 2269 2895 2339 quid
2938 2269 3119 2325 dicit?
3171 2270 3507 2340 Displicuisti

1909 2358 2074 2430 priori
2106 2369 2198 2419 tuo
2227 2361 2445 2427 marito,
2479 2361 2784 2432 repudiarit
2815 2374 2889 2430 te,
2923 2374 2976 2419 et
3007 2365 3257 2433 proiecit,
3282 2374 3339 2420 et
3358 2364 3511 2419 dedit

1909 2451 2001 2513 tibi
2033 2452 2283 2513 libellttm
2309 2454 2545 2525 repudii.
2574 2455 2690 2525 Ego
2719 2456 2847 2511 nolo
2868 2465 2920 2510 te
2946 2456 3150 2513 habere
3176 2457 3229 2511 in
3257 2473 3503 2513 ltXt-l't‘ttt.

1912 2543 2117 2599 Dedisti
2168 2544 2299 2603 mihi
2348 2546 2582 2615 pretium
2607 2588 2621 2611 ,
2656 2559 2707 2605 et
2741 2546 3006 2616 deer-pisti
3040 2565 3146 2602 me.
3183 2548 3250 2603 Et
3274 2564 3393 2620 qua:
3424 2550 3508 2604 irt-

1910 2635 2173 2695 terfecisti
2207 2636 2497 2697 Dominum
2549 2639 2717 2697 Deum
2751 2648 2902 2695 tttttttt
2926 2682 2941 2705 ,
2983 2640 3282 2697 interlicies
3311 2650 3366 2697 et
3398 2657 3503 2696 me.

1910 2727 2026 2787 Non
2057 2743 2277 2802 possum
2305 2731 2451 2787 enim
2483 2730 2536 2789 in
2568 2730 2853 2801 Scriptura
2881 2731 3151 2799 invenire,
3178 2732 3319 2803 quod
3341 2731 3512 2788 Judas

1913 2830 1939 2859 ει
1971 2821 2218 2876 habuerit
2252 2831 2344 2877 aut
2373 2837 2623 2887 uxorem,
2659 2831 2753 2877 aut
2785 2824 2945 2878 lilios.
3192 2828 3195 2831 ’

1982 2911 2248 2973 Nutantes
2277 2918 2664 2985 transferantur
2693 2915 2794 2986 ﬁlii
2821 2917 2959 2987 ejus,
2992 2926 3039 2972 et
3074 2916 3384 2975 mendicent.
3418 2918 3511 2973 Di-

1913 3008 2144 3080 ligenter
2192 3008 2545 3069 considerate
2578 3025 2593 3064 :
2627 3008 2902 3078 siquidem
2941 3009 3189 3067 difﬁcilia
3218 3022 3345 3067 sunt
3389 3028 3514 3082 qua:

1915 3109 2239 3172 sequuntur.
2277 3100 2354 3157 Es
2387 3100 2478 3156 illo
2510 3108 2759 3171 tempore
2793 3117 2859 3158 es
2899 3117 3008 3172 quo
3038 3102 3302 3159 Dominus
3328 3104 3510 3160 cruci~

208 3199 367 3254 dere.
396 3196 584 3253 Virtus
625 3208 731 3249 non
764 3192 925 3264 perit,
960 3192 1089 3251 licet
1131 3192 1297 3249 homo
1326 3191 1483 3248 cadat
1512 3201 1569 3248 et
1599 3203 1804 3265 pereat.
1833 3190 1879 3261 C
1914 3190 2051 3249 lixus
2072 3200 2175 3259 est,
2200 3208 2263 3249 es
2291 3203 2418 3251 tunc
2442 3209 2662 3265 semper
2688 3204 2981 3253 moventur
3006 3196 3201 3266 Judtei,
3235 3213 3343 3252 non
3366 3206 3515 3253 stant

204 3292 419 3348 Tamen
467 3289 731 3346 Dominus
756 3284 1015 3343 denarios
1044 3300 1175 3343 suos
1209 3285 1306 3341 dat
1344 3286 1447 3342 srrb
1485 3287 1697 3347 tenore.
1751 3286 1809 3344 Si

209 3384 308 3439 ille
331 3396 438 3440 non
464 3380 835 3452 duplicaverit
858 3421 871 3443 .
906 3378 1172 3449 accipitur
1204 3379 1434 3450 pecunia
1463 3379 1613 3451 ejus.
1639 3391 1695 3437 et
1717 3379 1813 3436 da-

209 3477 361 3534 bitur
413 3475 660 3535 babenti.
736 3474 970 3531 Pecunia
1023 3471 1237 3531 Domini
1291 3472 1466 3531 otiosa
1519 3486 1643 3529 esse
1700 3488 1809 3529 non

208 3578 418 3643 potest.

287 3662 450 3721 Fiant
479 3662 581 3734 ﬁlii
610 3662 725 3735 ejus
754 3659 999 3731 orpltani,
1033 3666 1081 3715 et
1111 3674 1247 3715 uxor
1276 3658 1389 3730 ejus
1418 3657 1596 3712 vidua.
1624 3655 1816 3717 Videte

214 3756 343 3829 quia
391 3765 735 3811 sacramenta
782 3759 910 3806 sunt
956 3765 1075 3825 qum
1121 3749 1397 3804 dicuntur.
1445 3748 1614 3806 Filios
1661 3747 1815 3804 Judte

218 3864 360 3920 quos
391 3847 590 3920 putas?
617 3846 855 3903 Judtcos.
903 3845 971 3900 Et
999 3843 1173 3902 Judrei
1204 3843 1461 3901 dicuntur
1490 3858 1598 3901 non
1626 3843 1695 3900 ab
1722 3842 1816 3899 illo

219 3942 365 3999 Juda
393 3949 613 4010 saneto,
639 3938 736 3996 sed
771 3940 839 3995 ab
869 3938 976 3994 isto
1014 3936 1313 4010 proditore.
1368 3934 1446 3990 Ex
1490 3936 1582 3990 illo
1624 3942 1818 3992 sancto

224 4050 329 4091 nos
354 4048 542 4091 sumus
571 4030 747 4089 Juda-i
779 4030 1094 4103 spirituales
1130 4047 1141 4081 :
1173 4044 1236 4085 ex
1282 4028 1377 4085 illo
1420 4039 1602 4084 autem
1636 4027 1819 4099 prodi-

225 4138 382 4195 tore,
427 4127 517 4181 isti
563 4132 692 4181 suut
717 4123 893 4180 Judaei
943 4122 1213 4178 carnales.
1268 4121 1509 4193 Denique
1537 4119 1647 4177 duo
1695 4130 1820 4177 sunt

218 4219 459 4292 apostoli
488 4261 502 4286 ,
532 4219 624 4295 qui
655 4226 917 4274 vocantur
947 4215 1101 4272 Juda:
1145 4215 1435 4275 vocabulo.
1489 4215 1820 4275 Undecimus

220 4313 508 4386 apostolus
535 4322 639 4387 est,
668 4312 758 4383 qui
787 4311 988 4369 dicitur
1018 4309 1190 4369 Judas
1217 4310 1428 4369 Jacobi.
1459 4310 1821 4369 Duodecimus

221 4417 411 4464 autem
462 4416 582 4475 est,
615 4414 671 4463 et
710 4404 1077 4473 notissimus,
1113 4403 1203 4475 qui
1232 4413 1452 4459 vocatur
1475 4401 1646 4461 Judas
1681 4401 1821 4457 lscao

222 4502 421 4561 rietes.
455 4502 533 4561 Es
566 4501 661 4558 illo
682 4517 816 4574 ergo
840 4500 979 4559 Juda
1010 4500 1221 4568 Jacobi,
1257 4515 1357 4557 nos
1383 4499 1621 4556 dicimur
1646 4498 1819 4557 Judaei

1915 3285 1966 3341 in
2011 3299 2111 3343 suo
2142 3285 2284 3343 loco.
2319 3286 2558 3358 Denique
2584 3286 2783 3343 dicitur
2821 3296 2878 3342 et
2917 3289 2986 3344 de
3017 3288 3152 3345 Cain
3187 3307 3202 3346 :
3256 3290 3321 3346 Et
3345 3290 3509 3355 exiit,

1914 3376 2110 3448 inquit,
2139 3376 2272 3439 Cain
2300 3394 2331 3435 a
2377 3378 2516 3436 facie
2555 3378 2675 3447 Dei.
2720 3390 2778 3437 et
2801 3380 3069 3437 habitavit
3107 3382 3161 3437 in
3208 3392 3352 3438 terra
3396 3381 3515 3438 Nod

1913 3468 2071 3542 (Gen.
2106 3471 2182 3544 tv)
2215 3489 2227 3531 :
2259 3472 2376 3531 Nod
2404 3480 2585 3531 autem
2617 3474 3007 3544 interpretatur
3045 3476 3339 3531 commotio.
3374 3476 3513 3545 Quia

1915 3578 2167 3635 egressus
2208 3564 2385 3622 fuerat
2425 3581 2454 3622 a
2487 3568 2626 3624 facie
2656 3567 2751 3625 Dei
2782 3568 2917 3627 Caio
2960 3586 2972 3622 :
3005 3579 3155 3626 recte
3186 3585 3292 3629 nou
3338 3571 3511 3638 stetit,

1916 3654 2010 3711 sed
2041 3656 2307 3711 habitavit
2336 3656 2388 3712 in
2414 3667 2553 3712 terra
2580 3658 2720 3725 Nod,
2767 3659 2870 3714 hoc
2900 3671 3006 3724 est,
3039 3660 3089 3716 in
3120 3660 3514 3717 commotione.

1919 3748 1991 3804 lt.)
2026 3751 2186 3823 igitur
2205 3758 2262 3809 et
2288 3753 2399 3817 isti,
2424 3753 2683 3824 quoniam
2705 3753 3095 3813 crueiﬁxerunt
3132 3754 3298 3809 Deum
3328 3761 3385 3809 et
3410 3752 3519 3809 Do-

1918 3845 2123 3902 minum
2146 3861 2325 3914 suum,
2356 3856 2605 3907 nutantes
2628 3846 3049 3905 transferentur.
3074 3846 3189 3903 Non
3221 3846 3369 3904 enim
3391 3854 3520 3902 sunt

1918 3935 1974 3995 in
2000 3935 2112 3991 suis
2143 3936 2308 4003 locis;
2341 3938 2436 3994 sed
2466 3939 2522 3995 in
2552 3946 2671 3997 toto
2702 3939 2832 3995 orbe
2861 3939 3029 3997 divisi
3067 3949 3216 3996 sunt.
3251 3938 3517 3994 Mendici-

1920 4038 2084 4087 tatem
2131 4029 2218 4087 hie
2256 4030 2390 4093 dicit
2429 4032 2740 4091 divitiarum
2788 4033 3173 4104 spiritualium.
3204 4032 3322 4090 Non
3371 4033 3518 4088 enim

1923 4122 2122 4179 habent
2167 4125 2480 4196 prephetas,
2520 4140 2628 4188 non
2678 4126 2888 4184 habent
2917 4127 3139 4198 Legem,
3172 4144 3279 4183 nun
3318 4126 3524 4185 habent

1921 4217 2307 4288 sacerdotium,
2341 4235 2449 4275 non
2475 4219 2677 4277 habent
2709 4220 3060 4289 sacriﬁcium,
3083 4220 3181 4278 sed
3210 4236 3341 4279 vere
3362 4236 3520 4278 men-

1922 4308 2028 4369 dici
2062 4309 2187 4366 facti
2214 4318 2365 4368 sunt.

1995 4403 2274 4463 Scrutatur
2304 4407 2560 4478 fenerator
2602 4422 2808 4465 carnem
2852 4406 3198 4463 substantiam
3237 4409 3369 4478 ejus.
3419 4405 3525 4462 De-

1924 4494 2050 4557 disti
2080 4497 2157 4557 illi
2189 4498 2496 4568 pecuniam,
2531 4498 2793 4556 Domine:
2817 4498 3015 4556 dedisti
3039 4499 3116 4554 illi
3148 4499 3289 4555 sicut
3309 4509 3363 4554 et
3379 4499 3523 4559 aliis.

222 4595 562 4671 spirituales,
594 4611 660 4655 ex
692 4595 802 4653 isto
828 4605 1009 4652 autem
1040 4595 1324 4658 lseariote,
1354 4591 1431 4648 illi
1453 4592 1709 4648 dicuntur
1728 4593 1822 4647 Ju-
1847 4584 1905 4647 D
1929 4586 2021 4645 llle
2044 4594 2223 4645 autem
2255 4588 2384 4659 quid
2422 4591 2580 4645 fecit?
2606 4589 2727 4649 Non
2758 4591 2943 4661 ligavit
2973 4592 3025 4645 in
3056 4589 3298 4655 sudario,
3330 4599 3384 4645 et
3414 4604 3526 4646 non

222 4689 333 4749 mei
365 4688 639 4747 carnales.
674 4688 768 4747 Ille
795 4687 963 4747 Judas
990 4694 1145 4763 pater
1172 4693 1361 4745 noster
1385 4685 1588 4741 dicitur
1607 4684 1821 4757 Jacobi,

225 4777 335 4835 hoc
365 4788 472 4849 εει,
504 4778 674 4835 Judas
707 4770 851 4834 lilius
877 4776 1331 4851 supplantatoris.
1362 4775 1473 4837 Nos
1513 4777 1656 4833 enitn
1696 4792 1823 4846 sup-

226 4870 595 4944 plantavimus
625 4869 884 4943 populum
911 4869 1224 4927 Jttdteorum
1264 4878 1323 4927 et
1362 4868 1675 4940 accepimus
1716 4868 1825 4940 pri-

228 4962 417 5018 mitiva
458 4962 677 5019 illorum
714 5004 730 5032 ,
779 4961 861 5019 illi
905 4970 1089 5018 autem
1142 4977 1205 5017 es
1237 4959 1500 5021 lscariote
1545 4962 1823 5031 dicuntur,

230 5058 377 5131 quod
416 5058 639 5117 dubium
685 5067 793 5133 est,
838 5072 908 5112 an
941 5066 1147 5125 patrem
1198 5056 1507 5129 signiticet,
1546 5072 1613 5112 an
1645 5055 1822 5111 villam

232 5151 374 5223 ejus.
397 5150 674 5208 Caeterum
696 5150 1211 5221 quomodocumque
1232 5149 1358 5207 inter
1377 5159 1617 5220 prolatus
1634 5147 1826 5217 fueris,

234 5258 443 5300 merces
488 5243 891 5317 interpretatur
941 5251 997 5298 et
1043 5242 1303 5313 pretium.
1344 5242 1510 5309 Igitur
1543 5240 1711 5296 Judas
1738 5240 1829 5312 qui

234 5338 554 5411 proditurus
598 5346 719 5393 erat
750 5336 1032 5392 Dominum
1057 5378 1072 5402 ,
1105 5348 1157 5397 et
1192 5336 1424 5407 pretium
1466 5344 1827 5405 accepturus,

234 5431 300 5487 de
340 5429 523 5499 pretio
565 5442 765 5483 nomen
801 5426 1031 5498 accepit.
1065 5425 1219 5483 Licet
1250 5424 1555 5487 reddiderit
1592 5424 1829 5496 pretium

233 5521 616 5580 sacerdotibus
644 5518 986 5591 Judaeorum,
1017 5519 1111 5575 sed
1147 5530 1324 5574 tamen
1357 5517 1432 5577 illi
1463 5516 1833 5578 condemnant

230 5632 372 5688 eum,
399 5615 673 5690 quoniam
723 5613 913 5669 nolunt
962 5614 1206 5685 recipere
1250 5613 1485 5693 pretium
1531 5612 1829 5695 sanguinis.

1926 4679 2119 4739 infudit
2152 4689 2331 4747 terrae,
2366 4690 2424 4739 et
2464 4680 2744 4751 negligens
2784 4679 2916 4746 fuit;
2960 4681 3055 4736 sed
3088 4681 3179 4735 ubi
3217 4679 3400 4739 habuit
3448 4688 3531 4734 ta.

1928 4773 2129 4830 lentum
2155 4780 2210 4829 et
2238 4773 2522 4844 pecuniam
2557 4772 2796 4838 Domini,
2828 4773 3039 4842 aocepit
3069 4771 3302 4841 pretium
3328 4772 3396 4827 ab
3422 4772 3530 4828 ini-

1929 4865 2086 4925 micis
2114 4866 2343 4936 Domini,
2372 4873 2431 4925 et
2449 4865 2694 4925 vendidit
2720 4866 3005 4923 Dominum
3030 4864 3361 4935 suunt(Lue.
3383 4868 3526 4937 xu).

1929 4960 2225 5032 Propterea
2276 4960 2368 5017 tibi
2409 4961 2533 5021 dico
2574 4978 2589 5018 :
2642 4960 2905 5027 Domine,
2947 4960 3104 5031 exige
3142 4960 3335 5016 abillo
3376 4959 3536 5017 lenus

1930 5052 2174 5128 pecuniae
2214 5061 2339 5111 ture.
2377 5052 2442 5113 Et
2475 5053 2728 5123 diripiant
2758 5053 2918 5113 alieni
2959 5050 3157 5111 labores
3188 5054 3327 5124 ejus.
3362 5050 3536 5109 Fene.

1934 5153 2084 5203 ratur
2110 5143 2392 5212 Dominus,
2424 5144 2710 5203 manifeste
2739 5145 2929 5215 exigit,
2952 5155 3008 5207 et
3034 5144 3160 5216 quid
3184 5146 3381 5204 factum
3410 5146 3536 5205 est?

1935 5237 2111 5295 Alieni
2140 5238 2393 5309 dir-ipient
2416 5238 2630 5297 labores
2647 5239 2788 5309 ejus.
2814 5238 2942 5301 Sive
2967 5238 3034 5299 de
3054 5239 3310 5299 nantibus
3330 5239 3537 5300 Juda-is

1935 5329 2263 5403 generaliter
2316 5329 2706 5402 intelligimus:
2757 5329 2882 5401 quia
2928 5330 3119 5393 vastati
3175 5343 3309 5395 sum
3346 5350 3379 5393 ε
3426 5332 3539 5393 Ro.

1938 5421 2140 5481 manis.
2166 5422 2290 5483 Sive
2319 5423 2652 5493 specialiter,
2686 5422 2830 5496 quod
2868 5438 2898 5481 a
2927 5422 3270 5489 dzetnonibus
3296 5428 3542 5498 direptus

1936 5523 2021 5577 est
2050 5514 2244 5593 Judas,
2272 5522 2327 5570 et
2355 5515 2470 5583 ipse
2497 5515 2752 5585 populus.

2015 5607 2136 5662 Non
2167 5607 2234 5662 sit
2264 5605 2345 5661 illi
2372 5606 2604 5678 adjutor,
2639 5621 2734 5660 nec
2762 5606 2829 5662 sit
2864 5608 2950 5677 qui
2988 5609 3291 5664 misereatur
3326 5610 3541 5683 pupillis

230 5872 237 5881 ο
302 5813 330 5845 ι
354 5803 587 5862 Juvabit
608 5797 907 5858 recoluisse
929 5809 1052 5869 qua
1079 5792 1245 5874 tradit
1263 5790 1583 5867 Euthymida
1612 5790 1667 5851 in
1696 5789 1842 5859 hunc
1879 5790 2083 5851 locum.
