4016 6326
548 261 688 319 H59

1336 219 1683 317 APPENDIX
1724 256 1813 314 AD
1852 255 2098 316 TOMUM
2138 257 2488 318 SEPTIMUM
2529 259 2588 319 S.
2631 259 3035 320 HIERONYMI.

3733 261 3883 322 “£9

547 380 683 449 ejus.
715 377 768 431 ln
798 375 892 432 illo
922 383 1168 447 tempore
1201 389 1305 430 non
1338 374 1525 431 habuit
1564 376 1798 448 populus
1826 375 2136 432 Judmorum
2166 381 2213 440 A
2241 380 2592 451 compunctio
2632 396 2643 434 :
2689 380 2946 452 quoniam
2992 388 3387 452 persequentes
3430 395 3519 438 me
3560 395 3676 437 non
3721 384 3879 453 potui

547 469 871 538 adjutorem.
927 467 1274 536 Respondete
1320 465 1475 533 tnihi,
1523 483 1556 522 0
1605 467 1801 523 Judaei.
1836 467 2039 522 Fuistis
2091 469 2144 522 in

549 559 873 632 Babylonia:
897 559 1160 615 habuistis
1183 558 1252 614 ibi
1286 559 1605 630 prophetas,
1631 560 1846 627 Daniel,
1869 561 2146 629 Ezechiel,

550 665 606 710 et
646 670 831 709 revera
863 653 1163 708 idololatrze
1190 654 1373 708 eratis.
1404 653 1756 726 Septuaginta
1786 656 1941 710 annis
1970 653 2150 710 fuistis

548 747 604 805 in
645 746 978 814 captivitate,
1025 755 1081 802 et
1121 755 1307 818 postea
1348 748 1574 802 venistis
1621 749 1672 803 in
1714 749 1958 820 propria.
2012 750 2150 806 Ecce

549 856 693 900 nunc
720 840 1100 912 quadringenti
1142 850 1169 878 ⁸
1198 841 1351 908 anni,
1385 857 1556 912 quare
1587 858 1691 897 non
1739 853 1822 898 est
1851 843 2049 898 missus
2081 841 2148 898 ad

547 952 649 994 vos
693 935 1000 1009 propheta?
1043 937 1097 992 ln
1141 936 1236 992 illo
1275 944 1524 1008 tempore
1571 937 1716 993 idola
1761 938 2048 1006 colebatis,
2095 947 2152 994 et

546 1029 917 1086 miserebatur
961 1028 1130 1084 vestri
1175 1028 1340 1085 Deus.
1383 1028 1539 1086 Nunc
1586 1039 1766 1086 autem
1819 1047 1929 1087 non
1970 1031 2152 1088 colitis

548 1124 714 1190 idola,
747 1139 916 1194 quare
942 1121 1237 1193 dereliquit
1264 1137 1364 1177 vos
1394 1123 1696 1177 Dominus?
1723 1124 1860 1180 Ecce
1891 1123 2152 1195 quadrin-

545 1219 692 1292 genti
716 1219 846 1274 anni
876 1226 1024 1275 sunt.
1057 1217 1165 1273 Sed
1198 1225 1327 1272 tunc
1349 1217 1720 1288 dereliquistis
1753 1217 2067 1286 Dominum,
2098 1227 2154 1274 et

548 1313 694 1371 idola
726 1313 994 1370 colebatis
1029 1330 1041 1366 :
1074 1326 1217 1366 nunc
1263 1319 1444 1367 autem
1475 1310 1764 1367 Dominum
1806 1311 2152 1368 cruciﬁxiSIis

549 1418 603 1463 et
635 1404 1006 1470 interfecistis,
1041 1414 1096 1458 et
1122 1401 1244 1459 ideo
1268 1416 1376 1458 non
1405 1402 1511 1458 erit
1534 1401 1696 1456 vobis
1728 1401 1968 1472 adjutor.

621 1498 689 1554 In
733 1497 1059 1571 generatione
1108 1511 1215 1550 una
1260 1495 1496 1550 deleatur
1539 1513 1723 1550 nomen
1771 1497 1909 1566 ejus.
1951 1497 1996 1551 Ο
2027 1510 2155 1568 pro-

553 1591 758 1664 phetia,
806 1609 840 1645 o
877 1599 1284 1646 sacramentum
1328 1588 1672 1661 prophetiae!
1716 1589 1784 1644 In
1826 1589 2154 1662 generatione

553 1702 661 1741 una
703 1684 937 1739 deleatur
964 1699 1151 1738 nomen
1198 1683 1329 1753 ejus.
1374 1681 1510 1738 Post
1549 1683 1858 1752 passionem
1912 1681 2148 1750 Domini,

2250 473 2484 529 salvarc.

2321 567 2504 624 Libera
2526 587 2625 636 me,
2657 572 2779 642 quia
2801 587 2994 646 egenus
3007 581 3052 627 et
3079 587 3279 643 pauper
3305 587 3424 626 sum
3449 587 3568 643 ego.
3598 569 3880 625 Dominus

2251 677 2310 717 se
2352 677 2643 732 pauperem
2688 663 2845 732 dixit,
2886 673 2945 721 ut
2983 680 3251 736 pauperes
3281 665 3700 721 consolaretur.
3736 663 3880 720 Cum

2252 753 2564 810 hominibus
2598 773 2800 827 pauper
2840 757 3014 814 factus
3053 768 3156 825 est,
3191 767 3248 814 ut
3290 759 3483 814 saltem
3533 775 3707 814 nemo
3742 774 3883 829 pau-
3964 755 3965 764 “

2251 860 2436 916 percm
2466 846 2790 918 despiceret.
2825 847 2892 902 Et
2923 866 3012 904 cor
3033 867 3202 905 meum
3231 852 3601 906 conturbatum
3630 861 3709 906 est
3732 852 3883 905 intra

2253 953 2350 992 me.
2395 937 2729 1010 Videtequid
2759 940 2932 996 dicat:
2964 939 3034 995 Et
3069 959 3158 996 cor
3183 959 3348 996 meum
3377 943 3757 998 conturbatum
3804 956 3880 997 est

2253 1031 2391 1085 intra
2411 1030 2800 1103 me.lpsumcst
2830 1034 3114 1103 quodalibi
3135 1035 3264 1091 dicit
3287 1053 3298 1087 :
3325 1035 3605 1091 Turbatus
3637 1051 3793 1099 sum,
3824 1046 3880 1091 et

2253 1138 2359 1178 non
2387 1140 2506 1180 sum
2532 1125 2765 1180 loculus.
2789 1125 2942 1195 Quod
2972 1128 3187 1193 turbor,
3223 1126 3457 1182 hominis
3479 1137 3564 1183 est
3597 1146 3608 1178 :
3643 1130 3876 1183 vincere

2254 1225 2436 1272 autem
2469 1217 2832 1273 turbationem
2864 1227 2918 1274 et
2949 1219 3109 1286 iram,
3137 1218 3240 1275 hoc
3264 1234 3475 1290 magna:
3499 1220 3732 1275 virtutis
3759 1229 3871 1275 est.

2256 1308 2554 1379 Propterea
2597 1309 2732 1366 dicit
2765 1320 2820 1367 et
2863 1310 3128 1382 prOpheIa
3173 1330 3183 1364 :
3230 1311 3561 1380 lrasrimini,
3598 1322 3657 1368 ct
3695 1313 3874 1369 nolite

2256 1418 2484 1474 peccare
2531 1401 2706 1474 (Psal.
2747 1403 2844 1475 tv).
2875 1401 3044 1459 Irasci
3088 1405 3353 1460 hominum
3381 1415 3496 1461 est:
3533 1420 3644 1461 non
3690 1422 3876 1461 rema-

2265 1512 2393 1551 nere
2420 1496 2470 1550 in
2504 1496 2605 1565 ira,
2635 1494 2929 1553 Christiani
2959 1505 3063 1552 est.

2332 1589 2597 1645 Excussus
2625 1607 2741 1644 sum
2757 1590 2892 1646 sicut
2919 1592 3149 1648 locusttv.
3185 1590 3297 1663 Ego
3318 1591 3542 1664 quidem
3577 1607 3866 1658 veneram,

2257 1692 2316 1739 ut
2352 1692 2695 1755 protegerent
2728 1685 2986 1755 populum
3019 1700 3221 1754 nicum,
3245 1695 3298 1740 et
3331 1685 3440 1740 dixi
3476 1703 3487 1738 :
3532 1685 3866 1750 Jerusalem,

552 1777 906 1850 quadraginta
956 1777 1064 1831 duo
1099 1774 1226 1830 anni
1267 1775 1633 1842 transierunt,
1679 1784 1735 1831 et
1784 1775 2020 1847 populus
2061 1775 2154 1830 ille
2184 1769 2232 1830 B
2257 1777 2577 1846 Jerusalem,
2611 1794 2731 1850 quae
2760 1778 2963 1834 occidis
2993 1778 3312 1850 prOphetas,
3342 1790 3393 1834 et
3418 1778 3632 1850 lapidas
3653 1795 3750 1835 eos
3772 1780 3868 1852 qui

551 1871 764 1928 deletus
807 1880 910 1926 est.
954 1867 1237 1940 Siquidem
1286 1867 1526 1939 perlecta
1568 1877 1700 1924 tetas
1727 1868 2153 1940 quadragesimo

553 1982 699 2022 anno
726 1964 1058 2023 venit._Post
1085 1963 1399 2035 passionem
1429 1978 1562 2034 ergo
1586 1963 1824 2031 Domini,
1853 1963 2155 2036 quadrage-

553 2061 692 2116 simo
736 2057 979 2116 secundo
1021 2072 1167 2112 anno
1213 2057 1392 2113 deleta
1439 2066 1522 2112 est
1561 2055 1926 2129 Jerosolyma.
1957 2057 2155 2114 Videte

552 2170 685 2227 ergo
710 2153 966 2226 quoniam
996 2152 1048 2208 in
1074 2152 1430 2222 generatione
1447 2167 1553 2206 una
1584 2151 1824 2206 deletum
1847 2160 1931 2206 est
1956 2166 2152 2208 nomen

555 2249 695 2321 ejus.
742 2248 851 2305 Sed
892 2257 947 2303 ct
989 2247 1042 2302 in
1077 2245 1180 2301 hoc
1210 2245 1506 2301 clementia
1534 2252 1619 2300 est
1648 2244 1888 2299 Domini.
1920 2243 2153 2300 Cruciti-

555 2352 754 2399 xerunt
783 2357 931 2407 eum,
965 2347 1019 2395 et
1058 2339 1415 2410 quadraginta
1443 2338 1583 2394 duos
1606 2353 1780 2394 annos
1807 2337 1960 2394 dedit
1983 2337 2061 2394 eis
2086 2337 2155 2394 ad

556 2435 962 2508 pmnitentiam.
996 2433 1110 2503 Ego
1141 2432 1466 2504 simpliciter
1509 2431 1669 2488 dico:
1723 2433 2018 2505 Propterea
2067 2435 2154 2490 in-

552 2528 774 2585 terfecit
817 2541 916 2583 eos
964 2534 1088 2597 post
1117 2526 1475 2598 quadraginta
1505 2525 1640 2582 duos
1670 2542 1867 2594 annos,
1912 2528 2042 2599 quia
2087 2544 2155 2586 ex

564 2621 673 2678 illis
696 2620 788 2693 qui
811 2618 1199 2675 crucilixerunt
1222 2618 1535 2687 Dominum,
1551 2635 1710 2676 nemo
1733 2632 2066 2677 remanserat
2088 2637 2157 2677 ex

559 2713 664 2770 eis.
700 2711 870 2768 ludas
921 2709 1286 2778 maledicitur,
1327 2719 1388 2767 ut
1433 2711 1486 2768 in
1522 2711 1656 2769 Juda
1699 2711 1872 2769 Judaei
1929 2712 2156 2770 maledi-

559 2813 773 2863 cantur.

631 2898 700 2954 In
743 2895 1048 2955 memoriam
1092 2896 1270 2953 redeat
1298 2897 1546 2971 iniquitas
1573 2906 1781 2971 patrum
1805 2899 1918 2971 ejus
1950 2899 2004 2953 in
2031 2915 2156 2954 con-

562 3003 738 3069 spectu
767 2993 994 3049 Domini.
1030 2992 1398 3049 Peccaverunt
1428 2992 1482 3048 in
1511 2991 1752 3058 deserto,
1777 2991 2033 3048 dimisisti
2055 2992 2156 3048 eis.

558 3087 710 3146 Nunc
748 3093 966 3160 reputat
995 3085 1106 3142 illis
1132 3085 1277 3158 quod
1308 3094 1435 3141 tunc
1462 3094 1857 3156 peccaverunt,
1899 3085 2156 3156 quoniam

2257 1870 2323 1925 ad
2366 1879 2418 1925 te
2463 1870 2613 1926 missi
2655 1879 2780 1926 sunt
2815 1889 2826 1923 :
2873 1872 3126 1943 quotiens
3169 1871 3314 1928 volui
3346 1887 3681 1945 congregare
3720 1873 3868 1928 ﬁlios

2260 1969 2380 2018 tuos
2407 2003 2421 2028 ,
2477 1961 2621 2019 sicut
2666 1963 2863 2034 gallina
2894 1973 3194 2036 congregat
3225 1965 3402 2035 pullos
3446 1980 3578 2021 suos
3617 1967 3720 2022 sub
3750 1965 3870 2021 alas

2261 2070 2389 2109 suas
2422 2052 2640 2124 (Matth.
2672 2055 2866 2128 xxm)!
2897 2055 3013 2126 Ego
3043 2071 3302 2112 veneram
3327 2065 3386 2112 ut
3413 2057 3612 2128 gallina
3644 2058 3712 2113 ad
3737 2076 3870 2130 pro-

2261 2147 2551 2219 tegendum
2573 2163 2666 2203 eos
2694 2165 2708 2204 :
2739 2148 2813 2203 illi
2843 2156 3027 2204 autem
3062 2148 3440 2204 inimicissima
3467 2161 3653 2206 mente
3676 2166 3864 2207 susce-

2261 2251 2459 2312 perunt
2489 2257 2596 2298 me.
2641 2242 2753 2314 Ego
2782 2257 3038 2298 veneram
3073 2251 3130 2299 ut
3155 2253 3354 2310 mater,
3383 2254 3439 2300 et
3470 2244 3545 2299 illi
3577 2245 3732 2315 quasi
3767 2244 3868 2300 hac

2259 2335 2516 2392 micidam
2569 2352 2726 2392 suum
2775 2353 2863 2394 me
2922 2337 3333 2394 interfecerunt.
3409 2337 3680 2394 Excussus
3725 2357 3867 2395 sunt.

2259 2431 2399 2500 Quid
2438 2441 2520 2486 est
2548 2430 2698 2488 hoc?
2743 2435 3017 2503 persecuti
3059 2441 3326 2500 suntme,
3359 2432 3711 2504 projecerunt
3747 2450 3863 2490 me.

2259 2523 2541 2580 Persecuti
2568 2534 2801 2581 suntme
2819 2525 2886 2582 de
2909 2525 3198 2582 Nazareth.
3225 2525 3358 2582 Veni
3380 2527 3432 2581 in
3455 2524 3862 2597 Capharnaum,

2262 2617 2533 2687 persecuti
2561 2629 2685 2674 sunt
2719 2634 2826 2675 me.
2874 2619 2950 2675 De
2999 2619 3382 2689 Capharnaum
3418 2618 3492 2674 ivi
3532 2621 3586 2673 in
3624 2618 3866 2674 Bethsaio

2260 2709 2406 2778 dam,
2437 2721 2491 2767 et
2521 2712 2648 2768 inde
2677 2726 2764 2768 me
2794 2712 3066 2783 persecuti
3097 2721 3244 2768 sunt.
3283 2711 3419 2768 Veni
3450 2713 3503 2768 in
3530 2711 3862 2778 Jerusalem,

2260 2806 2510 2864 nolebam
2539 2807 2803 2864 recedere
2834 2823 2862 2862 a
2897 2808 3097 2878 pepulo
3126 2823 3271 2874 meo,
3299 2816 3355 2863 et
3383 2808 3510 2864 inde
3557 2824 3643 2864 me
3674 2823 3862 2880 perse-

2261 2899 2370 2956 cuti
2395 2909 2545 2966 sunt,
2569 2908 2622 2955 et
2647 2900 2724 2955 sic
2746 2914 2834 2956 me
2860 2899 3131 2956 habebant
3159 2900 3314 2971 quasi
3344 2898 3610 2957 locustas.
3641 2900 3711 2956 Et
3732 2899 3860 2972 quid

2263 2991 2402 3047 feci?
2446 2990 2618 3046 Iratus
2674 3006 2817 3059 sum,
2871 2990 3092 3048 delendi
3141 2993 3550 3064 memetipsum,
3604 2992 3859 3048 maledixi

2265 3099 2380 3152 eos,
2427 3093 2480 3139 et
2518 3083 2783 3154 dereliqui
2815 3083 2976 3139 illos?
3017 3083 3129 3141 Nec
3156 3101 3324 3141 unum
3371 3086 3568 3142 horum
3601 3085 3736 3152 feci;
3767 3085 3860 3142 sed

558 3183 847 3238 Dominum
882 3180 1299 3238 cruciﬁxerunt.
1346 3180 1473 3238 Sive
1502 3181 1660 3236 aliter
1688 3181 2151 3251 interpretemur:
2184 3169 2230 3233 C
2264 3176 2392 3246 quid
2424 3174 2564 3232 feci?
2589 3175 2749 3232 Oravi
2782 3192 2883 3247 pro
2911 3175 3063 3248 ipsis.

557 3275 625 3332 Et
672 3282 883 3346 reputat
912 3273 1019 3330 illis
1049 3271 1433 3329 crudelitatem
1477 3271 1892 3328 homicidiorum
1935 3286 2147 3341 eorum,

553 3379 609 3424 et
641 3368 775 3423 nihil
813 3367 895 3423 eis
935 3366 1172 3422 dimittit.
1203 3366 1270 3419 Et
1299 3375 1562 3435 peccatum
1591 3364 1773 3419 matris
1792 3365 1905 3435 ejus
1932 3381 2034 3418 non
2065 3364 2154 3418 de-

552 3463 739 3518 leatur.
783 3461 914 3528 Qua:
961 3469 1044 3516 est
1094 3467 1270 3514 mater
1321 3455 1511 3513 Judte?
1562 3455 1890 3527 Jerusalem,
1923 3469 2044 3526 qua:
2098 3453 2151 3508 in

552 3553 817 3626 sanguine
861 3551 1078 3624 gaudet,
1131 3566 1251 3621 qua:
1294 3548 1493 3605 occidit
1538 3548 1835 3620 prophetas
1882 3557 1936 3604 et
1977 3549 2149 3618 ipsum

555 3649 842 3707 Dominum
867 3662 1048 3702 suum.

626 3739 737 3796 Pro
759 3756 817 3796 eo
833 3739 971 3810 quod
989 3753 1093 3792 non
1115 3745 1188 3792 est
1213 3736 1511 3792 recordatus
1529 3738 1699 3806 facere
1719 3734 2149 3790 misericordiam.

552 3833 762 3891 Videtis
783 3839 985 3904 quanta
1008 3829 1302 3887 clementia
1328 3827 1543 3883 Domini
1571 3835 1676 3884 est.
1704 3827 1860 3883 Videt
1889 3844 2008 3884 cum
2031 3843 2149 3883 cum

553 3924 818 3981 ministris
843 3923 1152 3979 venientem
1181 3939 1196 3989 ;
1225 3920 1370 3976 videt
1398 3936 1520 3977 eum
1554 3921 1859 3978 venientem
1894 3935 2015 3976 cum
2043 3919 2152 3976 lus-

555 4015 720 4083 tibus,
754 4024 807 4070 et
840 4014 1066 4084 porrigit
1095 4013 1172 4069 illi
1199 4013 1466 4070 osculum.
1501 4013 1598 4070 llle
1628 4013 1777 4069 venit
1807 4013 1874 4069 ad
1915 4013 2150 4084 proden-

550 4108 702 4177 dum,
721 4115 778 4165 et
803 4106 1067 4163 Dominus
1093 4107 1336 4163 osculum
1362 4108 1477 4176 dat,
1504 4118 1562 4164 ut
1581 4107 1672 4180 qui
1700 4110 2014 4180 magiSIrum
2040 4125 2146 4165 non

549 4201 750 4270 timuit,
785 4201 874 4257 vel
903 4199 1190 4257 clementia
1222 4200 1553 4256 vinceretur.

623 4295 692 4350 Et
739 4301 1034 4366 persecutus
1083 4303 1162 4347 est
1214 4291 1469 4346 hominem
1517 4294 1720 4364 inapem
1757 4302 1803 4347 et
1834 4294 2146 4350 mendicum.

552 4386 658 4456 Qui
687 4401 809 4442 cum
842 4395 989 4442 esset
1019 4384 1193 4453 dives,
1230 4393 1454 4456 propter
1493 4400 1594 4441 nos
1621 4401 1830 4457 pauper
1856 4387 2028 4444 factus
2067 4398 2152 4445 est

549 4481 597 4554 (Ι
619 4478 740 4535 Cor.
770 4478 912 4550 vui).
945 4476 1203 4534 Dominus
1234 4477 1453 4548 inopem
1485 4493 1544 4534 se
1572 4477 1704 4534 dicit
1733 4487 1790 4533 et
1809 4480 2144 4550 mendicum,

2329 3271 2512 3327 Genua
2551 3287 2667 3326 mea
2694 3271 2960 3340 inﬁrmata
2989 3281 3110 3326 sunt
3138 3290 3170 3328 a
3191 3272 3423 3347 jejunio.
3477 3271 3691 3328 Habete
3733 3287 3859 3328 cono

2258 3365 2608 3431 solationem,
2636 3380 2669 3419 ο
2695 3364 2983 3432 monache,
3009 3364 3309 3436 jejunaudo
3339 3384 3350 3418 :
3376 3364 3646 3437 siquidem
3671 3373 3730 3420 et
3756 3365 3861 3420 Do-

2258 3455 2438 3512 minus
2479 3455 2581 3513 hoc
2609 3453 2759 3511 fecit.
2787 3454 2900 3527 Ego
2927 3454 3050 3510 dico
3080 3455 3228 3527 quod
3258 3457 3476 3528 quando
3495 3455 3703 3528 ieiunat
3729 3470 3852 3511 mo-

2257 3554 2486 3619 nachus,
2536 3554 2732 3609 fortior
2775 3552 2834 3608 lit
2875 3552 3104 3625 jejunio.
3143 3554 3205 3607 lit
3248 3551 3468 3623 quando
3510 3551 3858 3606 inlirmantur

2255 3663 2430 3720 genua
2463 3646 2840 3718 ejusjejunio,
2879 3657 3004 3701 tunc
3035 3645 3267 3700 maxime
3299 3645 3611 3701 roboratur.
3646 3643 3714 3698 Et
3737 3660 3856 3696 caro

2255 3756 2369 3795 mea
2398 3740 2668 3794 immutata
2709 3747 2782 3794 est
2827 3749 3035 3812 prapter
3079 3737 3263 3794 oleum.
3313 3736 3450 3793 Rem
3483 3736 3677 3792 videor
3714 3735 3856 3790 dilli-

2255 3832 2416 3888 cilem
2448 3833 2651 3899 dicere,
2684 3841 2738 3886 et
2776 3830 3079 3887 secundum
3129 3830 3368 3886 litteram
3409 3829 3770 3900 interpretor,
3804 3836 3856 3883 ut

2256 3923 2518 3980 aedificem
2543 3922 2847 3979 audientes.
2871 3920 3294 3978 [Edilicatenim
3320 3936 3406 3978 me
3425 3921 3630 3976 littera.
3649 3921 3852 3977 Bonum

2256 4027 2338 4072 est
2364 4015 2653 4087 jejunare:
2701 4015 2902 4072 bonum
2931 4027 3015 4070 est
3040 4015 3227 4087 lugere
3248 4016 3496 4071 delicias.
3547 4015 3852 4087 Antequam

2255 4112 2468 4168 veniam
2500 4112 2566 4166 ad
2613 4111 2952 4182 spiritualem
2999 4110 3441 4181 intelligentiam,
3473 4108 3646 4165 miror
3684 4109 3742 4165 in
3770 4109 3850 4164 lit-

2257 4212 2393 4272 tera,
2426 4203 2571 4277 quod
2601 4203 2737 4260 dicit
2778 4204 2963 4260 oleum
3011 4218 3072 4260 se
3114 4202 3467 4258 manducare.
3497 4202 3685 4273 Longe
3713 4212 3798 4259 est
3823 4217 3850 4256 a

2253 4297 2468 4353 cmteris
2513 4296 2822 4353 desideriis.
2869 4295 2980 4351 Hoc
3033 4302 3207 4352 totum
3235 4294 3368 4362 dixi,
3417 4294 3541 4367 quia
3574 4294 3753 4352 dixit:
3790 4293 3851 4349 Et

2253 4406 2373 4444 caro
2405 4405 2518 4445 mea
2556 4393 2826 4444 immutata
2853 4397 2927 4444 est
2973 4398 3180 4460 propter
3208 4387 3399 4444 oleum.
3435 4387 3550 4444 Hoc
3581 4388 3746 4444 aliter
3777 4390 3849 4444 in-

2255 4490 2585 4552 terprctatns
2644 4496 2784 4537 sum.
2834 4481 3104 4537 Caeterum
3155 4479 3297 4552 quod
3351 4480 3506 4546 dicit,
3561 4479 3667 4537 hoc
3721 4492 3846 4536 est:

548 4573 754 4645 etquis
785 4573 837 4628 in
873 4570 1079 4628 divitiis
1103 4571 1220 4627 suis
1246 4569 1544 4642 gloriatur?
1576 4571 1800 4628 Habetis
1825 4574 2149 4632 consolatio-
2177 4569 2230 4631 D
2255 4577 2468 4644 Oleum,
2501 4577 2678 4648 imago
2719 4573 2984 4631 claritatis
3015 4582 3100 4630 est
3143 4590 3155 4624 :
3208 4573 3389 4629 oleum
3421 4573 3574 4645 quasi
3615 4588 3744 4630 esca
3774 4579 3848 4629 est

547 4681 696 4736 nem,
726 4679 1015 4738 pauperes,
1037 4673 1094 4720 et
1121 4665 1380 4720 Dominus
1409 4664 1687 4721 vobiscum
1712 4680 1919 4738 pauper
1947 4678 2050 4724 est.
2079 4666 2150 4722 Et

548 4769 915 4835 compunctum
958 4758 1114 4814 corde
1143 4758 1480 4829 mortificare.
1512 4758 1652 4825 Quid
1684 4768 1767 4816 est
1804 4760 1945 4830 quod
1982 4759 2145 4829 dixit,

547 4865 914 4925 compunctum
965 4852 1119 4908 corde
1167 4851 1516 4922 morti/icore?
1554 4851 1708 4920 Quod
1755 4852 1810 4907 in
1853 4854 2148 4926 Evangelio

547 4950 692 5008 dixit
724 4968 736 5004 :
768 4949 967 5006 Tristis
1011 4957 1094 5005 est
1135 4949 1316 5004 anima
1345 4963 1464 5004 mea
1496 4963 1666 5020 usque
1695 4947 1762 5003 ad
1794 4957 2044 5005 mortem.
2079 4948 2148 5003 Et

548 5044 751 5103 iterum
775 5043 994 5116 quando
1016 5043 1184 5098 dixit:
1211 5043 1391 5110 Pater,
1428 5043 1472 5097 si
1498 5043 1756 5114 possibile
1780 5052 1884 5112 est,
1905 5050 2151 5099 transeat

546 5159 579 5200 a
610 5159 700 5200 me
749 5141 888 5200 calix
923 5143 1024 5199 iste
1057 5141 1275 5214 (Matth.
1307 5138 1481 5212 xxvi).
1516 5139 1689 5196 Aliter
1724 5158 1736 5193 :
1785 5139 1897 5195 Hoc
1925 5139 2147 5196 dolebat

545 5237 708 5304 mihi,
740 5247 798 5294 et
835 5235 1203 5294 contristabar
1240 5250 1339 5306 pro
1371 5234 1827 5306 persequentibus
1859 5250 1984 5291 me:
2021 5232 2145 5306 quia

545 5330 809 5388 nolebant
831 5329 1209 5402 pmuitentiam
1232 5342 1414 5398 agere.
1435 5326 1548 5399 Ego
1570 5327 1622 5383 in
1642 5343 1803 5384 cruce
1819 5326 2142 5399 pendebam,

544 5433 600 5483 et
629 5426 895 5497 sanguine
925 5440 1046 5481 meo
1075 5422 1323 5479 lavabam
1356 5421 1549 5478 sordes
1579 5437 1792 5491 eorum,
1825 5431 1880 5478 et
1907 5423 2011 5492 ipsi
2044 5439 2147 5479 no-

541 5516 731 5576 lebant
770 5533 934 5591 agere
977 5515 1377 5589 paenitentiam.
1411 5514 1506 5571 Ha:
1535 5525 1696 5572 erant
1725 5516 2000 5588 lacrymte,
2031 5513 2148 5571 haec

613 5645 640 5673 ⁸
666 5634 822 5704 Quod
878 5633 1102 5706 sequior
1137 5632 1238 5690 ista
1289 5630 1608 5706 Hieronymi
1656 5641 1817 5688 actate
1859 5634 1965 5706 sit,
1992 5645 2145 5706 reum

541 5707 788 5762 ementiti
816 5703 1052 5761 nominis
1079 5713 1426 5775 tractatorem
1460 5703 1602 5759 hunc
1626 5712 1792 5775 agunt
1812 5704 2032 5760 eruditi.
2053 5703 2149 5755 l-lst

539 5785 720 5834 tamen
743 5777 835 5835 hic
859 5779 1012 5834 locus
1033 5786 1090 5834 et
1110 5778 1161 5834 in
1176 5774 1588 5849 Aquiciuctensi
1615 5774 1719 5834 ms.
1738 5775 1880 5849 apud
1902 5775 2142 5831 Marteue

2257 4669 2498 4725 luminis.
2530 4666 2604 4723 lta
2639 4668 2805 4740 igitur
2835 4675 2890 4724 et
2916 4667 3089 4722 Judad
3120 4677 3450 4737 acceperunt
3481 4682 3512 4720 a
3537 4682 3622 4723 me
3647 4667 3845 4732 oleum,

2255 4774 2585 4835 acceperunt
2610 4763 2802 4832 vitam,
2830 4771 3158 4835 acceperunt
3187 4764 3391 4820 lumen.
3416 4762 3495 4820 Ne
3516 4765 3640 4836 quis
3660 4763 3843 4820 existi-

2257 4867 2388 4926 met,
2418 4856 2561 4928 quod
2590 4857 2771 4914 oleum
2792 4857 2939 4913 dicat
2967 4872 3066 4928 pro
3092 4856 3465 4914 misericordia
3491 4874 3506 4912 :
3541 4858 3593 4913 in
3621 4857 3846 4914 llebra-o

2256 4951 2546 5022 signiﬁcat,
2582 4951 2922 5022 intelligibile
2945 4952 3146 5007 oleum.
3175 4951 3502 5007 lmmutatus
3529 4960 3634 5019 est,
3665 4967 3772 5008 non
3796 4950 3843 5006 in

2253 5045 2531 5116 gaudium,
2563 5043 2658 5100 sed
2690 5043 2742 5100 in
2777 5043 3051 5100 tristitiam
3089 5062 3100 5098 :
3152 5060 3259 5100 non
3295 5057 3354 5101 ut
3387 5044 3669 5117 pulchrior
3700 5046 3844 5102 inve-

2251 5140 2452 5207 niatur,
2503 5139 2598 5196 sed
2632 5149 2689 5195 ut
2733 5137 2930 5195 ltedior
2975 5149 3252 5210 appareat.
3314 5139 3607 5211 Propterea
3664 5138 3839 5196 dicit:

2248 5232 2497 5288 Vidimus
2559 5247 2718 5300 eum,
2781 5241 2837 5287 et
2898 5247 3004 5286 non
3072 5231 3310 5288 habebat
3380 5231 3837 5303 pulchritudinem

2251 5323 2408 5399 (Isai.
2453 5324 2562 5396 LV).
2611 5324 2828 5393 Quare?
2865 5322 2997 5392 Quia
3042 5339 3171 5379 caro
3217 5324 3387 5394 ipsius
3434 5323 3717 5380 immutata
3761 5328 3840 5378 est

2249 5428 2475 5492 propter
2505 5418 2708 5475 oleum.
2740 5415 2858 5473 Non
2894 5417 3129 5473 habebat
3153 5416 3382 5474 delicias
3423 5415 3696 5489 corporis,
3745 5413 3836 5473 sed

2251 5512 2346 5567 Dei
2375 5511 2619 5583 spiritus.
2653 5509 2722 5567 Et
2747 5524 2846 5566 nos
2869 5524 3000 5581 ergo
3021 5509 3239 5581 quando
3260 5508 3599 5580 jejunamus,
3622 5508 3838 5581 quando

2257 5627 2590 5684 Anecdotor.
2617 5635 2750 5682 tom.
2781 5624 2874 5692 IX,
2901 5625 2993 5680 ubi
3027 5625 3232 5682 llilario
3262 5625 3612 5694 Pictaviensi,
3635 5624 3838 5683 seniori

2255 5700 2469 5756 scilicet
2503 5698 2672 5764 Patri,
2696 5712 2833 5768 opus
2876 5696 3184 5754 ascribitur.
3217 5697 3351 5755 Vide
3385 5713 3506 5770 qua:
3539 5698 3591 5753 in
3625 5697 3837 5770 pra-lixa

2258 5770 2647 5828 Admonitione
2674 5771 3048 5827 observamus.
