4016 6330
173 278 328 338 1161

1122 275 1552 363 ΒΒΕἩΜΞΙῸΜ
1590 274 1654 331 IN
1691 273 2025 335 PSALMOS.
2066 276 2313 335 PSALM.
2355 276 2533 335 CVlli.

3324 283 3465 340 Hd!

174 394 362 450 facies
394 401 595 449 nostra:
626 391 847 463 pallidae
873 400 1002 447 sunt
1030 400 1050 444 ':
1088 391 1307 461 quando
1348 392 1479 448 findi
1516 391 1784 457 videmur,
1815 397 1866 456 Α
1896 393 2120 447 minum.
2148 393 2413 449 Dominus
2439 390 2793 463 cruciﬁgitur,
2823 398 2878 447 et
2908 404 3006 462 pro
3044 364 3486 463 cruciﬁgentibus

170 501 591 559 cognoscamus
628 486 991 556 nosmetipsos
1025 494 1151 541 tunc
1183 486 1494 555 pulchiorcs
1520 500 1787 556 apparere

170 580 438 637 Christo.
489 580 650 636 Tales
680 580 856 651 diligit
893 580 1094 636 milites
1124 579 1395 645 Christus,
1440 579 1530 649 qui
1569 579 1792 649 jejuniis

172 682 406 731 vacent.
442 676 668 729 Annona
698 683 885 728 nostra
908 682 963 727 et
993 687 1115 728 esca
1144 671 1412 743 jejunium
1445 682 1548 727 est.
1575 669 1790 740 Quare?

172 767 327 836 Quia
370 767 423 821 in
466 766 672 836 jejunio
701 764 928 821 victoria
960 774 1065 829 est,
1122 774 1179 820 et
1227 765 1284 818 in
1331 764 1566 820 victoria
1604 762 1794 818 trium-

172 861 355 933 phus.
389 858 633 928 Denique
660 867 713 914 et
743 857 1081 930 Apostolus:
1114 857 1230 913 Non
1276 857 1330 913 in
1360 859 1666 935 saturitate,
1696 856 1792 912 sed

175 952 244 1008 in
275 951 597 1006 inﬁrmitate
623 950 890 1021 gloriatur
917 949 964 1020 (ι
993 949 1116 1005 Cor.
1145 949 1245 1020 lv).
1270 950 1500 1016 Quando
1529 950 1675 1005 enim
1704 950 1791 1005 ill-

175 1045 409 1111 ﬂrnlor,
444 1052 574 1099 tunc
608 1041 804 1098 fortior
829 1058 950 1097 sum
982 1041 1050 1114 (ll
1078 1041 1199 1097 Cor.
1236 1041 1365 1111 xu).

264 1138 335 1194 Et
361 1154 454 1211 ego
480 1138 652 1210 factus
678 1153 794 1193 sunt
820 1136 1154 1208 opprobrium
1180 1138 1310 1190 illis.
1338 1134 1622 1193 Vocabant
1651 1134 1796 1190 enim

178 1244 279 1286 me
304 1227 733 1289 Sunaritanum,
777 1236 834 1283 et
873 1228 1135 1283 dicebant
1165 1246 1177 1282 :
1212 1226 1269 1283 in
1312 1226 1622 1283 Beelzebub
1651 1227 1801 1297 prin-

177 1323 314 1393 cipe
335 1322 728 1377 darmoniorum
754 1321 905 1392 ejicit
929 1320 1200 1377 dazmonia
1223 1321 1407 1392 (Joan.
1436 1322 1576 1392 rlll).
1605 1322 1799 1377 Nonne

182 1415 283 1471 hic
311 1421 399 1471 est
427 1414 570 1471 lilius
595 1413 797 1485 Joseph
831 1414 1007 1470 labri?
1033 1414 1228 1471 Nonne
1257 1415 1456 1471 fratres
1492 1414 1616 1485 ejus
1637 1422 1693 1471 et
1711 1431 1801 1470 so-

178 1522 348 1564 rores
391 1521 584 1562 omnes
622 1507 761 1577 apud
798 1523 899 1563 nos
934 1515 1073 1562 sunt
1109 1507 1266 1578 (Luc.
1308 1507 1412 1578 xl)?
1451 1508 1517 1562 Et
1560 1512 1797 1562 iterum:

180 1601 297 1670 Qui
343 1598 514 1656 solvis
545 1599 835 1670 templum,
878 1609 934 1655 et
986 1599 1040 1654 ill
1089 1599 1264 1654 tribus
1314 1597 1509 1653 diebus
1560 1598 1800 1654 adiﬁcas

182 1693 330 1750 illud
360 1692 556 1764 (Marc.
580 1692 774 1763 xv).Et
796 1692 992 1748 iterum
1033 1709 1047 1747 :
1083 1692 1372 1747 Videamus
1396 1691 1444 1747 si
1478 1692 1626 1748 venit
1656 1691 1799 1749 Elias

1893 485 2183 557 rngat.Vos
2202 496 2403 555 autem,
2434 487 2478 540 si
2501 483 2782 540 audieritis
2814 486 3036 541 verbum
3068 486 3289 553 malum,
3314 504 3382 543 ne
3411 497 3492 543 tc-

1893 582 2066 636 neatis
2079 581 2211 636 iram
2228 580 2251 633 ?
2266 577 2359 636 Sol
2375 595 2478 636 non
2491 579 2702 634 occidat
2715 594 2879 650 super
2900 578 3487 637 iraculldiamvestralll

1894 671 2111 743 (Epltes.
2126 672 2206 745 v).
2234 671 2298 727 Et
2320 672 2622 745 aperiantur
2639 671 2774 725 sicut
2793 671 3024 744 diploide
3045 673 3348 743 confusione
3370 690 3488 727 sua.

1893 765 2103 835 Diplois
2119 780 2287 835 genus
2313 776 2392 823 est
2421 766 2590 836 pallii.
2622 765 2863 835 Denique
2892 774 2948 820 ct
2967 767 3019 820 in
3070 765 3335 823 llebraico
3361 783 3490 823 unt.

1898 844 2088 931 (Sim)
2109 860 2329 916 dicitur.
2361 860 2567 929 Diplois
2593 858 2737 926 ideo,
2764 859 2892 930 quia
2912 859 3112 929 duplex
3142 869 3225 916 est
3246 861 3490 929 pallium.

1898 950 2191 1019 Prorlterea
2227 966 2330 1021 ego
2354 950 2476 1006 dico
2509 950 2602 1007 tibi
2634 968 2645 1004 :
2681 949 2913 1006 Domine
2935 991 2950 1018 ,
2992 950 3200 1006 inimici
3233 952 3338 1008 mei
3366 961 3497 1009 sunt

1897 1041 2069 1099 Judaei
2093 1060 2106 1097 :
2127 1042 2396 1112 persecuti
2418 1052 2543 1099 sunt
2568 1058 2677 1109 me,
2701 1042 3090 1098 crucilixerunt
3120 1058 3226 1108 me,
3250 1044 3500 1099 iecerunt

1899 1136 2030 1191 lllilli
2047 1137 2230 1189 omnia
2254 1134 2416 1200 mala,
2449 1132 2966 1204 blasphemaverunt
2990 1149 3096 1189 me.
3112 1132 3491 1204 Indulgeillis:

1898 1227 2154 1297 quoniam
2169 1241 2268 1298 ego
2280 1227 2370 1298 qui
2389 1241 2585 1297 passus
2597 1242 2740 1292 sum,
2754 1241 2887 1297 rogo
2901 1228 3171 1298 proipsis.
3192 1228 3253 1281 Et
3267 1226 3395 1299 quid
3411 1242 3500 1283 ro-

1898 1320 2003 1390 go?
2022 1319 2360 1376 Erubescant
2382 1329 2435 1375 et
2462 1319 2888 1384 confundantur,
2908 1331 2963 1376 et
2987 1321 3064 1376 sic
3081 1321 3372 1376 salvclltur.
3391 1320 3469 1377 Nu
3483 1351 3501 1363 -

1900 1413 2163 1468 daverunl
2186 1427 2272 1467 me
2287 1413 2462 1466 tunica
2481 1426 2624 1476 mea,
2649 1419 2704 1467 et
2724 1425 2878 1465 suam
2899 1410 3271 1481 perdiderunt.
3300 1412 3375 1466 Da
3396 1412 3504 1467 illis

1900 1504 2380 1573 confusionem,da
2418 1503 2525 1559 illis
2550 1503 2926 1575 ignominiam,
2960 1512 3014 1559 et
3046 1503 3281 1560 habeant
3300 1504 3502 1575 duplex

1904 1598 2155 1671 pallium,
2186 1598 2290 1653 hoc
2309 1607 2417 1665 est,
2440 1612 2507 1653 lle
2523 1595 2825 1667 simplicem
2844 1595 3079 1653 habeant
3099 1584 3499 1668 confusionem,

1903 1692 1999 1749 sed
2031 1691 2331 1777 duplicem,
2360 1700 2419 1745 ut
2452 1691 2622 1761 magis
2652 1701 2815 1762 agant
2842 1691 3246 1761 paenitentiam.
3274 1691 3392 1748 Non
3420 1693 3509 1747 di-

182 1786 411 1843 salvare
439 1801 587 1841 eum.
608 1783 705 1839 Ille
726 1784 954 1840 vocabat
980 1803 992 1837 :
1026 1783 1136 1849 Eli,
1168 1784 1250 1839 Eli
1291 1799 1306 1835 :
1344 1783 1625 1854 quodest.
1660 1784 1803 1840 Deus
1832 1778 1881 1839 Β
1907 1784 1982 1841 cit
2011 1792 2201 1840 contra
2227 1781 2472 1849 Iudaeos,
2503 1781 2601 1838 scd
2634 1798 2732 1852 pro
2759 1784 2891 1853 ipsis
2916 1783 3068 1841 dicit.
3103 1782 3334 1841 Creator
3359 1786 3507 1842 enim

184 1895 372 1944 meus,
391 1880 530 1935 Deus
551 1892 705 1933 mens
719 1877 936 1951 (Matth.
950 1877 1144 1948 xxvll),
1163 1886 1218 1933 et
1232 1877 1308 1933 illi
1329 1876 1502 1932 Eliam
1520 1877 1801 1947 putabant.

187 1974 392 2031 Videte
427 1972 727 2029 ineruditos
759 1971 996 2027 Juda'os.
1040 1971 1207 2026 Filius
1253 1970 1349 2027 Dei
1381 1970 1515 2026 Elite
1543 1969 1804 2026 auxilium

185 2067 449 2139 petebat?
485 2064 734 2120 Viderunt
754 2079 855 2132 me,
888 2074 937 2118 et
970 2073 1234 2118 moverunt
1268 2065 1445 2134 capita
1481 2080 1595 2118 sua.
1627 2061 1807 2130 Quare

189 2170 490 2219 moverunt
517 2159 694 2230 capita
726 2160 860 2215 sua?
888 2159 1023 2226 Quia
1064 2165 1119 2213 et
1163 2157 1331 2228 pedes
1354 2157 1465 2228 jam
1495 2165 1799 2211 moverant.

270 2237 488 2310 Saluum
509 2269 589 2309 me
618 2253 700 2324 fac
726 2261 932 2324 propter
947 2249 1356 2305 misericordiam
1380 2259 1540 2304 tuam.
1580 2249 1718 2303 Dicit
1751 2256 1806 2303 et

191 2348 255 2404 in
288 2345 630 2417 Evangelio:
672 2344 1005 2399 Potestatem
1050 2341 1229 2397 habeo
1279 2338 1520 2411 ponendi
1564 2340 1803 2396 animam

190 2455 402 2507 meam,
453 2448 508 2494 et
538 2438 734 2493 iterum
765 2433 1079 2491 resumeudi
1109 2448 1229 2490 eam
1260 2432 1444 2501 (Joan.
1478 2432 1562 2505 ι).
1596 2433 1663 2488 Et
1706 2433 1805 2489 ite-

190 2550 318 2591 rum
345 2550 359 2587 :
388 2530 563 2588 Nemo
589 2530 731 2586 tollit
750 2543 869 2585 eam
900 2543 931 2583 a
961 2543 1069 2583 me.
1103 2527 1171 2582 Et
1198 2525 1471 2598 quomodo
1497 2526 1808 2582 misericor-

191 2625 343 2681 diam
377 2624 543 2695 petit?
574 2621 693 2691 lpse
716 2618 1151 2677 misericordiam
1177 2616 1335 2688 petit,
1363 2626 1420 2673 et
1448 2617 1563 2688 ipse
1596 2616 1807 2673 tribuit.

193 2718 320 2789 Ipse
351 2726 412 2773 ut
435 2718 600 2772 homo
630 2723 805 2787 rogat,
827 2722 882 2769 ct
908 2723 969 2768 ut
1000 2713 1148 2767 Deus
1180 2711 1392 2767 tribuit.

270 2814 343 2871 Et
373 2816 540 2871 sciant
559 2814 680 2887 quia
713 2829 895 2869 manus
923 2822 1012 2867 tua
1038 2813 1168 2875 hare,
1195 2820 1245 2867 et
1269 2818 1349 2879 tu,
1374 2807 1615 2875 Domine,
1641 2807 1809 2880 fecisti

195 2924 336 2965 eam.
370 2907 508 2976 Quid
538 2918 620 2963 est
650 2906 796 2977 quod
819 2905 949 2961 dicit
978 2922 991 2958 :
1044 2903 1111 2959 Et
1153 2904 1322 2959 sciant
1350 2903 1474 2975 quia
1502 2916 1689 2955 manus
1719 2910 1810 2953 tua

198 3001 335 3066 lucc,
379 3007 429 3053 et
470 3008 547 3063 tu,
599 2996 838 3064 Domine,
890 2995 1061 3067 fecisti
1106 2996 1257 3050 eam?
1286 2992 1606 3063 Illtelligallt
1637 2990 1807 3046 Judaei

200 3090 465 3163 quoniam
513 3089 613 3159 ipsi
660 3103 767 3144 non
800 3086 1207 3158 praevalueruut
1235 3086 1292 3141 in
1324 3101 1412 3141 me
1437 3102 1449 3138 :
1478 3083 1576 3140 sed
1609 3097 1725 3138 mea
1755 3089 1811 3138 et

1911 1885 2016 1945 est,
2043 1886 2099 1933 et
2117 1876 2356 1944 illorum,
2385 1885 2440 1932 et
2467 1886 2654 1931 noster
2677 1918 2693 1945 ,
2719 1891 2827 1931 non
2849 1875 2993 1932 enim
3015 1892 3114 1933 eos
3141 1877 3365 1934 omnino
3386 1894 3512 1935 era-

1908 1971 2131 2026 dicavit.
2165 1969 2340 2026 Vultis
2363 1969 2542 2026 scire?
2571 1969 2766 2025 Petrus
2794 1985 2857 2026 ex
2893 1970 3026 2041 ipsis
3057 1980 3196 2038 erat,
3227 1979 3283 2027 ct
3316 1988 3509 2030 omnes

1908 2064 2140 2134 apostoli
2185 2078 2251 2119 ex
2285 2062 2417 2133 ipsis
2441 2071 2617 2118 erant.
2648 2062 2759 2121 Nos
2792 2064 2844 2117 in
2877 2062 3116 2119 radicem
3147 2065 3389 2135 ipsorum
3427 2065 3512 2120 iu-

1908 2158 2044 2213 serti
2076 2172 2286 2213 sumus.
2320 2155 2428 2213 Nos
2458 2158 2594 2211 rami
2626 2171 2837 2224 sumus,
2870 2156 2947 2211 illi
2978 2158 3152 2219 radix.
3191 2157 3311 2213 Non
3340 2160 3509 2216 dcbe«

1909 2266 2032 2305 mus
2076 2249 2404 2306 maledicere
2431 2248 2739 2317 radicibus,
2788 2250 2883 2306 sed
2932 2252 3195 2308 debemus
3220 2269 3381 2310 orare
3412 2271 3514 2326 pro

1909 2342 2189 2398 radicibus
2215 2343 2439 2398 nostris.
2471 2342 2574 2410 Qui
2609 2343 2796 2399 inserti
2823 2359 3013 2400 sumus
3044 2345 3099 2400 in
3120 2346 3386 2412 radicem,
3415 2348 3512 2403 dc-

1908 2449 2199 2506 precemur
2222 2434 2533 2501 Dominum,
2560 2443 2616 2489 llt
2640 2434 2779 2490 sicut
2806 2436 2856 2491 hi
2874 2438 3010 2492 rami
3036 2437 3175 2493 salvi
3198 2437 3328 2493 facti
3354 2446 3503 2509 sunt,

1911 2529 1991 2584 sic
2023 2538 2078 2585 et
2116 2529 2266 2585 radix
2299 2531 2560 2587 salvetur.
2633 2531 2795 2587 Forte
2839 2533 3036 2604 aliquis
3076 2535 3218 2590 dicat
3258 2554 3269 2588 :
3305 2534 3383 2590 Tu
3414 2551 3513 2606 pro

1909 2620 2115 2677 Juda'is
2144 2637 2271 2678 oras
2318 2623 2695 2696 blasphemis?
2732 2625 2843 2682 Oro
2889 2626 3181 2684 Dominum
3228 2644 3328 2701 pro
3355 2629 3511 2701 ipsis.

1910 2713 1964 2769 Si
1979 2714 2255 2786 ellimipse
2278 2727 2697 2787 persecuturum
2722 2732 2945 2773 suorum
2972 2719 3280 2789 miseretur,
3311 2732 3515 2794 quanto

1911 2811 2083 2880 magis
2115 2811 2217 2866 ulei
2250 2811 2580 2867 miseretur?

1984 2902 2278 2972 Conﬁtebor
2309 2902 2533 2959 Domino
2561 2905 2717 2961 nimis
2746 2908 2799 2961 in
2830 2923 2918 2961 ore
2944 2923 3080 2961 meo.
3127 2908 3239 2964 lloc
3273 2920 3392 2980 post
3426 2926 3515 2965 re-

1912 2997 2307 3055 surrectionem
2332 2998 2555 3067 dicitur,
2579 3009 2631 3055 et
2660 2999 2729 3056 de
2760 3001 2933 3055 futura
2964 3001 3206 3057 Ecclesia
3239 3011 3509 3059 cantatur.

1913 3087 1982 3145 Et
2005 3090 2059 3144 in
2083 3091 2248 3145 medio
2262 3091 2540 3146 multorum
2556 3092 2783 3147 laudabo
2796 3110 2930 3149 eum.
2965 3094 3238 3150 Nollenim
3265 3097 3316 3151 in
3342 3096 3512 3152 Judca

202 3191 294 3240 tua
336 3182 590 3239 voluntas
624 3180 759 3236 facta
792 3189 876 3235 est
905 3190 966 3235 ut
998 3179 1199 3251 patiar,
1250 3187 1306 3235 et
1335 3193 1435 3249 ego
1466 3176 1618 3233 volui
1650 3175 1758 3246 pati
1789 3191 1804 3229 :
1835 3166 1880 3228 C
1913 3181 2110 3249 solum,
2143 3182 2239 3238 sed
2272 3183 2324 3237 in
2357 3183 2616 3240 universo
2648 3184 2815 3251 orbe,
2844 3185 2897 3239 in
2924 3185 3160 3242 Ecclesia
3186 3186 3415 3243 laudabo
3437 3196 3516 3242 tc-

202 3287 496 3349 propterea
541 3274 664 3330 dico
712 3274 1014 3330 secundum
1053 3273 1198 3345 quod
1238 3273 1401 3328 homo
1452 3286 1612 3330 sum:
1664 3270 1811 3326 Deus

203 3386 385 3434 mens,
419 3377 478 3425 ut
507 3370 740 3425 iacerem
785 3360 1116 3425 voluntatem
1152 3377 1299 3422 tuam
1324 3410 1339 3435 ,
1382 3366 1526 3422 volui
1561 3378 1576 3419 :
1620 3373 1676 3420 et
1721 3373 1810 3418 tua

205 3463 461 3518 voluntas
499 3472 619 3516 erat
656 3469 711 3516 et
741 3476 861 3517 mea
908 3470 965 3515 ut
997 3459 1195 3530 patiar,
1241 3474 1348 3513 non
1388 3457 1629 3512 illorum.
1664 3452 1837 3526 Ergo

204 3570 320 3613 non
348 3553 559 3611 insidia:
577 3560 635 3609 et
655 3553 918 3609 fortitudo
944 3552 1074 3608 fecit
1097 3565 1113 3608 :
1140 3552 1234 3609 sed
1259 3565 1361 3623 ego
1382 3558 1436 3607 et
1461 3560 1515 3606 tu
1537 3549 1810 3606 voluimus

205 3659 269 3705 ut
319 3646 516 3719 patiar.
566 3646 647 3701 Tu
678 3646 825 3702 enim
858 3644 1184 3717 percussisti
1218 3654 1491 3714 pastorem
1541 3649 1715 3709 tuum,
1756 3649 1811 3696 et

209 3756 342 3798 oves
386 3740 651 3812 dispersa:
678 3749 825 3795 sunt.
862 3739 977 3795 Hoc
1006 3740 1273 3808 scriptum
1298 3745 1382 3793 est
1410 3736 1462 3791 in
1495 3734 1759 3791 Zacharia
1797 3750 1813 3791 :

208 3833 518 3891 Percutiam
534 3839 827 3901 pastorem,
840 3839 897 3887 et
915 3830 1299 3902 dispergelltur
1320 3842 1449 3885 oves
1466 3826 1655 3900 (Zach.
1667 3833 1810 3899 xm).

210 3926 369 3995 Quod
412 3933 475 3981 ut
522 3925 717 3996 patiar,
752 3938 873 3980 mea
904 3924 1159 3979 voluntas
1202 3921 1303 3978 fuit
1332 3932 1388 3978 et
1419 3931 1531 3977 tua.
1562 3921 1716 3990 Quod
1759 3930 1815 3977 tu

212 4019 459 4086 voluisti,
486 4031 544 4075 et
570 4032 676 4090 ego
704 4016 877 4073 volui.
910 4016 1214 4088 Oportebat
1239 4016 1435 4072 venire
1464 4014 1815 4082 scandalum,

213 4109 311 4167 sed
336 4125 416 4165 vae
443 4124 539 4181 per
559 4124 723 4179 quem
751 4108 899 4165 venit
924 4107 1143 4179 (Matth.
1176 4108 1355 4179 xvtll).

292 4201 606 4257 Haledicent
635 4200 736 4268 illi,
780 4210 829 4255 et
871 4209 926 4254 tu
962 4199 1247 4254 benedices.
1288 4198 1475 4270 Usque
1515 4197 1675 4255 hodie
1713 4196 1819 4253 hoc

218 4298 280 4353 lit
309 4313 323 4349 :
359 4294 441 4352 llli
472 4293 805 4351 maledicunt
832 4294 885 4349 in
932 4308 1230 4366 synagoga,
1260 4302 1311 4347 el
1340 4292 1606 4349 Dominus
1656 4291 1820 4346 bene-

216 4388 350 4446 dicit
382 4388 436 4442 in
461 4385 729 4443 Ecclesia.
764 4386 867 4454 Qui
895 4386 1167 4458 insurgunt
1190 4385 1359 4453 in‘me,
1385 4382 1772 4456 confundantur
1798 4396 1819 4435 :

217 4499 394 4542 seruus
418 4493 593 4537 autem
617 4491 739 4538 tuus
771 4483 1048 4538 ltetabitur.
1075 4481 1153 4537 Illi
1183 4482 1465 4552 insurgunt
1489 4483 1653 4535 inme
1680 4497 1691 4533 :
1718 4493 1819 4550 ego

1987 3275 2123 3342 Quia
2145 3277 2350 3335 astitita
2371 3276 2566 3332 dextris
2578 3278 2839 3350 pauperis.
2856 3278 3113 3334 Diabolus
3139 3278 3204 3337 ad
3229 3278 3510 3337 dexteram

1911 3371 2064 3428 Judte
2089 3374 2259 3427 stetit.
2293 3371 2563 3428 Ca'terum
2600 3372 2732 3427 mihi
2773 3371 3032 3429 Dominus
3060 3374 3209 3429 stetit
3234 3373 3301 3429 ad
3326 3374 3517 3432 dexte-

1912 3480 2049 3520 ram.
2105 3463 2174 3519 Ut
2219 3465 2413 3519 salvam
2469 3464 2660 3534 faceret
2720 3482 2753 3520 a
2808 3466 3228 3538 persequentibus
3284 3468 3517 3521 animum

1913 3576 2075 3613 meam
2128 3557 2341 3628 (Matth.
2375 3557 2550 3630 ικγι).
2608 3560 2884 3627 Animam,
2918 3562 3111 3631 inquit,
3142 3562 3403 3619 salvabit.
3450 3563 3517 3619 Et

1912 3649 2039 3705 alibi
2067 3647 2202 3706 dicit
2230 3664 2247 3705 :
2273 3649 2473 3707 Tristis
2497 3663 2578 3708 est
2605 3653 2789 3710 anima
2813 3669 2932 3710 mea
2962 3671 3133 3727 usque
3156 3655 3221 3711 ad
3253 3664 3508 3713 mortem.

1911 3742 2015 3812 Qui
2043 3742 2211 3800 tristis
2234 3752 2341 3812 est,
2370 3760 2592 3803 sensum
2620 3745 2829 3804 habuit.
2862 3747 3199 3805 lnsensibilis
3224 3751 3369 3805 enim
3393 3750 3512 3804 ani-

1916 3854 2003 3895 ma
2034 3854 2256 3897 sensum
2287 3856 2398 3896 non
2430 3841 2612 3898 habet.
2645 3842 2985 3898 lnsensibilis
3012 3842 3193 3898 anima
3217 3857 3325 3898 llon
3350 3842 3514 3899 habet

1915 3942 2157 4001 sensum,
2186 3950 2358 4006 neque
2384 3934 2656 3991 dolorem.
2681 3934 2784 3991 Ubi
2827 3934 2971 3990 enim
3002 3934 3157 3991 dolor
3189 3946 3273 3993 est
3321 3946 3374 3991 et
3419 3936 3517 3991 tri-

1914 4024 2087 4091 stitia,
2120 4025 2191 4079 ibi
2232 4041 2426 4080 sensus
2469 4036 2575 4081 cSl.
2609 4024 2669 4080 Si
2698 4040 2829 4097 ergo
2876 4026 3067 4083 habuit
3112 4028 3414 4097 tristitiam,
3464 4027 3516 4085 si

1919 4114 2108 4171 habuit
2132 4115 2410 4183 dolorem,
2442 4106 2573 4186 ergo
2614 4115 2801 4173 habuit
2838 4126 2893 4173 et
2934 4134 3153 4175 sensum
3201 4120 3427 4177 doloris.
3454 4121 3515 4179 Si

1920 4223 2049 4279 ergo
2070 4208 2343 4266 voluerint
2374 4209 2531 4265 nobis
2554 4208 2737 4267 dicere
2767 4230 2779 4265 :
2804 4211 3101 4280 Propterea
3129 4228 3239 4269 non
3278 4213 3515 4270 dicimus

1920 4314 2043 4355 eum
2072 4298 2329 4356 habuisse
2354 4313 2600 4368 sensum,
2630 4298 2688 4357 ut
2716 4319 2824 4357 non
2872 4302 3119 4359 videatur
3148 4304 3351 4361 habere
3394 4321 3520 4376 pec-

1920 4403 2121 4449 calum.
2156 4391 2265 4449 Nos
2290 4394 2399 4449 illis
2427 4393 2863 4465 reSpondeamus
2889 4415 2899 4449 :
2928 4396 3126 4452 llabuit
3152 4412 3348 4468 corpus
3375 4397 3520 4454 sicut

1922 4493 1978 4539 et
2005 4498 2124 4549 llos,
2149 4492 2244 4538 aut
2271 4499 2378 4539 non
2403 4484 2623 4540 habuit?
2645 4484 2701 4540 Si
2740 4486 2997 4557 dixerint,
3031 4487 3263 4544 Habuit:
3297 4504 3521 4560 respou-

218 4585 401 4655 autem
419 4590 615 4633 servus
640 4576 1026 4633 tuusltetahor.
1050 4576 1230 4657 Quare
1256 4586 1435 4631 autem
1457 4589 1646 4629 servus
1662 4571 1820 4629 tuus?
1849 4546 1898 4606 θ
1924 4574 2149 4629 dcamus
2182 4574 2290 4629 illis
2324 4593 2335 4627 :
2373 4575 2514 4645 Ergo
2550 4574 2738 4631 habuit
2760 4584 2817 4631 et
2839 4579 3128 4647 passiones
3153 4546 3401 4648 corporis
3423 4594 3520 4634 no-

219 4670 489 4740 Quoniam
527 4669 617 4741 qui
647 4683 771 4724 cum
808 4669 865 4724 in
902 4669 1075 4725 forma
1102 4668 1198 4725 Dei
1231 4677 1400 4733 esset,
1434 4680 1542 4720 non
1575 4664 1819 4735 rapinam

220 4762 521 4818 arbitratus
556 4772 639 4817 est
674 4775 799 4818 esse
833 4775 893 4818 se
929 4761 1191 4832 aqualem
1220 4760 1330 4814 Deo
1360 4776 1371 4812 :
1402 4756 1496 4813 sed
1524 4752 1821 4812 exinanivit

221 4856 601 4925 semetipsum,
642 4854 873 4911 formam
919 4855 1062 4911 servi
1107 4854 1380 4925 accipiens
1425 4851 1689 4924 (Philipp.
1733 4850 1815 4923 ll).

296 4947 600 5002 lnduantur
639 4948 728 5018 qui
754 4945 1032 5003 detrahunt
1062 4946 1190 5000 milli
1220 4943 1441 5017 pudore.
1479 4945 1640 5000 Valde
1665 4945 1822 5001 nobis

225 5044 453 5118 prodest
477 5042 785 5115 intelligere
828 5042 972 5114 quod
1000 5042 1236 5098 dicimus
1262 5057 1275 5094 :
1306 5040 1610 5096 Clementia
1641 5040 1739 5096 Dei
1768 5039 1824 5096 in

227 5142 331 5195 hoc
356 5149 610 5208 apparet,
643 5137 697 5192 ill
733 5134 965 5193 dicendo
991 5174 1006 5199 ,
1059 5134 1368 5189 induantur.
1400 5132 1519 5189 Non
1548 5134 1699 5199 dicit,
1730 5147 1829 5203 pe-

223 5226 421 5289 reant':
458 5244 566 5285 non
606 5229 762 5293 dicit,
808 5228 1096 5284 deleantur
1123 5227 1179 5283 in
1210 5235 1499 5284 :cternum.
1545 5227 1651 5284 Sed
1700 5225 1828 5295 quid

225 5323 397 5381 dicit?
444 5320 865 5379 Confundantur
892 5362 907 5388 ,
959 5319 1063 5378 hoc
1103 5330 1208 5387 est,
1252 5318 1557 5389 intelligant
1584 5331 1829 5373 errorem

226 5433 409 5487 suum,
451 5425 508 5474 et
545 5415 975 5483 confundantur,
1019 5424 1074 5472 et
1128 5413 1347 5471 deticiat
1388 5415 1441 5469 in
1486 5412 1827 5485 poenitentia.

226 5512 329 5583 Qui
357 5510 605 5567 induitur
633 5509 865 5581 pudore,
898 5524 1065 5579 prope
1093 5517 1180 5565 est
1218 5507 1378 5564 saluti
1410 5527 1421 5561 :
1452 5509 1496 5563 si
1526 5506 1647 5579 quis
1684 5509 1830 5565 enim

226 5590 357 5663 vere
386 5599 765 5666 contunditur,
815 5599 1010 5671 incipit
1038 5598 1324 5669 pleniterc.
1373 5599 1750 5668 Considerate,
1799 5614 1834 5658 ο

226 5697 510 5763 monachi,
533 5696 579 5752 si
604 5694 898 5767 aliquando
934 5695 1234 5753 habueritis
1274 5694 1477 5768 aliquid
1506 5703 1695 5752 contra
1727 5695 1834 5750 fra-

225 5804 361 5853 trem
393 5799 668 5855 vestrum,
698 5803 913 5860 semper
957 5804 1057 5860 pro
1100 5788 1220 5861 ipso
1257 5804 1450 5862 rogare
1490 5788 1702 5848 debetis
1732 5788 1837 5846 Do-

524 5889 800 5950 Ρηιοι..
848 5886 1086 5950 XXVI.

1925 4667 2046 4721 stri.
2076 4665 2351 4738 lntelligat
2382 4666 2755 4736 unusquisque
2784 4668 2925 4737 quod
2958 4668 3099 4724 dico.
3133 4669 3188 4725 Si
3219 4679 3397 4725 autem
3424 4685 3518 4725 lle-

1927 4759 2170 4829 gaverint
2195 4773 2320 4813 eum
2350 4756 2606 4813 habuisse
2625 4757 2907 4828 passiones
2930 4761 3201 4830 corporis,
3233 4778 3364 4832 ergo
3389 4762 3526 4819 dici-

1929 4866 2049 4917 mus
2081 4850 2206 4918 illis,
2246 4849 2393 4921 quod
2436 4864 2538 4905 nec.
2565 4865 2769 4922 corpus
2800 4852 3006 4907 habuit.
3036 4852 3100 4908 Et
3143 4869 3241 4909 nos
3281 4854 3527 4911 dicamus

1930 4944 2035 5000 illis
2060 4964 2073 4999 :
2105 4944 2259 5000 Sicut
2283 4959 2481 5015 corpus
2506 4943 2694 5001 habuit
2718 4959 2930 5013 verum,
2954 4946 3094 5002 sicut
3114 4954 3166 5003 et
3189 4963 3309 5016 llos,
3338 4957 3393 5005 et
3416 4966 3528 5007 non

1929 5036 2119 5093 habuit
2170 5046 2452 5108 peccatum
2505 5038 2774 5109 corporis,
2825 5038 2896 5094 ita
2940 5047 2996 5094 et
3047 5040 3284 5096 animam
3340 5058 3528 5100 veram

1930 5129 2139 5200 habuit,
2162 5138 2219 5187 et
2237 5140 2456 5202 peccata
2483 5131 2680 5185 anima:
2701 5145 2809 5187 non
2842 5130 3047 5188 habuit.
3070 5130 3181 5187 Nos
3201 5147 3334 5205 ergo
3359 5135 3527 5190 conti-

1933 5234 2144 5282 teamur
2171 5240 2361 5281 verum
2388 5239 2588 5297 corpus
2618 5238 2743 5280 eum
2779 5222 3054 5290 habuisse,
3083 5236 3138 5281 et
3176 5240 3360 5282 veram
3408 5226 3529 5283 ani-

1935 5335 2099 5375 mam.
2133 5317 2191 5375 Si
2239 5318 2382 5373 enim
2421 5333 2530 5374 non
2577 5314 2823 5387 suscepit
2865 5315 3130 5372 Dominus
3175 5326 3368 5374 cuncta
3408 5335 3529 5391 qua:

1937 5412 2172 5467 hominis
2192 5420 2346 5478 sunt,
2374 5427 2480 5467 non
2511 5413 2740 5468 salvavit
2768 5410 3069 5468 hominem.
3105 5410 3162 5468 Si
3189 5420 3374 5468 autem
3404 5428 3529 5471 sus-

1936 5498 2080 5576 cepit
2123 5520 2344 5576 corpus,
2392 5503 2628 5558 animam
2679 5519 2862 5560 autem
2913 5517 3021 5559 non
3070 5501 3352 5576 suscepit,
3402 5520 3531 5578 ergo

1937 5613 2135 5671 corpus
2158 5598 2406 5664 salvavit,
2425 5596 2664 5652 animam
2693 5606 2873 5654 autem
2896 5612 3007 5653 non
3026 5597 3274 5653 salvavit.
3299 5596 3410 5655 Nos
3438 5614 3534 5657 au-

1939 5704 2046 5752 tem
2074 5693 2322 5749 volumus
2366 5692 2536 5765 magis
2576 5690 2772 5748 salvari
2809 5693 3041 5748 animam
3087 5704 3330 5748 nostram
3372 5709 3536 5766 quam

1943 5801 2163 5859 corpus.
2192 5785 2448 5858 Suscepit
2486 5799 2617 5860 ergo
2638 5784 2821 5854 Jesus,
2855 5794 2911 5843 ct
2937 5799 3160 5856 corpus,
3194 5796 3248 5844 ct
3276 5787 3536 5861 animam,
