4016 6346
542 262 684 319 1165

1330 261 1679 319 APPENDIX
1718 260 1810 318 AD
1849 261 2091 319 TOMUM
2133 257 2491 318 SE'TIMUM
2529 258 2587 316 S.
2613 256 3034 345 ,ιιιειιοΝγιιι

542 387 605 437 ιιι
630 388 921 450 utrumque
947 378 1139 445 salvet,
1168 384 1227 432 ut
1263 377 1572 449 perfectum
1623 378 1898 435 hominem
1949 378 2141 445 salvel,
2172 381 2224 440 Α
2250 386 2352 434 est.
2384 378 2496 433 Hoc
2528 378 2788 433 adversus
2812 378 3041 433 Arianos
3070 375 3328 445 dicimus,
3359 384 3417 434 et
3448 378 3731 435 adversus
3779 396 3866 435 eos

542 474 683 529 sicut
709 481 766 528 et
792 487 915 527 cum
946 470 1209 527 condidit.
1245 471 1301 526 Si
1332 485 1465 542 ergo
1498 470 1688 528 dicunt
1714 472 1792 527 illi
1822 490 1833 524 :
1866 472 1990 544 quia
2015 472 2140 528 idco
2240 472 2329 542 qui
2353 470 2566 527 dicunt:
2590 470 2757 540 Major
2780 482 2861 525 est
2895 479 3044 541 pater
3070 470 3160 541 qui
3182 470 3334 542 jubet
3359 482 3411 526 ut
3445 472 3665 542 sedeat,
3699 489 3864 543 quant

542 563 809 621 Dominus
836 579 939 619 non
971 562 1182 633 accepit
1209 577 1452 631 sensum,
1498 571 1557 618 ut
1588 579 1695 619 non
1727 575 1976 634 peccaret
2021 582 2033 617 :

537 656 645 713 hoc
690 666 899 729 putant,
928 648 1071 726 quod
1098 655 1425 727 quicumque
1466 672 1688 713 sensum
1730 657 1982 713 habuerit
2030 657 2133 712 htt-

534 763 776 817 manum,
825 747 1046 804 vincere
1092 749 1241 803 enim
1287 765 1394 805 non
1439 761 1639 820 pctest.
1688 751 1879 821 Dicant
1925 751 2130 807 nobis:

2082 573 2139 621 et
2239 560 2329 617 ille
2346 560 2683 630 cuijubetur.
2698 559 2897 616 Omnia
2920 561 3207 633 [Evangelia
3221 562 3609 634 personantde
3629 578 3863 634 persona

2240 651 2498 719 hominis,
2527 661 2580 708 et
2624 667 2770 709 nunc
2799 666 2908 708 non
2942 668 3170 709 necesse
3196 663 3281 709 est
3310 654 3643 725 approbatio
3674 672 3690 709 :
3741 658 3863 723 quis

2237 745 2420 799 omnia
2437 759 2793 815 quascumque
2820 745 2943 799 vilia
2960 744 3236 812 videntur,
3251 744 3568 802 referuntur
3588 746 3659 802 ad
3679 746 3863 803 homi-

531 840 771 898 Joannes
818 841 1058 911 Baptista
1107 840 1295 897 habuit
1349 856 1597 912 sensum,
1648 858 1716 899 an
1761 858 1871 898 non
1904 843 2134 899 habuit?
2237 835 2792 903 nem,rel‘erunturad
2813 836 3225 894 carnem.Nunc
3244 838 3310 894 de
3335 839 3554 895 Psalmo
3572 839 3860 897 dicamus:

527 932 629 990 lllo
659 942 904 1004 tempore
928 949 1037 1005 quo
1084 942 1205 989 erat
1254 934 1307 988 in
1348 933 1590 1000 deserto,
1624 936 1908 1005 peccavit?
1938 934 2133 1006 Utique

2316 927 2529 1001 Virgam
2559 928 2761 982 virtutis
2790 935 2895 984 tuae
2920 930 3116 984 emittet
3143 929 3403 989 Dominus
3446 948 3513 987 ea:
3542 932 3700 988 Sion.
3736 932 3859 988 Vir-

528 1024 739 1090 dicunt,
767 1026 897 1096 quia
941 1039 1049 1080 non
1078 1024 1344 1096 peccavit.
1370 1026 1613 1099 Denique
1637 1037 1693 1085 et
1743 1029 2002 1083 Dominus
2036 1043 2134 1084 no-
2233 1034 2353 1091 88m
2385 1020 2441 1073 ίιι
2475 1020 2706 1076 ΙΙθιπωο
2735 1036 2845 1077 non
2875 1031 2981 1076 lam
3001 1021 3190 1090 hab“.
3218 1038 3382 1093 (ιιηω
3412 1034 3718 1096 “epirum,
3757 1026 3859 1083 hoc

526 1126 643 1175 ster
672 1118 848 1173 dicit:
892 1117 1065 1174 Amen
1109 1118 1237 1175 dico
1269 1120 1447 1188 vobis,
1498 1136 1605 1177 non
1648 1120 1748 1175 fuit
1802 1123 1946 1178 inter
1974 1130 2130 1178 natos

527 1210 820 1266 mulierum
852 1211 1027 1281 major
1050 1211 1261 1267 Joanne
1288 1211 1529 1282 Baptista
1556 1213 1774 1286 (Matth.
1806 1215 1905 1285 ιιι).
1937 1215 2130 1271 Petrus

524 1300 716 1358 habuit
737 1317 982 1368 sensum,
1007 1318 1074 1357 an
1108 1318 1214 1358 non
1254 1303 1461 1369 habuit,
1490 1314 1545 1360 et
1574 1306 1757 1360 επιενί
1791 1307 1963 1381 sancti
1994 1321 2128 1377 apo-

522 1393 679 1450 stoli?
704 1393 762 1452 Si
781 1408 912 1466 ergo
926 1395 1660 1465 apostoliviceruntsensum
1679 1397 1969 1454 hmnanum
1992 1417 2004 1453 :
2027 1401 2129 1455 Do-

519 1487 705 1542 minus
728 1488 906 1542 timuit
934 1486 1183 1557 accipere
1210 1503 1454 1556 sensum,
1481 1505 1548 1544 ne
1565 1489 1879 1545 vinceretur
1903 1491 2128 1546 abillo?

516 1579 591 1636 Et
633 1581 759 1635 dum
799 1580 989 1635 volunt
1014 1578 1324 1651 gloriﬁcare
1354 1581 1670 1648 Dominum,
1703 1582 1995 1638 detrahunt
2024 1584 2127 1639 illi:

518 1670 1238 1739 Quomodoillidetrahunt?
1260 1671 1592 1727 Utvidealur
1613 1673 1805 1755 timere
1836 1674 2121 1739 Dominus,

516 1765 662 1835 quod
679 1765 909 1835 apostoli
930 1780 1038 1819 non
1053 1766 1371 1820 timuerunt.
1394 1764 1501 1820 Nos
1517 1780 1647 1837 ergo
1669 1767 1872 1837 gratias
1894 1781 2121 1838 agamus

510 1856 870 1927 omnipotenti
895 1857 1028 1922 Deo,
1046 1856 1359 1913 etdicamus
1375 1875 1387 1910 :
1403 1857 1458 1912 lu
1475 1871 1637 1913 sensu
1654 1868 1746 1912 tuo
1762 1873 1866 1913 non
1885 1858 2121 1914 habuisti

519 1959 828 2019 peccatum.
857 1950 922 2004 Et
952 1950 1099 2006 venit
1129 1951 1384 2021 princeps
1413 1949 1574 2020 hujus
1602 1951 1812 2019 mundi,
1836 1962 1892 2006 ct
1914 1951 2122 2007 invenit

516 2039 572 2095 in
608 2049 660 2095 te
683 2041 819 2096 nihil
848 2040 1027 2114 (Joan.
1071 2040 1207 2112 xw).
1240 2042 1321 2097 Ita
1346 2057 1479 2114 ergo
1508 2054 1741 2114 praestes
1767 2032 1945 2112 nobis,
1982 2045 2123 2100 sicut

511 2133 570 2191 iu
584 2147 678 2192 tuo
700 2152 862 2193 sensu
881 2138 1057 2192 vicisti
1082 2137 1378 2205 diabolum,
1399 2138 1524 2192 etin
1549 2152 1713 2192 sensu
1747 2147 1935 2192 nostro
1962 2139 2119 2194 vince

508 2226 784 2282 diabolum
804 2271 818 2295 ,
859 2227 1417 2298 ut'quemadtnodum
1458 2226 1736 2297 perfectos
1768 2243 1865 2282 nos
1894 2231 2115 2297 creasti,

507 2320 784 2392 perfectos
805 2330 862 2376 et
885 2323 1065 2378 salves
1088 2337 1204 2377 nos.
1236 2322 1314 2377 Tu
1333 2324 1476 2378 enim
1496 2338 1558 2379 es
1579 2322 1827 2389 Creator,
1850 2335 1901 2379 tu
1923 2340 1984 2381 es
2008 2326 2115 2381 Ma.

510 2414 709 2487 gister,
742 2425 795 2468 ttt
823 2429 884 2469 es
917 2415 1199 2475 Dominus,
1231 2424 1284 2470 tn
1309 2430 1370 2471 es
1399 2426 1453 2471 et
1482 2417 1571 2486 qui
1610 2432 1706 2486 pro
1737 2418 2118 2489 nobispassus

509 2520 602 2564 es:
631 2508 720 2577 qui
749 2505 884 2561 vivis
913 2515 968 2563 et
1003 2521 1196 2577 regnas
1228 2508 1280 2561 in
1308 2508 1512 2562 saecula
1532 2508 1879 2564 saeculorum.
1916 2512 2112 2566 Amen.

1067 2597 1389 2654 PSALMUS
1425 2598 1565 2667 (ΠΧ,

509 2700 537 2731 ι
573 2690 820 2745 Psalmus
869 2691 974 2757 ipsi
1029 2690 1219 2747 David.
1272 2691 1380 2748 lste
1440 2694 1681 2761 psalmus
1729 2712 1915 2752 vocem
1977 2701 2113 2753 vatis

581 2763 820 2817 continet
861 2762 927 2818 de
951 2762 1171 2818 Christo
1199 2765 1488 2834 loquentis.
1519 2765 1612 2821 Ait
1638 2783 1767 2837 ergo
1798 2769 2058 2839 propheta
2098 2790 2108 2824 :

586 2855 731 2910 Dixit
764 2854 1017 2909 Dominus
1045 2853 1271 2910 Domino
1300 2873 1410 2912 meo
1443 2874 1462 2911 :
1494 2856 1631 2914 Sede
1668 2878 1701 2914 a
1728 2861 1925 2915 dextris
1965 2865 2110 2918 meis.

511 2947 685 3003 David
716 2957 801 3002 est
831 2947 921 3017 qui
963 2946 1224 3016 loquitur,
1275 2950 1560 3019 propheta,
1606 2954 1690 3006 vir
1717 2964 1959 3021 sanctus,
1996 2972 2111 3012 rex.

510 3040 629 3095 Rex
668 3055 800 3110 ergo
829 3040 956 3110 quid
995 3040 1163 3096 dicit?
1206 3042 1319 3097 Rex
1368 3053 1424 3099 et
1471 3045 1732 3115 prOpheta
1782 3048 1908 3118 quid
1940 3049 2112 3113 dicit?

507 3129 659 3187 Dixit
707 3129 965 3186 Dominus
1007 3129 1237 3211 Domino
1295 3150 1426 3188 meo.
1502 3134 1667 3190 Istum
1739 3137 1917 3193 locum
1989 3138 2109 3195 Sal-
2140 3123 2187 3186 Ο

505 3230 667 3278 vatur
735 3223 786 3278 itt
836 3223 1133 3294 Evangelio
1177 3226 1430 3295 exposuit
1462 3267 1476 3290 ,
1528 3226 1716 3284 dicens
1774 3247 1785 3282 2
1841 3229 1897 3284 Si
1957 3216 2113 3285 Cliti—

509 3321 628 3368 8l.us
658 3325 761 3378 εει,
816 3314 1010 3384 inquit,
1066 3315 1209 3370 ﬁlius
1250 3316 1469 3370 David:
1524 3318 1796 3384 quomodo
1894 3322 1944 3376 itt
2005 3323 2115 3391 spi-

508 3406 619 3461 ritu
647 3418 808 3462 vocat
835 3422 959 3462 eum
991 3406 1281 3462 Dominum
1319 3406 1540 3466 (Matth.
1568 3408 1755 3483 xxu)?
1787 3411 1948 3467 Vides
1984 3429 2114 3483 ergo

506 3497 638 3566 quid
664 3499 852 3553 dicat:
887 3499 943 3553 Si
969 3496 1114 3552 ﬁlius
1156 3507 1245 3555 est
1295 3498 1485 3566 David,
1514 3500 1788 3569 quomodo
1833 3518 1933 3558 vos
1974 3503 2111 3558 dici-

507 3589 616 3646 tis:
646 3591 933 3657 Quomodo
963 3590 1017 3644 in
1045 3590 1238 3659 spiritu
1271 3600 1425 3645 vocat
1455 3609 1577 3647 eum
1612 3593 1931 3649 Dominum?
1965 3598 2116 3653 Dicat

506 3682 704 3753 aliquis
749 3698 764 3741 :
815 3681 958 3753 Ergo
998 3696 1103 3737 n0u
1137 3691 1219 3737 est
1253 3683 1396 3738 [ilius
1426 3683 1636 3738 David?
1671 3685 1781 3741 Hoc
1808 3687 2019 3742 dicebat
2046 3690 2114 3745 de

514 3773 834 3841 Pbarisacis,
859 3772 949 3844 qui
974 3773 1282 3844 simplicem
1312 3773 1484 3829 tilium
1523 3777 1687 3832 David
1720 3779 2116 3836 conﬁtebantur

511 3866 810 3922 Christum.
849 3865 964 3936 Ego
1006 3867 1071 3921 ad
1109 3866 1357 3922 Judaeum
1388 3877 1440 3923 et
1468 3866 1759 3923 Photinutn
1804 3871 1906 3927 hoc
1939 3875 2113 3943 ipsum

510 3956 671 4017 dico:
703 3957 761 4013 Si
790 3959 931 4014 illius
949 3968 1031 4014 est
1054 3959 1245 4025 David,
1278 3961 1551 4031 quomodo
1575 3973 1730 4017 vocat
1762 3964 1929 4021 lilium
1960 3981 2113 4023 suum

516 4047 846 4103 Dominum?
874 4048 976 4118 Qui
998 4057 1180 4105 autem
1207 4050 1497 4107 Dominum
1524 4054 1688 4108 Deum
1718 4056 2029 4125 conﬁtetur,
2062 4070 2118 4116 et

516 4140 613 4196 Dei
645 4138 847 4196 Filium
875 4141 1054 4211 (verbi
1084 4143 1260 4211 gratia
1292 4144 1643 4212 Manichacus,
1670 4147 1760 4210 qui
1783 4159 1941 4219 negat
1966 4150 2114 4206 illum

516 4233 689 4289 ﬁlium
727 4231 948 4305 David),
984 4236 1126 4303 apud
1182 4235 1331 4289 illum
1384 4239 1556 4304 probo
1599 4240 1743 4309 quod
1790 4240 1928 4295 lilius
1953 4243 2115 4299 David

514 4336 620 4382 est.
654 4325 821 4381 Nobis
843 4341 975 4396 ergo
1002 4326 1094 4397 qtti
1126 4326 1295 4381 Filius
1329 4327 1423 4381 Dei
1453 4338 1536 4382 est
1562 4370 1575 4394 ,
1609 4330 1725 4398 ipsc
1755 4341 1838 4387 est
1877 4343 1931 4387 et
1975 4334 2118 4391 ﬁlius

518 4418 711 4474 David.
755 4416 873 4473 Non
902 4419 1043 4473 alius
1072 4417 1239 4473 Filius
1297 4419 1410 4481 Dei,
1462 4429 1519 4475 et
1571 4420 1709 4476 alius
1749 4423 1892 4479 lilius
1923 4424 2113 4482 Datid.

515 4508 637 4567 Non
667 4510 807 4565 l'acio
847 4509 982 4565 duas
1011 4524 1270 4581 personas
1295 4511 1351 4566 in
1382 4512 1491 4566 Deo
1517 4522 1571 4569 et
1599 4512 1840 4580 homine,
1871 4519 1966 4572 sed
2005 4520 2120 4590 ipse
2148 4517 2198 4580 D
2222 4530 2440 4589 derant.
2465 4508 2475 4511 ⁷
2502 4534 2612 4591 lloc
2666 4508 2827 4609 quod,
2863 4541 3063 4600 dicitur
3111 4508 3282 4604 πλέοι

2239 1119 2345 1174 est.
2383 1112 2594 1183 insigne
2625 1114 2794 1185 regia:
2856 1115 3169 1185 potestatis.
3234 1114 3451 1188 Virgam
3493 1118 3703 1173 virtutis
3753 1128 3855 1174 tam

2235 1204 2425 1257 emittet
2469 1203 2730 1260 Dominus
2776 1221 2840 1261 ea:
2878 1205 3029 1261 Sion.
3080 1206 3159 1262 Ex
3200 1207 3332 1263 Sion
3378 1208 3526 1263 enim
3569 1209 3855 1280 egreditur

2232 1295 2343 1362 lex,
2367 1305 2422 1351 et
2443 1297 2673 1352 verbum
2701 1298 2913 1353 Domini
2939 1314 3007 1354 ex
3026 1297 3328 1356 Jerusalem
3351 1299 3509 1372 (Isai.
3535 1302 3717 1375 unt).
3748 1302 3851 1358 Do-

2232 1390 2498 1445 minarein
2519 1392 2691 1447 medio
2714 1392 3045 1448 inimicorum
3067 1404 3293 1450 tuorum.
3323 1395 3442 1452 Non
3468 1397 3611 1455 dixit
3642 1417 3655 1451 :
3684 1399 3851 1455 Inter-

2228 1476 2592 1537 ﬁceinimicos
2615 1493 2764 1538 tuos:
2798 1484 2893 1540 sed
2917 1485 3044 1555 quid
3065 1485 3088 1540 'i
3106 1485 3393 1543 Dominare
3412 1488 3466 1544 in
3488 1492 3662 1546 medio
3679 1494 3847 1548 inimi.

2227 1585 2410 1626 eorum
2445 1582 2669 1627 tuorum.
2704 1575 2938 1630 Inimicis
2963 1577 3065 1632 tuis
3088 1577 3267 1647 fac,ut
3289 1582 3381 1650 qui
3407 1582 3570 1637 alieni
3605 1581 3841 1651 fuerant,

2227 1665 2307 1721 tui
2340 1681 2463 1722 esse
2489 1667 2772 1735 incipiant.
2792 1662 3074 1726 Domina‘re
3099 1671 3153 1726 in
3190 1673 3362 1727 medio
3378 1674 3710 1731 inimicorum
3733 1689 3845 1732 tuo—

2156 1734 2202 1794 Β
2230 1775 2345 1812 rum
2374 1775 2393 1813 :
2440 1734 2643 1815 inimici
2677 1760 2774 1825 tui,
2806 1762 2872 1817 de
2897 1761 3093 1832 quibus
3123 1765 3383 1835 scriptum
3416 1778 3503 1822 est
3535 1769 3591 1823 in
3622 1784 3842 1840 sexage—

2224 1852 2363 1906 simo
2381 1853 2612 1921 septimo
2633 1854 2868 1923 psalmo:
2905 1855 3107 1927 Lingua
3122 1872 3316 1913 canum
3333 1864 3553 1915 tuo‘rum
3570 1877 3638 1917 ex
3664 1864 3845 1918 inimi-

2222 1946 2301 2000 cis
2325 1945 2395 1998 ab
2417 1945 2555 2013 ipso.
2590 1944 2679 1999 lsti
2704 1957 2828 2001 sunt
2858 1947 3089 2015 inimici,
3112 1952 3203 2019 qtti
3230 1950 3283 2005 in
3300 1951 3476 2008 aliena
3503 1966 3665 2009 erant
3695 1967 3842 2025 pote-

2221 2043 2384 2092 state.
2411 2036 2564 2091 Nuuc
2588 2052 2719 2108 ergo
2732 2038 2838 2092 hoc
2859 2050 3110 2108 precatur
3130 2041 3417 2098 Psalmista
3439 2062 3453 2098 :
3474 2045 3712 2102 Inimicis
3736 2048 3838 2103 tuis

2222 2130 2524 2195 dominare.
2549 2132 2773 2201 dignare
2790 2148 2913 2188 esse
2943 2134 3201 2191 Dominus
3223 2137 3569 2194 inimicorum
3593 2149 3831 2197 tuorum.

2295 2218 2482 2273 Tecum
2513 2222 2828 2293 principium
2864 2223 2921 2277 in
2948 2224 3034 2278 die
3051 2226 3256 2281 uirtutis
3293 2239 3419 2296 tute,
3457 2232 3513 2286 in
3538 2230 3832 2302 splendori-

2223 2312 2317 2366 bus
2343 2322 2665 2368 sanctorum.
2698 2314 3016 2372 Versiculus
3039 2318 3329 2376 obscurus.
3363 2321 3668 2381 Videamus
3687 2325 3828 2382 diem

2222 2406 2444 2471 vit-tntis
2471 2407 2688 2464 Domini
2722 2425 2736 2465 :
2770 2421 2824 2463 ιιι
2850 2427 2971 2465 cum
3001 2411 3293 2469 scierimus
3319 2415 3492 2483 diem,
3525 2426 3658 2474 tunc
3687 2420 3823 2477 scia—

2220 2515 2338 2555 mus
2370 2500 2515 2571 quod
2559 2504 2626 2557 sit
2666 2504 3015 2573 principium,
3064 2516 3122 2561 et
3167 2508 3272 2565 hoc
3314 2510 3650 2581 principium
3699 2530 3828 2585 quo-

2218 2593 2378 2648 modo
2412 2608 2536 2648 cum
2563 2608 2631 2649 eo
2657 2597 2771 2661 sit,
2803 2607 2856 2651 ct
2884 2612 3009 2652 cum
3040 2614 3109 2655 eo
3139 2598 3309 2656 fuerit
3352 2620 3364 2657 :
3410 2605 3689 2675 quomodo
3724 2607 3823 2661 huc

2219 2683 2396 2755 ipsum
2430 2681 2752 2757 principium
2784 2688 2836 2744 in
2864 2688 2954 2744 die
2984 2691 3205 2747 virtutis
3252 2694 3393 2762 ejus,
3438 2696 3495 2751 in
3523 2698 3824 2767 splendori.

2219 2775 2318 2832 bus
2345 2788 2658 2834 sanctorum
2714 2788 2818 2836 est.
2877 2782 2989 2838 Hoc
3038 2799 3171 2852 ergo
3198 2787 3529 2857 principium
3572 2792 3712 2859 quod
3742 2801 3824 2846 est

2217 2884 2337 2924 cum
2365 2870 2588 2926 Domino
2604 2870 2655 2926 in
2669 2872 2758 2930 die
2781 2874 3003 2930 virtutis
3016 2876 3153 2945 ejus,
3177 2877 3298 2935 ideo
3320 2890 3405 2935 est
3428 2895 3552 2936 cum
3580 2884 3822 2949 Domino,

2217 2969 2275 3015 ut
2300 2961 2625 3030 splendeant
2657 2967 2853 3020 sancti.
2892 2965 3083 3022 Tecum
3110 2971 3426 3041 principium
3455 2974 3511 3028 in
3540 2975 3625 3029 die
3662 2977 3824 3031 virtu-

2216 3051 2282 3105 tis
2310 3062 2432 3108 true.
2470 3053 2526 3108 In
2552 3054 2818 3126 principio
2863 3068 2981 3114 erat
3027 3059 3291 3127 Verbum,
3320 3072 3374 3119 et
3424 3064 3660 3121 Vcrbunt
3712 3078 3825 3122 crat

2216 3146 2356 3214 apud
2408 3146 2602 3209 Deum.
2634 3159 2689 3203 et
2732 3151 2874 3206 Deus
2919 3164 3039 3209 erat
3089 3154 3326 3212 Verbum
3369 3156 3557 3227 (Joan.
3605 3161 3668 3232 ι).
3712 3162 3827 3219 Hoc

2215 3248 2331 3291 erat
2364 3239 2415 3292 in
2452 3240 2720 3309 principio
2746 3244 2889 3313 apud
2922 3245 3113 3302 Deum.
3152 3248 3314 3306 Pater
3345 3253 3692 3322 principium,
3724 3255 3821 3310 sed

2215 3340 2271 3387 et
2326 3332 2495 3387 Filius
2553 3336 2898 3406 principium.
2940 3339 3271 3415 Principium
3301 3346 3447 3401 enim
3509 3364 3615 3405 non
3665 3348 3826 3406 habet

2219 3424 2565 3492 principium.
2610 3427 2669 3482 Si
2701 3429 2846 3484 enim
2878 3430 3126 3490 habuerit
3150 3437 3296 3493 aliud
3326 3440 3683 3511 principium,
3710 3442 3823 3511 jam

2219 3516 2395 3585 ipsttm
2428 3518 2628 3575 desiuit
2653 3537 2777 3578 esse
2808 3524 3151 3598 principium.
3190 3532 3461 3604 Quidquid
3503 3551 3638 3607 ergo
3662 3537 3827 3594 dede-

2217 3607 2386 3661 rimus
2416 3607 2582 3676 Patri,
2612 3611 2718 3667 hoc
2747 3614 2938 3672 damus
2984 3630 3037 3675 et
3087 3621 3249 3679 Filio.
3282 3625 3340 3680 Si
3386 3628 3533 3682 enim
3574 3629 3737 3687 Pater
3767 3633 3822 3689 in

2218 3698 2380 3768 Filio,
2411 3714 2463 3757 et
2491 3702 2661 3760 Filius
2692 3709 2744 3762 in
2774 3708 2955 3779 Patre,
2984 3723 3040 3768 et
3069 3718 3253 3772 omnia
3283 3718 3484 3787 Patris,
3517 3722 3642 3778 Filii
3671 3738 3818 3793 sunt,

2218 3800 2272 3847 et
2298 3794 2479 3848 omnia
2513 3795 2661 3863 Filii,
2703 3799 2881 3858 Patris
2928 3806 3077 3872 sunt,
3130 3819 3187 3864 et
3239 3812 3565 3885 principium
3621 3817 3820 3884 Patris,

2218 3884 2542 3955 principium
2576 3889 2699 3945 Filii
2748 3903 2854 3951 est.
2906 3896 3051 3968 Ergo
3096 3902 3239 3970 quod
3285 3884 3436 3971 dicit,
3492 3907 3596 3963 hoc
3625 3920 3729 3977 est,
3758 3927 3825 3967 eo

2222 3985 2465 4046 tempore
2486 3995 2597 4050 quo
2628 3985 2921 4051 patiebaris
2946 3996 3004 4044 et
3028 3991 3252 4050 dicebas
3277 4012 3291 4049 :
3334 3997 3518 4065 Pater,
3549 4001 3603 4056 in
3634 4018 3825 4058 manm

2221 4075 2341 4123 tuas
2368 4073 2695 4129 commendo
2715 4078 2963 4146 spiritum
2986 4099 3162 4139 meum
3187 4085 3520 4157 (an..xxtttl
3551 4111 3564 4146 :
3588 4094 3745 4163 quasi
3758 4095 3824 4151 de

2220 4157 2457 4216 hominis
2486 4162 2794 4234 loquebaris
2822 4168 3019 4229 affectu
3046 4218 3061 4243 ,
3095 4193 3203 4232 non
3233 4181 3386 4249 quasi
3415 4157 3705 4241 imbecillis
3736 4203 3823 4243 ro-

2219 4252 2408 4321 gabas.
2444 4256 2645 4311 Tecum
2670 4260 2818 4316 enim
2874 4273 2995 4320 erat
3038 4268 3389 4338 principium,
3440 4283 3619 4332 terum
3676 4280 3821 4335 enim

2220 4353 2339 4398 erat
2370 4346 2651 4415 divinitas,
2681 4352 2775 4407 sed
2804 4367 3092 4426 propterea
3124 4360 3511 4431 deprecabaris
3537 4368 3821 4438 auxilium,

2224 4446 2303 4503 ut,
2328 4449 2555 4511 accepto
2582 4444 2788 4500 auxilio
2812 4491 2828 4517 ,
2860 4448 3021 4508 dares
3053 4456 3260 4510 sanctis
3290 4459 3423 4524 tuis,
3450 4470 3508 4518 et
3534 4464 3614 4518 illi
3640 4466 3824 4536 splen-

3292 4551 3448 4620 piens
3472 4555 3659 4624 dares,
3687 4560 3821 4615 nulli

513 4606 606 4675 qui
632 4602 802 4659 Filius
825 4603 1092 4671 Dei,.ipse
1113 4613 1278 4659 estet
1307 4603 1446 4659 ﬁlius
1469 4603 1661 4661 David.
1686 4605 1833 4662 Dixit
1862 4607 2123 4668 Dominus
2219 4623 2542 4681 scandalum
2575 4602 2736 4682 Γειοίξη
2767 4648 2782 4687 ε
2814 4637 3112 4693 secundum
3144 4602 3437 4698 bon—“Lg;

910 4712 922 4718 -
951 4696 1081 4718 0‘4-
1110 4714 1132 4718 _
1160 4696 1345 4718 μωμε-
1549 4699 1598 4718 ιη
1632 4698 1670 4718 .-
1695 4699 1815 4718 νιτμ
1838 4717 1849 4718 ,
1951 4703 1963 4713 .
2296 4715 2304 4718 _
2414 4716 2423 4718 _

515 4694 745 4752 Dontino
768 4714 879 4751 meo
904 4712 922 4750 :
945 4696 1083 4761 Sede
1101 4714 1134 4750 a
1152 4696 1346 4751 dextris
1374 4698 1518 4751 meis.
1549 4699 1604 4753 lu
1630 4698 1859 4755 Hebraeo
1885 4703 2116 4770 primum

512 4803 718 4844 nomen
750 4788 943 4860 (mm),
971 4787 1207 4854 Domini,
1240 4786 1322 4840 his
1357 4787 1553 4843 litteris
1583 4789 1841 4845 scribitur
1875 4808 1886 4843 :
1921 4794 2117 4862 quibus

512 4882 583 4939 de
634 4884 744 4939 Deo
777 4894 985 4938 tantum
1032 4884 1311 4938 scribitur.
1366 4883 1676 4940 Secundum
1731 4902 1863 4943 vero
1910 4906 2109 4946 nomen

509 4973 926 5045 Domini(9:‘m)
976 4974 1058 5029 his
1100 4974 1303 5029 litteris
1348 4974 1626 5043 scribitur,
1690 4978 1887 5047 quibus
1934 4984 2114 5037 solent

504 5067 759 5124 homines
808 5067 1094 5122 Dominum
1138 5081 1335 5121 vorare
1380 5083 1394 5121 :
1430 5068 1705 5137 quomodo
1738 5081 1789 5123 et
1837 5085 1868 5125 a
1895 5073 2113 5143 quibus-

503 5159 627 5215 dam
659 5169 890 5215 vocatttr
930 5158 1194 5215 Dominus
1223 5176 1251 5213 ει
1283 5175 1477 5225 servo,
1528 5168 1585 5216 et
1637 5175 1793 5233 reges
1843 5179 2111 5224 vocantur

502 5252 749 5308 Domini.
785 5253 917 5308 Vide
964 5267 1097 5324 ergo
1146 5251 1278 5320 quid
1311 5254 1501 5307 dicat:
1538 5250 1686 5308 Dixit
1714 5252 1969 5313 Dominus
1999 5257 2109 5314 Do-

491 5347 635 5401 mino
662 5361 795 5400 meo.
842 5346 979 5401 Huic
1025 5346 1277 5408 Domino.
1312 5346 1398 5401 cui
1430 5347 1743 5417 praccipttur
1790 5359 1847 5403 ut
1892 5353 2100 5417 sedeat,

2220 4715 2364 4768 enim
2413 4716 2649 4774 hominis
2677 4735 2876 4794 corpus
2906 4733 3240 4800 assumpsit,
3272 4749 3500 4793 necesse
3527 4715 3614 4796 est
3664 4754 3722 4797 ttt
3768 4755 3824 4800 et

2220 4804 2457 4863 hominis
2482 4812 2647 4866 verba
2676 4817 2962 4886 suscipiat.
2992 4821 3166 4877 Homo
3196 4836 3280 4881 cst
3304 4828 3579 4902 Christus,
3608 4844 3667 4890 ct
3694 4853 3820 4894 vene

2219 4895 2384 4952 homo
2413 4910 2496 4956 est
2531 4920 2542 4955 :
2572 4908 2869 4965 secundum
2901 4917 3329 4984 assumptiouem
3356 4925 3542 4980 carnis
3562 4895 3817 4985 dicimus.

2215 4988 2270 5042 Si
2300 5005 2437 5062 ergo
2482 4996 2647 5050 homo
2678 5008 2765 5053 est
2793 5006 3092 5063 secundum
3143 5025 3376 5086 corpus,
3414 5018 3570 5077 vides
3594 5036 3816 5092 corpus,

2211 5087 2407 5138 etnon
2449 5086 2857 5163 scandalizaris,
2902 5108 2953 5151 et
3005 5099 3249 5168 miraris,
3293 5106 3339 5159 si
3373 5107 3609 5166 hominis
3638 5086 3819 5168 verbis

2212 5171 2484 5244 loquitur?
2511 5178 2567 5233 Si
2596 5194 2778 5238 autem
2807 5195 2860 5241 te
2888 5190 3224 5248 scandalizat
3253 5213 3268 5244 \
3286 5177 3429 5253 ilitas
3457 5202 3733 5273 corporis,
3765 5215 3819 5261 et

2208 5280 2365 5333 crux,
2399 5280 2451 5324 et
2482 5271 2711 5340 injuria;
2746 5285 2801 5332 et
2834 5279 3032 5350 alapze,
3077 5293 3129 5337 ct
3162 5283 3396 5357 ﬂagella,
3428 5304 3484 5347 et
3514 5271 3699 5350 omnis
3719 5271 3815 5353 iiu-

2204 5362 2349 5450 juria
2392 5369 2571 5424 crucis
2618 5389 2628 5422 :
2678 5372 2721 5426 si
2770 5382 2822 5429 te
2864 5375 2972 5431 hoc
3018 5382 3376 5450 scandalizat,
3421 5401 3707 5448 revertere
3748 5393 3814 5449 ad

2206 5448 2557 5529 principium,
2587 5474 2642 5518 et
2667 5480 2775 5520 non
2802 5469 3282 5529 scandalizaheris.
3310 5448 3449 5533 Dicit
3477 5482 3625 5538 enim
3650 5484 3815 5540 Pater

2205 5548 2271 5603 ad
2304 5550 2500 5609 Filium
2537 5573 2548 5608 :
2580 5555 2668 5613 Ea:
2693 5567 2836 5614 utero
2864 5570 2983 5617 ante
3002 5562 3300 5635 Luciferum
3322 5574 3482 5641 genui
3501 5582 3572 5630 te.
3602 5576 3815 5634 Miraris

492 5435 639 5493 Deus
672 5454 780 5491 non
808 5438 983 5501 sedet,
1011 5441 1314 5508 assumptio
1336 5437 1586 5508 corporis
1606 5439 1779 5495 sedet.
1810 5441 1947 5500 Huic
1970 5461 2101 5518 ergo

488 5531 807 5602 praecipitur
855 5541 913 5585 ut
956 5532 1149 5588 sedeat
1192 5533 1281 5601 qui
1330 5532 1494 5586 homo
1523 5541 1627 5597 est,
1665 5534 1757 5603 qui
1788 5548 2099 5607 assumptus

561 5747 586 5772 "
621 5735 820 5795 Confer
846 5754 1037 5797 verum
1068 5738 1462 5811 Hieronymum
1495 5737 1652 5794 initio
1692 5737 1818 5795 libri
1848 5754 1923 5808 tv,
1959 5755 2081 5814 pag.
2109 5746 2234 5819 181,
2264 5751 2566 5815 Comment.
2593 5758 2647 5816 in
2674 5761 2866 5819 Matth.
