4016 6334
1214 245 1644 304 BREVIARIUM
1681 242 1748 301 IN
1786 241 2118 301 PSALVOS.
2160 244 2403 305 PSALM.
2440 246 2581 305 CIX.
2678 276 2691 287 -

3423 264 3561 318 “(6

252 358 301 412 si
334 356 597 413 Dominus
642 363 828 414 noster
876 368 1039 432 atque
1068 360 1360 427 Salvator,
1391 362 1483 433 qui
1517 376 1648 417 vere
1675 359 1851 416 homi-
1877 362 1929 420 Δ
1955 361 3368 428 ordinentuelcliisedec,tradiditnobissacramentnm
3382 391 3559 433 suum.

254 466 383 507 nem
408 454 733 522 assumpsit,
766 453 1004 524 loquitur
1030 455 1327 512 secundum
1366 455 1640 512 hominem
1676 474 1689 509 :
1739 471 1860 511 cum

251 543 377 616 ipse
405 545 543 602 Deus
572 545 754 616 Pater,
783 546 878 618 qui
903 563 1013 603 non
1053 550 1346 620 assumpsit
1368 549 1665 616 hominem,
1695 549 1866 617 loqui-

249 644 350 694 tur
379 640 536 710 quasi
585 641 747 697 homo
777 657 791 694 :
829 640 908 696 Ea:
934 653 1079 698 utero
1106 652 1228 699 ante
1270 644 1569 711 Luciferum
1595 642 1749 714 genui
1797 652 1862 697 te.

247 728 375 787 Non
397 730 577 787 habeo
603 743 861 788 uterum:
902 733 997 789 sed
1042 749 1148 789 non
1200 748 1418 805 possum
1469 751 1556 790 me
1600 736 1759 791 aliter
1789 735 1868 789 in-

250 823 443 879 dicare
473 824 687 881 Patrem
712 867 729 893 ,
774 828 877 881 nisi
927 826 1164 884 hominis
1208 828 1396 884 verbis
1432 828 1644 884 locutus
1691 827 1863 883 fuero.

252 915 347 974 Ea:
376 930 520 973 utero
544 927 664 974 ante
694 917 993 991 Luciferum
1018 922 1169 994 genui
1208 933 1275 976 te.
1321 920 1402 977 Ea:
1428 932 1599 988 utero,
1629 922 1700 978 de
1747 935 1867 977 mea

253 1008 587 1067 substantia.
636 1007 722 1065 Ea:
769 1020 933 1066 utero.
989 1012 1154 1080 Audi,
1206 1012 1445 1069 Eunomi
1477 1032 1487 1063 τ
1520 1014 1670 1080 audi,
1719 1013 1868 1070 Arri.

254 1100 320 1158 Si
366 1112 615 1158 creatura
647 1116 729 1159 cst
760 1105 1037 1171 Dominus,
1075 1109 1120 1162 si
1168 1106 1376 1163 factura
1410 1125 1422 1162 :
1454 1108 1711 1178 numquid
1737 1108 1872 1163 arti-

256 1194 351 1253 fex
381 1205 604 1268 generat
628 1213 765 1268 opus
793 1199 987 1255 suum?
1016 1198 1284 1269 Numquid
1320 1200 1516 1256 artifex
1557 1199 1727 1255 tilium
1774 1215 1871 1255 ve-

259 1300 353 1347 cat
381 1306 519 1362 opus
541 1292 742 1363 suum?
768 1291 978 1348 Artifex
1001 1293 1379 1363 carpentarius
1399 1293 1522 1348 fecit
1545 1307 1825 1348 scamnum
1853 1310 1869 1349 :

260 1385 526 1455 numquid
568 1384 639 1440 de
684 1398 836 1441 utero
892 1386 1040 1443 illius
1085 1386 1405 1458 generavit?
1463 1385 1720 1455 numquid
1783 1385 1869 1443 di-

256 1478 343 1535 cit
368 1479 419 1535 ei
451 1496 465 1532 :
500 1479 573 1534 De
617 1488 774 1544 utero
818 1495 945 1536 meo
991 1481 1153 1552 genui
1195 1490 1245 1536 te
1270 1520 1285 1547 ,
1318 1498 1351 1533 o
1395 1479 1711 1535 scamnum?
1756 1477 1872 1533 Non

261 1570 456 1641 utique
485 1570 588 1626 hoc
627 1571 778 1627 dicit.
809 1572 914 1628 Sed
953 1573 1081 1644 quid
1132 1572 1299 1633 dicit?
1349 1572 1459 1643 Ego
1500 1582 1551 1626 te
1580 1570 1679 1628 feci
1713 1586 1872 1625 manu

264 1679 413 1720 mea.
441 1662 672 1734 Quando
703 1674 888 1718 autem
918 1675 1107 1720 uterus
1134 1664 1360 1730 dicitur,
1410 1663 1554 1719 ﬁlius
1598 1663 1871 1734 signiﬁca-

2041 452 2292 509 Dominus
2329 471 2361 509 a
2401 456 2597 512 dextris
2618 459 2741 513 tuis.
2799 458 2934 515 Rem
2980 476 3176 518 novam
3210 465 3385 522 video.
3429 469 3567 525 Dici~

1967 553 2054 600 tur
2085 546 2135 600 in
2161 547 2427 619 principio
2458 567 2469 601 :
2500 548 2643 604 Dixit
2669 549 2927 608 Dominus
2953 552 3178 611 Domino
3209 574 3341 624 meo,
3374 560 3509 617 Sede
3535 578 3567 616 a

1966 638 2164 692 dextris
2184 640 2307 693 meis
2341 655 2359 692 .'
2407 649 2463 696 et
2502 657 2644 697 nunc
2693 642 2890 699 dicitur
2942 645 3009 701 ad
3066 662 3212 716 eum,
3265 649 3571 709 Dominusa

1965 729 2161 785 dextris
2182 732 2303 786 tuis.
2336 730 2529 801 Siipse
2553 734 2619 789 ad
2658 735 2938 792 dexteram
2989 737 3166 794 Patris
3221 743 3394 811 sedet,
3444 759 3573 815 quo-

1966 822 2132 879 modo
2161 838 2376 878 rursum
2407 824 2569 881 Pater
2584 827 2736 883 sedet
2756 828 2823 883 ad
2852 829 3133 887 dexteram
3157 830 3275 888 Filii
3298 833 3321 887 ἲ
3341 834 3569 902 Quando

1970 915 2116 969 enim
2134 915 2366 969 dicitur:
2395 915 2537 972 Dixit
2560 916 2807 974 Dominus
2828 919 3048 977 Domino
3068 939 3203 988 meo,
3229 924 3366 982 Sede
3391 943 3424 982 a
3446 927 3571 982 dea:-

1971 1006 2066 1060 tris
2089 1006 2213 1062 meis
2237 1022 2257 1062 :
2281 1007 2723 1066 manifestissime
2745 1011 2963 1078 dicitur,
3019 1015 3164 1086 quod
3213 1016 3282 1073 ad
3321 1018 3569 1074 dextram

1972 1098 2148 1154 Patris
2175 1099 2331 1161 sedet
2360 1100 2551 1157 Filius.
2575 1103 2804 1169 Quando
2827 1116 3005 1162 autem
3032 1108 3231 1164 dicitur
3256 1127 3267 1162 :
3317 1108 3575 1167 Dominus

1971 1207 2005 1244 a
2024 1191 2220 1245 dextris
2250 1192 2371 1257 tuis,
2400 1192 2503 1249 hoe
2532 1194 2752 1260 dicitur,
2781 1201 2923 1267 quod
2945 1198 3011 1253 ad
3032 1199 3309 1257 dexteram
3335 1201 3452 1257 Filii
3482 1219 3574 1259 se-

1972 1284 2100 1339 deat
2128 1284 2309 1341 Pater.
2333 1287 2446 1343 Hoc
2468 1297 2638 1343 totum
2668 1300 2952 1360 promeres
2995 1292 3210 1363 dicitur,
3272 1309 3326 1350 ut
3356 1298 3579 1367 aequalis

1974 1380 2049 1434 sit
2082 1377 2251 1434 Filius
2278 1378 2443 1435 Patri.
2484 1381 2647 1437 Multa
2670 1393 2792 1438 sunt
2823 1400 2942 1454 quae
2970 1384 3240 1445 dicantur.
3299 1390 3581 1447 Peccatori

1973 1481 2156 1527 autem
2183 1472 2431 1528 diabolus
2461 1481 2569 1530 stat
2596 1491 2623 1528 a
2645 1474 2871 1531 dextris.
2901 1477 3168 1536 Caeterum
3211 1482 3300 1538 illa
3341 1483 3584 1553 disputa-

1978 1565 2053 1619 tio
2092 1565 2197 1618 alia
2218 1574 2321 1620 est.
2345 1566 2684 1637 Quicumque
2709 1577 2961 1638 peccator
2988 1583 3089 1636 est,
3126 1572 3373 1629 diabolus
3397 1575 3447 1630 ei
3479 1583 3585 1630 stat

1978 1658 2047 1712 ad
2076 1657 2375 1715 desteram.
2412 1660 2521 1716 Sed
2560 1660 2700 1717 dicet
2745 1664 2946 1732 aliquis
2981 1682 2993 1716 :
3024 1666 3309 1732 Quomodo
3355 1677 3411 1723 et
3455 1668 3583 1725 Iesu

263 1766 378 1824 tur,
413 1765 471 1811 et
504 1756 643 1816 (ilius
673 1772 782 1811 non
830 1755 1141 1826 adoptatus.
1174 1756 1447 1811 Vocantur
1476 1756 1624 1812 enim
1666 1765 1721 1811 et
1773 1755 1871 1810 lilii
1904 1752 1954 1813 B
1981 1749 2090 1806 lilio
2109 1750 2339 1809 Josedec
2362 1753 2415 1811 in
2438 1753 2708 1814 Zacharia
2735 1755 2940 1812 dicitur
2960 1768 3108 1813 stare
3135 1760 3381 1816 diabolus
3400 1778 3429 1816 a
3452 1763 3587 1818 dex-

274 1847 547 1917 adoptati.
600 1846 877 1918 Quotquot
904 1848 1049 1903 enim
1079 1857 1409 1917 receperunt
1433 1862 1584 1908 eum.
1618 1848 1765 1902 dedit
1795 1849 1876 1903 eis

270 1950 600 2015 potestatem
627 1941 765 1996 ﬁlios
798 1941 890 1996 Dei
923 1941 1036 1996 ﬁeri
1075 1939 1265 2013 (Joan.
1296 1942 1359 2013 l).
1388 1940 1464 1995 lbi
1495 1940 1642 1996 dedit
1672 1945 1753 1995 eis
1785 1956 1879 2010 po-

269 2043 550 2092 testatem.
581 2035 681 2090 Hie
712 2050 845 2089 vero
888 2036 956 2089 de
1010 2043 1165 2090 utero
1209 2035 1483 2106 generavit
1519 2054 1531 2087 :
1565 2034 1633 2089 de
1657 2049 1754 2088 sua
1785 2048 1877 2088 na-

271 2141 417 2196 tura,
447 2129 514 2184 de
538 2129 651 2184 suis
680 2127 1009 2191 visceribus,
1039 2125 1108 2182 de
1129 2141 1226 2182 sua
1252 2126 1573 2181 substantia.
1605 2124 1689 2181 Ea:
1714 2139 1877 2189 utero,

202 2257 253 2269 —-
271 2221 385 2278 hoc
402 2231 505 2288 est,
527 2221 595 2276 de
617 2219 872 2275 medullis
893 2219 1190 2274 divinitatis
1222 2235 1359 2273 sttzn.
1391 2218 1587 2273 Totum
1617 2214 1878 2287 quidquid

273 2314 440 2371 Pater
466 2326 551 2371 est
582 2315 637 2370 in
668 2314 979 2380 divinitate,
1009 2313 1160 2370 dedit
1199 2313 1338 2369 Filio
1380 2329 1538 2382 quem
1576 2314 1880 2380 generavit.

274 2408 366 2465 Ea:
390 2418 537 2464 utero
565 2419 687 2463 ante
713 2407 1014 2481 Luciferum
1058 2408 1216 2483 genui
1263 2419 1309 2462 te
1377 2410 1512 2461 Ante
1562 2406 1880 2477 Luciferum.

276 2503 396 2560 Hoc
421 2505 664 2569 schema,
697 2504 886 2559 Grmce
932 2504 1135 2558 dicitur
1171 2500 1478 2575 κννεὸδοχή,
1525 2501 1670 2571 quod
1698 2501 1889 2556 dicunt

276 2599 619 2672 grammatici
670 2615 698 2654 a
748 2610 900 2669 parte
961 2609 1154 2652 totum.
1209 2598 1436 2664 Quando
1484 2610 1618 2666 ergo
1669 2595 1884 2658 dicitur,

278 2700 406 2748 ante
430 2690 747 2760 Luciferum,
782 2705 940 2744 uuam
969 2702 1278 2744 creaturam
1309 2687 1574 2751 nominat,
1607 2698 1663 2742 et
1698 2699 1891 2741 omnes

279 2782 491 2839 indicat
537 2791 846 2838 creaturas.
903 2779 1134 2849 Quando
1184 2777 1336 2844 dicit,
1391 2787 1508 2831 ante
1549 2775 1847 2848 Luciferum
1872 2792 1889 2829 :

282 2889 391 2931 nos
417 2874 496 2929 sic
527 2873 921 2944 intelligamus,
949 2871 1104 2941 quasi
1130 2869 1350 2934 dixerit,
1375 2877 1501 2922 ante
1526 2868 1730 2933 lunam,
1764 2877 1893 2922 ante

281 2968 488 3035 solem,
517 2975 643 3023 aute
665 2981 884 3021 omnem
907 2974 1239 3022 creaturam.
1261 2961 1344 3016 Ea:
1371 2970 1513 3015 utero
1543 2970 1661 3015 ante
1689 2959 1892 3031 Lucife-

282 3076 402 3115 rum
432 3060 587 3131 genui
617 3070 683 3115 te.
716 3060 847 3113 Ante
868 3058 1187 3126 Luciferum.
1220 3056 1364 3112 Ante
1392 3057 1554 3111 istum
1589 3056 1892 3110 Luciferum

1983 1844 2081 1898 tris
2121 1843 2238 1911 ejus
2296 1862 2306 1897 :
2362 1856 2414 1900 et
2463 1845 2714 1903 diabolus
2768 1852 2922 1904 stetit
2961 1864 2992 1904 a
3034 1849 3242 1905 dextris
3288 1851 3585 1909 Salvatorls

1981 1934 2169 2008 (Zach.
2203 1934 2325 2008 tu)?
2356 1936 2559 1993 Videtis
2586 1940 2713 2010 quia
2737 1940 2965 2008 qumstio
3010 1951 3113 1997 est.
3181 1942 3289 2000 Sed
3342 1960 3408 2001 eo
3449 1956 3586 2002 tem-

1985 2044 2117 2099 pore
2143 2031 2362 2100 quando
2379 2032 2557 2087 stabat
2574 2033 2825 2091 diabolus
2848 2035 2914 2090 ad
2937 2035 3219 2093 dexteram
3249 2040 3580 2096 Salvatoris:

1984 2121 2163 2187 Iesus,
2203 2123 2401 2193 inquit,
2449 2123 2685 2180 habebat
2726 2128 3052 2182 vestimenta
3104 2130 3343 2185 sordida.
3394 2131 3590 2187 Nostra

1988 2222 2212 2285 percata
2244 2215 2514 2284 portabat,
2547 2219 2749 2272 nostris
2779 2219 2922 2274 vitiis
2956 2222 3258 2277 ittVoltllllS:
3299 2234 3585 2294 propterea

1988 2306 2236 2362 diabolus
2256 2308 2431 2363 stabat
2459 2309 2721 2363 atlextris
2759 2311 2894 2380 eius.
2952 2311 3220 2386 Coufregil
3274 2316 3327 2369 in
3369 2315 3454 2371 die
3499 2318 3593 2371 ira;

1988 2415 2099 2454 sine
2126 2417 2293 2471 reges.
2330 2401 2456 2455 llaec
2472 2403 2656 2456 omnia
2689 2402 2881 2458 tradita
2906 2416 3029 2459 sunt
3048 2406 3197 2461 mihi.
3219 2407 3276 2464 In
3294 2421 3592 2478 momento,

1990 2493 2185 2563 inquit,
2218 2494 2364 2549 hora:
2402 2497 2720 2551 monstravit
2778 2497 2826 2552 ei
2885 2500 3131 2552 universa
3193 2515 3357 2571 regna
3409 2512 3590 2559 terra».

1995 2586 2176 2657 Regna
2228 2588 2437 2654 mundi,
2484 2589 2734 2645 diabolus
2788 2601 3075 2647 monstrat.
3130 2592 3198 2648 Et
3248 2595 3372 2666 quid
3413 2596 3589 2652 dicit?

1994 2677 2121 2733 Hmc
2150 2679 2329 2733 omnia
2360 2679 2489 2733 mihi
2525 2681 2723 2736 tradita
2766 2691 2913 2739 sunt.
2957 2682 3018 2739 Si
3051 2685 3252 2740 radens
3278 2686 3595 2744 adoraveris

1994 2786 2181 2826 curant
2212 2786 2321 2839 me,
2346 2785 2505 2827 erunt
2530 2782 2616 2826 tua
2641 2775 2823 2828 omnia
2852 2774 3068 2841 (Matth.
3100 2776 3200 2848 tv).
3249 2777 3311 2834 in
3341 2779 3431 2836 die
3456 2796 3592 2852 ergo

1996 2863 2161 2929 belli,
2205 2866 2255 2916 in
2295 2864 2382 2919 die
2420 2867 2751 2932 certaminis,
2794 2868 3295 2942 confringet,rcges
3334 2874 3429 2930 iraa
3458 2892 3591 2931 sum.

2068 2956 2331 3011 Judicabit
2357 2957 2410 3012 in
2435 2958 2750 3014 nationibus.
2804 2959 2991 3016 Videte
3028 2963 3404 3021 dill'erentias:
3438 2984 3597 3037 reges

1997 3048 2434 3120 confringantur,
2469 3050 2740 3121 judicabit
2777 3053 3044 3108 nationes.
3108 3054 3355 3127 Implebit
3397 3059 3600 3116 ruinas.

284 3152 382 3227 qui
414 3151 630 3207 videtur
651 3152 703 3206 in
740 3151 958 3217 mundo,
991 3166 1116 3213 vera
1150 3150 1240 3205 lux
1272 3150 1455 3220 genita
1481 3158 1582 3205 est.
1628 3149 1781 3207 Unde
1810 3149 1892 3205 di-
1922 3140 1966 3202 C
1999 3141 2262 3199 Dominus
2283 3149 2470 3197 noster
2499 3143 2747 3199 ascendit
2777 3146 2829 3199 in
2860 3161 3100 3213 crucem,
3125 3156 3181 3203 et
3205 3148 3386 3203 multa:
3427 3153 3599 3206 ruina:

285 3246 442 3303 citin
464 3247 575 3301 alio
630 3246 752 3310 loco
798 3246 1084 3316 psalmus:
1133 3246 1189 3305 In
1224 3246 1427 3302 lumine
1471 3257 1564 3302 tuo
1593 3247 1900 3303 videbimus

286 3338 478 3397 lumen
512 3336 681 3411 (Psal.
720 3338 911 3407 xxxv).
943 3337 1143 3394 Sermo
1169 3346 1259 3394 est
1290 3338 1355 3392 ad
1388 3338 1602 3394 Patrem
1630 3356 1643 3393 :
1674 3340 1719 3395 0
1744 3340 1904 3395 Pater

286 3432 349 3489 in
383 3430 586 3488 lumine
612 3430 760 3499 Filii,
795 3430 1099 3486 videbimus
1124 3430 1310 3486 lumen
1339 3430 1600 3501 Spiritum
1633 3443 1900 3489 sanctum.

291 3522 387 3579 Ea:
416 3533 563 3579 utero
594 3532 714 3579 ante
759 3521 1057 3594 Luciferum
1102 3523 1258 3594 genui
1286 3531 1352 3579 te.

372 3611 578 3671 Jtlrarit
599 3615 863 3671 Dominus
890 3625 939 3669 et
963 3630 1068 3670 non
1089 3614 1349 3686 paenitebit
1369 3627 1508 3667 eum.
1556 3612 1766 3669 Iuravit
1793 3613 1904 3670 Do-

292 3705 495 3759 minus.
531 3705 643 3760 Hoc.
670 3706 813 3775 quod
845 3707 1003 3772 dicit,
1024 3706 1219 3776 iuravit
1246 3722 1265 3762 .'
1316 3720 1422 3761 non
1444 3705 1492 3759 ei
1523 3706 1615 3777 qui
1648 3716 1773 3763 ante
1802 3707 1907 3761 Lu-

293 3796 527 3855 ciferum
555 3796 771 3868 genitus
797 3809 880 3853 est
912 3816 924 3851 :
960 3798 1052 3853 sed
1083 3800 1130 3853 ei
1157 3799 1378 3869 juravit,
1406 3797 1495 3867 qui
1527 3808 1647 3868 post
1693 3798 1906 3854 Lucife-

294 3904 425 3946 rum
456 3898 613 3949 natus
636 3903 705 3944 ex
735 3889 940 3958 virgine
970 3899 1074 3945 est.
1129 3888 1212 3944 Tu
1237 3907 1287 3945 es
1314 3889 1555 3945 sacerdos
1583 3891 1637 3944 in
1663 3900 1909 3947 retentum

300 3979 593 4037 secundum
644 3979 879 4036 ordinem
930 3978 1291 4035 ΜίισΙιξδεάεε.
1327 3982 1911 4052 Superiluuntestnos

303 4073 380 4131 de
435 4074 541 4129 isto
592 4074 865 4133 versiculo
910 4073 1050 4131 velle
1095 4075 1463 4145 interpretari,
1519 4092 1644 4133 cum
1692 4085 1911 4134 sanctus

300 4167 607 4239 Apostolus
644 4167 712 4225 ad
754 4166 1014 4225 Hebrzeos
1064 4167 1379 4238 plenissime
1424 4169 1736 4240 disputavit.
1796 4170 1913 4239 Ipse

301 4260 456 4323 enim
483 4263 561 4319 ait
587 4280 598 4314 :
624 4261 730 4325 iste
754 4271 838 4316 est
860 4260 1240 4325 Holohimdec,
1284 4262 1403 4316 sine
1432 4272 1581 4331 patre
1600 4305 1614 4327 ,
1645 4263 1766 4319 sine
1793 4278 1906 4318 ma-

305 4363 420 4421 tre,
463 4355 578 4409 sine
623 4355 977 4424 generatione
1036 4351 1221 4423 (Hebr.
1253 4353 1372 4425 vn).
1427 4354 1493 4408 Et
1529 4354 1915 4426 interpretatur

308 4443 391 4500 ibi
423 4443 864 4515 diligentissime,
890 4460 1059 4516 quare
1086 4448 1202 4500 sine
1232 4453 1408 4514 patre,
1434 4444 1552 4500 sine
1581 4454 1773 4512 matre,
1797 4446 1915 4502 sine

2002 3234 2159 3292 facta:
2183 3244 2329 3290 sunt.
2364 3235 2469 3290 iste
2499 3236 2702 3303 positus
2724 3246 2810 3295 est
2839 3240 2890 3294 in
2935 3240 3168 3309 ruinam,
3219 3250 3274 3296 et
3324 3258 3598 3301 resurrec-

2004 3326 2206 3383 tionem
2238 3328 2553 3393 mnltornm,
2586 3338 2642 3385 et
2694 3330 2745 3384 iu
2791 3333 3001 3396 signum
3054 3332 3138 3387 cui
3197 3335 3603 3393 contradicetur

2006 3416 2161 3490 (Luc.
2191 3419 2277 3487 tt).
2312 3417 2551 3492 Implebit
2572 3422 2774 3476 ruinas.
2802 3421 2919 3478 Non
2943 3423 3305 3493 credentium,
3356 3427 3451 3498 qui
3492 3443 3600 3485 nou

2004 3513 2821 3584 credidernnlgeXplnratoribns
2863 3519 3125 3587 apostolis
3186 3517 3371 3589 (Nion.
3409 3536 3523 3587 xxi,
3556 3534 3603 3578 et

2006 3609 2165 3676 xxtt).
2190 3607 2481 3675 Ethioyses
2496 3608 2643 3662 enim
2661 3609 2807 3665 misit
2833 3610 3212 3680 exploratores
3233 3613 3563 3670 inmundum
3584 3634 3599 3683 ;

2009 3710 2066 3755 et
2080 3699 2206 3770 quia
2222 3717 2326 3755 non
2345 3699 2577 3756 credidit
2594 3704 2825 3772 populus
2838 3705 3295 3774 exploratoribus,
3316 3718 3604 3777 propterea

2010 3792 2325 3853 ceciderunt
2355 3794 2408 3849 in
2440 3793 2675 3851 deserto.
2712 3794 2892 3865 Usque
2923 3796 3083 3852 hodie
3102 3814 3329 3869 corpora
3354 3818 3461 3857 non
3487 3818 3608 3860 cre-

2010 3888 2254 3943 dentium
2285 3889 2487 3944 cadunt
2511 3888 2565 3944 itt
2595 3888 2814 3945 deserto
2846 3890 3001 3945 istius
3040 3889 3246 3948 saeculi.
3276 3891 3607 3966 Conquassa-

2012 3978 2083 4034 bit
2111 3981 2285 4048 capita
2327 3981 2381 4034 in
2420 3990 2559 4036 terra
2606 3982 2909 4037 multorum.
2962 3983 3204 4058 Implebit
3246 3988 3452 4055 ruinas,
3500 4004 3607 4043 nou

2012 4073 2348 4130 credentium
2384 4092 2396 4127 :
2451 4074 2813 4147 conquassabit
2864 4078 3056 4150 capita,
3110 4094 3298 4136 eorum
3330 4084 3420 4156 qui
3459 4081 3609 4139 dubii

2013 4174 2180 4223 sunt:
2207 4182 2394 4223 eorum
2429 4169 2520 4239 qui
2544 4184 2649 4226 n0n
2679 4170 2876 4227 habent
2909 4175 3203 4243 perlectam
3245 4175 3429 4232 ﬁdem.
3469 4176 3609 4233 Con-

2012 4259 2276 4330 quassabit
2300 4260 2471 4332 capita
2496 4262 2550 4315 in
2575 4271 2716 4317 terra
2744 4263 3024 4319 multorum
3044 4282 3063 4320 :
3092 4280 3196 4321 non
3231 4269 3498 4325 omnium.
3552 4270 3609 4327 Si

2014 4354 2159 4409 enim
2190 4353 2438 4424 dixisset,
2462 4355 2729 4424 omnium,
2765 4358 2945 4413 nullus
2974 4359 3043 4415 de
3068 4360 3225 4415 nobis
3254 4378 3404 4431 spem
3440 4362 3609 4422 habe-

2018 4454 2123 4501 ret.
2150 4445 2456 4513 Multorum,
2486 4447 2704 4516 dicitur,
2739 4461 2794 4502 nt
2820 4449 2911 4505 alii
2935 4451 3327 4520 relinquantur.

309 4537 689 4610 generatione.
714 4536 783 4609 Et
802 4538 870 4595 ab
891 4539 1143 4593 onmibus
1169 4538 1556 4595 ecclesiasticis
1574 4539 1777 4595 dictum
1807 4551 1910 4607 est,
1941 4532 1992 4595 D
2092 4535 2170 4592 De
2213 4548 2438 4593 torrente
2478 4540 2533 4592 in
2567 4539 2815 4595 viabibit.
2849 4540 2985 4608 Quis
3016 4542 3151 4597 bibit
3170 4542 3239 4598 de
3268 4553 3529 4615 torrente,
3564 4547 3619 4604 in

309 4629 573 4700 quoniam
596 4629 723 4685 sine
754 4641 904 4699 patre
941 4630 1142 4687 dicitur
1172 4629 1472 4685 secundum
1502 4643 1723 4687 carnem
1755 4649 1768 4686 :
1801 4632 1919 4687 sine
2020 4627 2147 4682 via?
2175 4626 2306 4692 Iste.
2337 4627 2426 4683 cui
2460 4628 2665 4684 dictum
2720 4642 2807 4684 est
2835 4630 3041 4707 :‘Digrit
3093 4632 3344 4689 Dominus
3395 4635 3619 4693 Domino

314 4731 501 4791 rnatre
521 4722 718 4778 dicitur
743 4724 1040 4779 secundum
1072 4724 1261 4781 Deum.
1297 4722 1410 4779 Hoc
1448 4723 1623 4779 solum
1664 4741 1797 4797 ergo
1842 4729 1924 4782 in-
2023 4735 2175 4775 meo:
2204 4719 2341 4776 Sede
2363 4737 2397 4774 a
2419 4720 2615 4774 dextris
2635 4722 2783 4776 meis.
2812 4722 2937 4791 iste,
2962 4725 3050 4793 qui
3073 4725 3282 4782 audivit
3311 4744 3323 4779 :
3359 4725 3436 4780 Tu
3465 4745 3518 4782 es
3538 4746 3623 4784 sa-

206 4806 213 4811 ’
315 4827 689 4889 ιθτρτθιθηιιηι
720 4836 733 4871 ;
767 4815 849 4871 Tu
878 4834 930 4872 es
971 4817 1211 4875 sacerdos
1259 4816 1315 4870 in
1354 4826 1602 4872 (sternunt
1641 4820 1925 4874 secundum
2025 4812 2206 4867 rertlos
2240 4813 2296 4867 in
2324 4820 2590 4868 .teteruum
2621 4814 2907 4869 secundum
2962 4816 3201 4872 ordinem
3255 4817 3619 4877 Helekisedec.

317 4909 561 4966 ordinem
610 4908 969 4966 Melchisedec.
1025 4909 1139 4967 Hoc
1183 4910 1359 4964 solum
1408 4908 1653 4966 dicamus
1678 4953 1693 4977 ,
1759 4927 1927 4982 quare
2028 4904 2157 4972 Iste,
2187 4904 2291 4974 Qui
2317 4905 2567 4977 confregit
2588 4907 2643 4960 in
2672 4906 2756 4961 die
2781 4909 2876 4960 ira:
2895 4923 3004 4962 sua:
3024 4924 3167 4979 reges
3193 4924 3212 4962 :
3242 4910 3473 4980 implebit
3514 4914 3627 4967 rei-

318 5005 524 5077 dixerit
549 5004 837 5060 secundum
857 5003 1111 5057 ordinem.
1172 5002 1474 5058 Secundum
1511 5002 1747 5057 ordinent
1779 5020 1797 5058 :
1827 5019 1924 5058 ne-

315 5112 603 5171 quaquam
624 5095 887 5155 sacerdos
913 5095 1021 5155 eris
1045 5095 1347 5159 secundum
1370 5096 1619 5153 victimas
1638 5094 1930 5163 Judaicas;

2031 5014 2124 5053 nas
2145 5014 2164 5053 :
2189 4997 2551 5070 canquassabit
2581 5000 2752 5071 rapito
2781 5001 2832 5052 in
2857 5007 2995 5053 terra
3042 5001 3342 5056 multorum.
3369 5002 3477 5059 Iste
3497 5005 3627 5075 quid

2031 5090 2161 5145 facit
2191 5089 2373 5144 aliud?
2402 5087 2482 5145 De
2508 5100 2734 5145 torrente
2771 5092 2823 5144 in
2850 5091 2935 5145 eia
2962 5090 3104 5146 bibit.
3163 5092 3449 5151 Videamus
3500 5105 3627 5152 ante

316 5190 428 5256 sed
489 5190 598 5251 eris
651 5188 909 5249 sacerdos
965 5188 1248 5251 secandum
1294 5187 1530 5243 ordinem
1594 5185 1934 5244 Melchisedec
2034 5180 2199 5251 Viam;
2231 5192 2288 5238 ut
2327 5192 2515 5253 postea
2546 5183 2899 5239 videamusin
2929 5187 3013 5239 via
3037 5194 3353 5242 torrentem.
3382 5187 3500 5255 Via,
3525 5203 3629 5244 sa:-

322 5283 487 5358 (Gen.
515 5282 652 5355 xtv).
694 5280 978 5351 Quomodo
1006 5280 1150 5339 enim
1180 5276 1571 5344 Melchised'ec,
1599 5295 1696 5337 rex
1724 5280 1931 5349 Salen],

2032 5273 2213 5332 culum
2238 5274 2379 5331 istud
2410 5274 2628 5339 dicitur,
2663 5292 2756 5344 per
2805 5291 2966 5347 quam
3019 5278 3335 5334 ambulavit.
3391 5280 3633 5352 Denique

320 5375 530 5449 obtulit
556 5390 749 5447 panem
778 5382 836 5439 et
883 5374 1109 5428 vinum:
1161 5374 1240 5431 sic
1284 5382 1340 5429 et
1385 5380 1440 5427 tn
1494 5369 1691 5429 offeres
1736 5387 1935 5443 corpus
2037 5370 2298 5440 scriptum
2326 5380 2411 5426 est
2441 5369 2496 5424 in
2527 5368 2857 5440 Evangelia:
2908 5370 3041 5427 Esto
3066 5374 3414 5428 consentiens
3446 5373 3636 5428 adver-

323 5477 484 5533 tuum
511 5477 566 5527 et
594 5464 937 5537 sanguinem,
969 5478 1157 5526 verum
1188 5477 1401 5533 panem,
1437 5472 1491 5520 et
1518 5478 1702 5520 verum
1729 5464 1930 5521 vinum.

328 5561 441 5618 Iste
465 5559 828 5625 Melcltisedee
858 5557 959 5615 ista
983 5555 1244 5628 mysteria
1280 5571 1400 5626 quae
1450 5556 1732 5624 habemus,
1789 5558 1939 5615 dedit

328 5654 511 5713 nobis.
544 5654 664 5724 Ipse
684 5651 881 5720 eqqni
909 5648 1080 5711 dixit:
1130 5647 1232 5714 Qui
1276 5647 1679 5717 manduqaverit
1719 5664 1939 5709 carnem

329 5757 593 5812 meam,et
609 5742 799 5799 biberit
817 5740 1136 5811 sanguinem
1149 5754 1326 5795 meum
1345 5737 1527 5812 (Joan.
1543 5739 1945 5813 v1).Secundmn

2040 5463 2186 5518 sario
2217 5472 2307 5517 tuo
2337 5463 2468 5518 dum
2491 5477 2554 5519 es
2583 5466 2635 5517 iu
2663 5464 2747 5516 via
2779 5462 2997 5531 (Matth.
3058 5466 3154 5538 vi),
3198 5466 3302 5522 hoc
3351 5476 3457 5537 est,
3507 5467 3632 5522 dum

2043 5556 2289 5614 ambulas
2317 5556 2370 5612 in
2398 5557 2505 5612 isto
2529 5557 2750 5619 saculo.
2784 5568 2835 5611 et
2862 5574 2956 5627 per
2987 5560 3124 5614 viam
3168 5561 3319 5617 vadis
3371 5561 3439 5616 ad
3490 5577 3636 5627 eum,

2047 5651 2138 5720 qui
2181 5666 2305 5707 vera
2360 5663 2443 5707 est
2475 5652 2579 5705 via.
2642 5649 2799 5707 Unde
2838 5651 3035 5706 dicitur
3062 5663 3117 5708 et
3147 5654 3197 5709 in
3225 5655 3523 5712 centesimo
3549 5656 3643 5711 de-

2049 5743 2191 5800 cimo
2251 5754 2444 5800 octavo
2504 5743 2722 5799 Psaloto
2770 5761 2789 5797 τ
2841 5742 2988 5799 Beati
3048 5745 3373 5804 immaculati
3425 5749 3479 5804 in
3534 5749 3641 5804 via.
