4016 6398
431 248 570 306 illi?

1230 233 1574 295 APPENDIX
1613 231 1704 289 AD
1747 228 1991 286 ι-οιιωι
2029 225 2381 285 SEPTIMUM
2422 228 2480 286 S.
2522 227 2923 286 IIIEROAVMI.

3588 217 3784 282 “63

432 361 582 418 Beati
630 367 772 424 sunt,
816 358 908 430 qui
941 358 992 412 in
1035 358 1134 410 ista
1177 353 1363 409 sreculi
1391 350 1473 404 via
1517 345 1843 404 immaculati
1872 351 2016 408 sunt,
2047 343 2101 404 A
2127 343 2368 411 brarum,
2408 343 2510 398 hoc
2533 352 2639 407 est,
2670 341 2906 397 Cedron.
2937 338 3137 394 Omnes
3164 335 3308 390 enim
3342 333 3432 405 qui
3468 333 3599 390 odio
3635 334 3784 387 ha-

432 466 488 510 et
537 454 590 508 in
643 454 746 508 isto
806 450 1025 505 mundo.
1076 447 1218 515 Ergo
1261 442 1518 499 sacerdos
1581 437 1878 496 secundum
1936 450 2024 489 or-

437 547 621 602 dinem
665 539 1025 599 Melchisedec
1063 554 1073 590 :
1111 536 1368 608 quoniam
1419 533 1572 588 venit
1606 531 1660 584 in
1691 528 1776 583 via
1816 526 2020 589 saeculi,

434 648 490 693 et
536 636 832 692 ambulavit
870 633 922 688 in
965 633 1045 686 via
1107 640 1325 694 nostra,
1376 626 1509 681 bibit
1550 634 1604 680 et
1647 623 1762 693 ipse
1791 622 1860 676 de
1914 629 2024 690 tor—

431 745 629 797 rente,
691 729 781 798 qui
836 736 953 783 erat
1014 726 1067 780 in
1117 724 1340 778 steculo.
1402 720 1643 775 Torrens
1707 731 1812 771 non
1860 713 2026 768 habet

427 841 593 896 aquas
620 822 918 884 naturales,
979 835 1086 874 non
1130 818 1299 872 habet
1325 829 1492 885 aquas
1519 826 1640 880 quae
1664 823 1880 879 semper
1902 821 2027 878 per-

431 923 640 976 ﬂuunt:
674 916 770 972 sed
795 916 955 970 habet
975 929 1144 984 aquas
1165 912 1234 968 de
1261 907 1697 980 tempestatibus,
1715 903 1782 958 de
1807 902 2021 973 pluviis,

430 1012 755 1080 deturbine,
797 1009 865 1064 de
898 1007 1178 1080 procellis.
1226 1004 1470 1060 Torrens
1512 1011 1803 1068 numquam
1837 1004 1924 1048 est
1970 994 2021 1047 in

428 1105 721 1170 montibus,
782 1100 879 1157 sed
923 1114 1142 1169 semper
1194 1097 1246 1151 in
1289 1094 1544 1159 vallibus,
1581 1092 1633 1144 in
1660 1085 2024 1159 prmcipitibus

424 1200 581 1255 locis.
616 1196 836 1252 Alienas
863 1208 1033 1264 aquas
1055 1190 1312 1260 concipit,
1347 1195 1404 1243 et
1431 1183 1682 1256 parturit,
1730 1194 1786 1237 et
1809 1191 2026 1236 tumens

425 1292 594 1348 vadit.
672 1289 752 1344 De
791 1298 1014 1343 torrente
1053 1287 1107 1340 in
1147 1285 1231 1338 uia
1261 1282 1403 1337 bibit.
1445 1279 1684 1335 Torreus
1731 1288 2022 1346 numquam

424 1385 591 1440 habet
613 1381 866 1438 mundam
890 1393 1109 1450 aquam,
1141 1375 1238 1430 sed
1285 1386 1506 1442 semper
1560 1368 1855 1424 turbidam.
1911 1366 2025 1420 Hoc

427 1477 626 1533 dicitur
658 1491 673 1528 :
699 1472 952 1544 quoniam
979 1467 1164 1524 saeculi
1194 1465 1350 1521 istius
1377 1477 1529 1534 aqua:
1558 1475 1774 1533 semper
1796 1456 2027 1515 turbidae

426 1577 576 1636 sunt,
607 1583 823 1638 semper
845 1565 1016 1636 plena:
1067 1568 1413 1628 tempestate.
1471 1555 1654 1612 Vultis
1699 1553 1839 1609 scire
1893 1567 2027 1621 quo-

429 1661 591 1718 modo
619 1660 687 1715 de
735 1664 974 1713 torrente
1027 1651 1242 1709 turbido
1284 1648 1523 1706 biberit?
1575 1647 1644 1702 Et
1690 1647 1803 1715 ipse
1850 1643 2023 1699 dicit:

2130 435 2257 490 bent
2285 436 2482 502 lucem,
2513 443 2697 489 amant
2726 433 2999 488 tenebras.
3031 429 3108 483 De
3134 437 3357 483 torrente
3383 428 3438 480 in
3470 426 3554 480 via
3577 425 3773 479 bibit.

2127 527 2263 594 Quia
2305 542 2432 597 ergo
2477 527 2610 581 bibit
2643 525 2908 580 Dominus
2937 523 3006 577 de
3038 530 3281 576 torrente
3313 565 3325 588 ,
3383 529 3438 574 et
3483 516 3776 588 gustavit.

2130 630 2382 687 mortem,
2417 631 2710 692 prOpIerea
2739 615 2997 674 exultavit
3024 631 3147 672 eum
3177 615 3372 679 Pater,
3407 621 3463 667 et
3493 610 3648 666 dedit
3695 609 3775 664 ci

2129 729 2327 768 nomen
2366 711 2512 782 quod
2542 720 2625 766 est
2655 725 2819 780 super
2848 722 3012 763 omne
3053 721 3273 762 nomen.
3324 702 3534 758 Deinde
3584 714 3772 756 nunc

2127 806 2329 863 dicitur
2354 824 2365 860 :
2392 805 2470 862 De
2495 814 2723 860 torrente
2752 804 2806 856 in
2835 803 2917 858 via
2944 802 3087 857 bibit.
3117 802 3184 856 Et
3203 802 3330 872 quia
3359 799 3500 854 bibit
3519 800 3589 854 de
3614 810 3769 854 tor-

2128 910 2281 958 rente
2313 901 2365 956 in
2390 902 2498 967 via,
2526 899 2808 972 Propterea
2839 897 3085 952 exultavit
3110 905 3288 963 caput.
3315 895 3384 950 Et
3404 893 3534 964 quid
3557 892 3712 948 dicit
3731 891 3765 946 ’ἒ

2127 995 2262 1051 Cum
2290 994 2562 1050 exaltatus
2590 993 2745 1047 fuero
2771 1033 2786 1060 ,
2831 991 3010 1046 omnia
3042 989 3252 1044 traham
3284 987 3352 1043 ad
3382 1004 3470 1042 me
3520 985 3758 1059 (Joan.

2128 1089 2248 1158 xu).
2287 1087 2378 1142 Ille
2407 1097 2492 1142 est
2521 1085 2820 1150 exaltatns,
2855 1093 2909 1139 et
2935 1097 3034 1138 nos
3061 1081 3340 1137 exaltavit.
3372 1080 3534 1137 IStius
3563 1089 3759 1150 caput

2130 1183 2426 1237 exaltatum
2468 1188 2553 1233 est
2584 1196 2595 1230 ε
2626 1187 2884 1233 etc-terum
2927 1176 3182 1232 draconis
3229 1176 3406 1244 capita
3455 1191 3755 1246 conquas-

2129 1275 2294 1338 savit,
2330 1283 2385 1328 ct
2408 1272 2688 1328 confracta
2715 1282 2840 1326 sunt
2869 1270 2922 1325 in
2948 1271 3104 1328 mari.
3142 1269 3433 1339 Propterea
3477 1269 3751 1324 exaltabit

2131 1376 2307 1438 caput.
2361 1365 2480 1420 Non
2526 1365 2662 1420 dixit
2707 1383 2718 1416 :
2768 1373 3055 1436 propterea
3097 1363 3395 1418 exaltatum
3440 1371 3528 1418 est
3564 1371 3748 1432 caput

2131 1462 2273 1531 ejus,
2306 1460 2408 1515 hoc
2439 1468 2542 1526 est,
2575 1460 2644 1514 ab
2671 1459 2779 1514 alio
2809 1457 3078 1514 exaltatus
3104 1475 3116 1510 :
3149 1455 3247 1512 sed
3271 1455 3365 1527 qui
3387 1471 3448 1512 se
3471 1455 3752 1511 humilia-

2131 1562 2308 1618 verat,
2343 1551 2460 1622 ipse
2485 1551 2767 1606 exoltavit.
2817 1549 2939 1622 Ipse
2965 1550 3110 1605 enim
3143 1549 3277 1604 dicit
3307 1550 3360 1603 in
3387 1549 3685 1620 Evangelio
3721 1566 3741 1602 ;

2135 1650 2464 1705 Potestatem
2496 1648 2670 1702 habeo
2698 1645 2934 1699 animam
2963 1659 3140 1699 meam
3175 1644 3446 1713 ponendi,
3475 1650 3532 1698 et
3570 1651 3746 1714 pote-

427 1755 623 1810 Tristis
644 1763 728 1809 est
748 1751 926 1806 anima
957 1762 1079 1803 mea
1104 1744 1352 1816 usquead
1370 1735 2022 1812 mortem(Matth.xxvt).
2055 1733 2104 1794 B
2133 1752 2328 1799 statem
2361 1741 2532 1796 habeo
2559 1738 2873 1796 resumendi
2913 1753 3035 1793 eam
3077 1735 3260 1809 (Joan.
3307 1736 3387 1809 ιι).
3437 1735 3741 1808 Propterea

427 1849 497 1904 Et
524 1847 721 1904 dicitur
752 1847 803 1900 in
838 1841 1130 1913 Evangelio
1182 1859 1193 1894 :
1231 1839 1298 1894 Et
1346 1837 1534 1908 cwpit,
1585 1835 1780 1904 inquit,
1826 1833 2031 1889 contri-

428 1941 582 2004 stari,
613 1945 668 1994 et
693 1935 1003 1993 conturbari
1027 1931 1240 2005 (lbid.).
1267 1931 1406 1986 Bibit
1433 1944 1562 1998 ergo
1583 1932 1750 1984 etiam
1773 1928 2029 1981 Dominus

427 2039 616 2088 noster
657 2029 727 2085 de
783 2034 1026 2083 torrente
1080 2025 1238 2078 istius
1295 2020 1483 2076 saeculi
1537 2033 1706 2090 aquas
1760 2017 2025 2084 turbidas,

425 2137 598 2194 aquas
622 2122 1022 2193 tristeshaquas
1044 2133 1164 2186 quae
1187 2131 1295 2169 non
1336 2113 1539 2168 habent
1559 2111 1824 2166 lmtitiam.
1886 2109 2032 2165 Tulit

425 2215 674 2281 calicem,
699 2223 754 2268 et
798 2209 1046 2281 implevit
1065 2208 1131 2262 de
1160 2215 1398 2262 torrente
1420 2203 1629 2272 mundi,
1678 2213 1732 2258 et
1775 2203 2027 2270 quoniam

428 2307 660 2366 turbida:
689 2313 843 2362 erant
877 2317 1049 2373 aquae,
1081 2299 1246 2355 dicit:
1277 2300 1459 2363 Pater,
1512 2297 1557 2353 si
1610 2294 1869 2367 possibile
1922 2303 2026 2360 est,

431 2408 672 2457 transeat
691 2394 826 2453 calli
860 2399 961 2452 iste
989 2412 1018 2450 a
1043 2410 1148 2450 me.
1181 2394 1322 2449 Bibit
1344 2408 1474 2464 ergo
1496 2393 1564 2448 de
1585 2399 1830 2447 torrente
1845 2391 2030 2445 mundi

427 2497 582 2552 istius
614 2511 624 2546 :
659 2491 756 2548 sed
787 2507 894 2546 non
925 2489 1060 2545 bibit
1083 2488 1236 2558 quasi
1268 2487 1320 2542 in
1345 2487 1508 2541 domo
1547 2499 1666 2550 sua,
1722 2482 1817 2538 sed
1865 2484 1916 2537 in
1945 2483 2029 2537 via

427 2587 494 2642 ad
523 2586 625 2640 alia
649 2586 728 2639 ire
757 2583 1044 2638 festinans.
1094 2579 1233 2634 Bibit
1275 2579 1338 2634 de
1368 2586 1591 2633 torrente
1617 2579 1670 2631 in
1695 2577 1796 2631 via.
1857 2575 2028 2645 Prop-

431 2693 578 2737 terea
609 2678 744 2734 bibit
767 2677 834 2732 de
863 2683 1128 2741 torrente,
1159 2675 1282 2744 quia
1314 2674 1368 2728 in
1396 2674 1478 2728 via
1512 2683 1657 2728 erat.
1702 2671 1776 2725 De
1804 2679 2029 2725 torrente

430 2775 578 2830 bibit.
634 2772 696 2829 Si
739 2771 1002 2827 Dominus
1042 2767 1180 2822 bibit
1225 2767 1293 2822 de
1351 2775 1591 2821 torrente
1630 2763 1816 2819 mundi
1850 2763 2025 2834 istius,

427 2875 632 2938 quanto
661 2863 829 2936 magis
856 2860 1063 2918 saneti?
1087 2858 1261 2915 Vultis
1293 2858 1436 2914 scire
1472 2857 1726 2929 quoniam
1759 2857 1933 2911 sancti
1959 2855 2028 2912 de

428 2968 670 3015 torrente
701 2957 915 3014 bibunt.
942 2953 1082 3009 Dicit
1107 2963 1160 3008 et
1189 2953 1240 3007 in
1272 2951 1380 3006 alio
1402 2951 1892 3007 locoz'l‘orrentem
1909 2965 2029 3020 per-

425 3052 677 3108 transivit
705 3048 884 3105 anima
917 3056 1103 3103 nostra
1135 3044 1307 3118 (Psal.
1355 3044 1563 3115 cxxut).
1616 3041 1693 3097 De
1721 3052 1944 3097 torrente
1972 3043 2027 3096 in

421 3147 650 3200 viabibit.
678 3144 941 3214 ,Diximus
981 3141 1050 3197 de
1103 3148 1345 3195 torrente
1380 3180 1396 3206 ,
1444 3139 1690 3194 dicamus
1738 3139 1903 3195 etiam
1972 3127 2099 3193 etC

429 3237 819 3296 testimonium.
849 3236 1169 3293 Torrentem
1202 3233 1550 3304 pertransivit
1595 3234 1771 3287 anima
1819 3242 2022 3289 nostra.

426 3332 606 3389 Vultis
633 3333 776 3386 scire
805 3338 862 3386 et
887 3329 1051 3384 alium
1087 3327 1428 3383 torrentem?
1472 3326 1618 3380 Elias
1649 3334 1872 3381 sanctus
1905 3341 2030 3396 pro-

434 3425 597 3496 pheta
626 3421 847 3492 quando
877 3419 1311 3490 persequebatur
1338 3432 1466 3472 eum
1505 3416 1724 3472 Jezabel
1758 3432 1772 3470 :
1805 3418 2026 3487 quando

436 3515 646 3584 accepit
675 3512 880 3574 cibum,
914 3519 970 3565 et
991 3508 1355 3579 quadraginta
1385 3508 1577 3563 diebus
1612 3509 1882 3564 transiens
1911 3524 2028 3578 per-

427 3607 575 3663 rexit
598 3606 652 3660 in
679 3617 922 3658 eremum
952 3617 965 3654 :
992 3601 1142 3666 Erat,
1168 3600 1364 3670 inquit,
1393 3601 1443 3653 in
1469 3600 1710 3666 deserto,
1735 3610 1786 3655 et
1808 3601 2028 3656 bibebat

429 3699 498 3752 de
530 3706 776 3751 torrente
804 3691 1022 3748 Chobar
1051 3691 1142 3761 (Ill
1175 3691 1305 3763 Reg.
1338 3692 1479 3763 nx).
1516 3692 1714 3747 Verum
1737 3692 2026 3748 audientes

430 3795 708 3842 torrentes
737 3781 896 3838 istius
917 3779 1127 3847 saeculi,
1157 3780 1328 3835 nolite
1350 3780 1662 3850 desiierare.
1689 3781 2026 3853 Frequenter

436 3881 526 3934 hic
555 3888 772 3934 torrens
803 3875 1004 3932 deﬁcit.
1039 3874 1273 3931 Videtur
1301 3874 1520 3946 quidem
1553 3885 1860 3934 tumescere
1894 3897 1906 3932 :
1941 3879 2023 3935 vi-

429 3974 591 4029 detur
623 3971 825 4026 habere
859 3985 1028 4040 aquas
1057 3969 1256 4024 multas
1290 3988 1300 4022 :
1335 3970 1430 4026 sed
1461 3971 1568 4026 cito
1604 3972 1819 4041 deficit,
1855 3973 1901 4028 si
1929 3989 2022 4029 su-

430 4067 656 4120 stineas.
693 4063 758 4118 Et
787 4062 939 4116 Elias
970 4062 1108 4116 bibit
1135 4063 1354 4132 quidem
1385 4063 1436 4118 in
1465 4064 1683 4120 deserto
1709 4081 1924 4137 aquam,
1957 4082 2023 4123 eo

433 4167 823 4225 temporequo
851 4163 970 4208 erat
1001 4153 1052 4207 in
1096 4154 1313 4209 tristitia
1339 4200 1353 4225 ,
1399 4171 1506 4226 quo
1538 4165 1658 4211 erat
1687 4159 1738 4212 in
1773 4161 2022 4228 angustia

429 4249 645 4322 (Ibid).
676 4246 1248 4314 Dimiseratiudaeam,
1273 4257 1328 4302 et
1351 4259 1671 4318 perrexerat
1699 4251 1754 4304 in
1784 4261 2021 4308 montem

429 4346 558 4401 Sina
583 4362 595 4396 :
622 4342 1051 4414 persequebatur
1073 4341 1218 4396 enim
1244 4341 1628 4408 eumJezabeI,
1659 4353 1714 4399 et
1735 4352 2020 4416 propterea

428 4436 652 4492 bibebat
677 4435 745 4490 de
767 4443 1008 4489 torrente
1027 4431 1265 4490 Chobar.
1283 4432 1483 4489 Verum
1507 4434 1630 4503 quia
1648 4439 2021 4506 perseveravit

2134 1834 2379 1890 exultavit
2427 1842 2604 1904 caput.
2648 1831 2900 1901 Seipsum
2944 1829 3203 1885 exaltavit
3231 1869 3246 1896 ,
3296 1827 3388 1898 qui
3439 1838 3604 1899 caput
3648 1838 3743 1883 est

2134 1929 2400 1982 omnium.
2431 1924 2541 1979 Ant
2569 1932 2717 1979 certe
2748 1923 2892 1992 quod
2923 1922 3055 1977 dicit
3085 1939 3098 1975 :
3129 1922 3381 1977 exultavit
3407 1933 3587 1994 caput,
3619 1937 3737 1977 non

2135 2022 2376 2091 seipsum
2406 2021 2683 2074 exaltavit.
2712 2016 2996 2089 PrOpterea
3022 2017 3263 2073 exultavit
3289 2028 3470 2084 caput.
3501 2017 3741 2088 Semper

2134 2115 2276 2169 enim
2302 2114 2392 2168 ille
2413 2113 2554 2166 altus
2577 2112 2697 2166 fuit.
2719 2111 2826 2166 Sed
2848 2108 3067 2181 quando
3089 2109 3256 2164 dicit:
3281 2111 3526 2165 exaltabit
3547 2119 3732 2181 caput,

2137 2213 2382 2260 nostrum
2411 2201 2673 2258 exaltavit
2697 2210 2860 2272 caput
2907 2221 2918 2256 :
2965 2201 3058 2271 qui
3087 2201 3238 2257 curvi
3272 2217 3379 2256 non
3415 2212 3734 2272 poteramus

2134 2299 2383 2367 aspicere
2412 2296 2478 2350 ad
2502 2295 2723 2356 etelum.
2758 2295 2854 2350 sed
2882 2294 2950 2349 ad
2975 2303 3200 2350 terram.
3231 2294 3405 2350 Vultis
3433 2299 3576 2352 scire
3595 2312 3735 2366 quo-

2136 2388 2280 2443 niam
2311 2388 2424 2457 ipse
2451 2389 2709 2444 exaltavit
2735 2388 2938 2456 caput?
2965 2389 3036 2441 Et
3067 2388 3216 2442 illam
3245 2387 3533 2444 mulierem
3563 2406 3728 2461 quam

2135 2479 2400 2550 ligaverat
2431 2480 2714 2548 diabolus,
2747 2480 2864 2550 ipse
2901 2480 3152 2538 liberavit
3185 2481 3336 2554 (Luc.
3370 2486 3515 2554 ιιιιι).
3567 2484 3730 2540 Exal-

2136 2575 2276 2629 tavit
2302 2583 2468 2644 caput
2489 2573 2631 2644 ejus,
2663 2591 2781 2644 quae
2809 2589 3028 2644 semper
3048 2577 3326 2630 incurvata
3353 2576 3455 2631 fuit
3483 2595 3496 2630 :
3520 2587 3578 2633 et
3601 2578 3730 2633 ado-

2136 2668 2277 2722 ravit
2327 2683 2470 2723 eum.
2533 2667 2632 2723 Cui
2683 2668 2754 2723 sit
2802 2668 2973 2736 gloria
3018 2667 3072 2724 in
3113 2669 3314 2724 saecula
3367 2671 3726 2730 aemulorum.

2132 2758 2326 2813 Amen.

2688 2852 3011 2911 PSALMUS
3047 2853 3162 2910 CX.

2132 2949 2375 3005 Alleluia.
2422 2951 2666 3005 Psalmus
2711 2951 2832 3018 iste,
2881 2954 3090 3021 primus
3137 2954 3436 3010 secundum
3478 2957 3726 3015 ordinem

2203 3024 2460 3078 scribitur
2503 3023 2801 3099 litterarum
2836 3040 2850 3080 :
2882 3026 3009 3080 licet
3049 3025 3202 3099 multi
3241 3028 3566 3097 vigesimum
3592 3047 3727 3099 quo-

2201 3109 2308 3168 que
2348 3103 2601 3164 quartum
2650 3095 2919 3168 psalmum
2949 3140 2963 3164 ,
3017 3105 3076 3150 et
3119 3095 3451 3168 trigesimum
3507 3095 3722 3158 sextum

2201 3166 2459 3234 scriptum
2510 3173 2704 3234 putent
2751 3169 2800 3220 in
2854 3167 3102 3232 Hebraeo,
3131 3166 3430 3224 secundum
3471 3173 3725 3230 ordinem

2199 3237 2500 3312 litterarum
2533 3253 2548 3291 :
2582 3237 2676 3290 sed
2705 3236 2759 3290 in
2795 3237 2920 3304 illis,
2943 3242 3025 3294 vel
3054 3240 3248 3295 desunt
3277 3241 3470 3311 aliqua:
3498 3243 3720 3312 litterae,

2197 3309 2284 3362 vel
2330 3319 2736 3383 supersn_nt,_et
2785 3326 3190 3383 nonnumquam
3235 3309 3378 3383 quia
3408 3329 3532 3368 cum
3583 3309 3725 3373 unus

2201 3394 2392 3458 versus
2423 3381 2599 3435 brevis
2638 3379 2742 3446 sit,
2775 3379 3152 3458 aliusintinita
3185 3379 3519 3458 longitudine
3550 3387 3721 3458 major

2200 3461 2303 3526 est.
2351 3453 2431 3505 Ex
2477 3468 2584 3522 quo
2626 3462 2753 3526 puto
2801 3455 2968 3526 magis
2994 3456 3375 3526 observatione
3408 3456 3511 3511 hoc
3541 3453 3723 3526 legen-

2202 3525 2332 3601 tium
2356 3565 2371 3586 ,
2418 3540 2578 3601 quam
2628 3524 2811 3601 studio
2849 3525 3143 3595 Scriptoris
3169 3524 3721 3601 ell‘eetum.,Denique

2199 3602 2255 3647 ct
2299 3594 2654 3670 Septuaginta
2705 3594 3031 3670 interpretes
3058 3638 3072 3661 ,
3128 3600 3252 3670 quia
3292 3599 3497 3670 aliquis
3536 3600 3594 3655 in
3635 3594 3719 3657 eis

2198 3666 2486 3746 scrupulus
2542 3666 2898 3746 nascebatur,
2958 3670 3010 3723 iu
3061 3666 3414 3726 translatione
3464 3671 3717 3729 Hebraeae

2197 3736 2407 3790 litteras
2440 3752 2644 3808 ponere
2669 3736 2979 3796 noluerunt.

2198 3871 2491 3940 Conﬁtebor
2531 3877 2642 3942 tibi,
2673 3876 2915 3946 Domine,
2958 3881 3013 3934 in
3047 3891 3153 3936 toto
3179 3882 3332 3938 corde
3359 3899 3490 3939 meo.
3521 3883 3579 3941 Si
3610 3898 3713 3940 non

2124 3965 2316 4024 fuisset
2338 3969 2565 4039 simplex
2590 3969 2783 4038 David,
2807 3979 2861 4027 et
2883 3971 3162 4031 habuisset
3181 3974 3389 4043 dolum,
3417 3992 3524 4031 non
3551 3977 3713 4032 dixis-

2123 4070 2208 4116 set
2252 4078 2265 4113 :
2309 4061 2601 4132 Con/itebor
2627 4063 2739 4130 tibi,
2771 4063 3012 4135 Domine,
3042 4069 3098 4122 in
3125 4078 3229 4124 toto
3257 4070 3408 4124 corde
3433 4087 3568 4126 meo.
3598 4070 3709 4127 Non

2123 4153 2280 4210 labiis
2315 4164 2544 4225 tantum,
2571 4158 2666 4213 sed
2698 4166 2811 4215 toto
2839 4159 3026 4216 corde.
3055 4159 3120 4215 In
3148 4163 3363 4217 corisilio
3381 4167 3642 4236 jmtorum
3664 4174 3708 4220 et

2123 4249 2513 4320 congregatione
2541 4265 2560 4304 :
2590 4267 2777 4322 magna
2805 4269 2964 4323 opera
2993 4251 3226 4311 Domini.
3261 4254 3556 4312 Rectorum
3585 4257 3710 4313 dicit

2121 4354 2308 4396 eorum
2351 4342 2441 4412 qui
2479 4352 2603 4398 ante
2648 4352 2962 4414 peceatores
3006 4355 3184 4414 erant,
3230 4363 3374 4404 nunc
3402 4363 3534 4404 vero
3559 4348 3705 4418 justi.

2122 4431 2237 4487 Non
2281 4441 2366 4489 est
2407 4435 2552 4490 enim
2596 4437 2801 4492 mirari.
2838 4437 3042 4495 Videtis
3083 4439 3428 4511 elephantem
3455 4452 3510 4498 et
3535 4457 3710 4498 came-

436 4544 606 4598 usque
634 4527 686 4583 in
720 4527 906 4594 linem,
940 4535 1233 4596 praptere'u
1262 4523 1462 4582 defecit
1483 4541 1620 4598 aqua
1647 4531 1922 4585 torrentis.
1953 4530 2020 4587 Et
2051 4507 2100 4569 D
2127 4527 2258 4594 lum,
2285 4528 2535 4585 similiter
2560 4539 2616 4586 et
2653 4547 2920 4600 muscam,
2949 4543 3004 4588 et
3042 4507 3290 4605 culicem,
3321 4535 3570 4592 eamdem
3600 4549 3710 4592 mo-

427 4621 627 4677 dicilur
655 4618 724 4674 ad
755 4633 880 4675 eum
909 4632 940 4672 a
969 4617 1199 4672 Domino
1225 4658 1240 4683 ,
1285 4617 1544 4686 quoniam
1572 4618 1848 4676 deiecerat
1877 4637 2016 4693 aqua

425 4714 692 4772 torrentis
724 4731 737 4767 :
768 4711 952 4777 Vade,
989 4712 1191 4782 inquit,
1236 4710 1303 4766 ad
1335 4711 1549 4768 viduam
1581 4713 1636 4768 in
1666 4715 1892 4786 Sarepta
1924 4716 2016 4772 Si-

431 4809 744 4872 doniorum,
776 4817 883 4862 etc.
913 4805 1057 4860 Ecce
1086 4804 1223 4860 bibit
1253 4815 1308 4862 et
1337 4806 1479 4860 Elias
1508 4805 1577 4861 de
1609 4815 1874 4864 torrente.
1908 4809 2014 4866 Sed

426 4901 548 4972 ipse
580 4899 849 4954 Dominus
887 4907 1047 4968 atque
1077 4896 1331 4954 Salvator
1361 4898 1534 4966 bibit,
1584 4910 1637 4954 et
1681 4879 1924 4958 calicem
1948 4903 2017 4960 de

428 5003 670 5050 torrente
696 4992 936 5048 Cedron.
964 4990 1054 5046 Sic
1085 4991 1230 5047 enim
1259 4989 1541 5061 Scriptura
1573 4991 1765 5062 refert,
1799 4996 2013 5066 quando

420 5094 690 5141 venerunt
720 5094 774 5140 et
805 5081 1341 5153 comprehenderunt
1369 5098 1514 5139 eum.
1560 5082 1838 5141 Venerunt
1867 5129 1882 5152 ,
1932 5089 2014 5145 in-

415 5183 550 5251 quit,
569 5187 626 5236 et
646 5176 1181 5249 comprehenderunt
1197 5191 1321 5231 eum
1342 5175 1396 5232 in
1418 5187 1683 5245 torrente,
1703 5192 1809 5236 etc.
1827 5180 2008 5252 (Joan.
2051 5198 2055 5202 ·

413 5271 594 5344 mu).
611 5270 820 5326 Videtis
841 5284 1001 5340 quam
1027 5268 1254 5324 humilis
1274 5268 1344 5323 sit
1372 5270 1521 5325 locus
1545 5276 1828 5342 torrentis,
1849 5290 2009 5344 quam

409 5363 791 5433 confragosus.
820 5358 1034 5416 Cedron
1064 5361 1242 5430 lingua
1270 5360 1494 5416 Ilebrma
1525 5362 1917 5433 interpretatur
1937 5377 2011 5421 te-

411 5455 600 5509 nebrat.
634 5452 841 5508 Videtis
873 5454 1036 5523 igitur
1064 5453 1319 5522 quoniam
1353 5462 1625 5510 torrentes
1647 5454 1802 5511 istius
1825 5459 2011 5514 saeculi

410 5545 465 5601 in
498 5544 740 5602 tenebris
768 5555 917 5600 sunt.
951 5545 1211 5601 Dominus
1240 5560 1371 5616 ergo
1400 5561 1522 5602 cum
1564 5548 1798 5604 traditur
1825 5591 1839 5615 ,
1896 5566 2004 5608 non

410 5641 642 5697 traditur
671 5655 888 5697 rursum
922 5639 977 5694 in
1013 5648 1196 5696 monte
1224 5639 1420 5696 Olivcti
1452 5685 1467 5710 ,
1519 5657 1628 5697 non
1676 5643 1910 5699 traditur
1953 5645 2007 5701 in

401 5732 606 5801 templo
639 5751 650 5786 :
683 5732 780 5788 sed
811 5732 1048 5788 traditur
1082 5732 1134 5787 in
1169 5740 1430 5802 torrente,
1463 5740 1519 5790 et
1558 5741 1820 5812 torrente‘
1844 5745 1999 5793 tene-

2120 4622 2384 4677 bilitatem
2417 4623 2638 4691 habere,
2666 4632 2722 4680 et
2747 4625 3024 4695 spiritum,
3053 4636 3110 4682 et
3135 4627 3399 4684 membra.

2191 4711 2382 4767 Escam
2412 4714 2551 4768 dedit
2582 4717 2876 4771 timentibus
2897 4734 2970 4772 se.
2998 4716 3054 4772 lu
3085 4719 3226 4776 fame
3250 4721 3396 4790 pavit
3419 4720 3592 4777 Eliam
3618 4739 3633 4778 :
3658 4721 3704 4776 in

2121 4805 2360 4874 deserto,
2398 4807 2596 4878 popqu
2623 4807 2934 4866 Judaaorum
2967 4827 3162 4867 manna
3187 4812 3323 4884 pluit
3348 4812 3548 4883 (Exod.
3576 4815 3703 4883 xvi),

2119 4910 2174 4955 et
2197 4900 2523 4971 cmnpletum
2552 4910 2638 4957 est
2661 4903 2805 4974 quod
2829 4904 3029 4960 dicitur
3058 4921 3072 4959 :
3107 4905 3296 4961 Escam
3323 4907 3463 4962 dedit
3488 4909 3705 4964 timenti-

2118 4993 2209 5046 bus
2239 5009 2312 5047 se.
2345 4995 2458 5049 Iloe
2496 4994 2798 5052 secundum
2841 4998 3098 5054 litteram.
3135 5000 3327 5056 Escam
3353 5011 3535 5059 autem
3562 5001 3703 5059 dedit

2119 5099 2310 5155 panem
2333 5087 2420 5157 qui
2444 5087 2512 5144 de
2533 5087 2672 5145 caelo
2693 5089 2975 5147 descendit
2999 5091 3181 5164 (Icari.
3204 5096 3280 5166 vt)
3311 5110 3325 5146 :
3353 5111 3461 5166 quo
3489 5101 3534 5152 sl
3560 5095 3699 5165 digni

2115 5191 2323 5244 sumus,
2372 5182 2660 5250 pascimur.
2699 5183 2891 5250 Quanti
2937 5185 3083 5240 enim
3111 5196 3384 5259 martyres
3412 5187 3559 5244 fame
3583 5203 3702 5245 cor-

2114 5275 2258 5344 rupti
2285 5284 2432 5342 sunt,
2462 5286 2513 5332 et
2545 5292 2686 5332 nunc
2712 5285 2840 5332 sunt
2867 5292 2988 5332 cum
3020 5278 3292 5335 Domino?

2186 5367 2438 5422 Sanctum
2459 5379 2504 5423 et
2535 5370 2756 5425 terribile
2781 5385 2963 5425 nomen
2993 5373 3124 5443 ejus.
3159 5371 3434 5442 Sanctum,
3467 5375 3698 5442 sanctis;

2111 5461 2364 5525 terribile,
2409 5463 2799 5532 peccatoribus.
2853 5462 3070 5519 Initium
3092 5467 3363 5538 sapientia.-
3401 5469 3554 5525 timor
3593 5468 3698 5522 Do-

2113 5553 2259 5608 mini.
2301 5555 2402 5621 Qui
2448 5571 2555 5613 non
2604 5555 2798 5612 timent
2841 5555 3151 5623 Dominum,
3181 5573 3287 5613 non
3318 5569 3404 5616 est
3429 5562 3484 5616 in
3511 5561 3589 5617 eis
3618 5576 3698 5615 sa-

2112 5644 2337 5713 pientia.
2369 5644 2474 5700 Ant
2500 5647 2591 5716 qui
2623 5661 2730 5702 non
2756 5645 2958 5702 habent
2985 5645 3335 5718 sapientiam,
3368 5667 3476 5707 non
3499 5651 3695 5708 habent
3787 5657 3798 5663 “

2115 5737 2386 5795 timorem.
