4016 6358
201 348 440 442 μεθ’-

1171 391 1599 450 BREVIARIUM
1639 394 1706 449 IN
1744 394 2074 453 PSALMOS.
2118 396 2364 454 PSALM.
2408 396 2543 453 CXI.

3362 398 3501 455 Ητο

267 500 532 557 Laudatio
554 503 669 575 ejus
693 513 864 557 manet
892 501 946 557 in
971 503 1433 561 strculumsteculi.
1457 507 1720 576 Quoniam
1748 509 1801 564 in
1828 511 1881 574 Α
1908 510 2155 567 divitiae?
2197 510 2432 582 Divitire,
2475 510 2544 568 de
2582 510 2782 583 quibus
2823 512 2952 568 dicit
2999 511 3115 583 ipse
3151 511 3453 584 Apostolus
3487 531 3500 567 :

193 593 362 650 titulo
403 595 633 651 Alleluia
674 606 1029 666 praenotatum
1072 607 1178 662 est,
1218 599 1364 669 juste
1402 599 1456 656 in
1484 601 1794 658 laudatione

1894 604 2039 684 quod
2066 605 2263 662 divites
2292 603 2417 661 iacti
2446 604 2567 661 silis
2592 606 2647 661 in
2673 605 2819 660 omni
2851 605 3079 663 scientia
3101 616 3156 662 et
3170 605 3405 677 justitia.
3428 604 3500 661 Et

194 688 318 745 linit
365 688 631 757 psalmus.
657 688 937 762 Siquidem
979 692 1207 748 Alleluia
1236 693 1647 766 interpretatur,
1679 696 1796 751 lau-
1883 699 2095 771 justitia
2121 703 2237 773 ejus
2267 707 2437 755 manet
2463 700 2517 754 in
2544 700 2795 755 steculum
2822 698 3025 775 sweuli.

194 780 322 836 date
341 779 648 836 Dominum.

753 875 1069 935 PSALSIUS
1104 874 1242 934 CXI.

187 963 443 1043 Alleluia.
474 965 581 1022 Iste
608 967 853 1043 psalmus
884 980 1144 1043 provocat
1169 986 1269 1027 nos
1295 986 1393 1043 per
1420 973 1670 1030 timorem
1699 974 1793 1030 Dei

423 1038 477 1092 in
508 1049 729 1094 :eterna:
753 1041 946 1096 domus
977 1038 1312 1099 habitatione
1335 1044 1568 1100 fundari.

268 1150 457 1208 Beatus
503 1155 580 1208 rir
625 1156 717 1228 qui
755 1137 901 1213 timet
945 1157 1244 1217 Dominum.
1288 1160 1625 1232 Frequenter
1655 1163 1789 1233 dixi,

185 1246 449 1317 quoniam
470 1249 650 1304 omnia
678 1265 802 1319 quae
825 1251 881 1306 in
910 1267 1138 1321 persons
1161 1254 1293 1323 justi
1336 1255 1788 1326 interpretantur,

184 1339 503 1397 referuntur
542 1342 609 1398 ad
637 1341 936 1423 Christum.
969 1345 1025 1401 Si
1054 1345 1200 1401 enim
1228 1351 1424 1416 sancti,
1458 1363 1616 1422 typus
1645 1360 1703 1406 et
1730 1351 1811 1409 fi—.

183 1448 324 1506 gnra
353 1437 652 1494 Salvatoris
680 1448 807 1494 sunt
835 1457 848 1493 :
880 1442 925 1496 si
957 1441 1081 1512 quis
1111 1457 1240 1497 vere
1259 1455 1483 1499 sanctus
1509 1454 1611 1513 est,
1635 1445 1791 1502 verbi

182 1543 354 1584 causa
400 1547 416 1584 :
451 1529 602 1588 Isaac
640 1542 799 1604 typus
838 1533 1051 1589 Domini
1088 1534 1381 1591 Salvatoris
1422 1547 1528 1605 est,
1558 1536 1785 1608 Joseph,

181 1622 470 1691 Salomon,
519 1624 711 1691 David,
742 1638 798 1683 et
824 1629 1013 1684 caeteri
1044 1632 1238 1705 sancti.
1274 1631 1417 1702 Ergo
1446 1641 1503 1687 et
1531 1632 1789 1708 iste'bea-

182 1725 276 1775 tus
302 1719 386 1772 vir
413 1718 504 1788 qui
537 1734 681 1774 nunc
710 1718 1060 1789 describitur,
1098 1721 1334 1779 refertur
1362 1724 1581 1795 quidem
1610 1725 1678 1780 ad
1710 1726 1789 1781 vi—

178 1823 304 1864 rum
344 1809 567 1880 justum.
599 1812 668 1867 Et
702 1827 836 1868 vere
865 1813 934 1869 de
961 1812 1079 1873 viro
1099 1815 1248 1884 justo
1279 1815 1481 1871 dicitur
1513 1834 1526 1870 :
1558 1817 1652 1873 sed
1684 1818 1786 1873 iste

1964 788 2225 846 Exortum
2266 801 2342 847 est
2391 792 2444 846 in
2490 791 2708 847 tenebris
2754 790 2931 846 lumen
2972 793 3124 846 rectis
3173 790 3345 847 corde.
3386 790 3499 848 Nos

1893 882 2163 955 quondam
2206 884 2528 939 errabamus
2555 882 2609 939 in
2652 883 2897 939 tenebris
2932 902 2944 936 :
2978 882 3303 939 sedebamus
3332 884 3387 939 in
3418 892 3501 939 te-

1893 975 2081 1031 nebris
2118 984 2174 1031 et
2201 974 2390 1031 umbra
2423 975 2615 1030 mortis
2650 995 2661 1028 :
2688 976 2788 1032 sed
2815 975 2906 1031 lux
2934 986 3052 1031 orta
3081 985 3168 1032 est
3194 975 3374 1042 nobis,
3408 991 3498 1032 se-

1892 1067 2127 1123 cundum
2156 1067 2347 1123 Isaiam
2375 1069 2525 1139 (Cap.
2558 1072 2709 1129 Lvut)
2750 1088 2761 1122 :
2795 1068 3093 1126 Misericors
3119 1078 3169 1125 et
3220 1070 3495 1125 miserator

1891 1168 1941 1213 et
1976 1164 2173 1232 justus.
2219 1158 2517 1215 Misericors
2560 1169 2608 1215 et
2642 1163 2842 1233 justus.
2886 1161 2943 1217 Si
2982 1164 3359 1232 peccatores,
3389 1162 3497 1216 noli

1893 1253 2187 1323 desperare
2217 1256 2430 1310 veniam
2468 1272 2480 1309 :
2511 1252 2826 1309 misericors
2849 1263 2954 1310 est.
2982 1254 3038 1310 Si
3063 1269 3196 1310 vero
3226 1255 3496 1325 superbus

1891 1363 1975 1415 es,
2021 1357 2075 1403 et
2123 1347 2354 1404 confidis
2396 1348 2490 1404 tibi
2529 1348 2599 1404 de
2637 1348 2926 1404 clementia
2955 1349 3074 1415 Dei,
3108 1349 3217 1405 noli
3248 1365 3372 1405 esse
3401 1364 3497 1405 ne-

1890 1441 2121 1512 gligens,
2164 1450 2219 1496 et
2250 1441 2436 1511 justus
2477 1448 2582 1497 est.
2625 1440 2929 1497 Misericors
2969 1453 3017 1497 et
3041 1444 3315 1499 miser-ator
3335 1454 3385 1498 et
3401 1446 3500 1517 ju-

1889 1540 2022 1587 stus.
2073 1532 2261 1588 Videte
2304 1533 2434 1604 quid
2480 1532 2673 1590 fecerit
2713 1534 2999 1604 prudentia
3027 1534 3326 1591 Psalmistac
3358 1555 3369 1590 :
3403 1536 3499 1592 Ju-

1889 1623 2035 1677 stitia
2067 1624 2305 1696 simplex
2348 1634 2434 1680 est
2465 1643 2476 1677 :
2514 1626 2889 1682 misericordia
2919 1626 3117 1697 duplex
3149 1637 3253 1684 est.
3289 1627 3500 1684 Miseri-

1889 1732 2004 1770 cors
2065 1726 2145 1770 eta
2171 1717 2443 1772 miserator
2503 1728 2550 1772 et
2599 1722 2799 1792 justus.
2856 1717 2993 1787 Quia
3044 1720 3359 1776 misericors
3416 1731 3502 1775 est

1892 1810 2156 1866 Dominus
2203 1818 2261 1867 et
2287 1813 2602 1879 miseratur,
2644 1824 2700 1870 et
2730 1813 2812 1869 vir
2833 1815 3012 1886 justus
3044 1815 3288 1873 imitetur
3317 1817 3500 1874 Domi-

178 1901 268 1957 vir
300 1901 507 1972 justus,
552 1912 712 1977 typus
750 1916 833 1961 est
874 1906 972 1961 viri
1008 1906 1164 1978 justi.
1204 1906 1398 1963 Beatus
1424 1910 1501 1964 t'ir
1524 1909 1615 1981 qui
1644 1911 1786 1965 timet
1817 1896 1865 1956 B
1893 1918 2019 1957 num
2050 1918 2231 1973 suum,
2260 1906 2332 1959 sit
2357 1915 2411 1961 et
2444 1905 2560 1975 ipse
2589 1905 2922 1962 misericors.

180 1991 487 2049 Dominum.
532 1996 751 2053 Interim
792 1998 1100 2055 dimisimus
1148 2002 1439 2071 psalmum,
1471 2018 1615 2058 nunc
1639 2003 1786 2058 dica-

185 2104 311 2144 mus
353 2089 422 2145 de
459 2090 579 2145 viro
607 2090 757 2160 justo
797 2109 812 2146 :
858 2091 1055 2149 Beatus
1084 2095 1161 2149 uir
1189 2097 1277 2165 qui
1302 2097 1443 2151 timet
1477 2096 1777 2152 Dominum.

182 2179 443 2238 Psalmus
499 2184 838 2240 centesimus
888 2185 1206 2244 undecimus
1260 2189 1636 2259 alphabeticus
1675 2198 1783 2246 est.

186 2273 470 2345 Siquidem
502 2286 556 2332 et
583 2279 915 2335 centesimus
942 2280 1209 2347 decimus.
1240 2292 1296 2338 et
1326 2284 1442 2352 ipse
1471 2284 1574 2341 sub
1597 2284 1787 2354 alpha-

182 2368 311 2425 beto
339 2381 445 2425 est.
479 2371 689 2428 Primus
714 2374 1021 2430 versiculus
1049 2393 1114 2432 ex
1143 2377 1304 2447 aleph
1325 2377 1585 2434 scribitur
1609 2396 1622 2434 :
1647 2377 1784 2433 Bea-

185 2468 268 2516 tus
308 2464 389 2517 vir
426 2465 515 2532 qui
556 2466 698 2520 timet
735 2464 1036 2522 Dominum.
1072 2469 1374 2538 Secundus,
1409 2486 1474 2526 es
1503 2471 1631 2526 both
1668 2489 1681 2526 :
1716 2470 1785 2526 In

186 2555 455 2611 mandatis
491 2557 605 2627 ejus
645 2559 817 2631 cupiet
854 2560 1025 2615 nimis.
1068 2560 1309 2630 Tertius,
1343 2578 1407 2618 ex
1436 2563 1600 2634 gimel
1634 2582 1647 2618 :
1682 2563 1786 2618 Po-

188 2660 299 2704 tens
342 2651 399 2704 in
430 2659 568 2706 terra
594 2653 693 2708 erit
726 2670 900 2709 semen
930 2660 1062 2729 ejus,
1094 2666 1146 2712 et
1179 2670 1349 2729 usque
1374 2658 1441 2713 ad
1474 2659 1784 2714 vicesimam

187 2741 483 2799 secundum
528 2744 763 2801 litteram
806 2746 957 2802 thau.
990 2747 1244 2820 Singulos
1276 2748 1438 2819 igitur
1463 2751 1781 2819 versiculos,

184 2839 385 2894 vestris
422 2839 763 2898 orationibus
806 2842 1154 2899 disseramus.
1198 2843 1390 2901 Beatus
1417 2848 1495 2901 vir
1521 2847 1609 2919 qui
1643 2849 1786 2903 timet

183 2928 479 2985 Dominum
522 2949 542 2985 :
582 2935 904 3005 principium
948 2936 1143 3004 psalmi
1170 2946 1254 2993 est
1285 2955 1299 2991 :
1335 2938 1573 2994 nondum
1603 2939 1735 2996 dicit
1767 2959 1781 2996 :

182 3021 389 3079 Beatus
436 3024 518 3079 vir
555 3025 647 3095 qui
691 3025 869 3098 diligit
897 3028 1213 3085 Dominum.
1248 3030 1497 3087 Virorum
1527 3032 1670 3087 enim
1699 3034 1780 3088 in.

182 3114 503 3185 cipientium
545 3122 632 3172 e‘st
671 3117 863 3175 timere
903 3120 1271 3190 perfectorum
1314 3110 1443 3178 vero
1481 3124 1709 3195 diligere
1739 3128 1784 3197 (I

182 3205 344 3263 Joan.
393 3209 496 3278 sv).
540 3208 821 3281 Siquidem
872 3214 1107 3283 perfecta
1152 3215 1399 3284 dilectio,
1448 3217 1591 3275 foras
1620 3221 1784 3277 mittit

1958 1998 2240 2052 Iucundus
2283 1998 2439 2054 homo
2483 2000 2572 2071 qui
2609 2000 2881 2056 miseretur
2907 2011 2955 2057 et
2985 2002 3300 2064 commodat.
3337 2005 3497 2058 Putat

1886 2090 2080 2161 aliquis
2110 2090 2253 2162 quod
2285 2092 2352 2147 de
2373 2108 2507 2148 auro
2525 2091 2669 2147 dicat
2697 2102 2749 2147 et
2771 2102 3022 2164 argento,
3049 2101 3107 2150 et
3134 2093 3201 2151 de
3226 2096 3493 2166 pecunia?

1885 2184 2025 2240 Justi
2072 2186 2335 2240 intantum
2376 2201 2485 2240 non
2516 2186 2824 2241 habuerunt
2850 2188 2997 2257 quod
3026 2186 3148 2243 aliis
3174 2187 3494 2244 commoda-

1888 2286 2029 2345 rent,
2067 2287 2124 2332 ut
2165 2277 2270 2348 ipsi
2309 2278 2490 2333 cibum
2530 2278 2598 2334 ab
2624 2278 2746 2334 aliis
2774 2280 3107 2349 acciperent.
3142 2279 3286 2351 Ergo
3311 2280 3491 2337 sinon

1889 2368 2133 2426 habuero
2171 2370 2317 2441 quod
2348 2370 2490 2435 dem,
2521 2371 2631 2440 jam
2666 2386 2772 2426 non
2799 2387 2917 2427 sum
2944 2370 3162 2440 justus?
3189 2371 3248 2429 Si
3280 2386 3386 2428 non
3419 2372 3499 2429 fe-

1886 2478 2017 2518 cero
2049 2464 2485 2536 eleemosynam,
2517 2464 2569 2519 in
2615 2465 2885 2535 justorum
2930 2481 3158 2522 numero
3189 2481 3295 2522 non
3326 2465 3498 2523 babe-

1887 2554 2027 2609 bor?
2056 2553 2253 2622 Quanti
2284 2566 2596 2612 sanctorum
2635 2555 2888 2613 fecerunt
2916 2556 3345 2629 eleemosynam,
3394 2558 3489 2613 sed

1888 2648 1942 2703 in
1986 2648 2278 2704 sanctitate
2329 2658 2573 2706 ruerunt.
2624 2648 2862 2706 Periecti
2904 2665 3010 2706 non
3052 2649 3297 2707 fecerunt
3337 2650 3488 2706 elec-

1888 2757 2163 2815 mosynas,
2189 2744 2314 2813 quia
2346 2759 2454 2799 non
2485 2743 2758 2800 habebant
2784 2744 2927 2801 unde
2953 2745 3216 2819 facerent.
3248 2746 3495 2803 Eleemo-

1886 2850 2050 2908 synas
2079 2852 2183 2891 non
2213 2835 2415 2903 facere,
2447 2837 2654 2893 crimen
2689 2837 2941 2893 trahentis
2965 2849 3069 2895 est.
3098 2839 3367 2897 Craterum
3394 2840 3488 2911 qui

1887 2944 1996 2985 non
2026 2930 2187 2985 habet
2216 2931 2357 2986 unde
2384 2930 2549 2986 faciat
2572 2930 2994 3004 eleemosynam,
3019 2932 3160 2989 liber
3179 2943 3280 2988 est.
3304 2933 3492 3001 Quan-

1889 3030 2237 3094 tumcumque
2276 3023 2409 3079 dare
2451 3024 2709 3088 voluerit,
2736 3031 2946 3079 tantum
2975 3024 3127 3081 dedit
3159 3042 3173 3079 :
3206 3026 3331 3096 quia
3365 3034 3494 3082 voto

1887 3114 2059 3170 dedit.
2090 3115 2294 3171 Tamen
2329 3116 2528 3172 habent
2558 3125 2613 3173 et
2641 3117 2814 3172 sancti
2846 3117 2991 3173 unde
3017 3117 3218 3173 faciant
3245 3117 3488 3174 eleemo-

1886 3225 2070 3281 synas.
2108 3212 2246 3268 Dicit
2269 3221 2324 3269 et
2354 3212 2543 3267 Petrus
2572 3230 2583 3266 :
2616 3212 2915 3282 Argentum
2945 3219 3000 3268 et
3034 3226 3225 3266 aurum
3256 3226 3363 3267 non
3398 3211 3495 3266 ha-

183 3299 462 3356 Iitnorem.
490 3301 633 3373 Ergo
662 3302 732 3360 de
761 3305 1030 3376 principio
1053 3308 1206 3370 dicit.
1232 3309 1336 3365 hoc
1358 3322 1465 3379 est,
1493 3313 1785 3383 incipiente
1811 3288 1856 3350 (ἶ
1888 3304 1992 3361 beo
2033 3322 2046 3358 :
2094 3305 2238 3373 quod
2277 3313 2459 3359 autem
2505 3303 2704 3369 habeo,
2746 3302 2850 3358 hoc
2887 3303 2961 3359 do
3001 3303 3095 3358 tibi
3123 3303 3258 3376 (Act.
3290 3303 3396 3375 ιιι).
3430 3304 3487 3360 1η

176 3391 305 3449 viro
336 3402 553 3449 sancto.
589 3394 881 3455 Videamus
911 3415 1043 3471 ergo
1081 3400 1332 3457 ordinem
1370 3402 1576 3459 Psatmi
1606 3421 1625 3460 :
1656 3405 1788 3461 Bea-

180 3491 265 3539 tus
291 3485 375 3539 vir
397 3486 488 3556 qui
516 3485 659 3541 timet
688 3487 990 3545 Dominum.
1014 3490 1115 3560 Qui
1144 3493 1299 3549 timet
1322 3494 1633 3563 Dominum,
1657 3498 1784 3565 quid

180 3575 346 3632 facit?
389 3576 553 3633 Audit
580 3578 744 3633 verba
777 3579 897 3650 Dei,
931 3582 1125 3639 doctus
1152 3583 1204 3639 in
1244 3585 1363 3657 lege
1390 3587 1511 3642 cst'l
1535 3586 1651 3643 Non
1684 3587 1787 3645 hoc

179 3667 335 3725 dicit.
365 3667 509 3737 Quid
536 3669 708 3726 dicit?
736 3671 805 3727 In
837 3675 1099 3731 mandatis
1128 3681 1244 3750 ejus
1274 3680 1445 3752 cupiet
1471 3681 1648 3736 nimis.
1681 3681 1786 3749 Qui

181 3762 343 3817 timet
385 3761 676 3823 Dominum
720 3782 734 3820 :
779 3767 869 3837 qui
909 3768 1102 3825 beatus
1141 3782 1227 3827 est
1275 3789 1288 3826 :
1331 3773 1585 3830 maudata
1616 3776 1794 3845 ipsius

180 3853 423 3912 libenter
465 3857 614 3913 facit.
662 3858 729 3913 In
760 3861 1018 3916 mandatis
1044 3867 1157 3934 ejus
1188 3865 1359 3937 cupiet
1385 3868 1557 3921 nimis.
1593 3866 1786 3924 Videte

178 3949 313 4020 quid
357 3949 505 4006 dicat
556 3969 572 4006 :
616 3952 732 4009 Non
782 3955 938 4022 dixit,
983 3957 1233 4012 mandata
1275 3959 1396 4029 ejus
1439 3960 1584 4016 facit.
1634 3961 1784 4017 Multi

180 4042 331 4097 enim
377 4050 433 4097 et
485 4042 682 4100 timore
727 4044 952 4114 faciunt,
996 4057 1053 4103 et
1078 4051 1386 4106 mercedem
1417 4066 1524 4106 non
1559 4052 1780 4108 habent.

179 4133 287 4203 Qui
328 4134 474 4191 enim
523 4136 831 4207 gehennam
863 4141 1038 4206 timet,
1068 4150 1126 4197 et
1155 4152 1444 4213 propterea
1480 4161 1586 4200 non
1618 4144 1789 4201 forni-

178 4238 368 4293 catur,
417 4244 523 4285 non
575 4230 738 4288 habet
784 4242 988 4290 tantam
1034 4238 1366 4307 mercedem,
1398 4251 1655 4311 quantam
1689 4241 1781 4296 ille

107 4323 125 4334 '
177 4321 277 4392 qui
313 4332 538 4391 propter
579 4323 931 4382 dilectionem
979 4328 1067 4384 Dei
1102 4329 1248 4384 facit.
1274 4329 1333 4385 In
1361 4331 1631 4387 mandatis
1663 4332 1781 4401 ejus

178 4415 352 4481 volet,
374 4415 476 4471 hoc
497 4424 600 4480 est,
622 4417 734 4471 vult
758 4420 936 4487 nimis,
959 4420 1059 4476 hoc
1075 4430 1177 4489 est,
1201 4422 1451 4477 mandata
1469 4424 1585 4494 ejus
1609 4424 1787 4481 facere

176 4508 485 4565 desiderat.
511 4510 793 4579 Quomodo
816 4514 1030 4584 aliquis.
1055 4515 1100 4570 si
1121 4515 1172 4570 in
1196 4515 1419 4571 restibus
1441 4517 1530 4583 sit,
1550 4519 1663 4573 sitit
1684 4536 1695 4573 :
1714 4519 1784 4572 ita

173 4604 274 4659 ille
302 4602 581 4659 desiderat
607 4605 857 4661 mandata
891 4606 1122 4663 Domini.
1160 4608 1216 4663 In
1257 4609 1527 4665 mandatis
1571 4610 1787 4667 Domini

1888 3394 2106 3455 nomine
2129 3399 2338 3455 Domini
2353 3399 2506 3466 lesu,
2529 3415 2690 3470 surge
2702 3408 2759 3456 et
2778 3399 3012 3455 ambula.
3027 3399 3165 3468 Quid
3185 3409 3268 3455 est
3289 3399 3486 3469 majus,

1888 3493 2170 3563 pecuniam
2189 3491 2340 3557 dare,
2378 3507 2445 3548 an
2474 3491 2708 3548 debilem
2732 3507 2921 3548 sanum
2963 3492 3180 3549 facere?
3212 3492 3490 3549 Iucundus

1886 3585 2039 3641 homo
2064 3586 2155 3657 qui
2184 3587 2454 3642 miseretur
2479 3596 2526 3641 et
2554 3585 2865 3641 commodat.
2890 3586 3022 3655 Quae
3052 3587 3322 3642 sunt‘istre
3342 3586 3489 3643 elec-

1889 3692 2151 3750 mosynzr,
2176 3678 2303 3749 quid
2332 3680 2405 3733 sit
2429 3680 2531 3734 hoc
2557 3678 2702 3750 quod
2719 3678 3029 3735 commodat
3054 3679 3137 3734 vir
3160 3678 3379 3749 justus?
3403 3693 3490 3733 se-

1886 3772 2096 3828 cundus
2144 3774 2448 3830 versiculus
2487 3775 2746 3830 ostendit.
2786 3772 3034 3845 Disponit
3068 3790 3328 3828 sermones
3369 3790 3493 3828 suos

1884 3867 1942 3921 in
1962 3866 2191 3939 judicio.
2226 3867 2345 3923 Non
2371 3867 2508 3923 dixit
2538 3886 2548 3921 :
2580 3882 2771 3922 aurum
2802 3883 2985 3933 suum,
3018 3876 3071 3923 et
3096 3876 3405 3938 argentum,
3438 3880 3471 3920 ε

1888 3958 2172 4028 pecuniam
2202 3958 2446 4030 disponit
2470 3958 2743 4029 injudieio’
2770 3977 2784 4013 :
2809 3958 2928 4024 sed,
2958 3974 3216 4014 sermones
3238 3974 3359 4013 suos
3387 3957 3495 4012 dis-

1888 4052 2033 4124 ponit
2063 4052 2117 4106 in
2135 4050 2365 4124 judicio.
2410 4050 2511 4106 Ista
2542 4060 2628 4106 est
2652 4049 3051 4117 misericordia,
3093 4050 3141 4106 si
3161 4050 3247 4105 vir
3271 4056 3493 4105 sanctus

1888 4145 2084 4202 doceat
2118 4145 2257 4200 alios
2295 4145 2384 4215 qui
2418 4159 2526 4199 non
2572 4151 2699 4198 sunt
2729 4142 2924 4198 sancti.
2959 4141 3202 4212 Disponit
3230 4158 3493 4197 sermones

1888 4253 2013 4293 suos
2050 4237 2105 4291 in
2135 4237 2364 4309 judicio.
2396 4235 2763 4292 Intelleximus
2789 4248 2922 4306 ergo
2948 4249 3070 4304 quae
3094 4241 3222 4289 sunt
3245 4234 3493 4305 pecuniae

1888 4344 2010 4401 quae
2045 4328 2482 4385 commodentur.
2525 4326 2725 4383 Verum
2767 4328 2872 4382 hoc
2900 4325 3043 4398 quod
3082 4325 3235 4397 dicit,
3264 4326 3496 4398 disponit

1887 4439 2147 4479 sermones
2193 4440 2316 4479 suos
2354 4424 2407 4477 in
2444 4423 2653 4495 judicio
2678 4465 2694 4489 ,
2740 4422 2846 4477 hoc
2890 4431 2978 4478 est
3015 4422 3157 4494 quod
3196 4421 3395 4479 dicitur
3438 4423 3494 4479 in

1890 4517 2204 4588 Evangelia,
2233 4533 2300 4571 ne
2332 4518 2610 4571 mittamus
2636 4516 2961 4587 margaritas
2989 4527 3204 4572 nostras
3229 4526 3356 4573 ante
3374 4531 3495 4589 por-

1892 4624 1984 4663 eos
2011 4607 2228 4677 (Matth.
2270 4607 2387 4675 vn).
2437 4607 2550 4662 Hoc
2595 4616 2703 4669 est,
2747 4615 2805 4660 ut
2843 4607 2979 4662 sciat
3007 4608 3375 4678 unusquisque
3406 4609 3496 4663 cui

176 4695 331 4751 volet
351 4696 724 4755 nimis.Anxie
744 4700 994 4755 mandata
1016 4701 1133 4771 ejus
1154 4717 1260 4758 non
1279 4702 1426 4769 facit,
1451 4703 1546 4759 sed
1567 4704 1706 4759 vult:
1732 4713 1785 4761 et
1816 4675 1867 4734 ι)
1897 4675 2105 4767 tribuit,
2150 4698 2277 4770 quid
2306 4697 2477 4768 ροεείι
2519 4697 2790 4767 πείρετε,
2820 4698 2949 4768 quid
2978 4714 3086 4754 non
3119 4675 3309 4767 ρόεείιξ
3339 4697 3495 4754 Unde

176 4789 303 4846 vult
318 4804 425 4844 non
450 4791 783 4857 transitorie,
805 4791 924 4861 sed,
943 4795 1117 4849 nimis.
1137 4794 1351 4850 Tertius
1365 4796 1664 4851 versiculus
1680 4805 1784 4852 est:

258 4882 461 4937 Potens
494 4874 555 4937 in
600 4893 738 4939 terra
781 4888 875 4941 erit
906 4884 1084 4942 ’semen
1112 4890 1246 4960 ejus.
1278 4888 1377 4956 Qui
1408 4890 1661 4947 mandata
1693 4890 1789 4946 Dei

179 4975 294 5033 feci
326 4976 627 5045 voluntate,
658 4977 855 5050 dignus
882 4994 1000 5035 sum
1033 4992 1088 5035 ut
1120 4980 1242 5036 fiam
1272 4993 1427 5052 pater
1454 4991 1787 5039 sanctorum.

183 5069 440 5126 Breviter
475 5069 734 5137 dicimus,
776 5086 846 5128 ne
885 5072 1094 5144 longius
1124 5073 1370 5130 trahatur
1396 5075 1593 5131 oratio.
1624 5073 1794 5130 Gene-

180 5165 326 5217 ratio
366 5171 625 5217 rectorum
668 5163 1011 5220 benedicetur.
1056 5166 1283 5223 Praestet
1328 5168 1610 5235 Dominus,
1652 5176 1795 5225 utet

162 5260 290 5313 vos
319 5257 414 5329 qui
448 5273 537 5313 me
565 5258 790 5327 auditis,
821 5260 1100 5330 generatio
1125 5270 1403 5316 rectorum
1431 5262 1573 5317 sitis.

258 5350 451 5407 Gloria
493 5362 542 5409 et
583 5353 776 5408 divitiae
821 5354 878 5408 in
923 5354 1079 5409 domo
1116 5357 1248 5428 ejus.
1282 5351 1466 5408 Gloria
1493 5364 1542 5409 et
1579 5354 1790 5411 divitias.

182 5441 456 5504 Putainus
498 5447 727 5518 gloriam
772 5458 829 5503 et
869 5446 1085 5503 divitias
1123 5445 1306 5502 saeculi
1348 5446 1491 5502 dici?
1515 5445 1642 5502 Ideo
1673 5448 1794 5517 quis

180 5539 316 5596 facit
360 5539 701 5595 voluntatem
749 5539 848 5596 Dei
894 5550 949 5595 et
998 5540 1246 5596 mandata
1294 5538 1433 5609 ejus,
1476 5550 1537 5596 ut
1579 5540 1795 5596 divitias

183 5631 373 5689 mundi
424 5631 585 5686 istius
624 5633 1025 5702 consequatur?
1068 5632 1136 5687 Et
1174 5642 1322 5688 certe
1350 5646 1456 5686 non
1486 5631 1614 5687 facit
1644 5647 1796 5687 man-

182 5728 309 5785 data
331 5728 432 5784 Dei
458 5725 564 5782 nisi
589 5724 809 5780 divitias
829 5724 1013 5781 mundi
1039 5724 1428 5797 contempserit
1455 5722 1629 5795 (Psal.
1659 5725 1791 5799 CXI).

184 5824 375 5881 Gloria
399 5832 454 5877 et
484 5821 682 5876 divitia:
702 5821 755 5874 in
780 5819 935 5874 domo
960 5824 1090 5893 ejus.
1117 5820 1298 5877 Gloria
1321 5823 1663 5880 credentium
1689 5829 1793 5890 est,

181 5918 329 5976 sicut
355 5915 487 5975 dicit
522 5912 818 5987 Apostolus
852 5930 864 5967 :
894 5910 1086 5971 Nonne
1111 5927 1207 5970 vos
1234 5914 1404 5984 gloria
1438 5930 1555 5973 mea
1584 5912 1715 5973 estis
1742 5919 1798 5970 et

1897 4793 1980 4848 vir
2016 4799 2238 4847 sanctus
2285 4790 2416 4846 dicit
2463 4807 2477 4844 :
2522 4789 2580 4845 In
2620 4789 2787 4845 corde
2828 4805 2951 4845 meo
2980 4789 3247 4845 abscondi
3277 4790 3491 4859 eloquia

1893 4894 2008 4955 tua,
2057 4894 2115 4939 ut
2156 4898 2264 4939 non
2311 4897 2527 4954 peccem
2572 4881 2666 4938 tibi
2710 4878 2831 4953 (Ps.
2871 4879 3085 4951 cum).
3133 4879 3250 4935 Non
3276 4894 3339 4934 ea
3369 4879 3503 4937 dedi

1895 4976 2091 5048 quibus
2128 4974 2305 5031 libuit.
2346 4974 2464 5031 Non
2507 4985 2753 5031 sanctum
2800 4984 2948 5029 tuum
2992 4972 3114 5028 misi
3154 4971 3404 5041 canibus,
3437 4984 3495 5030 et

1896 5069 2213 5139 margaritas
2253 5066 2378 5123 dedi
2420 5068 2619 5138 porcis.
2649 5065 2869 5123 Grande
2898 5066 3057 5137 igitur
3081 5065 3382 5136 periculum
3414 5078 3499 5123 est

1896 5162 2155 5228 doctoris,
2200 5162 2359 5218 verba
2390 5161 2603 5218 Domini
2633 5162 2816 5232 porcis
2845 5158 3150 5216 edundere.
3177 5159 3346 5216 Multa
3370 5171 3500 5217 sunt

1896 5271 2020 5328 quas
2058 5255 2309 5311 dicantur
2348 5253 2418 5311 de
2455 5255 2683 5327 psalmo.
2726 5253 2834 5311 Sed
2874 5254 3130 5326 quoniam
3159 5253 3500 5310 excludimur

1898 5352 2054 5418 hora,
2087 5349 2473 5407 benedicamus
2511 5349 2940 5420 omnipotentem
2971 5346 3282 5415 Dominum,
3316 5356 3373 5405 et
3401 5346 3496 5418 qui

1899 5444 2056 5500 habet
2080 5443 2220 5499 tales
2242 5443 2523 5514 pecunias,
2543 5442 2745 5497 tribuat
2761 5457 2870 5498 non
2887 5441 3229 5498 habentibus.
3249 5441 3350 5510 Qui
3366 5455 3497 5497 vero

1901 5552 2009 5594 non
2041 5537 2240 5601 habet,
2270 5535 2502 5591 libenter
2543 5536 2792 5606 accipiat.
2836 5535 3068 5592 Praestet
3090 5545 3287 5613 autem
3314 5535 3498 5592 Domi-

1902 5646 2005 5687 nus
2044 5640 2097 5687 et
2140 5628 2290 5695 mihi,
2316 5635 2374 5683 ut
2413 5636 2469 5684 et
2508 5642 2610 5699 ego
2655 5628 2785 5684 istas
2814 5627 3039 5684 habeam
3066 5627 3282 5685 divitias
3313 5644 3328 5695 ;
3358 5635 3421 5683 ut
3444 5633 3502 5683 et

1902 5740 2011 5781 non
2034 5722 2356 5780 habentibus
2375 5721 2522 5789 dem,
2546 5731 2603 5778 et
2626 5720 2945 5779 habentibus
2965 5721 3181 5779 divitias
3202 5721 3498 5790 cumulem,

1903 5826 1965 5874 ut
1990 5815 2378 5878 beatitudinem
2408 5817 2586 5883 istam,
2618 5824 2673 5872 et
2700 5814 2887 5871 dicens
2915 5814 3142 5871 habeam
3169 5824 3224 5871 et
3252 5813 3500 5871 audiens.

1904 5910 2099 5969 Beatus
2126 5920 2207 5968 est
2234 5908 2381 5969 enim
2406 5909 2496 5981 qui
2524 5910 2577 5967 in
2604 5909 2763 5968 aures
2785 5907 3022 5983 loquitur
3046 5906 3340 5967 audientis.
3364 5902 3504 5977 Quid
