4016 6350
480 405 606 459 1171

1264 396 1612 454 APPENDIX
1650 398 1742 452 AD
1780 396 2029 452 TOMUM
2068 393 2425 454 SEPTIMUM
2463 397 2521 455 S.
2570 398 2968 454 lilERO\Y.\l'.

3628 399 3771 455 H72

472 522 618 579 enim
650 522 781 576 mihi
812 522 1032 592 prodest
1052 518 1220 590 loqui,
1252 517 1296 570 si
1325 516 1461 569 alius
1487 514 1649 570 verba
1677 528 1793 567 mea
1823 526 1930 566 non
1956 525 2077 563 Mttl-
2104 514 2157 572 Α
2252 517 2455 592 madrig
2475 558 2490 583 ν
2539 527 2813 592 ιωηηηηιη
2862 516 3024 592 modo
3072 516 3238 592 geniti
3285 515 3521 575 infames
3569 514 3624 570 in
3679 514 3777 570 Dei

474 615 671 684 cipiat?
706 614 843 683 Quid
876 613 1098 684 prodest
1134 614 1350 665 mittere
1379 609 1593 673 vinum,
1633 605 1679 663 si
1722 607 1901 662 statim
1928 603 2074 676 quod

477 707 724 771 mittitur,
771 704 1113 760 eﬂ'undatur?
1160 703 1325 757 Vides
1358 701 1500 772 quod
1529 701 1580 754 in
1612 699 1905 770 Evangelia
1936 711 2072 768 aqua

473 798 567 853 illa
599 799 648 851 in
684 797 927 868 hydriam
958 797 1208 859 mittitur,
1233 809 1286 848 et
1315 795 1366 849 in
1397 795 1577 847 vinum
1607 792 1859 857 vertitur,
1883 801 1932 847 et
1958 804 2074 845 ser-

471 901 631 946 vatur
661 908 726 946 ue
758 898 941 961 pereat
964 889 1144 963 (loan.
1171 890 1254 945 ui.
1281 888 1576 951 Miseratus,
1605 887 1656 942 id
1679 897 1781 951 est,
1808 888 1860 938 in
1883 884 2069 951 corde,

473 995 525 1039 et
564 982 742 1039 credit
776 985 826 1038 in
864 998 1052 1053 opere.
1093 982 1299 1037 Bonum
1331 991 1416 1036 est
1452 980 1686 1034 tribuere
1717 976 2074 1033 substantiam

473 1088 747 1134 terrenam
789 1096 802 1131 :
842 1078 937 1132 sed
979 1077 1171 1132 melius
1203 1086 1284 1130 est
1317 1075 1368 1129 in
1399 1072 1822 1127 annntiandam
1856 1068 2073 1125 miseri-

473 1169 740 1233 cordiam,
788 1169 838 1223 id
885 1179 989 1234 est,
1034 1177 1093 1223 ut
1131 1168 1314 1223 tradas
1361 1166 1415 1220 in
1460 1165 1814 1230 oblivionem,
1859 1161 1952 1232 qui
1980 1160 2074 1216 tibi

481 1262 618 1316 male
665 1262 811 1329 fecit,
845 1262 947 1316 hoc
983 1272 1087 1326 est,
1122 1269 1179 1315 ut
1215 1260 1496 1329 indulgeas
1521 1259 1612 1330 qui
1645 1258 1700 1313 iu
1728 1265 1780 1312 te
1811 1256 2073 1326 peccavit.

481 1355 752 1425 Disposuit
792 1370 1055 1409 sermones
1099 1370 1219 1408 suos
1262 1355 1315 1407 in
1349 1352 1573 1423 judicio,
1620 1352 1722 1405 hoc
1765 1360 1869 1414 est,
1912 1347 2077 1419 judex

478 1448 851 1519 suimetipsius
889 1456 993 1501 est.
1048 1446 1181 1501 Dicit
1225 1445 1364 1515 apud
1410 1445 1785 1516 semetipsum.
1818 1442 2080 1497 Dominus

478 1542 617 1597 dixit
662 1559 675 1595 :
724 1541 779 1596 Si
828 1539 1081 1606 dimittis,
1122 1539 1423 1594 dimittetur
1463 1537 1557 1593 tibi
1593 1557 1603 1589 :
1637 1537 1680 1592 si
1711 1536 1830 1600 das,
1863 1534 2082 1589 dabitur

481 1634 577 1688 tibi
620 1630 801 1701 (Matt.
839 1633 938 1701 Vt).
986 1631 1123 1699 Quia
1168 1629 1257 1684 ille
1301 1630 1395 1699 qui
1440 1629 1517 1684 sic
1559 1643 1619 1683 se
1650 1627 1857 1696 judicat
1897 1625 1985 1680 hic
2026 1625 2079 1679 in

480 1723 758 1794 praesenti,
787 1724 927 1777 Deus
955 1723 1105 1777 illum
1133 1731 1365 1777 coronat
1387 1721 1440 1775 in
1471 1719 1671 1775 futuro.
1698 1718 1837 1786 Quia
1856 1718 1910 1772 in
1937 1726 2084 1771 teter-

436 1822 441 1827 “
482 1835 606 1872 num
637 1834 740 1871 non
762 1814 1175 1871 commovebitur.
1203 1814 1307 1868 Istc
1334 1814 1455 1870 talis
1478 1829 1582 1867 non
1606 1808 2040 1867 commovebitur
2067 1826 2078 1861 :

483 1913 607 1982 quia
640 1926 799 1979 supra
830 1917 1036 1977 petram
1067 1907 1322 1961 fundatus
1348 1916 1454 1961 est.

560 2001 624 2055 In
667 2001 915 2055 memoria
943 2010 1138 2054 (eterna
1175 1999 1270 2052 erit
1300 1991 1498 2070 justus.
1531 1996 1628 2052 llle
1653 1995 1834 2067 justus
1871 2009 2086 2064 semper

485 2097 539 2148 in
569 2094 831 2149 memoria
868 2092 957 2146 Dei
988 2101 1089 2147 est.
1125 2091 1200 2145 Ab
1229 2090 1413 2144 auditu
1446 2089 1585 2143 malo
1614 2104 1716 2141 non
1757 2086 1973 2142 timebit.
2005 2085 2091 2141 Ab

486 2190 602 2255 illo,
633 2190 921 2250 discedite,
953 2206 983 2243 o
1017 2187 1287 2242 maledicti
1313 2186 1531 2259 (Matth.
1564 2187 1724 2255 xxv)!
1962 2246 1965 2255 ι

564 2280 820 2334 Paratum
850 2296 939 2334 cor
963 2283 1080 2352 ejus
1109 2294 1321 2349 sperare
1347 2278 1398 2332 in
1435 2277 1677 2331 Domino.
1714 2276 1827 2331 Hoc
1857 2286 1960 2343 est,
1994 2290 2091 2333 sua

488 2387 616 2440 spes
645 2384 864 2439 semper
892 2372 945 2423 in
979 2371 1089 2422 Deo
1122 2378 1307 2436 parata
1348 2380 1450 2422 ρει.
1487 2368 1861 2437 (Jonﬁrptatum
1902 2380 1974 2422 est
2004 2385 2092 2422 cor

488 2465 620 2533 ejus.
668 2463 864 2518 Anima
914 2461 1058 2517 illius
1102 2462 1152 2515 in
1205 2462 1328 2517 ﬁde.
1388 2462 1508 2516 Non
1555 2461 1973 2515 commovebitur.
2020 2462 2096 2517 De

491 2556 608 2624 ipsa
646 2556 748 2609 fide
782 2556 845 2608 ad
882 2554 1253 2608 inﬁdelitatem
1280 2572 1294 2612 τ
1322 2554 1444 2624 quia
1474 2569 1638 2624 super
1668 2567 1877 2624 petram
1903 2552 2096 2608 funda-

492 2660 580 2704 tus
605 2655 712 2710 est,
744 2647 795 2701 id
836 2657 941 2712 est,
988 2661 1153 2715 super
1182 2646 1474 2700 Christum.
1512 2644 1690 2700 Donec
1719 2645 1965 2717 despiciat
1991 2645 2095 2699 iui.

496 2742 655 2796 micas
683 2756 824 2795 suos.
859 2739 912 2794 ld
947 2751 1052 2803 est,
1086 2738 1210 2792 vitia
1248 2747 1300 2792 ct
1341 2746 1583 2808 peccata,
1611 2750 1800 2794 omnes
1831 2736 2093 2803 haereses,

492 2836 580 2889 vel
605 2841 934 2903 potestatem
968 2830 1311 2885 inimicorum
1344 2828 1593 2899 despicit.

572 2924 858 2992 Dispersit,
895 2922 1040 2977 dedit
1074 2923 1423 2995 pauperibus,
1455 2922 1661 2987 iustitia
1705 2924 1817 2994 ejus
1847 2931 2017 2976 manet
2046 2922 2101 2978 in

430 3074 449 3081 ,
495 3018 745 3072 sarculum
774 3018 974 3070 swculi.
1010 3015 1288 3084 Dispersit,
1325 3016 1424 3068 hoc
1455 3023 1558 3075 est,
1590 3014 1820 3084 partitus
1852 3024 1955 3070 cst.
1983 3014 2099 3071 Non

494 3110 891 3167 dixitzTotum
923 3111 988 3163 da
1038 3110 1130 3164 uni
1183 3108 1414 3173 homini,
1463 3108 1556 3164 sed
1605 3108 1739 3165 dicit
1780 3126 1794 3165 :
1848 3109 1998 3165 Vade
2047 3120 2103 3166 et

498 3204 672 3261 vende
698 3205 880 3257 omnia
914 3219 1037 3273 qum
1059 3202 1246 3267 habes,
1282 3212 1336 3257 et
1360 3203 1426 3257 da
1461 3204 1785 3273 pauperibm
1818 3202 2013 3277 (Marc.
2045 3220 2100 3269 Χ,

2253 587 2504 643 laudibus
2530 587 2851 659 gloriemur.
2884 590 2971 643 Ait
3001 590 3145 643 enim
3180 607 3192 641 :

2249 700 2508 767 Laudate,
2538 704 2708 775 pueri,
2746 700 3047 767 Dominum,
3079 699 3296 754 laudate
3325 714 3513 754 nomen
3542 696 3776 752 Domini.

2180 794 2275 849 Hic
2317 797 2469 865 pueri
2518 802 2884 865 provocantur
2929 792 2995 847 ad
3048 792 3261 847 laudem
3299 808 3312 845 :
3353 791 3426 846 de
3477 791 3677 860 quibus
3721 791 3778 848 in

2177 886 2314 942 ls:iia
2348 886 2597 942 Salvator
2630 886 2705 940 ait
2732 905 2743 938 :
2774 885 2916 941 Ecce
2945 899 3045 956 ego
3070 895 3119 939 et
3145 882 3321 954 pueri,
3348 898 3483 953 quos
3518 881 3648 936 mihi
3678 882 3778 939 de-

2179 977 2259 1033 dit.
2287 978 2549 1033 Dominus
2574 978 2727 1050 (lsai.
2763 977 2899 1050 vui).
2932 977 3012 1033 Ex
3040 992 3140 1032 ore
3166 976 3366 1048 quippe
3400 976 3691 1029 infantium
3723 983 3782 1030 et

2180 1072 2523 1136 lactentium,
2560 1071 2677 1126 laus
2706 1071 2758 1126 in
2793 1071 2957 1126 Deum
2993 1071 3152 1141 plena
3188 1068 3488 1139 perficitur.

2256 1164 2337 1219 Sit
2360 1180 2542 1218 nomen
2580 1162 2781 1218 Domini
2811 1163 3152 1217 benedictum.
3188 1161 3290 1218 Cui
3318 1162 3496 1217 omnis
3527 1170 3779 1218 creatura

2184 1256 2479 1312 benedicit.
2509 1255 2759 1311 Forsitan
2792 1273 2898 1309 non
2928 1255 3029 1310 fuit
3059 1268 3214 1310 antea
3245 1254 3633 1310 benedictum?
3658 1253 3788 1311 Fuit

2181 1366 2421 1422 semper,
2471 1351 2564 1406 sed
2614 1359 2791 1405 tamen
2836 1339 2994 1405 fntea
3024 1351 3076 1404 in
3124 1364 3229 1405 una
3259 1357 3421 1421 gente
3463 1348 3783 1405 Judteorum

2187 1443 2567 1502 tantummodo
2612 1443 2688 1497 illi
2737 1442 3135 1498 benedirebaut
3179 1453 3234 1497 et
3280 1441 3579 1498 credebant
3624 1459 3638 1497 :
3686 1441 3785 1498 sed

2187 1537 2352 1593 modo
2390 1539 2442 1592 in
2486 1537 2733 1592 omnibus
2767 1536 3022 1608 gentibus
3049 1543 3105 1592 et
3128 1536 3390 1604 creditur,
3422 1544 3479 1590 et
3506 1534 3786 1589 benedici-

2189 1644 2296 1685 tur.
2333 1629 2413 1685 Ea:
2460 1630 2557 1683 hoc
2597 1646 2736 1683 nunc
2776 1638 2820 1681 et
2867 1644 3027 1698 usque
3052 1628 3105 1681 in
3144 1627 3413 1683 naculum.
3454 1623 3543 1683 Ea:
3570 1626 3689 1695 hoc,
3733 1625 3787 1682 id

2187 1734 2289 1792 ρει,
2320 1738 2430 1793 quo
2455 1722 2775 1793 inceperunt
2806 1720 3081 1786 homines,
3114 1729 3170 1776 et
3198 1721 3427 1776 credere
3452 1728 3510 1775 et
3536 1718 3785 1776 laudare.

2191 1817 2256 1871 Et
2288 1832 2448 1881 nunc,
2486 1813 2588 1869 hoc
2625 1822 2730 1882 est,
2768 1815 2821 1868 in
2851 1813 3101 1883 praesenti
3129 1832 3141 1865 :
3174 1824 3221 1868 et
3247 1829 3408 1885 usque
3431 1813 3486 1866 in
3515 1812 3787 1879 secutum,

2116 1906 2158 1964 Β
2189 1911 2293 1967 hoc
2318 1918 2422 1979 est,
2457 1910 2577 1966 siue
2614 1909 2743 1964 line.
2781 1906 2917 1963 Nam
2958 1919 3008 1964 et
3048 1917 3205 1963 antea
3244 1921 3464 1975 semper
3493 1908 3588 1961 luit
3620 1905 3789 1962 bene-

2190 2004 2416 2059 dictum.

2263 2099 2307 2151 Α
2343 2099 2469 2152 solis
2507 2106 2624 2152 ortu
2664 2113 2826 2167 usque
2869 2096 2937 2150 ad
2975 2110 3231 2149 occasum.
3277 2092 3333 2147 ltl
3378 2101 3483 2157 est,
3523 2092 3593 2148 ab
3639 2091 3796 2147 initio

2194 2190 2492 2244 nativitatis
2532 2198 2733 2245 nostra:
2774 2203 2945 2260 usque
2977 2187 3042 2242 ad
3089 2194 3339 2241 murtem.
3376 2183 3663 2240 Lattdabile
3703 2200 3798 2239 no-

2193 2299 2306 2336 men
2335 2279 2569 2335 Domini.
2601 2279 2675 2337 Ut
2700 2294 2864 2351 supra
2888 2278 3022 2334 dixi.

2273 2374 2523 2430 Excelsus
2565 2372 2828 2429 Dominus
2874 2389 3031 2442 super
3071 2388 3245 2427 omnes
3285 2380 3479 2442 gentes.
3526 2368 3799 2438 Numquid

2195 2477 2352 2522 antea
2388 2482 2494 2522 non
2526 2476 2645 2522 erat
2674 2465 2958 2521 excelsus?
2983 2465 3110 2519 Erat
3133 2464 3185 2517 in
3209 2462 3417 2531 Judzea,
3445 2461 3608 2517 modo
3635 2475 3801 2531 super

2196 2575 2388 2615 omnes
2427 2568 2638 2630 gentes.
2679 2559 2821 2615 Dicit
2859 2574 2957 2629 per
3004 2557 3321 2628 prophetam
3356 2575 3367 2609 :
3401 2555 3669 2625 Quoniam
3708 2569 3801 2608 vo-

2200 2655 2300 2709 luit
2339 2654 2634 2724 reprobare
2662 2653 2907 2716 Judacos,
2938 2659 2996 2707 et
3036 2650 3244 2722 eligere
3282 2638 3507 2720 gentes:
3542 2646 3609 2701 Et
3649 2663 3802 2717 super

2200 2749 2352 2803 (celos
2412 2747 2581 2818 gloria
2635 2749 2768 2819 ejus.
2839 2745 2955 2801 lloc
3014 2758 3130 2812 esr,
3189 2758 3352 2813 super
3403 2740 3639 2797 Sanctos
3702 2752 3803 2795 sua

2200 2838 2397 2910 gloria.

2277 2930 2406 2996 Quis
2434 2930 2567 2985 sicut
2597 2927 2849 2983 Dominus
2878 2925 3019 2982 Deus
3048 2924 3270 2981 noster?
3294 2923 3372 2980 Ac
3391 2925 3436 2979 si
3462 2924 3611 2979 dicat
3635 2939 3651 2982 :
3675 2922 3808 2978 Nul-

2204 3023 2290 3078 lus
2332 3022 2474 3078 talis.
2508 3021 2577 3077 Ut
2610 3021 2779 3076 illud:
2809 3019 2941 3088 Quis
2978 3018 3174 3074 similis
3220 3019 3362 3072 inter
3393 3016 3532 3071 ﬁlios
3572 3016 3704 3069 Dei?
3738 3015 3809 3070 Et

2206 3116 2333 3171 alibi
2379 3116 2559 3171 dicit:
2614 3114 2731 3170 Non
2778 3123 2865 3169 est
2917 3113 3112 3168 similis
3141 3112 3232 3167 tibi
3285 3112 3337 3165 iu
3391 3112 3514 3176 diis,
3575 3110 3807 3165 Domine

2208 3208 2381 3282 (Psal.
2409 3206 2630 3278 cxsxv).
2672 3206 2771 3275 Qui
2798 3208 2850 3260 in
2883 3206 3003 3260 altis
3029 3204 3252 3270 habitat,
3276 3212 3323 3259 et
3348 3202 3569 3257 humilia
3596 3202 3810 3272 respicit

497 3309 545 3354 et
579 3298 706 3353 Luc.
738 3297 917 3365 xvut).
951 3297 1088 3365 Quia
1136 3313 1229 3367 per
1270 3299 1467 3352 multos
1504 3298 1594 3353 illa
1627 3297 1851 3367 partitus
1880 3308 1982 3361 est.
2017 3298 2098 3355 vel
2127 3290 2172 3350 C
2204 3304 2256 3357 in
2286 3301 2413 3357 caelo
2440 3312 2488 3356 et
2509 3302 2562 3355 in
2584 3310 2741 3355 terra.
2771 3298 2839 3353 In
2866 3299 3004 3362 altis,
3040 3299 3148 3353 hoc
3171 3310 3276 3361 est,
3305 3297 3357 3351 in
3380 3296 3605 3351 sanctis.
3640 3295 3811 3351 Num-

496 3392 755 3463 dispersit
781 3408 795 3446 :
823 3394 945 3459 quia
975 3391 1094 3458 plus
1117 3401 1195 3445 est
1221 3392 1398 3445 oratio
1426 3390 1719 3444 tnnltorum
1748 3406 1909 3460 quam
1941 3391 2104 3445 unius

496 3481 1007 3537 hnutinisslustitia
1035 3486 1153 3554 ejus
1191 3464 1361 3536 manet
1396 3482 1453 3534 in
1481 3476 1731 3535 saeculum
1767 3479 1968 3544 sa’culi,
2001 3480 2104 3538 hoc

495 3586 603 3641 est,
633 3591 797 3645 opera
831 3576 976 3629 illius
1006 3576 1119 3643 ipsa
1155 3585 1493 3643 permanent.
1534 3571 1707 3627 Cornu
1744 3578 1871 3653 ejus.
1895 3571 2100 3628 exalta-

497 3671 722 3725 biturin
745 3669 934 3740 gloria.
972 3669 1082 3723 Hoc
1111 3680 1217 3731 est,
1254 3682 1480 3736 regnum
1512 3666 1678 3735 ipsius
1705 3665 2023 3721 exaltabitur
2050 3667 2103 3721 iu

497 3763 691 3835 gloria,
716 3760 821 3815 hoc
850 3770 960 3826 est,
988 3776 1110 3814 cum
1143 3760 1254 3815 Deo
1281 3760 1406 3814 erit.
1888 3823 1907 3835 ι

576 3855 831 3910 Peccator
856 3853 1064 3910 videbit.
1101 3853 1389 3921 Quomodo
1418 3838 1644 3915 videbit,
1679 3852 1803 3920 quia
1833 3836 2106 3919 Propheta

498 3948 629 4002 dicit
655 3966 669 4002 :
700 3947 945 4002 Tollatur
972 3948 1171 4017 impius
1200 3936 1267 4002 ne
1291 3947 1472 4001 videat
1491 3947 1723 4015 gloriam
1752 3947 1865 4001 Dei.
1900 3946 2105 4004 Tamen

501 4040 856 4104 subsequitur
896 4057 909 4094 :
962 4040 1190 4094 Videant
1231 4049 1288 4094 ct
1330 4039 1733 4095 confundantur
1764 4032 1948 4112 (Zach.
1982 4042 2105 4113 xu).

503 4130 573 4187 Et
604 4130 753 4187 alibi.
803 4130 1073 4187 Videbunt
1110 4131 1165 4189 iu
1205 4146 1365 4202 quem
1405 4143 1865 4202 compunterunt,
1900 4132 1953 4188 id
1997 4143 2104 4205 est,

499 4225 673 4279 visuri
702 4234 868 4279 emat
912 4224 1061 4278 illam
1102 4224 1333 4281 formam
1369 4225 1513 4279 servi
1561 4233 1617 4280 et
1656 4224 1914 4293 hominis,
1943 4241 2106 4296 quant

503 4318 758 4387 dignatus
799 4328 881 4373 est
927 4318 1209 4388 suscipere
1257 4317 1327 4373 de
1373 4328 1556 4371 nostra
1608 4317 1944 4374 humanitate
1972 4338 1984 4375 :
2012 4318 2106 4375 sed

501 4409 654 4464 illam
676 4408 908 4479 gloriam
939 4423 1099 4478 quam
1129 4409 1303 4463 sancti
1342 4408 1643 4477 habebunt,
1676 4424 1778 4465 nec
1806 4408 2106 4477 habebunt,

504 4516 606 4555 nec
637 4500 918 4565 videbunt,
950 4510 1006 4556 et
1029 4511 1287 4571 quantum
1324 4499 1604 4567 videbunt,
1633 4501 1699 4557 ad
1742 4501 1965 4559 illorum
1996 4519 2111 4573 pte-

504 4608 630 4649 nam
657 4591 941 4648 videbunt.
974 4591 1042 4649 Et
1066 4595 1332 4648 irascetur.
1367 4593 1483 4647 Iloc
1510 4601 1614 4659 e~t,
1647 4601 1837 4649 contra
1865 4595 2102 4664 seipsos:

2205 3395 2330 3467 quid
2360 3405 2415 3450 et
2444 3395 2497 3450 in
2539 3393 2837 3448 humilibus
2881 3409 2986 3447 non
3032 3392 3274 3447 habitat?
3303 3389 3525 3444 Habitat
3545 3405 3564 3444 :
3592 3391 3724 3461 quia
3756 3392 3809 3446 in

2209 3488 2503 3543 humilibus
2529 3486 2754 3557 respicit
2779 3505 2792 3539 :
2821 3497 2880 3541 ut
2899 3484 3033 3540 illud
3061 3503 3072 3538 :
3102 3484 3279 3554 Super
3305 3499 3465 3554 quem
3494 3481 3808 3551 respiciam,

2208 3580 2311 3635 nisi
2354 3592 2519 3649 super
2560 3578 2818 3634 humilem
2851 3592 2901 3632 et
2950 3586 3274 3631 trementem
3324 3587 3606 3630 sermones
3656 3587 3812 3628 meos

2211 3671 2369 3740 (lsai.
2402 3670 2592 3742 vat)?
2621 3670 2851 3736 Quando
2889 3679 3014 3724 sunt
3044 3669 3139 3724 alti
3172 3668 3346 3723 saneti
3367 3666 3391 3709 ν
3416 3664 3649 3733 Quando
3679 3682 3814 3719 con-

2210 3766 2539 3834 templantur
2582 3764 2650 3819 de
2688 3763 3026 3818 cmlestibus.
3068 3762 3133 3816 Et
3166 3773 3293 3815 tunc
3324 3772 3453 3816 sunt
3487 3758 3725 3813 humiles
3756 3759 3809 3814 in

2211 3867 2351 3912 terra
2380 3874 2392 3909 :
2425 3854 2645 3923 quando
2670 3869 2730 3909 se
2761 3853 3049 3908 bumiliant
3093 3853 3145 3909 in
3189 3852 3393 3916 activa,
3423 3851 3719 3905 elevantur
3758 3851 3812 3905 ia

2210 3948 2651 4018 contemplativa.
2689 3947 2753 4002 Et
2778 3947 2852 4003 illi
2890 3947 2985 4017 qui
3013 3946 3101 4002 hic
3129 3945 3184 4001 in
3214 3953 3357 4001 terra
3390 3953 3522 3999 sunt
3549 3944 3811 4012 humiles,

2211 4044 2351 4113 apud
2391 4043 2556 4098 Deum
2594 4051 2720 4097 sunt
2743 4028 2857 4096 alti.
2886 4041 3065 4109 Quare
3093 4055 3201 4095 non
3235 4038 3393 4104 dixit,
3425 4038 3477 4092 in
3510 4035 3817 4092 humilibus

2211 4133 2457 4189 habitat:
2491 4132 2585 4189 sed
2614 4134 2769 4199 dixit,
2808 4132 3034 4203 respicit.
3080 4132 3208 4188 Ideo
3248 4134 3374 4201 quia
3421 4131 3509 4189 ubi
3564 4129 3814 4199 reapirlt,

2213 4225 2284 4280 ibi
2315 4224 2545 4293 habitat,
2574 4233 2629 4280 et
2661 4224 2753 4279 ubi
2780 4223 3012 4292 habitat,
3040 4224 3111 4280 ibi
3144 4222 3388 4293 respicit.

2283 4318 2555 4374 Suscitans
2575 4335 2606 4371 α
2637 4328 2773 4372 terra
2798 4317 3026 4389 inopem.
3058 4316 3123 4371 Et
3148 4316 3215 4372 de
3235 4315 3434 4385 capite,
3459 4325 3513 4369 et
3538 4315 3607 4367 de
3640 4330 3818 4368 mem.

2211 4409 2325 4465 bris
2352 4410 2688 4479 intelligitur.
2728 4408 3023 4477 Suscitans,
3058 4409 3162 4466 hoc
3199 4418 3303 4475 est,
3335 4408 3624 4465 suscitavit
3668 4406 3821 4463 Deus

2211 4503 2375 4559 Pater
2393 4501 2693 4567 Christum,
2714 4504 2807 4572 qui
2834 4503 2991 4572 in0ps
3016 4514 3071 4558 et
3099 4517 3301 4572 pauper
3329 4516 3426 4571 pro
3454 4500 3612 4556 nobis
3640 4499 3821 4557 lactus

2211 4603 2313 4651 est.
2345 4594 2412 4650 Et
2460 4609 2559 4649 nos
2605 4596 2816 4665 inopes,
2848 4595 2899 4650 id
2944 4603 3052 4663 est,
3082 4596 3200 4652 sine
3229 4603 3383 4665 patre
3409 4593 3653 4659 diabolo,
3694 4592 3823 4650 sine

504 4701 571 4741 eo
612 4683 757 4754 quod
802 4699 908 4740 non
957 4683 1207 4740 iecerunt
1255 4685 1417 4739 bona.
1464 4685 1595 4740 Sera
1644 4687 1963 4755 pteuitentia
2004 4688 2110 4744 erit
2138 4678 2187 4738 D
2213 4696 2388 4741 matre
2418 4686 2745 4756 gentilitate,
2779 4684 3107 4741 s'uscitamur
3134 4703 3166 4742 a
3193 4683 3433 4742 Christo.
3470 4682 3538 4738 Et
3577 4684 3647 4739 de
3679 4694 3821 4739 ster-

501 4778 637 4834 illis.
663 4778 871 4833 Dieturi
916 4788 1072 4834 erunt
1101 4797 1113 4831 :
1141 4775 1228 4833 Isti
1261 4786 1408 4847 sunt,
1440 4793 1577 4848 quos
1612 4778 1667 4833 in
1699 4779 2107 4849 destructionem

506 4868 839 4926 habuimus:
871 4885 1002 4926 ecce
1050 4870 1195 4925 inter
1233 4870 1380 4938 ipsos
1412 4868 1508 4925 Dei
1547 4885 1738 4927 servos
1780 4882 1912 4928 sunt
1940 4889 2105 4944 repu-

504 4963 625 5018 tati.
659 4962 801 5018 Nihil
834 4961 1160 5033 proluerunt
1191 4960 1349 5016 nobis
1372 4961 1720 5018 abundantia:
1751 4963 2063 5020 divitiarum
2092 4984 2105 5020 :

502 5055 597 5112 Sol
638 5070 747 5110 non
790 5064 947 5111 ortus
990 5065 1076 5110 est
1105 5054 1281 5109 nobis.
1314 5050 1566 5109 Dentibus
1592 5057 1703 5110 suis
1731 5056 1911 5128 fremet
1953 5067 1999 5112 et
2032 5065 2110 5113 ta-

505 5146 691 5202 bescet.
720 5146 824 5202 Per
848 5146 1141 5203 stridorem
1166 5145 1438 5217 dentium,
1473 5146 1644 5217 frigus
1669 5147 2011 5220 intelligitur,
2044 5160 2105 5205 ut

504 5238 640 5294 illud
669 5258 681 5292 :
709 5238 782 5293 Ibi
823 5238 928 5294 erit
958 5235 1118 5293 ﬂetus
1148 5246 1205 5293 et
1237 5237 1440 5295 stridor
1479 5239 1722 5295 dentium
1756 5239 1937 5314 (Matt.
1968 5256 2019 5307 ν,
2053 5248 2103 5296 et

505 5332 635 5387 Luc.
667 5335 809 5401 xm).
841 5331 980 5401 Quia
1016 5343 1073 5388 et
1100 5329 1274 5403 frigus
1315 5342 1369 5389 ct
1405 5335 1556 5389 calor
1595 5334 1705 5391 erit
1730 5333 1824 5400 ibi,
1855 5345 1910 5391 et
1957 5337 2105 5393 nulla

501 5426 745 5497 requies.
778 5424 1107 5480 Desiderium
1131 5436 1463 5495 peccatorum
1483 5426 1705 5496 peribit:
1731 5425 1834 5483 hoc
1856 5438 1961 5491 est,
1990 5443 2106 5485 om-

506 5519 595 5587 nia
628 5518 770 5573 bona
802 5533 926 5590 qua:
957 5517 1047 5574 hic
1077 5518 1130 5574 in
1164 5519 1422 5590 praesenti
1452 5520 1779 5578 habuerunt.
1806 5520 2104 5593 Diligenter

501 5612 669 5683 igitur
713 5610 1001 5666 audiamus
1026 5610 1189 5666 verba
1222 5610 1357 5666 Dei:
1386 5612 1472 5668 cui
1500 5612 1571 5667 sit
1607 5613 1776 5684 gloria
1813 5614 1866 5667 in
1901 5614 2101 5671 saecula

499 5702 846 5759 saeculorum.
873 5686 1069 5759 Amen.

1038 5791 1359 5852 PSALMUS
1396 5793 1554 5853 CXII.

500 5868 748 5937 Alleluia.
790 5884 897 5940 Iste
931 5884 1168 5955 psalmus
1196 5887 1357 5945 docet
1389 5904 1508 5960 nos,
1538 5899 1619 5960 ut,
1646 5892 1896 5964 deposita
1925 5893 2093 5949 veteri

2211 4794 2326 4833 core
2354 4779 2555 4849 erigens
2584 4795 2882 4851 pauperem.
2915 4778 3068 4848 Quod
3098 4772 3256 4845 dixit,
3288 4787 3452 4845 terra,
3490 4779 3593 4834 hoc
3625 4787 3732 4845 est,
3762 4787 3823 4835 οι

2210 4880 2442 4934 stercus,
2475 4873 2702 4940 etquod
2743 4872 2900 4936 dixit,
2942 4873 3170 4943 inopem,
3219 4871 3322 4927 hoc
3365 4879 3473 4937 est,
3512 4880 3566 4926 et
3614 4885 3824 4941 paupe—

2212 4978 2348 5018 rem.
2380 4962 2519 5032 Quia
2545 4963 2616 5020 de
2645 4972 2793 5020 terra
2814 4975 2868 5019 et
2897 4965 3185 5035 putredine
3213 4976 3561 5037 peccatorum
3595 4972 3825 5020 nostro-

2211 5073 2331 5113 rum
2372 5058 2551 5113 erexit
2590 5072 2726 5113 nos:
2757 5066 2816 5112 ut
2848 5057 2979 5115 illud
3005 5074 3020 5112 :
3044 5057 3183 5127 Quid
3228 5056 3504 5128 superbis,
3536 5056 3716 5128 pulvis
3763 5064 3826 5116 et

2212 5160 2359 5207 terra
2391 5150 2582 5224 (Eccli.
2615 5148 2707 5221 x)?
2848 5150 2855 5151 ί

2288 5244 2356 5299 Ut
2398 5245 2615 5299 collucet
2649 5260 2765 5299 eum
2803 5258 2917 5297 cum
2959 5242 3303 5315 principibus,
3344 5258 3461 5299 cum
3491 5241 3833 5316 principibus

2212 5339 2393 5410 populi
2434 5340 2535 5395 sui.
2586 5337 2894 5394 Collocavit
2925 5338 3072 5394 Deus
3102 5337 3266 5395 Pater
3311 5337 3506 5394 Filium
3549 5353 3712 5393 suum
3766 5339 3827 5396 iu

2209 5431 2525 5488 cmleStibus
2570 5432 2622 5486 in
2671 5430 2895 5486 dextera
2945 5446 3064 5486 sua.
3117 5431 3182 5487 Et
3228 5429 3604 5486 dominabitur
3648 5445 3834 5502 super

2210 5524 2504 5596 principes,
2534 5523 2587 5579 id
2618 5532 2722 5593 est,
2754 5538 2918 5593 super
2967 5537 3161 5579 novem
3204 5522 3428 5579 ordines
3460 5522 3831 5592 angelorum.

2208 5617 2504 5672 secundum
2532 5615 2666 5671 illud
2692 5633 2706 5673 :
2739 5614 3003 5685 Princeps
3032 5614 3268 5682 militia,
3300 5615 3385 5671 vel
3414 5614 3678 5685 princeps
3707 5617 3833 5674 vir-

2208 5718 2385 5766 tutum
2413 5725 2514 5781 ego
2544 5725 2688 5766 sum.
2730 5708 2797 5764 Et
2827 5707 3054 5778 insuper
3083 5720 3324 5774 sanctos,
3350 5714 3408 5763 et
3436 5720 3537 5763 sua
3566 5710 3833 5768 membra

2204 5802 2496 5859 collocavit
2514 5817 2638 5859 cum
2668 5802 2796 5872 ipsis
2819 5814 3009 5857 novem
3038 5799 3326 5857 ordinibus
3352 5800 3714 5871 angelorum.

2203 5894 2302 5962 Qui
2321 5891 2558 5948 habitare
2587 5893 2733 5965 facit
2773 5909 2797 5947 s
2816 5890 3107 5964 terilmja
3129 5891 3308 5958 domo,
3330 5900 3547 5947 matrem
3568 5893 3832 5964 ﬁliorum
