4016 6360
237 345 378 402 H73

1188 342 1619 401 BBEVIARIUM
1657 341 1724 399 IN
1761 341 2094 400 PSALMOS.
2136 345 2381 403 PSALII.
2424 346 2607 403 CXIII.

3411 352 3550 407 1178

232 463 520 518 latentem.
550 465 790 532 Sterilis,
822 464 927 520 hoc
955 478 1059 531 est,
1090 473 1280 522 sancta
1312 465 1573 521 Ecclesia.
1610 462 1763 529 Unde
1792 461 1847 516 in
1877 464 1923 522 Α
1953 481 2068 518 sum
2092 465 2416 521 .Iordanetu
2454 479 2776 520 conversum
2806 479 2934 520 esse
2954 474 3255 520 retrorsum
3284 479 3392 520 non
3416 465 3555 537 legi-

237 558 508 628 propheta
540 558 674 614 dicit
703 577 715 613 :
745 557 952 614 in-tare
982 562 1204 627 sterilis,
1234 569 1342 616 etc.
1373 557 1532 630 (Isai.
1566 555 1699 629 Liv).
1733 557 1845 611 Pri-

228 655 403 707 mitus
443 652 650 709 sterilis
676 652 776 707 fuit
800 666 989 709 sancta
1017 653 1258 709 Ecclesia
1285 669 1300 705 :
1333 655 1455 723 quia
1488 666 1594 705 non
1619 664 1848 720 genera-

238 745 333 799 bat
356 746 518 809 ﬁlios,
545 744 647 800 nisi
681 760 909 816 paucos:
933 748 1218 819 Synagoga
1247 746 1434 801 habuit
1454 744 1630 799 virum
1652 745 1842 808 Deum,

229 837 330 892 sed
359 845 541 891 tamen
588 850 788 907 paucos
818 839 1100 907 generavit
1123 838 1263 909 (Act.
1293 850 1333 892 ιι
1361 847 1408 891 et
1427 834 1619 906 seqq.).
1651 834 1843 890 Postea

228 929 504 996 Ecclesia,
533 945 657 998 qua:
681 938 808 985 ante
835 930 1036 986 sterilis
1058 930 1259 997 fuerat,
1284 930 1337 985 in
1364 943 1473 985 uno
1490 929 1581 984 die
1596 929 1679 984 vel
1700 927 1841 983 duo-

228 1020 355 1087 bus,
403 1020 637 1089 grandes
682 1030 868 1091 partus
913 1021 1084 1087 ludit,
1131 1021 1349 1091 quando
1387 1023 1671 1091 generavit
1716 1026 1842 1075 octo

224 1113 422 1168 millia.
457 1112 525 1167 Et
555 1114 610 1167 in
654 1112 915 1181 propheta
953 1114 1124 1169 dicit:
1157 1113 1259 1180 Qui
1286 1120 1414 1168 sunt
1454 1113 1561 1177 isti,
1590 1121 1686 1166 aut
1719 1112 1842 1181 quis

220 1205 419 1277 genuit
448 1206 573 1259 illos
604 1205 740 1261 mihi
772 1206 927 1277 (lsai.
978 1207 1165 1276 sus)?
1195 1205 1304 1262 Fac
1342 1206 1477 1260 mitti
1523 1204 1755 1274 spatium
1785 1211 1841 1258 et

224 1297 395 1352 urbes
439 1296 528 1351 tibi
574 1296 834 1352 habitem.
880 1298 947 1353 Et
983 1298 1243 1352 Dominus
1283 1296 1457 1352 dixit:
1489 1295 1604 1367 Ego
1643 1293 1838 1350 faciam

224 1387 404 1460 (Psal.
438 1387 619 1462 xvut).
649 1390 705 1444 Itt
735 1405 953 1445 omnem
990 1400 1190 1445 terram
1219 1391 1397 1445 exivit
1427 1404 1594 1444 sonus
1622 1404 1835 1455 eorum,

222 1483 334 1537 hoc
361 1491 467 1547 est,
500 1483 551 1537 in
586 1493 700 1538 toto
728 1486 950 1539 mundo.
987 1484 1089 1549 Qui
1118 1483 1351 1537 habitare
1374 1483 1501 1553 facit
1531 1481 1758 1555 sterilem
1779 1481 1835 1535 in

223 1576 406 1642 domo,
448 1575 550 1630 hoc
594 1589 699 1642 est,
750 1578 803 1632 in
852 1577 1120 1633 Ecclesia.
1153 1577 1222 1633 Et
1261 1579 1378 1647 ipsa
1408 1586 1491 1631 est
1529 1576 1753 1639 sterilis,
1779 1582 1837 1629 et

220 1670 345 1738 ipsa
375 1677 461 1722 est
491 1680 685 1735 mater,
715 1681 769 1723 et
801 1669 902 1739 ipsi
939 1681 1066 1725 sunt
1092 1668 1210 1737 ﬁlii,
1244 1679 1299 1724 et
1331 1670 1385 1723 in
1416 1666 1711 1737 semetipsa
1742 1666 1837 1721 ha-

220 1760 383 1817 bitat.
418 1760 530 1816 Hoc
548 1772 655 1827 est,
681 1762 860 1817 unitas
887 1762 1174 1829 Ecclesia},
1201 1776 1309 1817 una
1335 1776 1421 1818 res
1448 1770 1554 1826 est,
1585 1769 1641 1815 et
1664 1759 1833 1815 multa

1953 565 2041 612 tur
2080 561 2131 613 in
2164 559 2388 613 historia
2423 556 2616 631 (Iosue
2646 556 2760 629 tu),
2790 556 2894 612 nisi
2938 556 3156 628 quando
3183 571 3307 612 cum
3339 571 3463 612 arca
3493 557 3549 613 in

1948 650 2125 719 ipsum
2159 652 2496 706 intraverunt
2525 668 2537 701 :
2566 652 2721 719 quasi
2760 657 3063 704 retrorsum
3098 647 3436 703 ambulasset
3458 647 3553 704 illa

1946 759 2113 814 aqua,
2136 744 2215 798 sic
2239 744 2391 807 stetit
2411 745 2565 814 quasi
2597 757 2806 808 murus,
2836 754 2888 798 et
2910 742 3004 798 illa
3032 742 3138 798 alia
3174 756 3309 812 aqua
3336 756 3552 813 peram-

1947 835 2156 890 bulavit
2180 838 2233 890 in
2268 850 2436 892 mare.
2471 835 2609 904 Quid
2633 850 2765 906 ergo
2791 835 3113 905 intelligitur
3139 848 3234 903 per
3262 831 3401 888 hoc?
3423 832 3551 889 Ior-

1942 927 2104 982 danis
2129 928 2541 998 interpretatur,
2571 928 2833 983 descensio
2871 942 3069 982 eorum.
3108 924 3192 980 Illi
3230 923 3551 995 intelligun-

1944 1030 2054 1087 tur,
2099 1022 2190 1091 qui
2237 1022 2465 1077 veniunt
2505 1022 2572 1077 ad
2617 1020 2968 1091 baptismum.
3016 1000 3252 1088 Quando
3292 1018 3552 1075 viderunt

1945 1114 2211 1185 Martyres
2265 1115 2376 1183 pati
2423 1114 2837 1184 persecutiones
2864 1112 3089 1179 multas,
3132 1112 3382 1167 conversi
3418 1119 3551 1166 sunt

1943 1205 1997 1261 in
2041 1221 2212 1273 mare,
2246 1207 2349 1262 hoc
2376 1214 2486 1270 est,
2519 1208 2573 1262 itt
2607 1207 2914 1277 gentilitate
2942 1215 3299 1277 negaverunt.
3344 1206 3547 1262 Postea

1942 1301 2206 1356 Dominus
2234 1316 2331 1371 per
2369 1314 2500 1356 suos
2533 1300 2923 1369 praedicatores
2956 1300 3169 1355 vocavit
3206 1298 3369 1353 illos:
3401 1297 3548 1353 Con-

1940 1393 2218 1449 vertimini
2264 1394 2331 1448 ad
2374 1408 2482 1458 me,
2514 1401 2571 1448 et
2599 1408 2702 1463 ego
2732 1402 2978 1447 revertar
3013 1390 3082 1445 ad
3128 1406 3223 1446 vos
3263 1387 3450 1463 (Zach.
3474 1389 3542 1453 tl.

1943 1486 2009 1541 Et
2037 1488 2290 1542 conversi
2323 1486 2545 1541 fuerunt
2575 1497 2761 1556 postea
2792 1484 2950 1540 multi
2973 1483 3039 1539 ad
3068 1483 3258 1539 Deum.
3283 1482 3382 1539 Illa
3405 1497 3546 1548 aqua

1942 1581 2347 1650 perambulavit
2375 1580 2430 1635 in
2469 1594 2642 1649 mare,
2674 1578 2727 1634 id
2757 1588 2865 1643 est,
2898 1586 3025 1633 sunt
3051 1575 3298 1631 inﬁdeles
3327 1575 3421 1645 qui
3452 1588 3546 1643 pe-

1942 1674 2393 1729 ratubulaverunt
2420 1672 2473 1727 in
2507 1686 2681 1739 mare,
2708 1671 2763 1726 id
2792 1680 2899 1737 cst,
2928 1672 2982 1725 in
3015 1684 3168 1725 mare
3199 1666 3544 1738 perditionis.

2014 1765 2219 1820 Montes
2255 1764 2651 1821 exultauerunt
2684 1772 2741 1818 ut
2766 1763 2975 1828 arietes,
3003 1771 3050 1816 et
3082 1759 3243 1815 colles
3265 1759 3399 1814 sicut
3425 1757 3549 1828 agni

220 1851 512 1907 membra:
540 1852 637 1907 sed
681 1868 847 1908 unum
890 1867 1090 1922 corpus
1134 1854 1288 1908 multi
1333 1862 1490 1918 sunt.
1535 1861 1596 1908 ut
1637 1851 1835 1907 Paulus
1866 1852 1915 1912 B
1942 1861 2133 1915 ovium.
2189 1858 2614 1913 Exsultaverunt
2655 1856 2831 1913 sancti
2874 1854 3291 1925 praedicatores,
3328 1849 3548 1922 quando

216 1942 382 2008 dicit,
437 1950 493 1999 et
537 1943 613 1999 ibi
665 1944 937 2000 laetabitur
989 1946 1041 2000 in
1095 1945 1415 2015 semetipsa,
1466 1944 1568 1999 hoc
1622 1954 1729 2009 est,
1776 1945 1829 1999 in

223 2037 438 2092 unitate
467 2034 643 2108 (Rom.
675 2048 792 2107 xu).

756 2149 1075 2207 PSALMUS
1110 2149 1297 2207 CXIII.

224 2243 491 2316 Alleluia.
541 2243 645 2300 Istc
703 2248 942 2316 psalmus
990 2260 1179 2301 vocem
1235 2245 1476 2300 continet
1533 2245 1830 2316 prophetae,

298 2315 642 2371 ostendentis
692 2315 748 2370 ut
799 2332 920 2387 qnte
970 2318 1023 2370 itt
1079 2334 1145 2373 eo
1201 2318 1459 2374 historice
1520 2315 1831 2385 narrantur,

302 2389 663 2457 spiritttaliter
690 2389 836 2443 dicta
866 2389 1258 2458 intelligantur.

302 2499 371 2554 In
400 2502 539 2555 exitu
569 2500 736 2557 Israel
764 2502 828 2555 de
857 2501 1114 2576 zEgypto,
1141 2504 1328 2558 domus
1356 2503 1522 2557 Iacob
1550 2504 1618 2558 de
1644 2504 1837 2574 populo

222 2592 474 2647 barbaro.
502 2592 611 2648 Iste
656 2592 897 2662 psalmus
938 2595 1243 2650 Secundum
1287 2596 1567 2651 historiam
1597 2611 1838 2652 comme-

226 2692 432 2745 morat.
465 2684 680 2754 quando
710 2685 800 2740 lilii
828 2686 988 2740 Israel
1016 2687 1265 2742 exierunt
1292 2687 1357 2741 de
1385 2685 1833 2756 Egyptowxod.

229 2774 380 2845 xm).
411 2775 513 2831 Sed
546 2777 669 2846 plus
698 2777 941 2846 pertinet
965 2778 1030 2832 ad
1058 2794 1301 2846 sensum,
1333 2781 1551 2849 quando
1582 2794 1680 2834 nos
1703 2780 1838 2836 lihe-

230 2867 339 2923 rati
372 2867 574 2925 fuimus
611 2870 682 2925 de
724 2869 984 2940 Egypto,
1016 2871 1119 2926 hoc
1154 2880 1259 2934 est.
1306 2871 1376 2927 de
1411 2871 1649 2926 tenebris
1680 2873 1836 2941 igno-

222 2960 424 3014 rantiae
447 2968 792 3029 peccatorum
817 2970 1131 3018 nostrorum
1152 2979 1249 3034 per
1270 2964 1615 3033 baptismum.
1641 2962 1839 3019 Domus

227 3050 402 3106 Iacob
423 3052 486 3108 de
508 3053 702 3123 popan
727 3055 968 3110 barbaro.
1004 3056 1241 3112 Liberati
1270 3056 1490 3113 fuerunt
1517 3056 1595 3111 illi
1629 3057 1841 3113 Israeli-

228 3147 328 3202 tici
380 3147 448 3202 de
498 3149 695 3217 popqu
732 3150 1003 3217 barbaro,
1044 3152 1146 3206 hoc
1176 3160 1293 3217 est,
1327 3151 1395 3206 de
1433 3150 1540 3205 illis
1587 3150 1839 3221 gentibus

1934 1954 2191 2008 viderunt
2234 1953 2357 2008 illos
2387 1963 2709 2010 conversos,
2756 1949 2849 2019 qui
2894 1956 3055 2002 antea
3096 1942 3402 2014 blasphemi
3430 1942 3547 1997 lue-

1934 2057 2080 2102 runt.
2118 2044 2520 2101 Exsultatterunt
2564 2052 2621 2096 ut
2665 2041 2875 2104 arietes,
2902 2039 2952 2095 id
2978 2046 3082 2106 est,
3118 2036 3396 2107 principes
3417 2048 3543 2103 gre-

1932 2156 2082 2212 gum,
2126 2140 2218 2211 qui
2268 2144 2535 2209 generant
2586 2134 2748 2197 ﬁlios,
2799 2133 2851 2188 id
2896 2140 3002 2199 est,
3054 2129 3229 2185 sancti
3280 2125 3541 2196 apostoli.

1937 2233 2094 2290 Unde
2120 2245 2258 2286 unus
2286 2230 2358 2285 de
2390 2230 2495 2282 illis
2537 2227 2678 2281 dixit
2716 2242 2731 2281 :
2775 2224 2881 2281 Per
2921 2221 3269 2292 Evangelium
3299 2232 3401 2289 ego
3442 2232 3539 2273 vos

1932 2325 2097 2396 genui
2139 2322 2186 2394 (Ι
2213 2319 2335 2377 Cor.
2380 2320 2477 2388 tv).
2525 2317 2625 2373 Vel
2673 2315 3064 2386 praedicatores
3111 2311 3323 2367 altioris
3363 2306 3545 2365 tueritt

1939 2414 2338 2486 intelliguntur,
2366 2411 2456 2481 qtti
2490 2409 2652 2465 modo
2679 2416 2947 2478 generant
2978 2404 3122 2459 ﬁlios
3154 2417 3251 2473 per
3273 2400 3547 2471 praedica-

1941 2510 2144 2562 tionem
2177 2520 2390 2561 eorum.
2426 2501 2582 2561 Unde
2606 2500 2804 2556 Paulus
2830 2498 2969 2554 dixit
2996 2516 3009 2552 :
3045 2495 3224 2553 Filioli
3253 2496 3383 2561 mei,
3405 2508 3543 2564 quos

1938 2601 2132 2654 iterum
2186 2597 2454 2668 parturio,
2495 2596 2672 2652 donec
2700 2592 2959 2649 Christus
2991 2591 3257 2647 formetur
3296 2588 3351 2644 in
3388 2587 3547 2643 vobis

1934 2690 2137 2760 (Colat.
2168 2690 2267 2759 Iv).

2014 2782 2251 2849 Quidest
2279 2781 2403 2847 tibi,
2430 2795 2595 2844 more,
2627 2779 2766 2850 quod
2792 2777 3012 2848 fugisti;
3041 2784 3087 2828 et
3132 2784 3214 2841 tu,
3262 2769 3541 2837 Iordanis,

1936 2890 2099 2947 quare
2144 2889 2421 2927 conversus
2467 2888 2519 2925 es
2548 2868 2876 2925 retrorsum?
2903 2865 3177 2935 Propheta
3208 2878 3305 2935 per
3335 2872 3546 2919 semct-

1941 2970 2118 3038 ipsum
2152 2965 2456 3034 iuterrogat
2479 3006 2494 3030 ,
2529 2971 2587 3019 et
2614 2960 2734 3031 ipse
2784 2958 3070 3029 reapondit
3096 3000 3112 3027 ,
3161 2971 3226 3012 ac
3249 2956 3298 3011 si
3338 2955 3489 3010 dicat
3524 2973 3536 3006 :

1940 3060 2076 3129 Quid
2111 3058 2209 3114 tibi
2242 3058 2365 3123 fuit,
2394 3057 2708 3129 gentilitas,
2737 3053 2881 3121 quod
2912 3048 3129 3123 fugisti?
3177 3047 3247 3103 Et
3291 3059 3368 3115 tu,
3407 3046 3538 3102 Ior-

1939 3153 2116 3217 danis,
2147 3152 2250 3207 hoc
2281 3161 2397 3216 est,
2431 3160 2486 3205 et
2521 3161 2640 3212 vos,
2695 3144 3023 3212 Christiani,
3067 3141 3192 3212 qttid
3237 3139 3339 3196 fuit
3386 3138 3537 3210 quod

225 3253 356 3307 qua:
403 3239 456 3294 in
503 3237 737 3311 Egypto
781 3240 1124 3297 habitabant.
1161 3243 1231 3297 Et
1261 3243 1328 3297 ad
1359 3258 1601 3299 sensum.
1639 3241 1835 3299 Domus
1862 3229 1909 3294 C
1941 3243 2193 3303 conversi
2220 3241 2400 3296 fuistis
2437 3238 2783 3295 retrorsum?
2810 3235 3031 3305 Quare?
3072 3233 3293 3288 Vidistis
3316 3239 3543 3286 sanctos

226 3331 422 3397 Iacob,
449 3334 900 3403 supplatttatores
944 3335 1199 3391 vitiorum
1232 3336 1558 3405 intelligunt.
1597 3336 1836 3392 Liberati

226 3431 363 3478 sunt
390 3424 501 3492 isti,
530 3434 588 3480 et
614 3440 714 3479 nos
740 3426 1043 3495 spiritualis
1072 3428 1268 3483 domus
1295 3427 1462 3483 Iacob
1500 3428 1709 3484 liberati
1738 3445 1836 3483 su-

228 3532 363 3572 mus
404 3518 472 3572 ah
502 3517 610 3574 illis
644 3518 979 3587 infidelibus,
1007 3523 1102 3592 qui
1136 3522 1188 3577 itt
1221 3521 1544 3577 inﬁdelitate
1585 3537 1838 3591 perman-

229 3618 430 3664 serunt
456 3609 612 3683 (Gen.
647 3614 842 3682 xxxtt).
874 3613 1075 3669 Domus
1099 3613 1285 3669 Iacob.
1320 3614 1577 3670 I‘rimitus
1607 3615 1709 3669 fuit
1743 3630 1838 3668 vo-

229 3708 392 3757 catus
417 3702 609 3770 Iacob,
649 3714 837 3774 postea
869 3707 1056 3762 Israel.
1098 3706 1252 3763 Unde
1288 3707 1462 3762 dixit:
1496 3706 1616 3761 Vidi
1656 3709 1837 3761 botul-

234 3810 367 3848 nutu
398 3794 535 3851 facie
563 3796 631 3851 ad
661 3795 870 3863 faciem,
906 3806 961 3852 ct
993 3798 1144 3854 salva
1170 3796 1318 3853 facta
1359 3808 1445 3854 est
1480 3799 1656 3853 anima
1693 3813 1833 3855 mea.

235 3887 309 3942 Et
358 3886 621 3944 Dominus
669 3890 807 3945 dixit
854 3891 919 3946 ad
974 3892 1122 3946 illum
1166 3908 1181 3946 :
1226 3890 1345 3947 Iam
1395 3909 1503 3946 non
1554 3892 1839 3949 VOcaberis

232 3979 433 4047 Iacob,
464 3981 561 4038 sed
591 3982 761 4038 Israel
789 3984 894 4039 erit
922 4000 1121 4040 nomen
1152 3996 1326 4040 tuum.
1369 3984 1438 4039 Et
1465 3999 1564 4039 uos
1587 3985 1838 4056 primitus

231 4074 505 4132 debemus
542 4091 665 4132 esse
701 4076 891 4145 Iacob,
926 4081 1028 4133 hoc
1062 4089 1170 4144 est,
1201 4080 1649 4148 supplantatores
1677 4077 1836 4136 vitio-

236 4186 366 4224 rum
396 4187 409 4224 :
440 4179 498 4224 ut
525 4179 714 4241 postea
746 4173 1015 4241 possimus
1051 4186 1172 4227 esse
1208 4171 1397 4240 Israel,
1428 4172 1481 4227 id
1510 4182 1613 4237 est,
1641 4174 1837 4229 anima:

235 4264 491 4320 videntes
520 4264 713 4329 Deum,
742 4272 799 4320 et
827 4266 1000 4321 oculis
1027 4266 1207 4323 cordis
1228 4267 1589 4336 contemplari
1622 4269 1790 4324 Deum
1821 4288 1833 4323 :

233 4356 538 4411 secundum
569 4357 702 4413 illud
733 4376 745 4409 :
775 4357 932 4413 Beati
973 4358 1175 4415 mundo
1216 4358 1400 4427 corde,
1442 4361 1697 4430 quoniam
1736 4362 1835 4431 ipsi

238 4451 412 4507 Deum
433 4450 698 4507 videbunt
715 4450 933 4523 (Matth.
962 4453 1039 4525 v).
1428 4434 1437 4443 ’

317 4540 482 4598 Facta
507 4553 583 4599 est
607 4542 798 4600 Iudico
824 4548 1166 4616 sanctiﬁcatio
1184 4550 1318 4617 ejus.
1351 4549 1406 4603 Itt
1434 4548 1620 4604 Iudaea
1649 4550 1838 4620 primi-

1944 3337 2355 3410 practlicatores,
2388 3332 2439 3388 id
2471 3342 2578 3398 est,
2611 3341 2826 3385 montes
2861 3348 2873 3381 :
2922 3325 3133 3382 vidistis
3162 3325 3385 3393 arietes,
3432 3323 3537 3380 hoc

1940 3442 2025 3488 est
2048 3476 2061 3500 ,
2088 3429 2535 3499 supplantatorcs
2566 3424 2844 3490 vitiorum,
2885 3430 2941 3476 ct
2995 3422 3207 3476 animas
3234 3417 3535 3473 videntium

1942 3525 2109 3580 Dcttm
2137 3522 2390 3589 Patrem,
2420 3518 2546 3574 ideo
2577 3515 2833 3589 fugistis?

2015 3616 2219 3672 Montes
2239 3655 2254 3681 ,
2289 3613 2588 3668 exsultastis
2617 3619 2671 3667 ut
2700 3613 2884 3667 arietes
2903 3657 2915 3678 ,
2944 3619 2995 3666 et
3035 3608 3196 3665 colles
3241 3608 3372 3663 sicut
3413 3606 3537 3677 agni

1940 3711 2132 3764 ovium.
2164 3707 2438 3776 Repetitio
2465 3716 2571 3761 est.

2014 3805 2054 3857 Α
2092 3805 2226 3875 facie
2257 3801 2467 3857 Domini
2492 3810 2628 3856 mota
2666 3810 2740 3855 est
2779 3809 2947 3864 terra,
2975 3815 3008 3853 a
3050 3797 3186 3869 facie
3215 3795 3311 3850 Dei
3344 3793 3535 3848 Iacob.

1942 3896 2208 3965 Exposuit
2234 3895 2335 3951 hoc
2357 3893 2624 3965 propheta
2652 3892 2760 3947 alio
2786 3893 2906 3946 loco
2928 3905 3053 3945 cum
3076 3888 3213 3943 dixit
3237 3905 3252 3945 :
3284 3886 3453 3953 Vidit,
3481 3897 3539 3941 et

1938 3999 2213 4046 commota
2232 3998 2317 4045 est
2341 3999 2483 4044 terra
2505 3985 2674 4057 (Psal.
2702 3984 2871 4054 Lais).
2891 3984 2955 4039 Et
2980 3993 3099 4052 post
3125 3981 3404 4051 paululum
3423 3980 3499 4034 ait
3518 3997 3532 4034 :

1941 4085 1987 4141 A
2016 4085 2152 4155 facie
2178 4081 2413 4149 Domini,
2436 4092 2492 4137 et
2524 4081 2751 4149 reliqua.
2780 4076 2928 4132 Mota
2951 4084 3025 4131 est
3055 4084 3213 4143 terra,
3244 4076 3351 4129 hoc
3371 4082 3477 4141 est,
3501 4088 3535 4128 tt

1938 4178 2234 4250 prtesentia
2292 4173 2408 4242 Dei,
2461 4172 2590 4243 quia
2628 4170 2775 4226 Deus
2813 4172 2865 4224 in
2917 4168 3033 4222 suis
3084 4164 3538 4237 prtedicatoribus

1939 4281 2078 4330 erat.
2100 4271 2241 4327 Mota
2268 4264 2367 4326 fuit
2388 4267 2662 4340 gentilitas
2689 4282 2704 4327 ;
2734 4282 2767 4319 a
2796 4265 2931 4336 facie
2977 4261 3070 4319 Dei
3095 4259 3259 4316 Iacob
3282 4302 3300 4328 ,
3330 4258 3384 4315 id
3407 4269 3494 4314 est
3515 4297 3535 4326 ,

1942 4383 1969 4420 a
2000 4365 2290 4435 prtesetttia
2324 4362 2467 4419 illius
2496 4376 2659 4432 quem
2691 4359 2935 4415 adoravit
2964 4355 3155 4416 Iacob.
3244 4356 3298 4393 δ’

2016 4458 2118 4522 Qui
2165 4455 2413 4510 conuertit
2461 4463 2659 4527 petram
2709 4453 2764 4505 in
2804 4459 2989 4520 stagna
3019 4464 3297 4519 aquarum.
3352 4446 3535 4512 Petra,

1939 4549 2215 4614 Christus,
2245 4556 2304 4603 et
2330 4545 2630 4601 secundum
2666 4542 2973 4608 historiam,
3004 4540 3073 4596 de
3102 4553 3251 4608 petra
3283 4536 3541 4594 exierunt

237 4644 329 4691 tus
352 4635 450 4692 luit
475 4636 834 4693 sanctiﬁcatio
864 4638 977 4695 Dei.
1008 4639 1115 4703 Sed
1140 4641 1349 4706 Iudaea,
1381 4619 1837 4712 confessioiinter-
1872 4619 1918 4680 ί)
1943 4640 2163 4695 flumina
2192 4635 2399 4707 (Exod.
2425 4635 2591 4699 xvii).
2623 4632 2928 4703 Antequam
2958 4631 3211 4686 Christus
3240 4629 3450 4685 veniret
3479 4627 3536 4683 in

240 4737 507 4800 pretatur,
536 4730 589 4786 id
629 4739 736 4799 est,
782 4733 832 4787 in
864 4731 975 4787 illis
1001 4733 1093 4803 qui
1117 4734 1447 4789 conﬁtentur
1470 4733 1631 4789 ﬁdem
1659 4734 1835 4789 Trini-

240 4818 390 4889 tatis,
418 4829 475 4878 et
498 4821 718 4878 veniunt
745 4823 812 4879 ad
839 4822 1186 4895 baptismum,
1220 4826 1311 4881 ubi
1349 4834 1434 4882 est
1478 4825 1838 4882 sanctiﬁcatio

244 4914 365 4970 Dei.
420 4913 593 4971 Israel
639 4926 865 4988 potestas
910 4919 1044 4990 ejus.
1087 4918 1154 4973 Et
1197 4927 1434 4986 potestas
1483 4918 1578 4973 Dei
1625 4928 1728 4985 est,
1778 4926 1840 4975 ut

240 5005 413 5063 Israel
439 5022 565 5064 esse
594 5022 924 5074 mereantur,
958 5009 1009 5065 id
1040 5020 1146 5077 est,
1175 5010 1368 5065 anima:
1402 5009 1645 5066 videntes
1669 5011 1836 5067 Deum

245 5115 523 5157 vocemur.
555 5099 723 5157 Israel
753 5102 998 5171 regnavit
1021 5104 1075 5157 itt
1106 5117 1192 5157 ea.

318 5193 467 5251 Mare
509 5194 639 5251 vidit
689 5203 737 5250 et
776 5196 926 5267 fugit.
975 5194 1124 5251 Mare
1162 5196 1289 5250 vidit
1326 5204 1373 5250 et
1419 5196 1575 5267 fugit,
1625 5196 1844 5266 quando

244 5286 460 5362 Moyses
482 5302 609 5343 cum
643 5288 842 5356 populo
870 5302 970 5343 suo
1011 5287 1157 5344 venit
1210 5287 1412 5360 (Exod.
1440 5292 1573 5355 stv).
1608 5288 1674 5343 Et
1710 5303 1845 5359 quo-

244 5379 408 5434 modo
438 5377 610 5436 vidit?
643 5377 699 5435 Id
739 5386 847 5443 est,
878 5379 1143 5436 intellexit
1172 5380 1514 5435 voluntatem
1547 5379 1845 5453 Creatoris,

243 5485 299 5530 et
320 5474 551 5531 donavit
586 5473 767 5529 locum
801 5460 882 5528 illi
922 5475 1141 5544 populo.
1167 5474 1363 5541 Aliter,
1397 5473 1692 5531 secundum
1721 5488 1848 5531 sen-

242 5585 399 5624 sum:
434 5568 608 5633 IIare,
640 5565 939 5637 gentilitas,
987 5567 1121 5622 vidit
1164 5576 1387 5623 sanctos
1436 5566 1849 5637 prmdicatores,

1943 4746 2188 4797 carnem,
2214 4745 2320 4782 ttott
2352 4731 2653 4795 eruperant
2678 4722 2859 4777 adhuc
2884 4729 3049 4777 tanta:
3075 4733 3263 4788 aqum,
3294 4715 3403 4771 hoc
3431 4723 3538 4779 est,

1945 4832 2095 4878 tanta
2123 4820 2380 4875 doctrina
2412 4835 2424 4871 :
2454 4816 2654 4871 Postea
2684 4814 2935 4868 exierunt
2963 4810 3033 4865 de
3060 4808 3277 4864 Christo
3305 4817 3539 4877 quatuor

1944 4914 2205 4977 ﬁumina,
2248 4919 2482 4981 quatuor
2510 4904 2842 4975 Evangelia,
2877 4903 3321 4975 et.irrigaverunt
3365 4907 3539 4955 totum

1947 5006 2233 5064 mundum.
2259 5001 2326 5056 Et
2349 5017 2530 5074 rupem
2552 5000 2606 5054 in
2636 5001 2801 5070 fontes
2824 5011 3097 5067 aquarum.
3132 4993 3404 5065 Repetitio
3434 4999 3537 5048 est.

1951 5102 2134 5171 Rupes
2164 5104 2321 5161 sunt,
2370 5093 2462 5165 qui
2492 5101 2550 5149 et
2587 5100 2766 5161 petra.
2808 5088 3003 5154 Petra,
3046 5078 3247 5142 dicitur
3278 5086 3447 5156 rupis.
3482 5084 3549 5139 Et

1936 5172 2134 5263 rupem
2166 5191 2217 5242 in
2242 5191 2412 5259 fontes
2439 5198 2710 5253 aquarum.
2738 5177 2997 5235 Doctrina
3024 5176 3190 5233 multa
3216 5174 3285 5231 dc
3303 5173 3545 5231 Christo.

1955 5286 2104 5340 Mare
2144 5280 2413 5344 Rubrum,
2448 5274 2589 5345 quod
2638 5273 2763 5330 ideo
2805 5272 3005 5328 dicitur
3042 5290 3053 5325 :
3088 5269 3210 5340 quia
3241 5271 3383 5325 sit-ut
3418 5282 3549 5326 san-

1955 5377 2074 5449 guis
2095 5383 2214 5430 erat
2237 5372 2325 5427 illa
2358 5384 2498 5438 aqua
2523 5366 2719 5433 maris,
2762 5381 2881 5436 qua:
2903 5362 3166 5435 ﬁgurabat
3193 5362 3545 5432 baptismum.

2032 5469 2154 5524 Non
2186 5466 2328 5522 nobis
2354 5506 2368 5530 ,
2402 5462 2654 5529 Domine,
2683 5477 2787 5515 non
2815 5459 2992 5526 nobis;
3021 5458 3112 5513 sed
3141 5457 3341 5512 nomini
3366 5464 3453 5512 tuo
3479 5457 3549 5510 da

1959 5562 2198 5637 gloriam.
2225 5561 2419 5615 Dicunt
2439 5557 2515 5613 illi
2548 5555 2673 5611 boni
2705 5552 2879 5611 Iudaei
2911 5570 2924 5606 :
2963 5552 3080 5607 Non
3113 5561 3357 5607 nostrum
3385 5553 3551 5606 mert-

242 5664 704 5735 supplantatores
732 5659 1034 5726 'vitiorum,
1067 5670 1122 5715 et
1168 5660 1362 5714 anima:
1393 5658 1641 5715 videntes
1686 5658 1855 5714 Deum
1961 5664 2074 5709 tum
2104 5666 2202 5707 nos
2223 5651 2500 5718 liberauit,
2532 5649 2627 5706 sed
2649 5658 2737 5703 tua
2770 5654 3011 5718 potestas
3044 5663 3056 5698 :
3086 5655 3148 5699 ut
3166 5657 3369 5700 nomen
3400 5652 3550 5699 tuum

239 5756 528 5829 fugerunt,
566 5751 619 5807 id
658 5758 763 5819 est,
796 5765 905 5809 non
940 5759 1235 5821 potuerunt
1275 5750 1534 5807 resistere
1572 5749 1853 5821 apostolis,
1961 5749 2307 5822 gloriﬁcetur
2337 5749 2395 5803 iu
2437 5746 2691 5802 omnibus
2731 5743 3008 5817 gentibus.
3042 5741 3140 5800 Vel
3170 5741 3560 5814 prmdlcatores

240 5854 367 5924 quia
401 5848 556 5906 Deus
581 5844 640 5903 in
671 5842 778 5901 illis
801 5856 941 5903 erat.
976 5842 1226 5903 Iordanis
1250 5859 1525 5902 conversus
1559 5854 1634 5900 est
1662 5853 1859 5902 retror-

1968 5844 2093 5901 novi
2143 5839 2483 5900 Testameuti
2526 5836 2780 5897 similiter
2824 5834 3029 5895 dicunt.
3078 5834 3310 5906 Quando
3358 5834 3566 5894 faciunt
