3992 6306
527 308 676 365 H75

1321 304 1665 361 APPENDIX
1706 305 1798 360 AD
1836 304 2077 362 TOMUII
2121 305 2474 364 SEPTIMUM
2515 308 2572 366 S.
2617 308 3023 366 IIIEIIONYSII.

3715 307 3864 362 1176

524 424 788 489 virtutes,
812 421 954 476 Deus
987 434 1081 490 per
1108 417 1232 473 illos
1255 416 1384 472 facit
1414 435 1427 471 :
1462 427 1518 471 ut
1549 431 1744 473 nomen
1777 417 1923 473 illius
1951 417 2119 489 glori-
2149 419 2195 480 Α
2227 433 2337 485 ras,
2373 420 2457 475 vel
2499 435 2598 490 per
2623 421 2862 493 syllabas
2889 416 3398 490 comprehendere,
3433 419 3728 490 quomodo
3759 434 3859 470 vo-

528 518 760 583 ﬁcetur,
793 525 850 570 et
876 513 1129 568 laudetur
1151 527 1249 581 per
1281 511 1480 582 ipsum.

601 611 772 683 Super
804 607 1163 662 misericordia
1199 615 1288 660 tua
1317 616 1365 659 et
1393 605 1602 660 veritate
1634 617 1744 661 tua.
1776 606 1890 662 Tua
1921 607 2129 662 miseri-

528 704 736 773 cordia,
785 713 839 756 et
877 710 966 755 tua
997 700 1200 754 veritas
1242 699 1344 754 hoc
1383 698 1528 753 facit.
1584 698 1664 753 Ne
1703 701 1914 772 quando
1953 701 2129 756 dicant

533 807 738 870 gentes,
777 793 876 850 Ubi
901 803 974 848 est
1008 791 1146 847 Deus
1174 794 1397 846 eorum?
1437 791 1669 862 Propter
1697 793 1799 846 hoc
1831 793 1958 848 facit
1989 793 2131 848 Deus

529 891 632 944 ista
669 885 974 950 mirabilia,
1009 897 1066 940 ut
1099 901 1208 940 non
1251 885 1436 940 dicant
1462 894 1686 956 gentes,
1715 885 1865 956 quod
1903 900 2010 939 non
2039 900 2134 954 po-

525 981 720 1034 tuisset
753 979 894 1034 Deus
923 978 1044 1034 illos
1085 978 1318 1032 salvarc.
1352 977 1452 1033 Vel
1496 977 1657 1032 modo
1689 978 1740 1032 in
1775 992 1915 1031 novo
1942 977 2135 1032 Testa—

528 1081 720 1128 mento
744 1071 994 1126 similiter
1018 1070 1141 1124 facit
1176 1071 1227 1125 in
1257 1071 1459 1125 sanctis
1482 1069 1612 1124 suis.

602 1161 743 1218 Deus
786 1174 958 1216 autem
999 1171 1168 1216 noster
1194 1161 1247 1216 iu
1279 1163 1403 1216 caelo
1431 1179 1448 1216 :
1479 1163 1652 1216 omnia
1680 1179 2014 1233 qumcumque
2043 1177 2134 1216 vo-

529 1255 649 1319 luit,
677 1256 817 1325 fecit.
842 1254 988 1308 Deus
1009 1255 1061 1308 iu
1080 1254 1221 1310 (mlo
1243 1269 1479 1309 sursum.
1503 1255 1694 1310 Dicunt
1723 1255 1894 1309 sancti
1917 1255 1982 1308 ad
2013 1255 2137 1311 illos

530 1347 797 1412 inﬁdeles,
829 1347 920 1418 qui
954 1347 1098 1402 idola
1131 1347 1398 1402 adorant:
1437 1346 1544 1402 \‘os
1577 1359 1787 1403 vestros
1817 1347 1949 1402 deus
1975 1363 2136 1402 manu

528 1440 788 1512 tzangitis,
828 1451 883 1496 et
927 1441 1097 1497 oculis
1139 1441 1469 1498 animalibus
1508 1443 1768 1509 cernitis,
1811 1443 1903 1497 sed
1954 1453 2139 1498 noster

530 1536 675 1591 Deus
699 1537 750 1590 in
781 1535 922 1591 coelo
949 1547 1030 1591 est
1056 1551 1296 1590 sursum.
1328 1536 1384 1590 In
1417 1537 1558 1592 caalo
1587 1546 1641 1591 et
1673 1537 1723 1590 iu
1755 1546 1920 1603 terra,
1963 1537 2136 1592 omnia

528 1645 864 1698 quwcumque
895 1628 1084 1695 voluit,
1122 1629 1262 1700 fecit.
1297 1627 1352 1682 In
1400 1628 1484 1682 bis
1525 1629 1618 1699 qui
1657 1629 1937 1684 caelestem
1971 1631 2137 1684 vitam

531 1733 730 1793 agunt,
772 1733 824 1778 et
855 1723 1031 1778 adhuc
1077 1735 1288 1780 terrena
1319 1739 1483 1781 carne
1512 1724 1856 1792 clauduntur,
1891 1725 2140 1795 implevit

535 1817 844 1871 voluntates
876 1831 1024 1872 suas.

607 1909 904 1965 Simulacra
932 1911 1159 1982 gentium
1199 1922 1473 1984 argentum
1501 1921 1548 1966 ct
1587 1930 1808 1982 aurum,
1844 1930 1998 1986 Opera
2029 1931 2138 1968 ma-

531 2020 694 2056 mmm
717 2003 1002 2058 hominum.
1027 2005 1153 2060 Ideo
1183 2004 1384 2061 dicitur
1406 2005 1782 2075 simulacrum,
1814 2008 1939 2077 quia
1971 2007 2038 2061 ad
2066 2007 2138 2063 si-

533 2095 895 2150 militudiuem
924 2097 1158 2167 alicujus
1189 2097 1422 2153 hominis
1447 2099 1666 2164 mortui,
1697 2099 1896 2154 factum
1925 2101 2015 2154 sit.
2041 2099 2138 2153 Ar-

531 2201 741 2260 gentum
765 2199 812 2243 et
843 2206 1050 2243 aurum.
1077 2191 1256 2258 Quare
1279 2207 1388 2245 non
1413 2191 1565 2253 dixit,
1589 2191 1822 2261 lapidea,
1852 2201 1946 2245 attt
1968 2208 2134 2260 :rrea,

535 2283 631 2337 sed
662 2282 872 2348 ﬁctilia,
907 2295 1001 2337 aut.
1033 2285 1239 2353 lignea;
1275 2285 1369 2340 sed
1400 2294 1653 2354 argentea
1683 2296 1737 2338 et
1766 2285 1965 2339 aurea?
2003 2285 2137 2352 Quia

531 2374 873 2446 praesidebat
911 2375 1146 2446 Spiritus
1187 2387 1412 2431 sanctus
1447 2394 1459 2431 :
1491 2377 1746 2448 quoniam
1787 2393 1908 2432 cum
1943 2377 2140 2433 exinde

529 2467 796 2538 increpati
825 2477 1047 2535 essent,
1079 2469 1238 2539 quale
1267 2484 1590 2540 responsum
1633 2468 1847 2525 darent.
1888 2469 2013 2526 Ideo
2043 2485 2140 2542 po-

534 2561 646 2615 suit
695 2575 886 2614 aurum
929 2571 980 2616 et
1030 2570 1349 2631 argentum,
1403 2563 1531 2632 quia
1571 2563 1816 2618 dicerent
1868 2564 1942 2619 illi
1978 2583 1987 2616 :
2022 2564 2138 2620 Non

535 2654 742 2720 adoro,
775 2670 876 2711 nec
912 2655 1153 2726 ligneum
1208 2657 1373 2710 Deum
1395 2700 1409 2724 ,
1462 2672 1561 2711 nec
1591 2655 1899 2726 lapideum,
1936 2671 2037 2712 nec
2067 2672 2142 2710 m-

535 2762 726 2813 reum;
761 2748 854 2803 scd
898 2748 1066 2804 Deum
1108 2764 1334 2804 aureum
1375 2758 1430 2804 et
1460 2759 1800 2821 argenteum.
1830 2750 1976 2805 Dicis
2012 2750 2088 2804 illi
2123 2766 2135 2804 :

533 2841 591 2898 Si
625 2857 816 2896 aurum
839 2852 893 2897 et
919 2853 1204 2914 argentum
1234 2844 1522 2900 adorasses
1545 2890 1558 2915 ,
1588 2859 1694 2900 non
1719 2854 1865 2900 esset
1906 2844 2027 2899 talis
2049 2860 2140 2899 er-

534 2949 652 2989 ror.
687 2933 755 2989 Et
784 2933 974 2991 dicunt
1015 2936 1090 2991 illi
1123 2953 1135 2989 :
1166 2935 1284 2991 Non
1326 2936 1618 2992 adoramus
1643 2952 1866 3004 aurum,
1905 2951 2007 2990 nec
2051 2951 2139 2991 ar-

539 3037 786 3096 gentum.
827 3029 924 3085 Ille
968 3029 1293 3101 respondit:
1326 3029 1446 3086 Non
1497 3047 1689 3086 aurum
1721 3040 1776 3086 et
1816 3038 2134 3102 argentum,

537 3119 635 3175 sed
667 3121 833 3176 Deum
876 3137 1052 3178 meum
1090 3123 1282 3178 adoro.
1317 3123 1448 3191 Quae
1479 3132 1561 3179 est
1585 3127 1686 3179 ista
1722 3123 1931 3194 imago,
1964 3132 2018 3177 et
2043 3123 2135 3176 illa

2228 526 2347 567 cem
2389 511 2624 569 hominis
2655 513 3104 586 comprclteudis.

2302 608 2512 665 Similes
2534 609 2643 665 illis
2665 611 2794 680 ﬁant
2825 612 2916 681 qui
2943 611 3144 681 faciunt
3167 626 3245 675 ea,
3275 618 3322 663 et
3353 626 3532 665 omnes
3561 609 3656 673 qui
3687 609 3862 678 con/i-

2229 699 2358 754 duut
2388 700 2439 753 in
2466 702 2562 755 eis.
2589 699 2821 765 Similes,
2853 703 2956 755 hoc
2978 710 3082 764 est,
3119 700 3162 754 si
3188 700 3377 754 oculos
3411 717 3518 754 non
3553 701 3858 766 emendat,

2231 793 2354 864 quia
2387 793 2518 847 vidit
2549 794 2678 849 illttd
2723 810 2950 860 aurum,
2994 794 3141 847 illam
3182 794 3498 864 imaginem.
3538 793 3651 850 Sed
3699 804 3762 849 et
3803 795 3859 849 iu

2231 887 2414 942 anima
2443 887 2637 942 similis
2665 887 2922 953 efﬁcitur,
2952 888 3078 942 dum
3121 903 3229 941 non
3257 887 3548 952 emendat,
3588 889 3715 956 quia
3755 903 3858 944 nec

2232 980 2401 1046 videt,
2433 997 2536 1037 nec
2566 981 2858 1051 intelligit,
2889 997 2992 1036 nec
3023 981 3284 1037 discernit
3305 1027 3318 1050 ,
3351 982 3478 1036 dum
3511 983 3636 1050 plus
3668 983 3855 1037 errori

2233 1073 2430 1128 credit.
2464 1073 2590 1129 Ideo
2617 1074 2815 1128 similis
2839 1073 3059 1129 dicitur.
3082 1072 3146 1128 Et
3167 1090 3342 1128 omnes
3371 1073 3462 1144 qui
3487 1074 3774 1143 confidunt
3799 1076 3856 1128 in

2235 1166 2328 1220 eis.
2361 1165 2476 1220 Non
2501 1167 2675 1220 solum
2707 1168 2797 1237 qui
2831 1166 3036 1220 faciunt
3056 1209 3070 1234 ,
3101 1167 3194 1221 sed
3224 1167 3390 1222 etiam
3413 1167 3506 1236 qui
3535 1165 3847 1222 conﬁdunt.

2307 1258 2508 1313 Domus
2549 1259 2722 1314 Israel
2753 1262 2976 1332 speravit
3020 1263 3074 1315 in
3119 1261 3366 1318 Domino.
3399 1258 3604 1315 Domus
3638 1258 3847 1328 Israel,

2236 1351 2522 1406 duodecim
2556 1353 2729 1408 tribus
2750 1354 2942 1410 Israel.
2978 1353 3184 1423 Aaron,
3220 1355 3390 1409 tribus
3419 1354 3549 1410 Levi
3581 1372 3689 1410 non
3716 1371 3846 1426 spe-

2236 1445 2409 1498 ravit?
2451 1443 2567 1499 Non
2611 1447 2853 1515 Speravit
2893 1446 2946 1501 in
2985 1447 3125 1502 tales
3164 1448 3296 1502 deos
3343 1457 3622 1514 mortuos,
3654 1449 3750 1504 sed
3793 1450 3846 1505 in

2237 1539 2487 1594 Domino.
2517 1538 2714 1594 Domus
2745 1540 2943 1605 Israel,
2969 1543 3275 1597 animarum
3313 1543 3512 1599 domus
3540 1544 3845 1600 videntium

2237 1629 2408 1684 Deum
2437 1631 2488 1685 iu
2529 1631 2760 1687 Domino
2804 1644 3049 1703 sperant.
3087 1634 3151 1688 Et
3181 1637 3406 1699 Aaron,
3445 1651 3608 1690 muns
3633 1636 3848 1690 fortitu-

2239 1721 2407 1787 dinis,
2435 1723 2487 1777 id
2535 1735 2650 1788 e5t,
2691 1725 2782 1794 qui
2822 1725 2988 1781 fortes
3025 1726 3208 1781 ct-alti
3243 1737 3372 1782 sunt
3417 1727 3472 1782 in
3507 1727 3744 1797 merito,
3792 1730 3844 1783 iu

2119 1805 2124 1812 ’
2167 1793 2215 1854 Β
2243 1814 2472 1868 Domino
2505 1793 2751 1884 Speraui.
2786 1817 3013 1891 Adjutor
3043 1831 3089 1874 et
3114 1829 3374 1891 protector
3402 1837 3580 1874 eorum
3623 1833 3717 1874 est.
3767 1821 3846 1876 Illi

2241 1906 2316 1960 dii
2351 1922 2456 1961 non
2491 1917 2742 1978 prosunt,
2770 1910 3073 1963 secundum
3105 1910 3359 1966 Ieremizn
3391 1911 3597 1966 dictum
3629 1931 3641 1966 ε
3673 1913 3850 1967 bomi-

2243 2014 2366 2053 nem
2393 2014 2498 2053 non
2524 1999 2757 2054 liberant
2784 2001 2852 2055 de
2878 2001 3025 2056 bello
3049 2045 3064 2068 ,
3098 2018 3280 2074 regem
3320 2019 3430 2057 non
3477 2007 3842 2072 constituunt,

2242 2089 2334 2144 sed
2366 2091 2468 2145 iste
2495 2093 2616 2146 illos
2638 2091 2901 2156 defendit,
2924 2102 2980 2148 et
3005 2095 3262 2166 protegit,
3280 2096 3580 2150 secundum
3607 2095 3847 2154 Danirlis

2242 2181 2443 2238 dictum
2473 2182 2638 2255 (Dan.
2669 2201 2702 2238 u
2731 2195 2778 2238 et
2811 2188 2917 2255 in),
2950 2202 3084 2242 vere
3111 2189 3228 2258 ipse
3251 2199 3335 2243 est
3370 2189 3510 2244 Deus
3535 2206 3724 2244 eorum
3749 2232 3764 2253 ,
3794 2202 3846 2245 et

2244 2275 2362 2345 ipse
2392 2285 2563 2330 mutat
2592 2289 2868 2348 tempora,
2895 2289 2950 2334 et
2982 2289 3202 2335 amovet.
3233 2296 3418 2351 reges,
3448 2292 3501 2336 et
3538 2284 3843 2337 constituit.

2314 2368 2515 2424 Domus
2546 2371 2720 2426 Aaron
2757 2374 2984 2442 speravit
3012 2373 3065 2426 in
3102 2372 3328 2429 Domino
3359 2392 3381 2430 ,ο
3409 2376 3626 2448 adjutor
3669 2393 3845 2430 eorum

2241 2470 2288 2516 et
2307 2472 2568 2532 protector
2595 2480 2770 2518 eorum
2799 2474 2894 2520 est.
2932 2465 3034 2534 Qui
3059 2469 3234 2521 timent
3270 2467 3578 2534 Dontinum,
3602 2485 3846 2537 sperare-

2241 2563 2363 2607 runt
2409 2556 2462 2608 in
2519 2554 2760 2611 Domino.
2808 2556 3063 2628 Exceptis
3116 2560 3267 2627 istis,
3324 2560 3522 2615 domus
3555 2561 3751 2626 Israel,
3792 2571 3848 2618 ct

2241 2644 2457 2712 Aaron,
2492 2661 2680 2703 omnes
2717 2648 2805 2718 qui
2841 2648 2997 2703 illum
3037 2650 3234 2705 timent
3263 2660 3317 2705 et
3357 2659 3575 2718 amant,
3613 2655 3847 2723 protegit

2244 2734 2369 2790 illos
2397 2748 2451 2793 et
2487 2737 2754 2794 defendit.

2314 2829 2572 2886 Dominus
2594 2850 2789 2888 ntentor
2814 2836 2915 2904 fuit
2940 2837 3136 2900 nostri,
3174 2846 3222 2890 et
3250 2837 3513 2891 benedixit
3537 2838 3701 2892 nobis.
3735 2838 3845 2894 He-

2243 2937 2362 2978 mor
2389 2924 2780 2994 fuit,quonia'm
2812 2927 3059 2984 liberavit
3088 2928 3229 2983 ﬁlios
3254 2928 3442 2985 Israel.
3468 2931 3530 2984 Et
3562 2946 3685 2994 nos,
3711 2948 3844 3001 qun-

2244 3014 2390 3071 niam
2439 3019 2582 3088 quod
2616 3021 2898 3090 promisit,
2941 3023 3184 3091 implevit
3223 3038 3412 3093 opere.
3468 3023 3609 3080 Misit
3646 3024 3841 3080 Filium

2243 3124 2436 3177 suum,
2478 3111 2567 3180 qui
2612 3127 2832 3168 carnem
2875 3114 3148 3186 suscepit,
3188 3123 3245 3169 et
3280 3130 3380 3170 nos
3417 3115 3694 3172 liberavit.
3730 3118 3842 3174 Iloc

538 3220 782 3281 potestas
810 3229 929 3284 qua:
961 3215 1012 3268 in
1043 3214 1157 3285 ipsa
1183 3217 1302 3270 est?
1326 3185 1470 3270 Dicis
1493 3215 1568 3270 illi
1598 3233 1608 3267 :
1647 3185 1902 3270 Diabolus
1925 3216 1995 3270 ibi
2028 3223 2132 3270 est.
2163 3185 2206 3248 (ί
2240 3204 2363 3262 dico
2384 3247 2399 3274 ν
2431 3208 2597 3263 “cum
2631 3224 2958 3266 meliloml‘c-
2993 3210 3059 3264 El
3089 3211 3349 3266 δεηεάίπῑι
3381 3212 3529 3267 ηοωε
3551 3254 3565 3278 ν
3601 3213 3703 3268 hoc
3735 3222 3840 3280 05'.

534 3305 630 3362 Ille
660 3306 792 3362 dicit
826 3327 837 3360 :
870 3308 1050 3364 Absit.
1077 3308 1194 3363 Non
1223 3309 1350 3363 volo
1387 3309 1665 3364 diabolum
1699 3310 1949 3365 adorare.
1990 3309 2136 3378 Quo-

538 3398 706 3452 modo
736 3414 842 3453 non
869 3399 1065 3454 adoras
1100 3400 1410 3469 diabolum,
1437 3403 1565 3470 quia
1604 3401 1657 3455 in
1693 3401 1798 3456 alio
1823 3401 2029 3470 psalmo
2062 3401 2137 3456 le-

538 3492 716 3561 gimus
748 3509 760 3543 :
791 3491 995 3546 Omnes
1036 3493 1112 3547 dii
1147 3495 1391 3564 gentium
1439 3493 1707 3549 daemonia
1737 3493 1756 3566 (
1786 3493 1931 3549 Psal.
1963 3493 2136 3566 xcv)?

541 3583 684 3638 Dicit
713 3583 806 3638 ille
854 3603 864 3636 :
910 3583 1020 3640 Nec
1050 3584 1153 3640 hoc
1177 3586 1368 3641 adoro.
1399 3586 1536 3655 Quid
1579 3602 1712 3658 ergo
1757 3586 1989 3642 adoras?
2021 3587 2136 3655 Ego

541 3675 747 3745 solem,
783 3675 1003 3744 lunam,
1039 3677 1226 3732 stellas
1259 3677 1446 3733 adoro.
1482 3679 1576 3733 Isti
1613 3688 1741 3733 sunt
1781 3681 1885 3734 mei
1919 3682 2023 3745 dii,
2057 3680 2133 3734 illi

539 3780 629 3821 me
658 3766 894 3823 salvant.
931 3766 1074 3822 Dicis
1109 3767 1184 3821 illi
1217 3785 1231 3833 ;
1264 3768 1316 3824 Si
1362 3770 1442 3823 sol
1475 3781 1560 3824 est
1601 3776 1725 3823 tuus
1761 3769 1934 3836 Deus,
1965 3785 2135 3840 quare

539 3874 649 3931 non
677 3874 899 3930 semper
927 3860 1020 3916 tibi
1046 3860 1233 3917 lueet?
1265 3859 1405 3917 Dicis
1432 3862 1500 3918 ad
1529 3863 1760 3918 alterum
1779 3907 1792 3928 ,
1827 3865 1916 3935 qui
1949 3864 2130 3919 lunam

535 3950 758 4017 adorat,
781 3951 866 4007 vel
889 3952 976 4007 isti
1001 3954 1092 4024 qui
1119 3955 1288 4010 solem
1312 3956 1505 4011 adorat
1530 3974 1545 4012 :
1570 3956 1663 4012 Sol
1686 3957 1896 4027 integer
1921 3968 2024 4013 est.
2051 3958 2130 4012 'I‘u

537 4044 723 4100 lunam
757 4045 972 4114 adoras,
1004 4063 1173 4118 quare
1201 4049 1403 4105 crescit
1431 4059 1485 4105 et
1519 4047 1788 4106 decrescit
1821 4061 1940 4105 tuus
1964 4053 2128 4121 Deus,

535 4137 685 4193 etde
712 4148 874 4194 nocte
907 4138 1090 4195 lucet?
1127 4145 1307 4208 Quare
1346 4157 1452 4197 non
1486 4158 1708 4213 semper
1735 4144 1827 4198 tibi
1858 4146 2038 4200 lucet?
2069 4147 2133 4200 Et

531 4231 588 4286 in
634 4245 781 4286 mare
811 4231 1031 4303 quando
1059 4235 1326 4302 mergeris
1350 4275 1364 4298 ,
1396 4243 1483 4288 tua
1516 4236 1640 4289 luna
1667 4276 1680 4299 ,
1714 4245 1768 4291 et
1806 4245 1914 4291 tua:
1954 4237 2130 4292 stella:

535 4339 634 4378 cur
665 4333 716 4380 te
746 4338 851 4379 non
880 4325 1137 4391 liberant,
1164 4337 1217 4382 et
1240 4340 1408 4396 super
1435 4328 1529 4383 tibi
1559 4329 1734 4384 lucem
1762 4329 1926 4384 dant?
1952 4330 2129 4398 Quare

532 4414 694 4470 addit
724 4433 736 4469 :
770 4431 930 4488 Opera
950 4434 1197 4472 manuunt
1217 4419 1507 4488 hominum,
1529 4429 1803 4491 argentum
1825 4431 1873 4476 et
1901 4427 2130 4478 aur-um?

534 4507 615 4562 De
648 4516 792 4562 terra
825 4507 1029 4563 fodiunt
1076 4510 1204 4564 illud
1236 4509 1516 4580 homines,
1554 4522 1609 4567 et
1639 4513 1826 4569 colunt
1864 4512 2047 4581 illud,
2073 4526 2128 4572 ct

532 4598 816 4665 colorant,
841 4609 895 4655 et
926 4600 1006 4656 sic
1037 4601 1222 4657 evenit
1253 4601 1565 4672 pulchrum.
1608 4603 1751 4674 Ergo
1779 4605 1849 4662 de
1877 4608 1983 4661 tuis
2011 4622 2124 4661 ma-

528 4695 691 4750 nibus
719 4695 853 4750 facis
884 4695 1051 4751 Deum
1085 4705 1235 4751 tuum
1267 4713 1427 4768 quem
1459 4698 1674 4755 adoras.
1707 4697 1809 4756 ISta
1837 4701 1903 4756 ad
1945 4701 2123 4757 revin-

523 4784 756 4840 cendum
791 4785 963 4843 tnalos
1000 4787 1141 4842 dicta
1174 4797 1322 4844 sunt.

601 4886 794 4942 Oculos
826 4887 1048 4955 habent,
1082 4898 1131 4944 et
1163 4907 1266 4944 non
1300 4891 1542 4946 ridebunt
1569 4909 1590 4948 :
1617 4908 1771 4948 aures
1804 4893 2023 4960 habent,
2071 4905 2119 4950 et

519 5006 624 5045 non
653 4990 866 5046 audient
896 5009 914 5046 :
945 5008 1095 5047 nares
1123 4993 1334 5061 habent,
1367 5003 1416 5048 et
1449 5011 1551 5050 non
1573 4995 1890 5050 odorabunt.
1921 4996 2116 5051 Manus

518 5089 743 5157 habent,
775 5101 821 5146 et
847 5108 949 5147 non
989 5095 1277 5165 palpabunt
1310 5111 1330 5149 :
1358 5095 1512 5165 pedes
1536 5095 1760 5161 habent,
1794 5107 1840 5151 et
1877 5115 2123 5168 nonam-

516 5195 768 5251 bulabunt
797 5213 813 5250 :
843 5213 946 5252 non
978 5196 1276 5252 clamabunt
1303 5199 1354 5251 iu
1394 5208 1600 5269 gutture
1623 5216 1738 5254 suo.
1770 5200 1954 5271 Neque
1982 5203 2116 5256 enim

513 5304 588 5351 est
608 5297 826 5367 spiritus
854 5298 908 5351 in
937 5313 1026 5351 ore
1052 5297 1306 5367 ipsorum.
1343 5283 1488 5353 Dicis
1519 5299 1595 5353 illi
1633 5316 1644 5352 :
1678 5299 1774 5355 Vel
1811 5300 1856 5355 si
1884 5301 2112 5356 bestiam

510 5398 832 5466 adorasses,
877 5398 1006 5455 licet
1035 5400 1240 5455 malum
1277 5409 1424 5467 erat,
1448 5401 1544 5461 sed
1590 5410 1769 5458 tamen
1798 5402 1885 5459 vel
1925 5403 2112 5460 oculos

502 5501 693 5566 habet,
725 5501 808 5556 vel
843 5500 1010 5570 pedes
1043 5518 1054 5553 :
1087 5501 1185 5557 sed
1217 5501 1360 5557 istud
1391 5503 1535 5574 quod
1565 5501 1788 5570 adoras,
1817 5520 1919 5559 nec
1941 5505 2107 5571 videt,

502 5615 613 5656 nec
651 5599 825 5656 audit.
867 5600 1048 5668 Quare
1083 5601 1238 5656 addit
1271 5617 1288 5658 :
1320 5601 1442 5657 Non
1482 5603 1780 5658 clamabunt
1817 5605 1871 5659 in
1899 5613 2107 5674 gutture

500 5702 637 5755 suo?
679 5700 814 5769 Quia
856 5701 1047 5758 bestiae
1087 5702 1326 5759 clamant
1365 5719 1532 5772 voce,
1581 5705 1678 5765 sed
1717 5705 1978 5763 confusus
2018 5720 2104 5767 est

491 5798 700 5854 clamor
721 5816 935 5858 eorum.
971 5802 1086 5859 Non
1115 5803 1377 5876 intelligis
1398 5845 1412 5871 ,
1439 5821 1618 5876 neque
1645 5818 1796 5877 petes
1823 5823 1923 5879 per
1945 5809 2094 5868 litte-

2241 3301 2389 3355 omni
2425 3299 2806 3358 benedictione
2833 3302 3122 3374 spirituali.

2313 3393 2584 3449 Benedixit
2624 3397 2803 3449 domui
2848 3396 3049 3463 Israel,
3105 3397 3363 3452 benedixit
3416 3395 3595 3450 domui
3641 3398 3834 3451 Aaron.

2238 3485 2510 3541 Benedixit
2538 3503 2713 3543 omnes
2744 3489 2975 3544 timentes
3007 3488 3313 3559 Dominum,
3347 3492 3551 3560 pusillis
3582 3507 3698 3545 cum
3723 3509 3840 3544 nta-

2231 3579 2457 3650 joribus.
2486 3578 2540 3633 ld
2567 3589 2681 3646 est,
2714 3580 2935 3636 altiores
2967 3582 3197 3648 merito,
3219 3590 3276 3636 et
3304 3582 3610 3638 interiores.

2309 3671 2541 3741 Adjiciat
2583 3671 2837 3726 Dominus
2881 3690 3036 3744 super
3073 3690 3182 3726 ros.
3233 3673 3382 3728 Alios
3427 3673 3831 3743 praedicatores.

2237 3761 2494 3818 Primitus
2532 3765 2688 3832 pauci
2721 3763 2975 3834 fuerunt,
3013 3775 3196 3836 postea
3227 3765 3381 3821 multi
3420 3765 3600 3823 ell‘ecti
3621 3778 3749 3822 sunt
3781 3769 3832 3824 in

2237 3855 2440 3910 mundo
2473 3857 2878 3926 praedicatores.

2305 3948 2566 4005 Benedicti
2596 3966 2682 4005 vos
2720 3967 2750 4004 a
2793 3949 3045 4019 Domino,
3079 3952 3170 4018 qui
3198 3953 3314 4023 fecit
3336 3952 3519 4007 calum
3545 3961 3593 4007 et
3619 3965 3826 4009 terram.

2235 4040 2498 4098 Benedicti
2552 4061 2571 4098 :
2619 4045 2721 4100 boc
2769 4055 2890 4112 est,
2932 4060 3031 4102 vos
3076 4048 3246 4103 sancti
3298 4047 3576 4104 benedicti
3621 4051 3754 4105 estis
3799 4067 3827 4103 a

2235 4134 2489 4190 Domino.

2304 4226 2498 4282 Caelum
2520 4229 2634 4284 τίτιὶ
2658 4228 2905 4299 Domino,
2935 4241 3124 4286 terram
3145 4242 3312 4287 autem
3335 4231 3477 4288 dedit
3499 4234 3627 4304 ﬁliis
3664 4235 3829 4288 homi-

2231 4338 2372 4375 num.
2411 4319 2605 4376 Crelum
2645 4325 2788 4389 creti,
2835 4325 2977 4380 sicut
3019 4326 3150 4381 dicit
3188 4327 3458 4382 canticum
3499 4329 3722 4398 psalmi,
3777 4339 3828 4382 et

2233 4415 2470 4484 psalmus
2494 4416 2717 4472 cantici.
2749 4417 2899 4473 Istud
2921 4419 3112 4474 coelum
3141 4419 3444 4490 subjectum
3477 4430 3564 4478 est
3592 4423 3668 4478 illi
3690 4425 3829 4478 caelo

2231 4509 2531 4578 superiori,
2576 4509 2667 4564 ubi
2705 4520 2791 4566 est
2824 4510 3262 4579 ﬁrmamentum,
3295 4524 3347 4569 et
3385 4514 3511 4570 inde
3543 4515 3709 4572 habet
3750 4516 3830 4570 lu-

2233 4617 2376 4657 men.
2411 4603 2479 4657 Et
2511 4612 2653 4659 terra
2677 4605 2871 4660 iterum
2889 4606 3130 4678 subjecta
3153 4618 3234 4662 est
3260 4607 3328 4661 ad
3353 4607 3486 4663 illttd
3515 4611 3711 4665 caelum
3736 4623 3826 4665 ae-

2229 4708 2381 4749 reum
2406 4695 2630 4751 :exinde
2651 4697 2812 4752 habet
2833 4697 3068 4768 pluviam
3089 4709 3144 4755 et
3164 4715 3380 4754 omnem
3411 4702 3824 4758 necessitatem.

2228 4784 2540 4842 Secundum
2585 4803 2804 4844 sensum
2826 4831 2842 4857 ,
2884 4790 3080 4846 cmlum
3121 4791 3286 4847 altius
3308 4836 3323 4861 ,
3354 4795 3527 4850 sancti
3557 4796 3823 4865 apostoli,

2227 4878 2317 4948 qui
2341 4877 2409 4932 ab
2431 4879 2550 4947 ipso
2570 4877 2788 4936 Christo
2809 4881 3096 4938 audierunt
3128 4884 3596 4954 praedicationem,
3625 4899 3678 4942 et
3705 4887 3825 4942 illu-

2227 4972 2578 5028 minatiouem
2625 4974 2864 5044 Spiritus
2901 4978 3074 5032 sancti
3117 4988 3482 5048 acceperunt,
3526 4988 3584 5035 et
3626 4981 3824 5037 exinde

2229 5063 2450 5122 fuerunt
2470 5066 2668 5123 edocti.
2697 5067 2906 5124 Caelum
2940 5069 3138 5125 iterum
3169 5086 3518 5129 successores
3544 5075 3822 5144 apostolo-

2224 5174 2345 5213 rum
2365 5200 2382 5227 ,
2414 5153 2610 5230 quibus
2640 5161 2714 5216 illi
2747 5162 3202 5231 praedicaverunt,
3230 5176 3284 5220 et
3315 5164 3579 5221 Dominus
3612 5167 3733 5222 illos
3765 5168 3820 5222 in

2221 5253 2398 5308 anima
2438 5254 2650 5310 illorum
2681 5254 3030 5310 illuminavit.
3057 5256 3273 5311 Terram
3303 5268 3474 5312 autent
3513 5261 3658 5314 dedit
3694 5261 3820 5330 ﬁliis

2217 5348 2506 5405 hominum.
2539 5349 2602 5404 lli
2625 5361 2749 5405 sunt
2775 5351 2852 5405 illi
2880 5352 3242 5420 simpliciores
3273 5353 3365 5424 qui
3399 5363 3612 5409 tantum
3639 5357 3822 5410 incar-

2219 5443 2495 5509 nationem
2527 5443 2787 5505 creduut,
2822 5445 2912 5514 qui
2956 5445 3039 5499 lac
3069 5445 3256 5509 edunt,
3289 5457 3345 5502 et
3375 5448 3693 5504 nutriuntur
3721 5465 3821 5520 per

2143 5593 2146 5595 _
2217 5535 2661 5604 prmdicationem
2687 5576 2700 5599 ,
2727 5543 2783 5591 et
2810 5535 2915 5605 ipsi
2947 5535 3040 5606 qui
3069 5539 3268 5592 terreni
3303 5549 3457 5593 erant
3484 5583 3499 5609 ,
3535 5541 3662 5597 cteli
3694 5541 3816 5598 elﬁ-

2210 5629 2448 5683 ciuntur.

2281 5720 2405 5774 Non
2432 5720 2623 5774 mortui
2653 5713 2938 5776 laudabunt
2963 5731 3030 5788 tc,
3062 5720 3306 5777 Domine.
3342 5723 3456 5779 Hoc
3485 5735 3590 5793 est,
3621 5741 3820 5797 pecca-

2205 5822 2376 5870 tores.
2409 5813 2669 5869 Peccator
2691 5813 2833 5869 enim
2861 5827 2982 5869 cum
3007 5816 3218 5870 venerit
3246 5816 3297 5871 in
3331 5815 3661 5886 profundum
3697 5837 3816 5876 ma-
