3992 6312
203 287 356 345 1177

1144 285 1578 348 BREVIARIUM
1618 290 1683 347 IN
1725 290 2059 349 PSALMOS.
2105 295 2352 352 PS.\L\.l.
2393 296 2577 354 CXIV.

3365 305 3505 362 H78

203 401 394 456 lorum
419 442 432 464 ,
463 400 769 456 contemnit
795 399 990 473 (Prov.
1020 402 1176 473 xm).
1211 402 1391 473 Neque
1411 421 1583 459 omnes
1606 408 1696 476 qui
1723 405 1813 460 de-
1839 410 1889 468 Α
1916 421 2041 477 spes
2071 419 2252 465 autem
2285 427 2391 466 non
2419 412 2704 468 confundit
2731 413 2907 483 (Rom.
2942 417 3018 488 v).
3051 417 3186 474 Tale
3212 420 3341 490 quid
3374 430 3427 476 et
3455 422 3505 476 in

202 493 469 547 scendunt
510 494 563 546 in
601 496 882 564 infernum.
925 494 1037 550 lloc
1066 505 1180 561 est,
1216 494 1555 552 habitatores
1588 497 1808 553 inferni.

288 586 398 641 Sed
433 604 527 641 nos
561 589 647 658 qui
680 588 896 641 vivimus
919 632 933 656 ,
978 588 1325 643 benedicimus
1373 589 1669 645 Dominum.
1704 590 1814 647 Nos

209 681 411 737 ﬁdeles
447 682 539 752 qui
571 682 824 749 vivimus,
857 683 908 736 id
950 692 1068 746 est,
1102 686 1190 754 qui
1221 683 1381 739 fidem
1413 694 1470 740 et
1505 700 1669 756 opera
1712 685 1812 740 ba-

208 774 387 844 bent,
426 776 528 844 ipsi
561 775 781 830 laudant
830 776 1021 831 Deum.
1054 775 1137 831 Ea:
1169 777 1266 830 ltoc
1307 794 1441 831 nunc
1470 788 1515 831 et
1558 795 1719 846 usque
1759 781 1813 834 in

206 869 490 923 sa'rulum.
527 868 610 924 Ex
637 869 767 936 hoc,
803 869 854 925 id
885 879 990 936 est,
1023 886 1129 940 quo
1160 872 1446 940 incipimus
1480 873 1810 944 intelligere.

211 961 404 1031 Nunc,
442 963 623 1017 modo.
656 962 830 1034 Usque
860 964 912 1016 in
941 965 1217 1028 uetulum,
1250 967 1368 1019 sine
1399 966 1525 1020 line.

746 1077 1067 1136 PSALMUS
1103 1077 1288 1134 CXIV.

209 1170 470 1226 Alleluia.
503 1172 612 1228 Istc
640 1173 878 1242 psalmus
899 1188 1088 1228 vocem
1121 1175 1369 1229 continet
1415 1175 1588 1230 ﬁdelis
1618 1175 1813 1232 animus

287 1260 317 1297 a
364 1245 475 1298 Deo
512 1245 908 1326 peregrinantis
932 1288 946 1312 ,
975 1261 1095 1316 qua:
1124 1256 1246 1317 post
1276 1249 1465 1318 longos
1501 1247 1717 1303 labores
1745 1249 1814 1304 ab

285 1329 356 1369 eo
385 1325 702 1385 suscnpttur.

288 1429 470 1487 Dilexi
488 1474 503 1497 ,
535 1434 779 1502 quoniam
807 1434 1048 1488 exaudiet
1077 1433 1334 1490 Dominus
1364 1452 1533 1490 vocem
1566 1439 1814 1492 orationis

210 1541 368 1580 ntere.
397 1525 514 1581 Non
548 1528 686 1581 dixit
714 1547 724 1581 :
757 1523 1012 1600 diligam;
1047 1528 1166 1598 sed,
1201 1529 1380 1584 dilexi.
1413 1530 1531 1584 Non
1561 1531 1816 1601 promisit

210 1633 275 1674 se
315 1619 519 1688 facere,
553 1620 645 1675 sed
681 1628 908 1676 testatur
937 1637 998 1677 se
1034 1622 1251 1678 fecisse.
1282 1620 1482 1678 Dilexi.
1517 1625 1697 1692 Quare
1732 1625 1814 1680 di-

209 1712 366 1768 lexi?
389 1712 649 1780 Quoniam
673 1716 914 1769 exaudiet
934 1713 1186 1771 Dominus
1205 1733 1379 1771 vocem
1394 1719 1645 1772 orationis
1662 1735 1809 1773 mean

1916 500 2155 557 Jeremia
2187 502 2382 559 dicitur
2429 505 2643 576 (Jerem.
2699 522 2749 562 γι
2793 518 2841 561 ει
2872 509 3004 580 xtv).
3036 509 3466 568 'l‘ribulationem
3491 554 3506 579 ,

1915 592 2122 665 inquit,
2171 605 2226 651 et
2264 599 2544 654 miseriam
2594 599 2861 657 invocavi.
2915 603 3230 673 Quoniam,
3289 607 3504 678 inquit.

1915 706 2100 746 amaro
2146 702 2242 748 tuo
2288 695 2453 750 verbo
2486 695 2693 760 ridebo,
2741 695 2842 752 hoc
2870 707 2987 763 est,
3033 699 3083 754 in
3130 699 3233 756 hoc
3275 703 3502 769 saeculo,

1914 785 2042 857 quid
2073 786 2218 840 aliud
2249 789 2371 842 volo
2393 788 2494 843 nisi
2521 789 2953 858 tribulationem,
2978 801 3036 847 ut
3063 793 3116 847 in
3150 792 3390 849 futurum
3418 811 3505 851 re-

1915 877 2102 948 quiem
2143 878 2373 934 habeam
2404 889 2458 935 et
2487 881 2839 938 felicitatem?
2871 884 2930 938 Et
2965 895 3276 956 prepterea,
3311 889 3502 956 inquit,

1916 986 2060 1026 nunc
2081 972 2496 1029 amaritudinem
2523 975 2790 1042 sustineo,
2814 987 2868 1030 ut
2894 987 3081 1046 postea
3108 978 3351 1034 dulciora
3377 995 3504 1050 pro-

1917 1077 2151 1118 merear.
2203 1064 2268 1118 Et
2311 1067 2544 1135 populus
2579 1067 2793 1122 Domini
2829 1070 2896 1124 de
2934 1069 3176 1142 Egypto
3215 1074 3502 1142 egrediens

1917 1155 2067 1209 venit
2097 1155 2148 1209 iu
2183 1156 2350 1224 Mara,
2384 1158 2530 1228 quod
2572 1159 2963 1230 interpretatur
2999 1166 3320 1228 amaritudo,
3351 1174 3405 1219 et
3437 1165 3505 1220 de

1915 1245 1966 1302 Μ
1987 1264 2062 1302 ara
2094 1249 2146 1302 in
2170 1248 2319 1314 Sina,
2341 1250 2484 1319 quod
2515 1251 2903 1320 interpretatur
2926 1256 3136 1308 tentatio
3159 1253 3359 1327 (Exod.
3384 1262 3499 1326 xv).

1917 1339 1988 1396 Et
2018 1341 2214 1396 iterum
2242 1342 2505 1397 Jeremias
2532 1361 2543 1395 :
2570 1344 2735 1399 Solus
2758 1345 3037 1414 sedebam,
3069 1347 3325 1417 quoniam
3355 1363 3505 1404 ama-

1916 1434 2152 1489 ritudine
2179 1435 2418 1505 repletus
2446 1450 2595 1490 cram
2627 1435 2846 1504 (Jerem.
2880 1439 2993 1510 xv).

1990 1528 2035 1582 0
2057 1525 2301 1592 Domine,
2327 1529 2486 1584 libera
2508 1530 2734 1582 animum
2759 1546 2946 1584 meam.
2973 1531 3363 1602 Proprietatcm
3397 1533 3504 1588 lle-

1917 1619 2117 1676 braica:
2140 1621 2332 1692 lingua:
2355 1621 2577 1676 Crmens
2600 1633 2652 1678 et
2676 1621 2900 1678 Latinus
2921 1627 3229 1694 exprimere
3252 1642 3356 1682 non
3381 1643 3506 1698 pos-

1915 1725 2064 1768 sunt.
2094 1713 2202 1768 Pro
2227 1729 2256 1767 ο
2287 1715 2338 1770 ἱιι
2367 1713 2598 1769 llebrtro
2629 1713 2798 1770 habet
2829 1732 2969 1772 ANNA
3004 1717 3182 1788 (nm).
3216 1719 3372 1774 Anna
3410 1735 3510 1774 au-

210 1803 399 1859 Dilexi
419 1848 432 1870 ,
463 1807 719 1862 transacti
754 1809 1014 1877 temporis
1045 1817 1129 1863 est
1159 1825 1172 1862 :
1205 1809 1447 1863 exaudiet
1480 1819 1659 1865 autem
1684 1853 1696 1874 ,
1729 1809 1812 1866 fn-
1841 1806 1887 1866 B
1918 1816 2024 1861 tem
2061 1807 2452 1876 interpretatur
2481 1823 2624 1878 rogo,
2660 1817 2716 1862 et
2745 1807 3014 1878 deprecor.
3061 1809 3127 1864 Et
3158 1810 3300 1880 quod
3337 1810 3500 1879 dicit,

213 1896 350 1951 turi.
381 1895 496 1951 Non
513 1897 661 1952 enim
690 1898 834 1952 dixit
861 1901 1152 1970 :quoniam
1173 1900 1336 1956 dilexi
1366 1902 1509 1972 quod
1537 1903 1814 1959 exaudivit

212 2004 306 2045 nte
323 1989 612 2055 Dominus;
637 1991 754 2055 sed,
778 1993 954 2055 dilexi,
975 1992 1118 2062 quod
1141 1994 1400 2049 exaudiet
1423 2011 1508 2051 me
1527 1995 1810 2054 Dominus.

292 2082 433 2146 Quia
477 2081 747 2137 inclinavit
783 2101 962 2138 aurem
1009 2102 1160 2139 suam
1209 2086 1356 2141 mihi.
1404 2087 1668 2155 Quoniam
1713 2104 1814 2145 nos

212 2159 370 2245 paivi
394 2191 582 2230 smmis
604 2185 662 2231 et
685 2177 942 2252 humiles,
973 2187 1028 2233 et
1051 2193 1155 2233 non
1181 2194 1474 2250 possumus
1502 2197 1602 2237 nos
1625 2194 1817 2238 exten-

207 2251 354 2327 ’ἀει-ε
380 2282 432 2326 ει
465 2271 713 2326 exaltare
743 2291 755 2326 :
791 2284 1081 2344 propterea
1118 2274 1378 2330 Dominus
1410 2277 1685 2332 inclinavit
1712 2294 1812 2333 au-

212 2380 335 2418 rem
365 2379 518 2419 suam
539 2406 554 2431 ,
599 2375 651 2420 et
694 2365 947 2436 dignatur
977 2369 1235 2423 exaudire
1268 2383 1386 2425 nos.
1419 2369 1663 2440 Denique
1689 2373 1812 2442 quia

213 2473 320 2513 nos
364 2457 613 2516 homines
667 2475 892 2527 sumus,
938 2470 994 2517 et
1029 2462 1102 2517 dii
1145 2478 1250 2516 non
1293 2478 1583 2534 possumus
1634 2466 1747 2520 fieri
1799 2485 1809 2518 :

215 2550 367 2608 Deus
404 2551 568 2607 homo
611 2552 783 2609 factus
811 2563 926 2623 est,
969 2563 1026 2611 et
1069 2557 1351 2613 inclinavit
1392 2573 1485 2626 se,
1518 2560 1812 2615 seetmdum

215 2640 355 2697 illud
387 2645 536 2713 quod
568 2647 830 2716 scriptum
853 2656 937 2702 est
969 2667 984 2703 :
1015 2648 1081 2702 Et
1103 2650 1386 2704 inclinavit
1417 2650 1610 2719 caelos,
1635 2661 1690 2706 et
1715 2650 1812 2706 de-

213 2734 440 2789 scendit
465 2734 544 2807 (ll
579 2736 714 2810 Reg.
741 2738 912 2810 xxn).
944 2737 1014 2793 Et
1042 2740 1093 2793 in
1125 2741 1303 2795 diebus
1332 2743 1454 2796 meis
1476 2742 1717 2796 invocabo
1746 2753 1811 2796 te.

216 2827 320 2884 Hic
341 2831 604 2900 quaeritur
636 2832 912 2902 quomodo
937 2832 989 2886 in
1021 2833 1214 2888 diebus
1236 2835 1477 2900 invocet,
1507 2835 1694 2890 et'uou
1729 2836 1814 2889 in-

214 2931 379 2976 vocet
425 2921 479 2977 in
513 2923 789 2978 noctibus.
828 2924 893 2978 Et
933 2926 1204 2994 quomodo
1244 2927 1379 2980 dicit
1410 2927 1461 2980 in
1493 2926 1600 2980 alio
1646 2928 1765 2982 loco
1800 2945 1812 2981 :

219 3014 400 3071 Media
444 3024 607 3072 nocte
649 3017 938 3086 surgebam
986 3017 1052 3071 ad
1107 3019 1475 3074 conlitendum
1518 3021 1650 3088 tibi,
1689 3037 1813 3076 cum

215 3109 394 3164 sancti
430 3108 482 3164 in
520 3120 677 3165 nocte
701 3111 822 3180 plus
851 3111 1063 3166 soleant
1095 3127 1252 3166 orare
1283 3115 1302 3185 (
1329 3112 1473 3167 Psal.
1507 3129 1640 3168 cxm
1663 3112 1702 3183 ).
1748 3113 1814 3170 Et

217 3201 274 3258 in
303 3204 412 3258 alio
437 3203 559 3258 loco
587 3203 824 3260 dicitur:
857 3205 914 3260 In
943 3205 1196 3260 noctibus
1227 3207 1474 3261 extollite
1505 3222 1695 3262 manus
1722 3224 1813 3261 ve-
1841 3189 1888 3253 Ο

216 3307 364 3352 stras
379 3297 432 3351 in
450 3307 662 3364 sancta,
678 3308 732 3354 et
750 3300 1055 3355 benedicite
1071 3299 1356 3356 Dominum
1371 3301 1544 3372 (Psal.
1561 3302 1810 3374 cxxxttt).

215 3390 504 3457 Quomodo
526 3392 682 3460 dicit,
699 3405 745 3447 et
776 3395 828 3446 in
846 3393 1030 3448 diebus
1057 3395 1184 3448 meis
1209 3395 1490 3450 invocabo?
1515 3395 1632 3452 Non
1657 3397 1812 3465 dixit,

215 3485 501 3551 invocavi;
531 3486 652 3553 sed,
683 3489 950 3554 invocabo,
985 3488 1037 3542 in
1063 3488 1268 3543 futuro.
1297 3489 1428 3542 Dum
1453 3491 1597 3544 enim
1627 3490 1682 3545 in
1713 3491 1816 3546 hoc

214 3577 424 3632 mundo
455 3591 667 3647 sumus,
704 3580 756 3633 in
787 3589 943 3634 nol-te
967 3580 1306 3636 invocamus.
1334 3581 1390 3635 In
1415 3580 1595 3638 futuro
1632 3584 1686 3639 in
1728 3585 1818 3640 die

215 3669 536 3726 invocamus
561 3671 844 3726 Dominum
869 3691 880 3725 :
905 3682 1188 3743 propterea
1209 3673 1366 3743 dixit,
1389 3675 1442 3728 in
1469 3676 1647 3732 diebus
1668 3678 1814 3732 meis.

213 3761 602 3820 Peccatoribus
630 3764 772 3819 enim
806 3780 909 3820 nox
941 3775 1066 3822 est:
1093 3765 1221 3820 mihi
1251 3775 1430 3822 autem
1461 3768 1599 3824 dies.

289 3856 750 3912 Circumdederuut
793 3875 871 3912 me
914 3857 1120 3913 dolores
1160 3860 1360 3914 mortis.
1395 3859 1660 3916 Videntur
1685 3861 1818 3916 mihi

213 3949 438 4006 dolores
496 3950 685 4004 mortis
750 3938 1108 4019 cogitationes
1156 3966 1276 4006 esse
1331 3950 1486 4006 ιωιιω
1527 3997 1541 4020 ,
1602 3954 1818 4022 quando

215 4042 394 4098 anima
423 4041 714 4112 cogitat,et
738 4057 963 4112 peccare
985 4042 1278 4107 desiderat,
1309 4043 1559 4113 quoniam
1589 4044 1820 4114 parturit

216 4146 462 4209 peccata,
494 4136 672 4192 vicina
701 4145 782 4191 est
811 4136 996 4191 morti.
1037 4134 1106 4190 Et
1138 4137 1366 4205 pericula
1393 4139 1590 4208 inferni
1615 4139 1819 4193 invene-

214 4239 340 4284 runt
370 4246 470 4284 me.
507 4229 552 4284 υ
590 4243 693 4284 nos
733 4227 1005 4294 infelices,
1044 4239 1097 4284 et
1125 4231 1384 4295 miseros,
1417 4238 1472 4284 et
1510 4231 1768 4301 legendos
1801 4247 1815 4286 :

215 4324 342 4394 quia
373 4337 588 4394 semper
617 4337 717 4378 nos
743 4331 1022 4392 peccaturo
1053 4323 1276 4394 quaerit!
1303 4322 1362 4379 Si
1391 4334 1573 4378 autem
1601 4340 1818 4394 semper

218 4430 321 4472 nos
349 4425 600 4485 quaerunt
625 4424 843 4485 peccata
867 4460 880 4484 ,
916 4431 1014 4469 nos
1045 4415 1358 4471 festinemus
1385 4425 1438 4470 ut
1471 4432 1578 4470 non
1604 4431 1704 4471 nos
1732 4418 1816 4472 in-

216 4510 459 4564 veniant.
482 4508 607 4564 Haec
623 4519 803 4564 autem
831 4507 1085 4564 distantia
1104 4517 1184 4564 est
1200 4507 1346 4563 inter
1361 4508 1581 4563 dolores
1603 4508 1815 4575 mortis,

1919 1898 2021 1954 hoe
2051 1909 2134 1954 est
2168 1917 2180 1953 :
2210 1900 2502 1970 Deprecor,
2535 1899 2798 1968 Domine,
2829 1900 2998 1956 libera
3029 1903 3267 1956 animam
3305 1919 3504 1960 meam.

1915 1991 2032 2048 Non
2064 2002 2148 2047 est
2177 1995 2321 2047 enim
2353 1993 2632 2060 vocantis,
2666 1993 2758 2047 sed
2801 1993 3146 2062 (lepreczmtis
3170 1993 3416 2050 affectus.
3449 1995 3505 2050 ln

1919 2087 2121 2156 ingenti
2151 2088 2298 2142 enim
2331 2087 2574 2155 pericqu
2604 2087 2931 2142 constitutus
2961 2097 3061 2142 est.
3083 2087 3379 2143 Misericors
3399 2089 3500 2142 Do-

1918 2181 2094 2233 minus
2129 2188 2176 2232 et
2208 2183 2414 2251 justus,
2465 2189 2510 2232 et
2555 2179 2692 2233 Deus
2745 2188 2915 2233 noster
2959 2179 3300 2234 miserebitur.
3344 2180 3506 2250 Erige

1916 2290 2107 2339 aures,
2143 2282 2416 2342 peccator.
2450 2273 2756 2328 Misericors
2784 2281 2869 2329 est
2915 2273 3172 2328 Dominus
3194 2317 3208 2339 ,
3251 2273 3346 2329 sed
3397 2275 3504 2329 noli

1917 2382 2038 2423 esse
2073 2368 2349 2438 negligens
2381 2385 2393 2421 :
2425 2368 2672 2437 sequitur
2699 2367 2867 2433 enim,
2898 2378 2943 2421 et
2961 2371 3163 2440 justus.
3186 2365 3241 2424 Si
3274 2368 3506 2422 multum

1918 2470 2170 2530 peccator
2199 2475 2261 2516 es
2293 2477 2306 2513 :
2338 2459 2492 2523 audi,
2535 2460 2848 2514 misericors
2887 2467 2970 2514 est
3008 2459 3306 2514 Dominus:
3335 2462 3379 2515 si
3415 2475 3509 2515 ue-

1915 2553 2124 2623 gligens
2154 2567 2214 2608 es
2246 2571 2258 2607 :
2289 2551 2447 2617 audi,
2495 2562 2548 2607 et
2584 2553 2764 2620 justus
2807 2561 2911 2606 est.
2953 2551 3062 2611 Sed
3103 2552 3318 2607 videtur
3357 2554 3509 2622 quasi

1917 2645 2124 2716 tequale
2175 2658 2332 2710 esse,
2385 2644 2674 2698 misericors
2719 2644 2975 2698 Dominus
3026 2653 3074 2697 et
3114 2647 3312 2717 justus.
3351 2644 3509 2699 Verbi

1913 2741 2108 2812 gratia,
2141 2739 2329 2796 decem
2359 2740 2606 2810 partibus
2627 2749 2711 2795 est
2732 2741 3064 2806 misericors,
3095 2750 3148 2796 et
3169 2739 3356 2796 decem
3387 2754 3509 2810 par-

1918 2833 2062 2889 tibus
2093 2841 2176 2888 est
2199 2832 2409 2902 justus,
2441 2841 2496 2887 et
2528 2832 2629 2888 hoc
2661 2841 2881 2901 propter
2919 2831 3284 2902 simpliciores
3320 2833 3393 2886 ita
3431 2833 3508 2885 lo-

1917 2940 2076 2995 quor.
2097 2925 2252 2980 Dicat
2274 2923 2501 2992 aliquis:
2525 2924 2581 2979 Si
2607 2933 2900 2993 pensentur
2913 2932 3134 2994 peccata
3159 2939 3300 2990 mea,
3325 2938 3508 2980 nonne

1916 3032 2137 3086 possum
2164 3025 2312 3072 tanta
2341 3016 2545 3072 habere
2565 3017 2727 3083 bona,
2743 3025 2939 3086 quanta
2957 3015 3132 3070 habeo
3155 3014 3333 3068 mala?
3356 3014 3508 3069 Nunc

1915 3121 2097 3168 autem
2123 3111 2343 3177 dicitur,
2368 3110 2516 3182 quod
2543 3111 2854 3166 misericors
2877 3117 3035 3164 estet
3059 3108 3259 3177 justus.
3292 3107 3389 3161 Est
3411 3107 3510 3161 mi-

1919 3207 2157 3260 sericors
2192 3207 2244 3258 in
2281 3203 2681 3274 peccatoribus,
2719 3202 2899 3272 justus
2930 3202 2982 3256 in
3022 3200 3201 3256 bonis.
3244 3199 3514 3269 Incipiunt

1918 3313 2006 3354 me
2033 3313 2260 3368 gravare
2290 3308 2506 3368 peccata
2539 3311 2678 3361 mea,
2711 3306 2763 3351 et
2792 3295 2961 3349 vincit
2989 3296 3042 3349 in
3075 3309 3169 3349 sua
3194 3293 3508 3348 misericor-

1918 3395 2028 3448 dia.
2057 3392 2353 3462 Propterea
2386 3391 2756 3460 semeljustus
2787 3389 2994 3460 posuit,
3029 3396 3081 3442 et
3111 3385 3374 3446 secundo.
3409 3387 3515 3440 mi-
3580 3385 3586 3408 "

1918 3487 2173 3542 sericors.
2208 3485 2431 3539 Poterat
2470 3493 2523 3538 et
2567 3482 2635 3538 de
2680 3483 2958 3552 praeterito
2999 3479 3202 3535 dicere.
3256 3477 3324 3532 Et
3372 3476 3510 3532 Deus

1920 3588 2118 3645 noster,
2150 3578 2360 3648 inquit,
2395 3579 2689 3642 miseretur,
2717 3585 2775 3630 ut
2802 3589 3020 3646 semper
3047 3588 3170 3630 eum
3200 3573 3513 3628 misericor-

1918 3675 2041 3729 dem
2069 3673 2342 3728 ostendat.

1993 3765 2302 3821 Custcdieus
2335 3763 2574 3833 parvulos
2603 3761 2881 3818 Dominus.
2917 3762 2972 3818 Si
2997 3762 3120 3832 quis
3150 3775 3378 3831 magnus
3407 3769 3511 3826 est,

1921 3868 1975 3914 ει
1997 3872 2056 3912 εε
2083 3858 2310 3923 exaltat,
2341 3867 2397 3911 et
2426 3856 2695 3926 superbus
2718 3864 2822 3922 est,
2850 3854 2994 3908 hunc
3019 3869 3126 3908 non
3148 3853 3387 3909 custodit
3413 3853 3517 3906 llos

1921 3952 2124 4004 minus.
2151 3949 2204 4004 Si
2236 3950 2358 4018 quis
2387 3963 2446 4002 se
2476 3963 2729 4017 magnum
2760 3955 2930 4016 putat,
2965 3945 3122 4015 hujus
3155 3961 3262 4000 non
3291 3945 3518 4000 misere.

1923 4052 2010 4096 tur
2040 4041 2332 4104 Dominus;
2363 4039 2458 4094 sed
2486 4041 2529 4094 si
2557 4040 2678 4110 quis
2707 4054 2768 4093 se
2798 4038 3068 4103 humiliat,
3100 4036 3264 4106 hujus
3291 4037 3516 4090 misere-

1921 4144 2029 4202 tur,
2063 4145 2116 4190 et
2141 4135 2521 4190 custoditequ
2551 4133 2831 4188 Dominus.
2858 4131 3135 4200 Siquidem
3165 4130 3293 4186 dicit
3329 4149 3340 4182 :
3375 4129 3516 4185 Ecce

1921 4245 2022 4300 ego
2053 4240 2106 4283 et
2139 4230 2290 4298 pueri
2328 4243 2467 4300 quos
2495 4226 2623 4282 mihi
2656 4225 2807 4281 dedit
2853 4225 3136 4279 Dominus.
3167 4223 3234 4278 Et
3263 4223 3461 4277 iterum
3499 4238 3513 4278 ι

1920 4323 2250 4378 Humiliatus
2283 4339 2436 4388 sum;
2463 4334 2510 4376 et
2537 4319 2755 4374 salvavit
2785 4336 2881 4375 me.
2923 4318 3219 4388 Dupliciter
3256 4315 3514 4387 intelligi-

1921 4433 2041 4472 nms
2069 4436 2080 4472 :
2115 4417 2438 4472 Humiliatus
2466 4431 2604 4482 sum,
2635 4424 2681 4468 et
2717 4413 2932 4468 salvavit
2972 4429 3072 4466 me.
3102 4411 3229 4468 Sive
3261 4411 3512 4479 peccavi,

1919 4524 1974 4566 et
2005 4511 2232 4566 salvavit
2258 4526 2365 4574 me,
2400 4510 2536 4574 sive,
2567 4524 2688 4563 cum
2724 4523 2901 4564 essem
2929 4507 3229 4578 superbus.
3263 4516 3317 4561 et
3342 4504 3520 4560 humi-

217 4610 273 4658 et
303 4600 549 4672 pericula
575 4600 791 4656 inferni.
819 4599 1035 4654 Dolores
1064 4601 1262 4670 mortis,
1281 4601 1434 4655 mala:
1459 4601 1815 4671 cogitationes
1847 4590 1897 4650 Ι)
1923 4605 2074 4659 liavit
2104 4620 2211 4670 me,
2235 4611 2290 4658 et
2312 4600 2543 4656 salvavit
2573 4617 2678 4655 me.

216 4702 382 4749 sunt:
414 4694 644 4764 pericula
669 4693 883 4764 inferni,
913 4706 1076 4762 Opera
1102 4693 1240 4746 mala
1265 4690 1494 4750 sunt.Ut
1524 4702 1612 4748 est
1635 4701 1815 4748 autem

216 4787 395 4844 dicam
431 4803 442 4840 :
469 4786 613 4842 aliud
644 4785 699 4840 in
723 4785 963 4853 theoria,
991 4783 1134 4839 aliud
1176 4785 1227 4838 in
1256 4799 1448 4854 opere,
1484 4786 1585 4839 boe
1611 4796 1729 4851 est,
1762 4785 1815 4840 in

218 4879 486 4951 practica.
510 4877 587 4934 lbi
611 4877 756 4934 enim
786 4877 942 4932 dolor
963 4888 1018 4932 et
1045 4877 1330 4949 parturitio
1359 4895 1371 4932 :
1401 4877 1488 4932 hic
1513 4886 1692 4934 autem
1723 4893 1818 4950 pe-

216 4972 452 5030 riculum
481 4972 815 5028 estvicinum
845 4971 1026 5026 morti.

291 5063 702 5120 Tribulationem
731 5073 777 5118 et
808 5063 1036 5118 dolorem
1068 5064 1257 5118 inveni.
1287 5062 1494 5119 Novam
1518 5080 1633 5119 rem
1658 5064 1810 5121 dicit.

217 5157 338 5214 Non
377 5155 532 5221 dicit,
570 5154 830 5225 llequiem
865 5155 1049 5209 inveni
1081 5172 1096 5210 :
1131 5169 1240 5209 non
1267 5153 1434 5223 dicit,
1465 5156 1814 5212 Saturitatem

218 5250 436 5306 inveni.
474 5248 530 5304 Si
562 5255 743 5303 autem
768 5246 1022 5322 dixisset,
1053 5245 1266 5302 Invenit
1295 5262 1382 5302 me
1412 5247 1710 5314 tribulatio,
1741 5250 1816 5304 in-

215 5341 374 5398 venit
399 5355 486 5395 me
516 5337 696 5404 dolor,
725 5353 830 5394 non
862 5349 986 5393 erat
1013 5339 1265 5408 quaestio.
1297 5338 1453 5396 Nunc
1481 5351 1658 5396 autem
1689 5342 1816 5412 quid

215 5432 386 5490 dicit?
406 5429 821 5486 Tribulationem
844 5439 889 5484 et
912 5429 1146 5485 dolorem
1165 5430 1339 5484 inveni
1357 5447 1373 5485 :
1392 5433 1543 5502 quasi
1567 5448 1816 5501 quaerens

215 5532 295 5586 sic
320 5527 554 5584 invenit.
583 5525 702 5581 Non
731 5525 879 5580 enim
917 5524 1194 5581 invenitur
1225 5524 1328 5580 nisi
1359 5525 1503 5596 quod
1534 5527 1815 5596 quteritur.

213 5623 451 5680 Sanetus
480 5637 589 5676 non
620 5620 814 5691 quaerit
838 5620 1110 5690 requiem,
1134 5619 1228 5675 sed
1260 5619 1686 5674 tribulationem.
1713 5619 1822 5674 No-

217 5718 292 5772 vit
334 5716 486 5772 enim
533 5712 793 5784 quoniam
845 5712 1124 5768 tribulatio
1157 5712 1471 5784 patientiam
1517 5723 1816 5784 operatur:

217 5811 483 5884 patientia
514 5817 700 5866 autem
731 5806 1131 5878 probationem,
1163 5807 1417 5878 probatio
1441 5823 1575 5865 vero
1606 5823 1759 5880 spem
1801 5827 1814 5864 :

719 5953 750 5969 κ

1991 4695 2317 4762 Convertere,
2355 4695 2532 4746 anima
2568 4708 2702 4757 mea,
2733 4693 2787 4744 in
2826 4693 3053 4760 requiem
3090 4699 3252 4744 tuam.
3284 4689 3514 4758 Quando

1920 4788 2143 4854 dicitur,
2169 4785 2476 4841 Convertere
2504 4786 2556 4838 in
2579 4784 2806 4854 requiem
2827 4791 2968 4836 tuam
2997 4799 3016 4836 :
3039 4782 3368 4853 ergohabuit
3389 4792 3513 4837 ante

1918 4881 2165 4952 requiem
2187 4895 2346 4950 quam
2379 4877 2634 4948 perdidit.
2658 4875 2830 4930 Nemo
2852 4876 2996 4929 enim
3021 4875 3383 4939 convertitur,
3412 4876 3515 4930 nisi

1925 4976 2016 5045 qui
2047 4975 2222 5045 pergit
2249 4973 2375 5027 illuc
2406 4971 2497 5026 ubi
2532 4971 2681 5042 prius
2703 4979 2841 5024 erat.
2873 4969 3016 5024 Deus
3041 4968 3188 5024 enim
3215 4983 3312 5024 nos
3340 4968 3514 5024 bonos

1922 5067 2156 5132 creavit,
2207 5073 2262 5120 et
2301 5071 2486 5119 nostro
2518 5061 2747 5117 arbitrio
2801 5076 2899 5115 nos
2936 5061 3185 5132 reliquit,
3241 5073 3293 5115 ct
3323 5075 3514 5116 omnes

1921 5175 2044 5217 cum
2074 5158 2244 5214 Adam
2279 5159 2328 5211 in
2360 5155 2617 5228 paradiso
2653 5154 2850 5225 posuit.
2889 5154 2994 5210 Sed
3035 5156 3158 5225 quia
3199 5163 3384 5209 nostro
3419 5169 3510 5208 ar-

1923 5253 2090 5310 bitrio
2130 5268 2158 5306 a
2200 5249 2537 5305 beatitudine
2582 5249 2673 5304 illa
2712 5248 3042 5315 cecidimus,
3091 5258 3145 5303 et
3177 5248 3424 5302 venimus
3457 5247 3508 5302 in

1927 5344 2123 5399 vallem
2155 5345 2542 5414 lacrymarum,
2573 5349 2864 5411 prepterea
2886 5341 3063 5407 justus
3093 5339 3330 5394 animam
3357 5353 3509 5393 suam

1927 5437 2197 5500 hortatur,
2235 5445 2292 5489 ut
2326 5442 2679 5488 convertatur
2710 5432 2838 5486 illuc
2865 5431 3007 5485 unde
3041 5430 3342 5486 descendit.
3369 5429 3508 5486 Con-

1919 5529 2321 5593 rertere,aninla
2347 5541 2482 5592 mea,
2503 5526 2556 5578 in
2586 5523 2813 5595 requiem
2837 5532 3000 5576 tuum.
3021 5521 3198 5576 Locus
3215 5523 3358 5577 enim
3385 5523 3511 5588 istc,

1921 5621 2297 5678 tribulationis
2334 5621 2486 5674 locus
2510 5626 2624 5683 est,
2658 5624 2804 5672 terra
2854 5623 3218 5687 pugnatorum
3259 5625 3361 5672 est.
3409 5615 3517 5674 Iste

1917 5717 2072 5771 locus
2105 5715 2470 5784 lacrymarum
2501 5719 2607 5776 est,
2638 5709 2730 5766 ubi
2764 5725 2872 5765 non
2900 5709 3029 5765 licet
3049 5723 3305 5765 securum
3325 5703 3517 5764 ambu-

1921 5810 2054 5867 lare.
2088 5805 2428 5876 Ubicumque
2449 5805 2595 5862 enim
2622 5803 2820 5876 aliquis
2850 5803 3038 5874 fuerit,
3072 5805 3374 5876 periculum
3406 5817 3511 5863 esu
