3992 6340
471 271 610 326 11ῖ9

1271 264 1619 323 APPENDIX
1662 265 1751 319 AD
1788 261 2030 320 ΤΟΜυΜ
2072 258 2425 320 εεΡτιιιωι
2466 258 2526 315 S.
2573 253 2978 313 ΙΙΙΕΒΟΝΥΜΙ.

3662 249 3834 304 ιιδο

471 384 533 440 Si
559 384 611 439 in
633 383 873 451 tit-serto,
893 382 1220 453 scorpiones
1242 386 1373 433 sunt
1400 393 1412 427 :
1439 376 1484 432 si
1510 376 1562 433 in
1583 375 1920 441 civitatibus,
1947 390 2076 429 ocu-
2104 376 2150 439 Α
2180 373 2317 429 meis
2347 371 2546 427 munda
2587 384 2696 425 me.
2739 366 2933 425 Aliena
2964 363 3184 436 quidem
3231 371 3364 419 sunt
3399 371 3631 434 peccata
3651 407 3672 430 ,
3709 361 3833 417 sed

473 477 560 532 lus
588 477 899 533 meretricis
930 471 1204 546 pernicies
1232 481 1315 526 est
1348 469 1553 525 homini
1588 487 1601 521 :
1632 469 1677 525 si
1707 470 1761 526 iu
1789 467 1955 532 mari,
1988 467 2069 521 la-

478 576 669 625 trones
708 577 761 624 et
796 569 1009 638 piratae.
1045 564 1172 619 Ha-e
1197 563 1380 617 omnia
1426 561 1655 635 tnysﬁce
1698 561 1916 629 loquor.
1966 558 2075 615 Nec

476 664 623 719 enim
654 674 797 719 nunc
832 657 1133 727 periculum
1174 662 1261 710 est
1299 663 1489 710 sancto
1530 653 1651 709 viro
1694 669 1725 708 a
1767 651 2076 709 latronibus

472 751 742 814 interﬁci,
770 746 1042 821 siquidem
1070 754 1341 819 martyres
1376 747 1639 816 sanguine
1671 761 1769 800 suo
1801 746 2070 801 vicerunt.

475 843 805 910 Convertere,
834 842 1009 894 animo
1033 855 1168 905 mea,
1202 839 1256 892 in
1278 837 1502 910 requiem
1528 847 1690 892 tuam.
1727 836 1862 905 Quia
1887 836 2072 891 Dami-

475 951 574 990 nus
601 933 849 1006 benefecit
878 932 994 987 tibi.
1017 931 1157 1000 Quo,
1197 931 1389 1000 inquit,
1414 931 1775 997 converteris,
1801 945 1832 983 ο
1858 930 2076 984 anima?

475 1028 533 1085 in
567 1028 904 1099 paradisum.
939 1027 1057 1084 Non
1092 1025 1214 1097 quia
1253 1027 1414 1097 digna
1446 1041 1526 1093 cs,
1566 1028 1661 1081 sed
1699 1025 2073 1081 misericordia

483 1121 698 1178 Domini
739 1129 842 1177 est.
871 1119 942 1177 Ut
977 1122 1159 1176 exires
1193 1118 1261 1176 de
1298 1120 1575 1191 paradiso,
1600 1132 1690 1173 tuo
1714 1119 1850 1173 vitio
1872 1118 2074 1175 factum

477 1224 596 1280 εδι,
622 1224 681 1270 ιιι
703 1223 884 1270 autem
914 1213 1142 1281 redeas,
1183 1211 1573 1268 misericordia:
1602 1211 1822 1265 Domini
1857 1210 1974 1264 t'uit.
2009 1208 2076 1266 Et

478 1324 577 1365 nos
613 1309 866 1366 dicamus
910 1309 1109 1363 animat
1157 1315 1355 1361 nostra:
1384 1290 1409 1358 ἐ
1443 1304 1746 1360 Convertere
1769 1305 1821 1357 in
1852 1304 2075 1374 requiem

478 1411 641 1456 tuam.
676 1401 913 1472 Requies
950 1409 1136 1455 nostra
1158 1440 1172 1466 ,
1201 1397 1452 1456 Christus
1482 1408 1563 1452 est
1597 1398 1738 1452 Deus
1776 1405 1985 1452 noster.
2018 1396 2077 1453 Si
2110 1448 2113 1451 γ

478 1493 701 1565 quando
725 1491 987 1549 fuerimus
1010 1492 1063 1547 in
1095 1492 1370 1563 angustia,
1405 1501 1458 1545 et
1488 1490 1719 1560 cmperit
1753 1503 1852 1545 nos
1874 1489 2068 1559 cogita-

478 1588 553 1642 tio
576 1587 855 1658 captivare
880 1586 934 1642 in
958 1593 1263 1657 peccatum,
1297 1586 1546 1642 dicamus
1579 1603 1591 1638 :
1623 1583 1942 1650 Convertere,
1968 1584 2079 1637 ani.

479 1695 563 1735 ma
593 1695 725 1746 mea,
751 1679 802 1734 in
830 1679 1054 1749 requiem
1080 1689 1241 1733 tuam.

2174 467 2297 536 quia
2327 463 2567 534 suscipio
2590 478 2651 517 ea
2678 479 2691 517 :
2715 461 2841 516 dico
2864 461 2918 515 in
2940 458 3135 513 alienis
3155 457 3427 526 peccatis,
3450 455 3634 511 Parce
3660 454 3832 511 mihi

2173 572 2336 615 servo
2375 568 2467 610 tuo
2502 574 2515 610 :
2549 555 2665 611 Hoc
2704 563 2887 609 autem
2932 565 3107 622 quare
3144 549 3293 605 dixi?
3323 549 3601 617 Quoniam
3660 549 3828 604 dixit

2176 651 2439 720 prOpheta
2476 646 2753 703 z-Placebo
2784 644 3034 700 Domino.
3090 643 3207 700 Non
3236 643 3398 709 dixit,
3434 643 3667 711 Placeo,
3706 642 3827 699 sed

2177 740 2410 812 placebo.
2441 740 2577 796 llinc
2599 739 2742 795 enim
2770 736 2917 808 quod
2944 736 3235 801 facio,non
3260 748 3486 804 possunt
3509 749 3644 790 esse
3676 750 3827 803 per-

2178 834 2574 905 fectusjustus.
2595 834 2890 903 Propterea
2923 830 3057 888 dicit
3079 838 3137 885 et
3160 829 3466 897 Apostolus
3488 848 3500 883 :
3523 828 3606 884 Ex
3634 838 3826 900 parte

2178 927 2583 998 cognoscimus,
2614 933 2672 980 et
2698 941 2761 979 ex
2795 937 2948 994 parte
2976 921 3398 993 prophetamus,
3429 933 3484 977 et
3514 937 3677 975 nunc
3704 935 3825 990 per

2178 1019 2464 1091 speculum
2496 1017 2744 1072 videmus
2775 1017 2827 1071 in
2856 1016 3145 1087 aaoigtnate
3169 1014 3212 1087 (l
3235 1014 3356 1069 Cor.
3382 1013 3529 1083 χιιι).
3558 1013 3820 1083 Ρι-οριε·

2179 1127 2268 1165 rea
2293 1126 2435 1165 nunc
2458 1110 2622 1180 longo
2646 1107 3009 1164 sermoneusi
3033 1122 3219 1161 sumus
3243 1125 3254 1158 :
3276 1106 3537 1178 quoniam
3564 1105 3617 1159 in
3652 1120 3818 1176 pra:-

2179 1202 2323 1259 .~euti
2355 1202 2557 1259 saeculo
2584 1204 2859 1272 perlectus
2884 1201 3063 1270 justus
3087 1216 3252 1256 netno
3282 1216 3407 1255 esse
3438 1209 3666 1271 potest,
3706 1215 3814 1255 ne-

2177 1313 2283 1365 quc
2314 1296 2504 1361 David,
2533 1310 2711 1363 neque
2735 1294 2989 1363 apostoli,
3015 1308 3193 1363 neque
3214 1291 3414 1362 aliquis
3437 1301 3807 1346 sanctorum.

2179 1389 2347 1444 Nemo
2370 1388 2514 1442 enim
2539 1384 2775 1442 mundus
2798 1400 2828 1440 a
2863 1393 3111 1456 peccato,
3137 1400 3239 1440 nec
3258 1384 3301 1439 si
3332 1384 3496 1438 unius
3527 1382 3645 1439 diei
3671 1382 3806 1439 fue-

2179 1482 2253 1537 rit
2280 1480 2389 1536 vita
2421 1481 2541 1553 ejus
2579 1478 2721 1553 (Job.
2761 1477 2881 1551 xv).
2915 1479 3199 1550 Siquidem
3241 1479 3475 1550 apostoli
3520 1487 3581 1535 et
3611 1479 3806 1536 sancti

2180 1592 2287 1632 non
2328 1576 2445 1631 ausi
2472 1584 2604 1632 sunt
2630 1575 2841 1639 dicere,
2870 1572 3055 1629 Sancti
3087 1588 3280 1628 sumus
3312 1591 3324 1627 :
3359 1587 3465 1628 nec
3503 1571 3628 1627 ausi
3665 1581 3806 1629 sunt

2181 1668 2386 1735 dicere,
2412 1668 2609 1724 Placeo
2632 1666 2761 1723 :sed
2787 1664 3140 1740 placebo.Qui
3166 1666 3217 1719 itt
3239 1663 3490 1720 futurum
3512 1665 3803 1722 sollicitus

552 1770 689 1839 Quia
719 1770 907 1843 eripuit
934 1770 1167 1824 animum
1196 1785 1361 1824 meant
1392 1769 1459 1847 de
1493 1776 1674 1822 morte.
1712 1765 1951 1823 Necdum
1983 1780 2075 1823 re-
2107 1771 2155 1832 Β
2179 1768 2281 1824 est,
2313 1759 2381 1815 de
2410 1760 2688 1831 prwterito
2710 1757 2853 1830 quod
2884 1774 2992 1813 non
3023 1758 3171 1824 fecit,
3204 1756 3525 1813 conﬁtetur.
3556 1755 3802 1812 Placebo

476 1864 575 1922 ditt
602 1866 654 1920 in
690 1864 1024 1935 paradisum,
1066 1873 1122 1920 et
1145 1864 1259 1936 jam
1296 1880 1355 1920 se
1394 1863 1449 1920 in
1484 1864 1830 1919 securitatem
1868 1861 2077 1918 redisse

478 1958 634 2015 dicit.
666 1954 1178 2024 Dixit,Convertere,
1208 1959 1384 2011 animo
1411 1974 1546 2024 mea,
1579 1958 1633 2011 in
1656 1957 1882 2028 requiem
1906 1964 2070 2023 tuam,

480 2063 539 2108 et
562 2053 720 2125 quasi
751 2067 977 2109 secutus
1009 2053 1171 2119 dicit,
1200 2053 1325 2124 quia
1351 2051 1540 2125 eripuit
1565 2052 1794 2105 animam
1821 2066 1985 2104 meam
2016 2049 2080 2105 de

480 2155 666 2201 morte.
708 2144 995 2213 Quomodo
1030 2145 1237 2214 eripuit
1277 2144 1513 2200 animam
1556 2157 1737 2215 meam
1780 2141 1846 2195 de
1876 2148 2075 2195 morte.

480 2239 592 2296 Pro
622 2254 709 2297 me
742 2252 935 2309 passus
964 2246 1048 2293 est
1074 2236 1214 2293 Deus
1243 2251 1416 2300 meus,
1444 2251 1540 2305 pro
1565 2249 1652 2289 me
1679 2232 1974 2288 cruciﬁxus
1995 2239 2080 2286 est

481 2335 624 2389 Deos
652 2347 829 2399 meus,
851 2341 907 2388 et
928 2330 1051 2385 dico
1083 2350 1094 2382 :
1122 2330 1220 2385 Ubi
1239 2339 1344 2395 est,
1375 2343 1547 2393 mors,
1577 2327 1805 2382 victoria
1830 2334 1917 2379 tua
1944 2341 1959 2391 ;
1987 2323 2076 2379 ubi

480 2436 596 2495 est,
630 2424 866 2491 inferne,
913 2423 1172 2496 stimulus
1215 2432 1341 2478 tuus
1389 2421 1546 2494 (Osee
1577 2435 1701 2486 stu;
1740 2418 1762 2474 l
1792 2417 1914 2473 Cor.
1945 2416 2079 2490 xv)?

483 2520 675 2575 Oculos
706 2533 848 2573 meos
873 2535 905 2573 a
936 2516 1200 2587 lacrymie.
1225 2514 1469 2581 Ploravi,
1500 2522 1558 2568 ιιι
1578 2505 1786 2569 rideaui
1809 2531 1821 2565 2
1847 2511 1957 2566 luxi
1976 2553 1992 2580 ,
2022 2519 2081 2565 ut

485 2613 540 2668 in
567 2613 967 2683 sempiternum
1004 2608 1289 2680 gaudeam.
1324 2606 1425 2675 Qui
1457 2607 1509 2662 in
1543 2605 1794 2687 praesenti
1827 2618 1933 2659 non
1965 2604 2081 2674 plo-

480 2715 597 2773 rat,
628 2704 681 2761 in
720 2705 902 2759 futuro
932 2700 1346 2773 lacrymahitur.
1379 2699 1531 2755 Beati
1568 2699 1712 2755 enim
1748 2697 1840 2768 qui
1868 2697 2077 2767 lugent,

482 2798 607 2869 quia
643 2796 744 2868 ipsi
774 2794 1209 2851 consolabuntur
1231 2793 1411 2867 (Matt.
1445 2791 1521 2863 v).
1552 2792 1876 2848 Econtrario
1896 2797 2079 2846 autem

482 2889 685 2945 dicitur
717 2905 731 2942 :
761 2887 889 2945 νωι
925 2886 1080 2943 vobis
1121 2886 1229 2957 qui;
1250 2884 1476 2952 ridetis,
1514 2883 1775 2954 quoniam
1804 2880 2085 2953 lugebitis.

487 2982 658 3040 Pedes
693 2998 831 3038 meos
857 2998 890 3036 a
923 2980 1102 3052 Ιαριιι.
1133 2980 1267 3050 Quia
1300 2996 1407 3037 non
1447 2986 1721 3036 steterunt
1757 2977 1922 3049 pedes
1971 2976 2081 3033 mei

484 3090 653 3144 super
681 3083 919 3145 petram,
942 3083 1231 3144 propterea
1261 3088 1401 3143 pene
1429 3072 1559 3128 moti
1585 3079 1712 3128 sunt
1740 3070 1907 3141 pedes
1935 3070 2077 3138 mei,

2184 1858 2404 1913 Domino
2427 1873 2445 1910 :
2474 1855 2573 1913 Ubi
2606 1854 2869 1927 placebo?
2891 1852 2921 1908 I
2926 1871 2958 1909 ιι
2981 1855 3189 1928 regione
3210 1854 3461 1908 vivorum.
3487 1853 3625 1909 Haec
3644 1854 3800 1909 enim

2182 1949 2333 2021 regio
2362 1958 2702 2006 mortuorum
2730 1956 2813 2003 est
2844 1964 2856 2000 ε
2880 1946 2985 2004 alia
3013 1954 3102 2002 est
3136 1954 3276 2002 terra
3306 1946 3583 2001 vivorum.
3610 1944 3801 2015 Siqui-

2181 2042 2304 2099 dem
2336 2053 2392 2098 et
2420 2040 2587 2098 David
2613 2042 2663 2095 in
2697 2039 2803 2096 hac
2835 2048 2979 2095 terra
3011 2048 3154 2109 erat,
3187 2048 3241 2094 et
3269 2053 3399 2094 vere
3429 2040 3484 2093 iu
3518 2048 3666 2093 terra
3700 2054 3796 2092 re-

2184 2135 2585 2206 promissionis,
2612 2133 2806 2203 dicens
2835 2149 2851 2188 :
2884 2130 3112 2187 Placebo
3139 2129 3362 2185 Domino
3391 2131 3447 2185 in
3473 2132 3692 2202 regione
3723 2131 3799 2183 ei-

2179 2245 2361 2284 t'orum.
2395 2244 2415 2283 :
2443 2226 2741 2284 confitetur
2769 2226 2907 2281 hanc
2931 2226 3210 2297 regionem
3236 2240 3343 2281 non
3364 2240 3488 2281 esse
3510 2224 3792 2292 vivorum,

2180 2319 2275 2374 sed
2305 2327 2671 2374 mortuorum.
2709 2317 2886 2372 Vultis
2915 2317 3056 2372 scire
3091 2331 3211 2388 qurc
3243 2326 3327 2370 est
3372 2315 3464 2372 illa
3516 2316 3673 2386 regio
3711 2317 3793 2370 vi-

2179 2412 2411 2468 Vorum?
2436 2410 2700 2468 Dominus
2725 2409 2855 2465 dicit
2885 2411 2935 2462 in
2961 2408 3260 2479 Evangelia
3284 2424 3298 2464 :
3328 2408 3468 2463 Deus
3482 2407 3789 2475 Abraham,

2181 2503 2323 2559 Deus
2349 2502 2524 2564 Isaac,
2553 2502 2692 2556 Deus
2720 2500 2909 2565 Jacob,
2938 2507 2995 2554 et
3021 2508 3175 2554 erant
3196 2499 3393 2554 mortui
3419 2498 3575 2571 (Luc.
3604 2498 3785 2569 sxm).

2184 2596 2248 2650 Et
2273 2594 2397 2665 quid
2426 2593 2708 2665 sequitur?
2738 2592 2904 2658 Deus,
2932 2592 3127 2661 inquit,
3158 2605 3266 2645 non
3294 2600 3381 2647 est
3412 2600 3784 2659 mortuorum,

2180 2688 2275 2743 sed
2304 2687 2573 2742 virm-um.
2594 2685 2763 2756 Igitur
2788 2696 2837 2740 et
2857 2684 3037 2757 justus
3058 2683 3185 2755 quid
3213 2683 3343 2738 dicit
3372 2702 3383 2735 :
3419 2682 3648 2739 Placebo
3678 2682 3783 2736 Do-

2180 2780 2319 2835 mino
2346 2780 2398 2834 in
2428 2779 2638 2854 regione
2657 2779 2910 2832 vivorum.
2936 2775 2994 2831 in
3021 2776 3240 2847 regione
3264 2774 3559 2841 Abraham,
3588 2774 3741 2831 Isaac
3764 2817 3781 2842 ,

2181 2881 2235 2930 ct
2264 2872 2435 2929 Jacob
2465 2871 2618 2945 (Luc.
2665 2872 2799 2941 rm).
2843 2870 2957 2926 Hoc
2984 2879 3066 2925 est
3086 2914 3099 2938 ,
3129 2869 3347 2940 quando
3378 2884 3505 2925 vere
3538 2868 3694 2925 fuero
3726 2868 3783 2924 in

2181 2968 2302 3023 sinu
2334 2966 2630 3033 Abraham,
2664 2974 2792 3020 tunc
2823 2963 3049 3031 placebo
3075 2962 3325 3018 Domino.

2714 3077 3039 3136 PSALMUS
3078 3075 3238 3134 CXV.

483 3182 623 3237 pene
654 3166 812 3223 εσυεί
857 3176 985 3223 sunt
1026 3180 1247 3239 gressus
1285 3167 1413 3221 mci.
1459 3165 1703 3224 Liberati
1747 3176 1874 3221 sunt
1905 3163 2079 3235 .pedes
2107 3153 2153 3221 C
2184 3175 2433 3231 Αιιειιιῑα.
2462 3173 2616 3228 nunc
2644 3172 2912 3243 psalmum
2946 3171 3131 3243 quinta
3162 3177 3219 3225 et
3260 3179 3420 3243 sexta
3458 3166 3628 3223 editio
3658 3182 3780 3243 cum

487 3261 591 3315 mei
620 3275 651 3314 a
679 3260 854 3330 lapsu.
882 3259 1097 3327 Quare?
1118 3258 1252 3327 Quia
1275 3274 1542 3316 conversa
1569 3270 1655 3315 est
1680 3259 1865 3315 anima
1884 3272 2001 3315 mea
2025 3258 2079 3314 in

485 3354 729 3423 requiem
762 3366 937 3407 suam.
985 3424 992 3433 ‘

560 3443 787 3500 Placebo
811 3459 988 3500 coram
1019 3444 1243 3500 Domino
1270 3446 1321 3499 in
1343 3446 1550 3517 regione
1576 3445 1825 3501 uirorum.
1854 3443 2082 3512 Videor,

488 3537 681 3608 inquit,
714 3537 1030 3592 hominibus
1053 3551 1176 3592 esse
1201 3537 1401 3606 justus,
1430 3551 1598 3607 quare
1622 3552 1783 3608 opt-ra
1811 3537 1948 3591 bona
1975 3552 2081 3591 non

491 3629 702 3686 habeo?
728 3630 932 3686 Videor
955 3631 1265 3685 hominibus
1294 3646 1416 3684 esse
1448 3638 1692 3691 sanctus.
1722 3645 1894 3701 quare
1917 3629 2087 3686 verba

494 3724 633 3779 bona
664 3738 774 3779 non
808 3725 1018 3781 habeo?
1058 3724 1187 3780 llaec
1217 3722 1386 3779 David
1426 3725 1557 3779 dicit
1587 3740 1602 3778 :
1634 3722 1738 3778 hoc
1778 3725 1955 3779 sancti
1999 3723 2086 3778 di-

491 3826 653 3885 cunt,
687 3817 792 3874 hoc
827 3817 1059 3887 apostoli
1091 3817 1402 3888 loquuntur
1436 3833 1447 3869 :
1483 3824 1739 3885 peccator
1786 3816 1932 3871 enim
1970 3814 2088 3872 haec

495 3926 602 3967 non
649 3912 908 3983 loquitur.
943 3911 1083 3979 Quid
1128 3911 1370 3982 loquitur
1407 3912 1622 3983 justus?
1652 3911 1786 3982 Quia
1823 3913 1990 3968 verba
2036 3918 2093 3970 et

496 4017 659 4071 opera
689 4003 831 4057 bona
860 4017 968 4059 non
1001 4004 1200 4069 habeo,
1234 4014 1288 4058 et
1318 4015 1539 4060 sanctus
1568 4002 1775 4071 videor,
1808 4014 1865 4060 et
1896 4002 2090 4061 laudor

496 4093 565 4149 ab
590 4093 929 4169 hominibus.
958 4096 1071 4167 Ego
1098 4108 1278 4153 autem
1311 4099 1432 4154 novi
1454 4097 1851 4154 conscientiam
1886 4112 2087 4155 meam.

496 4185 623 4241 Scio
642 4185 901 4257 qualibus
921 4186 1347 4258 cogitationibus
1369 4203 1466 4246 cor
1485 4204 1662 4247 meum
1691 4189 1917 4247 ﬂuctuat
1942 4208 1954 4242 :
1978 4190 2092 4245 scio

495 4289 715 4350 quanta:
740 4279 873 4335 mihi
900 4280 1154 4339 libidines
1175 4281 1421 4351 veniunt,
1454 4290 1512 4338 et
1535 4281 1696 4339 video
1722 4282 1884 4343 aliam
1917 4282 2092 4354 legem

497 4382 890 4443 repugnantem
920 4373 1091 4432 menti
1120 4390 1279 4442 meae,
1307 4383 1363 4430 et
1386 4376 1752 4443 captivantem
1786 4391 1873 4434 me
1892 4377 1946 4433 in
1977 4378 2094 4449 lego

501 4467 710 4538 peccati
733 4466 912 4535 (Rom.
930 4466 1029 4536 vtt)
1055 4486 1067 4524 :
1098 4478 1385 4539 propterea
1407 4467 1531 4523 dico
1551 4485 1566 4524 :
1589 4467 1751 4527 Miser
1773 4484 1875 4541 ego
1897 4470 2088 4538 homo,

2255 3238 2923 3315 superioribus'copulant
2955 3238 2971 3295 ἱ
3000 3238 3365 3314 Symmachus
3410 3254 3548 3295 vero
3587 3246 3643 3295 et
3680 3240 3782 3294 Se-

2257 3317 2536 3386 ptuaginta
2567 3318 2894 3385 interpretes
2924 3315 3197 3367 dividunt.

2254 3453 2486 3516 Credidi.
2513 3462 2720 3526 prapter
2740 3452 2878 3524 quod
2901 3452 3104 3507 locutus
3125 3466 3257 3505 sum.
3277 3447 3630 3526 Inliebraico
3652 3462 3780 3503 cen-

2187 3546 2409 3601 tesimus
2435 3524 2684 3603 decimus
2713 3552 2938 3613 quartus
2962 3541 3224 3612 psalmos,
3246 3549 3301 3596 et
3328 3524 3661 3595 centesimus
3679 3537 3777 3593 de-
3845 3585 3854 3592 .

2189 3638 2360 3691 cimus
2387 3635 2631 3706 quintus,
2668 3648 2805 3689 unus
2835 3646 2917 3689 est
2950 3634 3211 3703 psalmus.
3246 3630 3412 3702 Igitur
3441 3630 3592 3685 dixit
3622 3648 3633 3683 :
3660 3630 3781 3685 Cre-

2189 3728 2320 3791 didi,
2350 3737 2560 3798 propter
2586 3727 2725 3797 quod
2750 3725 2952 3782 locutus
2978 3742 3111 3781 sum.
3135 3723 3274 3793 Quid
3300 3722 3622 3778 credidisri?
3641 3721 3780 3791 quod

2189 3821 2401 3899 locutus
2429 3820 2525 3875 es?
2554 3820 2804 3875 Psalmus
2835 3818 2981 3889 prior
3009 3819 3077 3871 itu
3106 3816 3283 3873 ﬁnivit
3307 3835 3322 3871 :
3346 3816 3585 3872 Plat-cbo
3601 3832 3775 3871 coram

2194 3914 2421 3971 Domino
2453 3913 2505 3967 in
2544 3913 2768 3983 regione
2811 3911 3080 3967 vivorum.
3118 3911 3260 3968 Dicit
3303 3927 3435 3982 ergo
3476 3909 3726 3980 propheta
3759 3924 3776 3963 :

2192 4005 2440 4072 (Indidi,
2481 4015 2692 4078 propter
2739 4005 3121 4085 quod-locutus
3156 4021 3292 4061 sum.
3332 4003 3473 4073 Quid
3536 4000 3779 4060 credidi?

2191 4097 2456 4167 Quoniam
2476 4097 2706 4167 placebo
2725 4110 2910 4153 coram
2927 4095 3164 4153 Domino
3186 4097 3239 4152 in
3264 4096 3489 4166 regione
3514 4095 3777 4153 vivorum.

2194 4193 2307 4258 Hoc
2337 4192 2579 4257 credidi,
2613 4202 2665 4248 et
2694 4192 2796 4251 hoc
2830 4192 3044 4249 locutus
3076 4207 3220 4248 sum.
3249 4191 3390 4258 Quid
3423 4201 3607 4247 autem
3639 4190 3780 4246 locu-

2193 4294 2281 4342 tus
2309 4284 2474 4341 sum?
2504 4282 2620 4355 Ego
2665 4295 2843 4341 autem
2869 4283 3175 4343 humiliatus
3219 4300 3333 4338 sum
3370 4283 3549 4338 nimis.
3584 4282 3629 4337 υ
3669 4295 3778 4335 nta-

2191 4395 2297 4451 gna
2328 4378 2688 4450 intelligentia
2718 4378 2889 4437 divini
2947 4378 3249 4434 sermonis!
3275 4376 3529 4441 Credidi,
3582 4373 3774 4446 inquit,

2196 4473 2452 4544 quoniam
2495 4472 2729 4545 placebo
2774 4472 3036 4541 Domino,
3083 4472 3341 4542 quoniam
3384 4486 3483 4529 ero
3524 4470 3774 4541 angelos;

500 4559 623 4630 quis
645 4574 731 4615 me
760 4558 1016 4615 liberabit
1035 4561 1100 4615 de
1129 4574 1359 4635 corpore
1388 4562 1587 4621 mortis
1612 4561 1778 4633 hujus
1807 4539 2091 4636 (Ibidem)?
2119 4539 2173 4605 ι)
2199 4539 2459 4636 quoniam
2481 4539 2577 4621 ero
2604 4564 2660 4621 in
2687 4564 2864 4629 caelis,
2889 4573 2944 4619 et
2976 4539 3080 4621 non
3105 4539 3182 4618 iul
3210 4562 3479 4632 superbus
3505 4579 3516 4617 :
3543 4539 3648 4616 non
3668 4576 3777 4616 sum

502 4651 571 4710 Et
586 4664 877 4724 propterea
897 4652 1051 4709 dico:
1074 4653 1157 4709 Ab
1179 4653 1406 4710 occultis
1429 4654 1567 4715 meis
1589 4655 1788 4713 munda
1817 4671 1924 4725 me,
1951 4665 2006 4712 et
2024 4658 2095 4713 ab

498 4743 693 4800 alienis
720 4758 886 4814 parce
910 4759 1070 4799 servo
1097 4753 1190 4801 tuo
1212 4743 1384 4814 (Prol.
1412 4745 1589 4819 mn).
1620 4748 1702 4803 Ab
1730 4747 1950 4805 alienis.
1977 4748 2094 4811 Non

498 4846 584 4893 est
613 4853 792 4894 meum
818 4837 960 4910 quod
995 4838 1257 4907 parturio.
1290 4837 1428 4897 Nolo
1455 4841 1700 4911 cogitare
1729 4842 1895 4908 mala.
1926 4851 1981 4899 et
2000 4856 2095 4899 co-

496 4932 634 5005 gito.
659 4931 796 4990 Nolo
817 4933 1061 5004 cogitare
1094 4933 1325 5002 malum,
1353 4944 1403 4989 et
1433 4935 1590 5006 quasi
1614 4934 1813 4995 invitus
1836 4945 1893 4993 et
1922 4938 2094 5010 capti-

499 5039 600 5080 vus
631 5024 686 5079 in
716 5024 916 5081 malam
948 5024 1337 5097 cogitationem
1369 5024 1580 5083 trahor.
1613 5026 1719 5085 Sed
1750 5031 2006 5100 quoniam
2038 5029 2091 5087 in

502 5131 618 5173 mea
645 5125 918 5187 petestate
939 5133 1046 5173 non
1071 5129 1178 5183 est,
1204 5126 1295 5173 aut
1319 5117 1587 5188 cogitare,
1609 5128 1704 5177 aut
1724 5135 1831 5183 non
1854 5122 2096 5193 cogitare

502 5225 624 5282 quae
651 5218 778 5267 sunt
807 5211 946 5267 maia
983 5229 995 5264 :
1029 5220 1317 5282 propterea
1348 5211 1493 5280 dico,
1516 5212 1693 5273 aliena
1721 5214 1941 5286 quidem
1967 5224 2097 5279 sunt

500 5318 624 5376 qum
658 5304 962 5384 venittnrin
995 5320 1096 5362 cor
1132 5321 1336 5362 meum.
1367 5304 1478 5364 Sed
1507 5308 1764 5377 quoniam
1809 5312 1963 5380 quasi
1994 5327 2093 5368 ue-

496 5397 725 5455 cessitas
751 5398 882 5453 mihi
912 5398 1249 5470 imponitur:
1278 5408 1564 5470 propterea
1591 5400 1736 5466 dico,
1762 5400 1845 5458 Ab
1866 5404 2096 5463 occultis

569 5573 595 5604 ι
633 5562 893 5620 Notatum
920 5562 1258 5627 Martianteo,
1296 5564 1435 5620 hanc
1472 5579 1601 5620 mss.
1628 5565 1874 5623 codicum
1902 5567 2093 5622 lectio-

497 5651 621 5690 nem
652 5650 775 5690 esse
816 5649 918 5704 pro
956 5633 1184 5701 chazab,
1227 5646 1328 5697 nu
1357 5636 1499 5706 quod
1536 5635 1666 5693 edi;i
1704 5640 2083 5706 printer-ebant.

503 5706 719 5779 Esquo
753 5717 803 5760 et
848 5707 1131 5779 imperitia:
1163 5717 1513 5762 tractatorem
1554 5710 1696 5779 hunc
1742 5712 1951 5778 arguit,
1995 5713 2088 5779 qui

504 5777 748 5837 ultimam
796 5778 1060 5849 syllabam
1102 5779 1340 5838 nominis
1376 5787 1475 5841 :‘D
1517 5778 1745 5852 citauit,
1783 5777 2092 5841 confuderit

2198 4660 2408 4726 elatus,
2440 4657 2533 4715 sed
2565 4657 2889 4715 humiliatus
2931 4672 3052 4712 sum
3084 4657 3268 4713 nimis.
3298 4654 3567 4725 Quoniam
3599 4671 3692 4711 ero
3725 4653 3777 4708 in

2201 4754 2424 4824 regione
2454 4752 2722 4819 vivorum,
2748 4751 3145 4809 misericordia:
3172 4750 3387 4808 Domini
3415 4759 3524 4807 est.
3555 4748 3665 4820 Ego
3691 4764 3780 4802 au-

2201 4854 2307 4903 tem
2341 4845 2464 4901 novi
2489 4845 2895 4914 memetipsum,
2918 4845 3042 4914 quia
3076 4853 3220 4900 terra
3252 4858 3370 4901 sum
3393 4851 3451 4897 et
3470 4841 3628 4899 cinis.
3658 4840 3778 4895 Pro-

2202 4948 2388 5006 pterea
2418 4938 2540 4995 dico
2575 4957 2587 4992 :
2621 4937 2737 5012 Ego
2768 4948 2939 4994 autem
2968 4936 3276 4995 hurniliatua
3307 4953 3422 4993 sunt
3450 4936 3621 4993 nimie.
3652 4934 3777 5002 Quid

2199 5046 2381 5094 autem
2407 5044 2495 5093 est
2523 5045 2664 5092 terra
2690 5045 2745 5091 et
2767 5034 2949 5092 cinis?

2273 5128 2388 5203 Ego
2409 5139 2586 5184 autem
2605 5128 2714 5185 dixi
2743 5130 2799 5183 in
2833 5146 3044 5185 excessu
3072 5144 3183 5183 meo
3206 5143 3226 5183 τ
3258 5124 3442 5186 Omnia
3476 5125 3627 5181 homo
3646 5141 3777 5181 men-

2199 5221 2321 5279 dax.
2359 5222 2416 5280 In
2468 5223 2698 5279 Hebraeo
2726 5222 2891 5279 aliter
2934 5222 3118 5278 habet.
3166 5221 3280 5293 Ego
3321 5221 3435 5297 diei
3478 5221 3535 5275 in
3584 5236 3777 5276 excessu

2202 5333 2316 5374 meo
2344 5334 2362 5373 :
2389 5318 2571 5373 Omnis
2593 5318 2746 5372 homo
2766 5316 3091 5372 mendacium
3114 5330 3134 5370 :
3158 5314 3301 5385 quod
3329 5313 3564 5369 dicitur"
3596 5327 3776 5370 zscn.

2203 5410 2437 5469 Placebo
2464 5410 2693 5467 Domino
2719 5411 2774 5467 in
2818 5410 3043 5482 regione
3082 5408 3331 5464 vivorum
3360 5425 3372 5459 :
3405 5404 3503 5462 sed
3542 5420 3644 5477 ego
3674 5405 3780 5460 scio

2199 5585 2322 5644 cum
2354 5571 2531 5644 prima
2559 5572 2716 5628 vocis
2746 5571 3024 5643 sequentis
3052 5581 3144 5632 ﬁt:
3170 5586 3276 5644 ma,
3307 5568 3358 5624 id
3389 5576 3493 5644 (ἕξει
3521 5570 3646 5644 φέίά
3674 5587 3688 5622 -'
3714 5568 3783 5644 ἶν’

2198 5638 2379 5715 deque
2400 5643 2649 5715 eﬂ‘ecerit
2660 5638 2955 5715 dictionem
2982 5640 3275 5715 zecant.vel
3307 5638 3541 5707 zechnm,
3567 5640 3785 5713 legendo

2193 5728 2225 5774 ἓ
2251 5713 2418 5787 Capit,
2444 5729 2595 5787 pro:
2617 5713 2772 5771 Beth.
2804 5713 2936 5770 Vide
2962 5714 3181 5769 admon.
3218 5720 3482 5768 nostram.

3688 6264 3693 6265 ν
3702 6220 3950 6272 ηκμι--νει⁴
