3992 6300
216 303 352 361 “Si

1152 302 1579 359 llRE\'lARlUM
1616 302 1682 359 IN
1724 302 2063 362 PSALMOS.
2104 301 2356 357 PSALM.
2398 302 2557 359 CXV.

3377 304 3517 363 “8i

211 417 626 487 memetipsum,
648 416 952 473 secundum
979 415 1346 473 conditionem
1371 416 1646 487 corporis,
1675 416 1809 475 nihil
1836 421 1891 485 Α
1915 419 2142 490 gratiam
2175 418 2309 477 Dei:
2346 434 2455 475 non
2479 435 2601 476 sum
2632 420 2809 476 elatus
2842 421 2894 477 in
2922 421 3257 492 superbiam,
3291 434 3399 477 non
3430 434 3519 479 me

207 526 355 569 esse.
398 511 516 568 Non
557 520 644 568 est
680 513 827 570 enim
880 513 1084 570 veritas
1135 514 1188 567 in
1242 511 1549 567 sub-tantia
1587 520 1804 581 nostra,

209 603 309 661 sed
351 606 545 661 umbra
583 612 706 671 est,
765 616 818 661 et
856 605 1015 674 quasi
1055 604 1418 660 mendacium.
1458 603 1518 659 ln
1557 606 1809 661 substan-

207 698 284 756 tia
325 698 601 769 corporali
640 699 798 766 dico,
840 714 947 756 non
994 700 1049 755 in
1090 698 1293 755 animo.
1336 698 1403 754 Et
1441 698 1586 770 quod
1636 700 1807 769 dicit,

210 794 317 849 hoc
373 803 460 848 est
515 811 528 846 :
586 792 821 867 Place-bo
874 794 1105 850 Domino
1160 794 1213 850 in
1263 794 1484 865 regione
1532 796 1805 851 vivorum.

208 888 321 945 Sed
361 889 614 960 cogitans
654 888 945 943 humanam
985 889 1193 955 vitam,
1234 896 1290 944 et
1326 888 1683 943 considerans
1720 887 1804 942 di-

206 995 401 1035 Versus
458 993 724 1043 errores,
791 995 900 1034 non
966 981 1186 1035 invenio
1245 980 1527 1034 veritatem
1592 981 1643 1033 in
1706 980 1809 1033 hoc

205 1068 437 1126 mundo.
468 1068 749 1142 Siquidem
779 1086 844 1127 ex
880 1081 1031 1141 parte
1053 1070 1454 1142 cognoscimus,
1476 1080 1529 1127 et
1557 1086 1619 1126 ex
1657 1080 1808 1140 parte

205 1163 606 1234 prophetamus
654 1163 737 1233 (Il
777 1162 899 1219 Cor.
951 1163 1059 1236 xi).
1113 1165 1412 1235 Propterea
1464 1163 1586 1219 dico
1627 1182 1639 1216 :
1678 1161 1811 1218 0m-

208 1248 281 1310 lie
309 1254 456 1325 quod
493 1255 766 1323 videmus,
799 1270 963 1312 omne
988 1256 1131 1326 quod
1162 1255 1534 1327 intelligimus,
1581 1254 1806 1310 menda-

204 1349 353 1403 cium
382 1358 488 1404 est.
526 1347 811 1417 Quomodo
840 1348 1007 1419 igitur
1037 1350 1377 1406 mendacium
1411 1352 1532 1404 eSt'!
1585 1347 1806 1404 Menda-

202 1439 350 1495 tium
407 1438 498 1497 hic
545 1440 719 1507 dixit,
766 1443 921 1512 quasi
957 1442 1225 1507 umbram,
1256 1443 1412 1513 quasi
1467 1441 1801 1513 imaginem:

199 1533 669 1605 quemadmodum
698 1534 896 1593 dicitur
927 1536 983 1591 in
1004 1536 1112 1592 alio
1142 1537 1292 1592 loco:
1330 1537 1716 1591 Verumtamen
1750 1537 1804 1593 iu

199 1626 443 1696 imagine
468 1628 797 1697 pertransiet
831 1628 993 1684 homo
1016 1627 1194 1698 (Paul.
1222 1628 1472 1699 xxxvm).
1497 1627 1695 1684 Eadem
1723 1627 1805 1683 in-

197 1718 502 1788 telligentia
551 1728 609 1774 et
657 1734 801 1774 nunc
828 1719 1058 1775 dicitur:
1111 1722 1290 1776 omnis
1332 1720 1495 1775 homo
1543 1720 1801 1789 mendax,

1915 512 2121 569 inﬂavit
2158 511 2378 568 notitia.
2401 510 2508 569 Sed
2529 512 2659 584 quid
2692 511 2836 568 feci?
2863 511 3191 569 Humiliatus
3205 528 3322 568 sum
3343 512 3521 573 nimis.

1911 606 2115 663 Tamen
2153 605 2298 675 quod
2324 604 2485 660 docui
2512 619 2791 671 sermone,
2818 605 2969 675 potui
2997 616 3050 662 et
3078 604 3384 663 humilitate
3414 604 3518 661 do-

1911 713 2053 754 cere.
2082 698 2195 770 Ego
2222 699 2330 754 dixi
2362 699 2415 753 in
2452 715 2664 757 excessu
2694 714 2806 755 meo
2825 717 2844 756 :
2876 699 3061 755 armis
3085 701 3240 756 homo
3269 700 3516 757 mendam.

1912 789 2206 855 Docebam,
2238 790 2429 860 inquit,
2462 790 2792 860 discipulum
2822 807 3023 856 meum,
3057 801 3114 847 et
3153 791 3516 851 considerans

1910 883 2425 951 contemplationem
2483 885 2792 951 caelestem,
2826 895 2881 941 et
2924 887 3168 957 cogitans
3206 885 3510 942 diviniora:

1909 976 2156 1032 intellexi
2187 991 2348 1032 omne
2377 977 2520 1047 quod
2566 977 2730 1034 homo
2758 979 2944 1046 novit,
2975 994 3100 1035 esse
3139 980 3505 1057 mendacium.

1909 1070 2047 1138 Quid
2091 1070 2237 1129 enim
2270 1072 2515 1127 veritatis
2539 1082 2717 1142 potest
2738 1088 2863 1129 esse
2901 1074 2955 1127 in
2986 1073 3090 1129 hoc
3120 1073 3320 1145 mundo
3341 1115 3357 1141 ,
3384 1090 3511 1133 cum

1911 1163 2100 1218 umbra
2128 1164 2198 1218 sit
2225 1164 2336 1221 vita
2361 1172 2548 1218 nostra
2576 1179 2745 1234 super
2777 1164 3022 1220 terram?
3047 1164 3103 1221 Si
3129 1180 3259 1237 ergo
3284 1166 3377 1238 qui
3405 1166 3511 1222 do-

1910 1263 1999 1310 cet
2023 1254 2375 1325 discipulum,
2397 1256 2693 1311 eontitelur
2713 1256 2855 1327 quod
2886 1256 3064 1311 omnis
3088 1256 3250 1312 homo
3276 1257 3514 1319 mendax

1910 1356 2029 1401 est:
2062 1358 2264 1419 quanto
2295 1348 2466 1419 magis
2488 1347 2786 1419 discipulus
2819 1364 2924 1403 non
2950 1348 3113 1403 debet
3139 1363 3197 1403 se
3219 1348 3509 1421 extollere,

1908 1449 1959 1493 et
1992 1440 2265 1495 aestimare
2282 1455 2343 1496 se
2372 1439 2578 1511 aliquid
2606 1439 2768 1495 esse?
3303 1497 3307 1500 ,

1983 1530 2123 1599 Quid
2148 1531 2424 1589 retribuam
2456 1529 2704 1611 Domino"
2753 1547 2851 1605 pro
2874 1532 3106 1589 omnibus
3133 1548 3251 1604 qua:
3271 1532 3508 1593 retribuit

1907 1624 2067 1678 mihi?
2090 1625 2357 1693 Quoniam
2388 1624 2549 1690 dixit,
2580 1624 2809 1695 placebo
2843 1625 3071 1681 Domino
3102 1626 3152 1680 in
3175 1625 3395 1697 regione
3421 1625 3509 1685 vi-

1906 1735 2120 1784 vorum,
2153 1728 2210 1775 et
2238 1719 2340 1777 hoc
2372 1720 2547 1790 ipsum
2575 1717 2781 1776 credidi
2812 1763 2826 1786 ,
2875 1729 3094 1788 propter
3123 1718 3264 1789 quod
3296 1719 3509 1778 loculus

195 1812 304 1868 hoc
327 1824 434 1880 est,
459 1813 638 1869 omnis
665 1814 828 1869 homo
846 1814 1063 1869 umbra.
1101 1813 1213 1869 Iloc
1243 1823 1424 1870 autem
1454 1813 1686 1869 dicimus
1714 1829 1802 1868 se—
1832 1816 1878 1876 Β
1905 1827 2047 1880 sum,
2092 1822 2145 1868 et
2178 1812 2492 1867 humiliatus
2525 1826 2642 1867 sum
2670 1810 2858 1875 nimis,
2888 1820 2941 1867 et
2967 1809 3104 1875 dixi,
3131 1809 3307 1867 omnis
3341 1810 3506 1869 homo

189 1906 435 1962 cundum
466 1906 786 1963 Hebraieam
819 1908 1124 1963 veritatem.
1174 1907 1484 1979 Loquamur
1515 1914 1694 1961 autem
1738 1913 1795 1961 et

186 1998 494 2057 secundum
522 2001 880 2072 Septuaginta
910 2000 1269 2070 interpretes.
1332 2000 1481 2055 Dicat
1525 2000 1667 2054 enim
1696 1999 1798 2053 ali-

189 2092 344 2162 quis,
379 2092 511 2163 quid
540 2093 609 2149 ad
649 2108 735 2148 me
780 2092 910 2164 quid
942 2093 1209 2150 habeatur
1254 2095 1304 2148 in
1333 2092 1647 2148 llebraico?
1696 2107 1798 2163 ego

191 2185 502 2240 Eeclesiam
529 2200 751 2255 sequor.
793 2182 906 2257 Ego
955 2184 1069 2239 dixi
1113 2186 1164 2239 in
1189 2201 1400 2241 excessu
1428 2200 1543 2238 meo
1567 2201 1585 2238 :
1615 2182 1799 2240 Omnia

190 2278 353 2331 homo
384 2277 628 2333 mendax.
673 2276 875 2332 Verum
908 2277 1042 2332 dicit
1072 2277 1267 2338 David.
1300 2293 1367 2331 an
1414 2279 1697 2333 mentitur.
1738 2277 1795 2335 Si

187 2387 385 2429 verum
408 2382 515 2439 est,
554 2371 734 2426 omnis
761 2374 928 2427 homo
959 2371 1216 2439 mendax,
1247 2382 1302 2427 et
1328 2372 1429 2426 hoc
1458 2372 1599 2443 quod
1642 2373 1792 2441 dicit,

191 2466 366 2519 omnis
389 2464 542 2519 homo
568 2465 812 2526 mendax,
866 2478 1056 2519 verum
1088 2476 1194 2529 est,
1218 2480 1349 2534 ergo
1373 2473 1427 2520 et
1456 2464 1572 2535 ipse
1601 2466 1797 2520 menti—

185 2567 309 2628 tur,
339 2557 466 2628 quia
506 2564 563 2612 et
590 2558 704 2627 ipse
737 2557 901 2612 homo
922 2567 1027 2613 est.
1053 2558 1113 2614 Si
1162 2568 1341 2613 autem
1367 2566 1422 2613 et
1451 2556 1567 2625 ipse
1598 2558 1796 2612 menti-

184 2661 303 2716 tur,
333 2663 465 2720 ergo
492 2648 596 2703 hoc
624 2647 767 2718 quod
797 2648 960 2716 dixit,
999 2648 1181 2704 Omnis
1214 2649 1366 2703 homo
1406 2649 1649 2714 mendax,
1683 2666 1791 2705 non

186 2753 282 2801 est
331 2757 543 2799 verum.
587 2742 946 2813 Quocumque
966 2743 1219 2809 verteris,
1254 2745 1306 2797 in
1337 2744 1672 2798 contrarium
1706 2759 1795 2799 re-

181 2840 291 2895 nit.
332 2838 392 2892 Et
418 2838 669 2908 quoniam
702 2836 818 2907 ipse
843 2836 1004 2893 homo
1034 2846 1149 2899 est,
1183 2851 1317 2907 ergo
1347 2837 1462 2903 ipse
1496 2836 1788 2900 mentitur;

177 2918 332 3001 quod
348 2931 527 2985 omnis
544 2930 707 2984 homo
722 2930 957 2984 mendax
974 2938 1073 2985 est.
1098 2929 1356 2999 Ergoalio
1373 2944 1574 2998 genere
1594 2930 1790 2983 menti-

180 3033 297 3077 tur.
314 3020 522 3077 Videtis
538 3035 694 3092 ergo,
711 3022 833 3092 quia
847 3022 1138 3093 syllogismi
1162 3028 1287 3075 stunt
1310 3021 1783 3090 philosophorum.

180 3116 436 3186 Denique
466 3115 767 3171 secundum
783 3115 926 3170 hanc
947 3116 1269 3171 sententiam
1304 3116 1504 3170 texitur
1535 3115 1782 3185 syllogis-

1914 1902 2292 1958 mendacium:
2346 1903 2530 1959 omnis
2582 1903 2747 1959 homo
2811 1902 3041 1965 umbra.
3088 1903 3269 1958 omnis
3340 1902 3506 1961 homo

1909 1995 2130 2065 imago?
2156 2011 2255 2067 pro
2288 1994 2456 2051 tantis
2479 1994 2786 2060 beneﬁciis,
2808 1996 3007 2077 quibus
3030 1996 3261 2067 placebo
3276 1996 3505 2053 Domino

1906 2087 1957 2141 in
1988 2088 2207 2157 regione
2228 2088 2497 2152 vivorum,
2529 2086 2656 2157 quid
2683 2087 2858 2142 habeo
2888 2087 3107 2158 dignum
3140 2088 3279 2157 quod
3304 2087 3381 2143 illi
3414 2102 3503 2147 re-

1905 2182 2178 2236 tribuam?
2232 2183 2342 2251 ligo
2374 2191 2516 2237 terra
2541 2196 2687 2248 sum,
2721 2196 2822 2251 ego
2852 2181 2992 2235 cinis
3042 2196 3159 2235 sum
3188 2197 3202 2234 :
3253 2180 3503 2252 promisit

1902 2272 2057 2338 mihi,
2086 2273 2209 2343 quia
2236 2273 2464 2344 placebo
2490 2274 2569 2330 illi
2599 2274 2652 2328 in
2684 2273 2905 2345 regione
2936 2274 3186 2329 vivorum
3211 2292 3223 2327 :
3255 2273 3383 2329 fecit
3411 2289 3499 2333 me

1901 2367 2242 2436 magistrum.
2280 2363 2511 2432 Credidi,
2547 2376 2760 2439 propter
2801 2365 2942 2438 quod
2965 2367 3166 2421 locutus
3193 2382 3325 2421 sum.
3359 2363 3503 2433 Quid

1903 2460 2080 2515 habeo
2127 2460 2372 2529 dignum,
2414 2459 2556 2532 quod
2612 2460 2688 2514 illi
2724 2476 2821 2531 pro
2850 2460 3025 2514 tantis
3042 2457 3321 2515 beneﬁciis
3343 2458 3503 2515 retrin

1900 2553 2096 2608 buam?
2123 2555 2514 2626 Quodcumque
2537 2554 2612 2609 illi
2633 2554 2860 2621 dedero,
2894 2553 3064 2624 ipsius
3089 2562 3195 2613 est.
3241 2562 3292 2607 et
3324 2556 3499 2625 magis

1902 2643 1979 2698 illi
2015 2644 2188 2701 reddo
2231 2661 2391 2717 quam
2422 2646 2589 2700 dono.
2627 2646 2768 2700 Nihil
2799 2644 2946 2701 aliud
2977 2645 3150 2701 habeo
3178 2690 3191 2716 ,
3221 2645 3366 2718 quod
3396 2646 3500 2718 ipsi

1896 2744 2213 2811 retribuam,
2243 2744 2344 2801 nisi
2373 2758 2474 2815 pro
2504 2743 2623 2813 ipso
2652 2744 2966 2814 sanguinem
2993 2742 3238 2811 fundam,
3271 2743 3370 2798 nisi
3401 2757 3500 2815 pro

1897 2836 2015 2905 ipso
2045 2846 2252 2906 martyr
2282 2838 2530 2890 existatn.
2566 2836 2692 2891 Hmc
2733 2843 2819 2891 est
2843 2836 2958 2890 sola
2990 2836 3277 2892 retributio
3308 2836 3499 2909 digna,

1895 2946 1991 2999 pro
2050 2929 2314 3000 sanguine
2366 2931 2686 3000 sanguinem
2746 2929 3099 2995 retribuere,
3176 2941 3234 2984 ut
3283 2930 3499 2986 liberati

1893 3040 1921 3077 a
1947 3023 2250 3089 Salvatore,
2282 3038 2379 3091 pro
2412 3022 2697 3078 Salvatore
2750 3022 2986 3077 libenter
3024 3022 3342 3093 sanguinem
3373 3037 3501 3093 pro-

1900 3113 2207 3169 fundamus.

178 3222 308 3263 mus
325 3207 915 3279 Aristotelis.Denique
933 3216 987 3261 tu
1005 3208 1432 3277 diciszLoquere
1446 3207 1510 3262 ad
1525 3209 1754 3262 alterum
1776 3198 1862 3262 πίε
1970 3205 2193 3261 Calicem
2220 3205 2467 3261 salutaris
2497 3205 2775 3278 accipiam,
2807 3215 2851 3259 et
2888 3221 3073 3259 nomen
3101 3203 3310 3259 Domini
3347 3205 3497 3260 ἰηυοι

177 3303 222 3356 si
241 3300 519 3368 mentiris,
538 3313 589 3356 et
618 3300 964 3357 verumdieis
986 3301 1128 3372 quod
1155 3300 1405 3356 mentiris
1425 3320 1434 3353 :
1454 3316 1585 3371 ergo
1598 3301 1791 3357 menti-

179 3395 279 3450 ris.
308 3392 498 3449 Videte
524 3393 798 3464 quoumdo
815 3395 868 3448 in
889 3395 1221 3449 contrarium
1251 3394 1476 3448 vertitur
1500 3394 1789 3449 sententia.

177 3484 328 3556 Quid
359 3485 504 3542 enim
534 3484 665 3541 dicit
693 3503 703 3539 :
729 3486 774 3542 Ο
805 3496 859 3541 ιιι
892 3489 982 3555 qui
1017 3502 1229 3541 mecum
1261 3486 1498 3557 loqueris
1526 3504 1537 3538 :
1566 3489 1609 3539 si
1641 3501 1795 3540 men.

179 3581 329 3646 tiris,
368 3588 423 3634 et
442 3593 633 3635 verum
658 3578 796 3635 dicis
826 3578 931 3635 hoc
955 3578 1132 3648 ipsum
1164 3579 1305 3651 quod
1335 3579 1616 3634 momiris:
1661 3593 1793 3645 ergo

178 3671 457 3738 mentiris,
480 3681 538 3729 et
561 3674 614 3726 in
629 3672 821 3727 eodem
852 3687 1110 3728 sermone
1140 3675 1216 3738 lit,
1250 3683 1509 3729 utvernm
1542 3675 1709 3738 dicat,
1736 3684 1792 3730 et

179 3766 506 3819 mentiatur.
535 3762 833 3831 PrOpterea
862 3764 1059 3818 lectum
1078 3772 1165 3820 est
1186 3766 1238 3818 in
1259 3764 1521 3835 Apostolo
1540 3781 1551 3817 :
1573 3764 1788 3830 Videte,

178 3869 249 3910 ne
282 3854 405 3925 quis
434 3867 533 3909 vos
558 3853 795 3924 decipiat
818 3869 913 3926 per
944 3854 1343 3926 philosophiam
1383 3865 1438 3911 et
1466 3871 1661 3911 vanam
1694 3856 1793 3911 de-

176 3945 496 4016 ceptionem
543 3944 829 4002 hominum
859 3989 874 4014 ,
926 3947 1222 4002 secundum
1279 3948 1546 4003 elementa
1602 3947 1788 4005 mundi

178 4037 526 4110 (601033.11).
568 4037 904 4095 Invenerunt
955 4041 1100 4095 enim
1159 4039 1462 4110 philosnphi
1520 4055 1649 4095 suas
1695 4040 1788 4096 de,

176 4130 467 4202 ceptiones
507 4146 577 4186 ex
617 4130 837 4204 prepria
868 4142 1017 4187 arte:
1062 4132 1335 4203 quomodo
1366 4132 1419 4187 in
1448 4132 1644 4188 eodem
1672 4146 1789 4188 ser-

173 4239 370 4293 mone,
400 4232 459 4280 et
488 4239 617 4281 vera
644 4225 770 4297 quis
818 4226 985 4291 dicat,
1014 4239 1069 4283 et
1093 4228 1413 4283 mentiatur.
1443 4227 1552 4283 Nos
1599 4237 1782 4291 autem

175 4321 433 4376 dicamus
460 4320 627 4377 David
648 4336 776 4377 vera
808 4321 1035 4389 dixisse,
1067 4323 1210 4393 quod
1239 4323 1415 4378 omnis
1445 4324 1610 4379 homo
1632 4339 1787 4380 men.-

176 4412 312 4467 dax.
341 4410 611 4481 Quamdiu
662 4412 912 4470 homines
937 4429 1156 4481 sumus,
1184 4415 1512 4470 mentimur:
1566 4416 1786 4486 quando

176 4515 369 4561 autem
425 4505 690 4563 fuerimus
712 4506 828 4574 dii,
886 4507 1187 4564 desinimus
1219 4509 1459 4564 mentiri.
1490 4508 1590 4566 Ubi
1632 4493 1778 4565 enim

1896 3299 2042 3354 cubo.
2088 3299 2143 3354 ln
2176 3299 2440 3355 llebraico
2468 3299 2538 3351 ita
2572 3296 2769 3351 habet:
2797 3295 3023 3351 Calicem
3053 3294 3184 3350 Iesu
3214 3296 3494 3368 accipiam.

1899 3394 2011 3448 lloc
2043 3394 2218 3463 ip~um
2250 3404 2297 3445 et
2331 3392 2572 3464 Angelus
2602 3394 3007 3459 interpretatur.
3039 3391 3103 3445 Et
3128 3390 3347 3447 vocabis
3398 3405 3498 3446 no—

1894 3500 2016 3539 men
2048 3487 2164 3552 eju..
2191 3482 2378 3538 Jesum
2414 3481 2566 3554 (Luc.
2596 3480 2679 3551 l)‘.
2713 3484 2826 3551 ipse
2858 3481 3007 3539 enim
3054 3481 3285 3537 salvabit
3327 3496 3497 3553 popu-

1899 3580 2010 3634 lum
2058 3594 2236 3632 suum.
2271 3580 2509 3635 Calicem
2560 3592 2692 3650 ergo
2732 3580 2861 3633 Jesu
2918 3578 3205 3648 accipiam.
3240 3578 3369 3645 Quis
3411 3584 3504 3635 cst

1892 3674 1995 3729 iste
2025 3675 2163 3729 calix
2202 3673 2370 3731 Jesu't
2399 3672 2579 3740 Pater,
2622 3673 2666 3728 si
2697 3673 2957 3743 possibile
2988 3681 3094 3737 est,
3119 3680 3361 3727 transeat
3394 3670 3497 3728 iste

1892 3766 2034 3820 calix
2063 3783 2090 3817 a
2122 3781 2208 3819 me
2241 3764 2397 3837 (Luc.
2426 3765 2581 3836 xxtt).
2617 3764 2685 3819 Et
2718 3764 2973 3834 potestis,
3012 3763 3216 3835 inquit,
3266 3763 3495 3818 calicem

1893 3875 2073 3915 meum
2122 3859 2351 3915 bibere?
2379 3860 2443 3912 Et
2482 3858 2749 3913 continuo
2777 3856 3055 3927 sequitur:
3114 3855 3347 3912 Calicem
3371 3854 3493 3926 qui-

1891 3953 2013 4008 dem
2062 3967 2241 4008 meum
2291 3951 2485 4009 hibetis
2527 3948 2745 4024 (Martii.
2774 3950 2886 4021 xx).
2921 3948 3037 4007 Hoc
3091 3960 3271 4005 autem
3325 3963 3494 4020 quare

1891 4045 2034 4101 dixi?
2067 4044 2134 4101 Ut
2177 4043 2537 4114 intelligamus
2569 4042 2794 4098 calicem
2850 4041 3119 4113 passionis
3165 4041 3489 4114 martyrium

1890 4152 2030 4194 esse.
2063 4136 2293 4193 Grandis
2322 4151 2409 4191 res
2439 4144 2523 4190 est
2570 4136 2915 4208 martyrium.
2951 4134 3240 4201 Quomodo
3269 4133 3491 4204 grandis

1889 4235 2017 4292 res?
2045 4234 2310 4304 Quoniam
2360 4232 2619 4289 retribuit
2647 4231 2878 4287 Domino
2902 4229 3046 4301 quod
3079 4229 3286 4299 accepit
3319 4246 3348 4283 a
3383 4230 3491 4285 Do-

1890 4328 2059 4385 mino.
2094 4326 2348 4383 Christus
2380 4342 2479 4398 pro
2510 4324 2633 4394 ipso
2662 4339 2854 4396 passus
2879 4336 2986 4391 est,
3015 4331 3071 4379 et
3124 4322 3213 4381 ille
3242 4339 3340 4394 pro
3393 4339 3495 4379 no-

1889 4422 2036 4477 mine
2080 4420 2248 4492 ipsius
2297 4419 2521 4489 patitur.
2551 4418 2817 4488 Quoniam
2846 4415 3085 4472 diximus
3112 4415 3253 4487 quod
3286 4414 3525 4491 martyr'

1889 4513 2020 4569 nihil
2053 4513 2198 4569 aliud
2255 4513 2421 4569 habet
2460 4513 2603 4587 quod
2637 4511 2904 4567 retribuat
2935 4509 3186 4579 Domino,
3222 4519 3279 4565 et
3312 4508 3496 4566 Domi-

175 4608 315 4655 sunt
353 4598 736 4657 mmulationes
764 4607 822 4656 et
844 4602 1226 4657 contentiones
1259 4603 1312 4657 in
1342 4601 1499 4659 vobis
1523 4641 1540 4667 ,
1596 4588 1781 4661 nonne
1812 4592 1862 4655 D
1888 4624 1991 4667 nus
2029 4615 2312 4689 computat
2342 4608 2420 4665 illi
2452 4622 2550 4677 pro
2576 4607 2861 4678 qualitate,
2914 4606 3170 4676 quoniam
3193 4605 3341 4660 videi
3369 4620 3493 4662 scr-

176 4689 437 4747 homines
480 4690 657 4758 estis,
709 4700 764 4747 et
806 4691 1103 4748 secundum
1160 4693 1434 4750 hominem
1489 4695 1784 4751 ambulatis

174 4783 222 4858 (Ι
240 4781 370 4838 Cor.
406 4784 527 4852 in)?
553 4785 666 4857 Ego
690 4784 824 4855 dixi,
871 4785 945 4842 dii
966 4787 1122 4854 estis,
1147 4797 1201 4842 et
1226 4787 1320 4843 lilii
1343 4788 1543 4845 excelsi
1567 4803 1781 4846 omnes.

179 4878 297 4934 Vos
322 4887 503 4934 autem
531 4877 671 4936 sicut
698 4878 948 4937 homines
991 4883 1326 4952 moriemini,
1370 4894 1427 4940 et
1464 4885 1607 4942 sicut
1642 4898 1784 4941 ιιιιιιι

177 4973 255 5030 de
304 4972 640 5043 principibus
694 4974 902 5032 cadetis
931 4976 1112 5043 (Paul.
1146 4980 1352 5043 Lxxxt).
1385 4978 1441 5036 Si
1473 4980 1594 5051 quis
1618 4981 1784 5052 igitur

178 5076 413 5122 sanctus
440 5076 547 5136 est,
600 5067 744 5124 Deus
773 5067 1028 5137 efﬁcitur,
1081 5079 1135 5126 et
1165 5072 1382 5142 quando
1426 5073 1595 5127 factus
1621 5072 1784 5130 fuerit

180 5158 355 5225 Deus,
377 5157 573 5214 desinit
606 5175 730 5216 esse
754 5160 1005 5228 homo,et
1019 5162 1131 5234 jam
1153 5166 1434 5221 mentitur.
1463 5166 1603 5233 Quid
1634 5169 1780 5223 enim

175 5244 313 5307 dicit
343 5261 400 5308 et
422 5253 753 5323 Apostolus?
795 5255 891 5311 Est
917 5266 1097 5314 autem
1127 5257 1308 5313 omnis
1338 5258 1500 5313 homo
1527 5259 1781 5329 mendax,

181 5343 332 5401 Deus
353 5355 541 5403 autem
571 5362 736 5405 verax
767 5347 954 5421 (Rom.
984 5347 1095 5425 ιιι).
1130 5351 1558 5424 interpretemur
1583 5353 1780 5411 aliter:

182 5435 434 5506 Credidi,
483 5448 692 5512 propter
713 5441 852 5512 quod
876 5442 1076 5499 locutus
1099 5460 1233 5499 sum.
1287 5444 1782 5518 Magister‘quando

179 5528 342 5586 docet
396 5529 751 5607 discipulum,
785 5534 890 5592 nisi
935 5536 1086 5607 prior
1132 5537 1250 5608 ipse
1287 5538 1588 5595 crediderit
1637 5539 1781 5611 quod

180 5621 364 5691 docet,
392 5638 502 5679 non
532 5632 710 5695 potest
739 5626 970 5683 alterum
1016 5628 1231 5691 docere.
1263 5629 1404 5691 Dicit
1429 5646 1560 5703 ergo
1586 5647 1643 5687 se
1672 5633 1783 5703 pri-

184 5728 333 5771 mum
366 5713 696 5785 credidisse,
768 5725 826 5775 et
876 5718 959 5779 sic
984 5721 1149 5781 alium
1190 5722 1409 5783 docere.
1443 5723 1556 5798 Ego
1607 5737 1781 5791 autem

182 5802 491 5869 humiliatus
544 5823 657 5862 sum
706 5808 881 5863 nimia.
924 5810 1150 5880 Quando
1180 5824 1360 5873 autem
1393 5818 1620 5892 adeptus
1659 5836 1781 5883 sum

1887 4721 2013 4763 vum
2062 4719 2218 4763 suum
2268 4700 2400 4763 nihil
2454 4701 2597 4757 aliud
2646 4701 2849 4755 habere
2893 4698 3037 4770 quod
3089 4696 3358 4754 retribuat
3413 4698 3489 4761 ei,

1885 4798 2026 4868 Quid
2076 4798 2224 4859 enim
2270 4795 2451 4851 simile
2481 4793 2599 4849 est?
2633 4793 2775 4849 Deus
2799 4808 2900 4863 pro
2942 4789 3256 4847 hominibus
3298 4804 3493 4859 passus

1885 4900 1993 4957 est,
2028 4887 2291 4947 Dominus
2321 4902 2420 4963 pro
2442 4900 2625 4952 servo,
2654 4885 2835 4957 justus
2889 4898 2991 4956 pro
3022 4888 3331 4952 peccatore.
3357 4882 3491 4951 Qua:

1889 4982 2216 5057 aequalitas?
2262 4980 2370 5038 Sed
2430 4977 2691 5050 quoniam
2724 4977 2855 5033 nihil
2906 4976 3051 5032 aliud
3085 4974 3251 5035 habet
3296 4991 3491 5037 servus

1887 5074 2031 5149 quod
2081 5072 2353 5130 retribuat
2405 5071 2668 5127 Domino:
2722 5069 2866 5125 Deus
2920 5068 3077 5139 quasi
3122 5068 3363 5123 clemens
3392 5083 3491 5139 pro

1889 5168 2083 5242 aequali
2124 5166 2323 5238 accipit
2354 5165 2697 5240 martyrium.
2721 5163 2887 5233 Quasi
2919 5161 2966 5219 si
2988 5162 3110 5235 quis
3140 5162 3291 5219 dives
3323 5178 3489 5233 pave-

1888 5263 1959 5319 rit
1987 5261 2223 5333 aliquem
2249 5274 2576 5333 pauperem:
2609 5256 2858 5314 evenerit
2877 5265 3057 5311 autem
3079 5252 3329 5311 eumdem
3354 5253 3493 5315 divi-

1890 5365 1995 5412 tem
2031 5355 2215 5413 venire
2243 5368 2365 5410 cum
2389 5367 2485 5409 sua
2511 5350 2738 5421 latonia,
2761 5360 2816 5405 et
2829 5349 3011 5405 veniat
3036 5363 3166 5404 casu
3188 5350 3237 5403 in
3261 5348 3484 5411 domum

1887 5447 2144 5519 pauperis
2167 5455 2223 5503 et
2254 5459 2360 5502 non
2386 5444 2587 5499 habeat
2618 5457 2821 5515 pauper
2850 5440 2994 5513 quod
3024 5441 3099 5499 illi
3142 5451 3403 5513 apponat,
3432 5450 3489 5501 et

1890 5542 2337 5614 familiaeipsius,
2363 5549 2420 5597 et
2447 5539 2627 5594 solum
2680 5536 2759 5592 illi
2798 5537 2966 5603 dicat,
2998 5536 3137 5599 intra
3166 5536 3217 5595 in
3261 5536 3486 5599 donmtn

1892 5636 2105 5693 clientis
2138 5634 2215 5691 tui
2239 5678 2253 5704 ,
2303 5643 2356 5689 et
2403 5629 2658 5689 ostendat
2682 5629 3038 5697 voluntatem,
3063 5627 3320 5699 quoniam
3346 5625 3486 5695 nihil

1891 5729 2037 5785 aliud
2072 5728 2239 5784 habet
2268 5726 2413 5799 quod
2456 5725 2587 5789 det,
2640 5732 2695 5779 et
2741 5723 2863 5795 plus
2895 5722 3060 5779 faciat
3087 5738 3313 5799 pauper,
3350 5722 3492 5785 sicut

1891 5822 1982 5885 illa
2017 5820 2171 5880 vidua
2200 5835 2321 5894 quae
2348 5819 2460 5879 duo
2488 5817 2694 5883 minuta
2715 5815 2951 5875 contulit
2984 5815 3138 5895 (Luc.
3164 5814 3300 5890 xxi).
3350 5811 3491 5873 Cati-
