3992 6362
498 288 634 347 1185

1291 270 1635 344 APPENDIX
1677 286 1771 343 AD
1808 285 2054 344 'roawn
2095 284 2447 346 SEPTIMUM
2485 290 2544 346 s.
2587 286 2999 347 IIIERONYMI.

3696 288 3863 345 1181

491 420 600 459 cem
630 402 901 472 salutaris,
926 401 1179 467 autJesu,
1210 402 1481 473 accipiam.
1516 402 1583 458 Et
1614 402 1718 459 hoc
1747 400 2094 475 ipsum‘mar—
2118 409 2171 470 Α
2198 405 2309 477 puli
2334 410 2467 480 ejus.
2499 407 2632 477 Qua:
2658 415 2787 464 sunt
2823 411 3104 466 orationes
3127 418 3435 484 martyrum
3456 411 3485 467 ?
3514 410 3670 481 Quae
3712 421 3873 466 sunt

499 496 726 569 tyrium,
758 496 953 566 inquit,
985 510 1091 550 non
1139 503 1227 550 est
1279 509 1414 549 me:e
1462 495 1700 564 virtutis,
1759 496 1854 552 sed
1907 498 2094 568 gratia:

500 589 614 645 Dei.
647 589 946 658 Propterea
980 601 1085 641 non
1118 600 1337 656 possum
1368 601 1491 643 eum
1525 587 1734 657 bibere,
1762 587 1866 645 nisi
1896 603 2092 645 nomen

498 681 710 743 Domini
750 680 1100 736 invocavero.
1141 679 1301 737 Jesus
1347 681 1517 738 vincit
1544 723 1560 750 ,
1611 683 1663 738 in
1697 697 1796 739 suo
1852 694 2093 757 martyre

496 785 810 834 coronatur.
1604 761 1612 770 ’

567 869 809 926 Pretiosa
831 873 885 925 in
914 880 1186 941 conspectu
1221 869 1434 926 Domini
1463 886 1602 927 mors
1632 879 1927 927 sanctorum
1954 873 2089 943 ejus.

496 964 885 1036 Respondeant
908 981 1051 1021 nunc
1071 965 1242 1021 Judtei
1264 984 1277 1020 :
1302 966 1558 1037 quoniam
1586 980 1747 1022 omne
1767 981 1964 1037 corpus
1996 965 2095 1020 hu-

492 1073 711 1115 manum
742 1058 930 1113 dicunt
955 1073 1080 1114 esse
1108 1056 1447 1113 immundum
1490 1058 1546 1113 in
1596 1058 1732 1128 lege.
1770 1058 2015 1129 Denique
2044 1060 2092 1114 si

495 1152 616 1224 quis
635 1152 898 1206 moriatur
926 1151 1066 1222 apud
1090 1151 1333 1220 Judaeos,
1363 1152 1480 1207 sive
1504 1152 1794 1223 propheta,
1821 1153 1935 1208 sive
1964 1167 2095 1224 qua—

495 1247 798 1318 liscumque
825 1256 1062 1313 sanctus,
1090 1247 1135 1302 si
1159 1246 1286 1318 quis
1310 1263 1434 1302 cum
1466 1248 1706 1319 tetigerit
1726 1248 1886 1303 etiam
1911 1262 2094 1303 sacer-

496 1341 619 1409 dos,
641 1356 813 1413 usque
840 1341 906 1396 ad
938 1356 1219 1411 vesperam
1253 1340 1564 1397 immundus
1594 1350 1681 1397 est
1705 1341 1892 1414 (Leuit.
1921 1358 2013 1398 χιι
2046 1351 2091 1396 et

497 1434 637 1506 xxi).
670 1434 783 1491 Hoc
813 1434 1112 1490 secundum
1145 1434 1384 1489 litteram
1417 1436 1468 1489 in
1514 1436 1630 1507 lege
1679 1435 1940 1505 scriptum
1984 1444 2091 1492 est.

498 1527 753 1587 Dicamus
806 1528 946 1583 illis:
1000 1528 1057 1584 Si
1090 1529 1291 1584 mortui
1341 1543 1541 1600 corpus
1591 1529 1929 1586 immundum
1982 1543 2090 1599 est,

497 1624 770 1695 quomodo
816 1637 960 1678 nunc
1009 1622 1245 1679 dicitur:
1303 1622 1539 1680 Pretiosa
1572 1626 1625 1681 in
1678 1635 1955 1698 conspectu
1984 1624 2094 1681 Do-

497 1716 625 1769 mini
664 1731 802 1770 mors
843 1706 1141 1772 sanctorum
1179 1718 1331 1789 ejus?
1361 1717 1421 1775 Si
1451 1720 1742 1789 pretiosum
1775 1729 1858 1777 est
1888 1736 2092 1792 corpus

498 1809 669 1863 sancti
693 1809 1002 1876 morientis,
1033 1811 1304 1883 quomodo
1334 1813 1669 1869 immundum
1686 1815 1800 1870 θειῖ
1829 1814 1974 1887 Ergo
2004 1814 2092 1871 hic
2126 1798 2170 1859 Β

498 1898 567 1955 de
590 1902 916 1973 evangelista
946 1902 1167 1975 dicitur,
1200 1904 1270 1960 de
1302 1913 1537 1978 martyre
1561 1906 1907 1976 praedicatur.

571 1992 616 2047 0
639 1992 874 2063 Domine,
902 1997 1024 2068 quia
1048 2013 1140 2070 ego
1169 2013 1347 2052 servus
1378 2006 1499 2052 tuus
1522 2013 1539 2051 :
1562 2015 1655 2070 ego
1677 2016 1851 2054 servus
1883 2009 2025 2067 tuus,
2046 2011 2093 2055 et

496 2087 639 2159 ﬁlius
677 2090 885 2146 ancilla:
930 2100 1046 2146 tuan
1099 2092 1304 2162 Etiam
1329 2093 1438 2148 dixi
1471 2094 1523 2148 in
1570 2095 1873 2151 centesimo
1901 2104 2093 2165 quarto
2129 2161 2133 2165 ,

497 2179 713 2237 decimo
730 2184 960 2253 psalmo,
984 2186 1073 2239 ubi
1098 2185 1294 2242 habet:
1316 2186 1359 2242 Ο
1382 2187 1630 2252 Domine.
1658 2189 1828 2245 libera
1854 2190 2090 2245 animam

498 2290 674 2330 meam
702 2317 716 2341 ,
749 2277 892 2347 quod
923 2278 976 2333 in
1010 2278 1273 2335 Ilcbraico
1302 2279 1495 2336 habet:
1542 2298 1684 2337 ANNA
1708 2281 1727 2354 (
1748 2282 1916 2354 mu).
1948 2283 2093 2355 quod

500 2369 893 2439 interpretatur
920 2388 1074 2444 rogo,
1121 2381 1212 2428 aut
1234 2374 1496 2447 deprecor.
1529 2377 1597 2431 Et
1627 2376 1712 2432 hic
1746 2378 1816 2432 ita
1848 2377 2011 2434 habet
2038 2378 2091 2434 in

500 2460 802 2520 llebraico:
846 2464 1025 2551 lRogo,
1074 2467 1326 2524 Domine:
1360 2471 1479 2540 quia
1504 2486 1597 2541 ego
1624 2487 1799 2525 servus
1830 2481 1970 2535 tuus,
2001 2489 2092 2543 ego

498 2573 674 2612 servus
723 2566 866 2613 tuus.
927 2558 1147 2614 Videtur
1171 2559 1493 2616 humilitatis
1521 2578 1642 2618 esse
1686 2564 1827 2634 quod
1870 2563 2089 2623 dicitur.

498 2649 732 2706 Grandis
761 2652 1042 2722 dignitatis
1063 2664 1239 2719 est,et
1263 2656 1442 2711 meriti
1469 2671 1593 2712 esse
1619 2673 1834 2714 servum
1852 2659 2090 2728 Dnmiui,

498 2752 552 2798 et
585 2758 693 2798 non
737 2759 954 2801 servum
982 2747 1208 2816 peccati.
1241 2747 1376 2817 Quia
1404 2765 1508 2804 non
1544 2750 1736 2817 habeo,
1771 2752 1964 2822 inquit,
1996 2752 2094 2809 do-

495 2835 700 2890 minum
745 2836 1044 2906 hominem,
1079 2840 1199 2911 quia
1234 2857 1339 2896 non
1393 2842 1569 2898 habeo
1595 2844 1873 2899 dominum
1902 2860 2094 2915 pecca-

497 2936 608 2984 tum
624 2928 802 3001 (Ilom.
832 2931 930 3005 vt).
962 2932 1079 2989 Non
1103 2934 1245 2990 enim
1270 2945 1458 3006 regnat
1482 2949 1761 3006 peccatum
1794 2939 1847 2994 in
1879 2938 2093 2994 mortali

498 3036 620 3078 meo
650 3037 919 3095 corpore;
952 3037 1235 3098 propterea
1287 3045 1480 3086 servus
1510 3039 1632 3086 tuus
1686 3046 1828 3086 sum.
1873 3032 2092 3089 Grande

500 3114 773 3195 meritum.
800 3115 1044 3187 Denique
1082 3119 1285 3176 dicitur
1328 3121 1397 3177 de
1430 3122 1651 3196 Moyse:
1686 3122 1780 3179 sed
1816 3139 1923 3180 non
1947 3125 2091 3181 sicut

499 3223 690 3265 servus
712 3225 865 3266 meus
890 3211 1121 3283 Moyses.
1151 3213 1217 3269 Et
1248 3214 1544 3282 Abraham,
1572 3228 1623 3273 et
1651 3217 1893 3286 Isaac,et
1921 3216 2053 3273 Jaco

500 3303 756 3361 dicuntur
796 3307 937 3362 servi
970 3308 1207 3363 Domini.
1255 3309 1552 3380 Propterea
1607 3320 1663 3367 et
1689 3311 1986 3383 Apostolus
2021 3312 2091 3366 ita

501 3395 692 3468 incipit
719 3418 731 3454 :
763 3401 958 3455 Paulus
987 3417 1182 3457 servus
1204 3404 1333 3459 Jesu
1365 3402 1588 3460 Christi.

572 3488 834 3563 Dirupisti
858 3492 1062 3548 vincula
1086 3511 1232 3549 mea:
1264 3495 1358 3549 tibi
1384 3496 1691 3567 sacriﬁcabo
1720 3497 1944 3553 hostium
1973 3496 2091 3552 lau-

500 3582 602 3640 dis.
643 3584 786 3641 Vere
812 3601 1023 3657 magna:
1048 3586 1326 3645 felicitatis
1352 3600 1455 3654 est,
1480 3590 1558 3646 ire
1585 3591 1652 3645 ad
1682 3592 1965 3646 Dominum
1989 3611 1999 3645 :
2036 3601 2095 3646 nt

500 3691 609 3733 non
663 3678 859 3736 habeat
904 3681 1295 3737 conscientiam
1349 3683 1708 3753 inquinatam.
1752 3685 2094 3756 Quicumque

500 3779 721 3827 sanctus
749 3773 982 3828 moritur.
1009 3790 1105 3830 sua
1134 3783 1307 3832 morte
1332 3776 1479 3843 licet,
1509 3778 1583 3831 sit
1626 3787 1843 3833 sanctus
1874 3778 1965 3850 qui
1996 3779 2096 3834 mi-

499 3856 830 3921 sericordias
860 3877 1117 3938 operatus
1147 3870 1238 3936 sit,
1272 3869 1656 3942 feceritsigna,
1681 3871 1958 3928 dzemones
1984 3872 2095 3944 eje-

503 3957 660 4023 cerit,
693 3973 800 4014 non
829 3961 1063 4016 vaditad
1081 3963 1364 4018 Dominum
1397 3978 1652 4019 securus:
1691 3964 1954 4020 horrescit
1980 3964 2097 4033 ejus

504 4049 862 4117 conscientia,
904 4053 1123 4122 quando
1152 4055 1294 4111 videt
1320 4056 1629 4113 Dominum.
1684 4056 1886 4130 Martyr
1915 4066 2094 4113 autem

504 4141 550 4197 si
603 4150 658 4197 et
691 4152 813 4211 post
861 4143 1187 4213 baptismum
1243 4150 1569 4217 peccaverit,
1632 4158 1810 4205 tamen
1857 4151 2097 4205 secundo

503 4232 831 4305 baptismate
861 4238 1105 4311 martyrii
1136 4239 1375 4308 ablutus,
1407 4255 1636 4298 securus
1690 4226 1842 4298 vadit
1891 4243 1960 4299 ad
1994 4242 2100 4298 Do-

504 4328 735 4384 minum.
765 4328 1025 4400 Dirupisti
1052 4333 1254 4387 vincula
1275 4350 1406 4388 mea.
1437 4334 1656 4390 Catenis
1676 4344 1852 4390 autem
1879 4352 2097 4391 suorum

507 4435 853 4493 peccatorum
887 4426 1256 4496 unusquiSque
1284 4426 1694 4497 constringitur,
1745 4428 1840 4484 sed
1874 4429 1926 4485 in
1957 4445 2099 4484 mar-

508 4515 650 4589 tyrio
681 4530 803 4571 meo
831 4516 1083 4596 dirupiin
1114 4518 1327 4574 vincula
1360 4530 1707 4590 peccatorum
1745 4537 2013 4589 meorum,
2047 4531 2100 4578 et

504 4607 573 4663 de
601 4607 833 4664 vinculis
856 4610 1069 4681 plicasti
1097 4610 1229 4666 mihi
1253 4627 1509 4668 coronam
1532 4613 1791 4671 victoriae.
1817 4613 1921 4671 Ubi
1954 4616 2097 4671 enim

507 4700 803 4756 abundavit
871 4712 1197 4773 peceatum,
1258 4706 1722 4775 superabundavit
1798 4718 1853 4763 et
1929 4710 2099 4781 gratia

508 4796 687 4870 (Rom.
716 4798 795 4870 v).
831 4797 946 4853 Tibi
963 4800 1273 4871 sacriﬁcabo
1300 4802 1522 4858 hosliam
1550 4804 1745 4857 laudis.
1774 4803 1905 4859 Post
1950 4820 2098 4859 mar-

462 4930 475 4934 μ
506 4891 706 4961 tyrium
759 4890 847 4945 ubi
899 4891 1210 4948 sacrificat?
1232 4892 1289 4948 In
1322 4896 1544 4966 regione
1572 4895 1841 4951 vivorum.
1876 4897 2096 4952 Sacriﬁ-

504 4982 661 5049 cabo,
722 4982 925 5053 inquit,
969 4983 1065 5039 tibi
1122 4986 1466 5041 sacriﬁcium.
1512 4986 1682 5054 Quale
1723 4987 2100 5045 sacriﬁcium?

505 5071 775 5145 Numquid
799 5074 1028 5140 hircum,
1060 5086 1151 5132 aut
1177 5078 1441 5133 vitulum?
1468 5078 1798 5135 lllaJndaica
1825 5091 2000 5149 erant,
2039 5091 2095 5137 et

505 5167 855 5221 transierunt.
887 5165 1210 5239 Sucriﬁcabo
1234 5169 1323 5224 tibi
1351 5170 1569 5225 hostiam
1599 5170 1793 5225 laudis.
1845 5171 1970 5228 Ilaec
2012 5181 2098 5229 est

503 5254 625 5312 laus
664 5266 982 5329 martyrum.
1017 5259 1169 5316 Sicut
1199 5262 1342 5317 enim
1375 5272 1644 5331 martyres
1671 5260 1891 5318 laudant
1914 5264 2095 5320 Domi-

504 5364 633 5406 num
678 5366 812 5421 pure
868 5352 921 5406 in
966 5354 1189 5423 regione
1218 5355 1495 5427 vivorum,
1526 5357 1601 5412 ita
1635 5365 1689 5412 et
1712 5358 1963 5413 munachi
2002 5360 2094 5431 qui

505 5443 596 5501 die
619 5455 674 5502 et
696 5456 854 5505 nocte
887 5447 1390 5518 psalluntDomino,
1410 5450 1607 5508 debent
1627 5452 1872 5508 eamdem
1893 5453 2095 5523 purita-

502 5544 615 5594 tem
644 5537 848 5596 babere
873 5548 1197 5613 martyrum,
1232 5542 1494 5614 siquidem
1529 5543 1628 5614 ipsi
1652 5554 1917 5616 martyres
1944 5553 2092 5600 sunt.

506 5628 663 5701 Quod
694 5635 838 5690 enim
868 5634 1077 5692 iaciunt
1101 5638 1278 5709 angeli
1312 5639 1364 5693 in
1386 5638 1561 5706 caelis,
1589 5638 1717 5695 .boc
1743 5637 1993 5695 monachi
2018 5637 2099 5695 fa-

506 5723 656 5780 ciunt
683 5726 735 5780 in
769 5728 950 5782 terris.

593 5814 728 5870 Vota
747 5827 862 5872 mea
896 5816 1119 5873 Domino
1145 5818 1360 5875 reddam
1407 5821 1460 5877 in
1502 5828 1776 5892 conspectu
1803 5821 1968 5875 omnis
1998 5836 2094 5892 pa-

2196 500 2472 555 orationes
2501 502 2859 558 sanctorum?
2885 501 3126 567 Tenebo,
3162 504 3361 575 inquit,
3387 514 3445 559 et
3474 519 3592 560 non
3624 505 3873 558 (limit-

2198 599 2304 645 tam
2339 602 2410 647 te.
2444 591 2723 661 Adorabo,
2759 593 2953 665 inquit,
2994 594 3305 661 Dominum,
3338 612 3511 665 quem
3545 596 3604 651 in
3630 596 3875 652 Eva-

2196 682 2338 752 gelio
2361 683 2567 755 legens,
2592 692 2647 740 et
2677 685 2960 742 inveniens
2989 686 3346 743 cruciﬁxum:
3372 689 3431 743 in
3455 688 3621 745 cretis
3660 687 3870 744 video

2196 784 2513 845 regnantem
2557 791 2680 832 cum
2735 777 2968 849 angelis.
2999 776 3067 832 In
3108 789 3389 852 conspectu
3412 783 3593 836 omnis
3627 782 3873 851 pepuli

2193 869 2331 939 ejus.
2370 865 2562 922 Coram
2602 868 2751 924 omni
2798 879 2945 925 cmtu
2980 879 3320 927 sanctorum.
3366 870 3436 927 In
3480 873 3671 927 medio
3747 874 3865 939 (sei,

2194 957 2513 1015 Jerusalem.
2542 960 2716 1030 Ipsius
2746 962 2986 1019 cmlestis
3034 964 3286 1033 civitatis,
3319 981 3442 1036 qua:
3494 977 3583 1021 est
3639 975 3873 1020 mater

2197 1062 2421 1109 nostra:
2479 1055 2637 1126 cujus
2672 1054 2783 1126 jam
2838 1058 2986 1113 cives
3031 1067 3085 1113 et
3118 1058 3400 1115 domestici
3431 1059 3561 1115 facti
3595 1075 3863 1116 sumus.

2194 1146 2297 1205 Per
2333 1147 2506 1220 ipsum
2537 1148 2822 1206 Dominum
2878 1161 3124 1207 nnslrttm
3152 1151 3338 1208 Jesum
3363 1152 3700 1220 Christum,
3743 1158 3863 1225 qui

2193 1253 2277 1299 est
2308 1260 2408 1314 pax
2440 1252 2645 1300 nostra.
2671 1244 2776 1314 Qui
2806 1245 2963 1301 nobis
2990 1255 3255 1317 praestare
3270 1247 3550 1317 dignetur,
3574 1256 3644 1303 ut
3676 1262 3863 1303 com.

2193 1353 2384 1409 presso
2405 1339 2551 1395 bello
2572 1340 2879 1407 carnali,ac
2895 1341 3176 1396 charitatis
3201 1356 3315 1396 sua:
3345 1341 3510 1396 nobis
3541 1355 3697 1412 pace
3726 1341 3864 1395 lar-

2192 1432 2338 1503 gita:
2398 1431 2601 1503 ﬁliique
2644 1430 2821 1488 eﬁecti
2860 1433 2913 1488 in
2948 1431 3252 1489 Jerusalem
3300 1433 3556 1499 ctelesti,
3603 1434 3857 1489 sanctis

2195 1524 2309 1581 suis
2340 1540 2654 1580 mereamur
2681 1523 2900 1595 adiungi
2935 1540 3033 1596 pro
3059 1525 3289 1581 meritis.
3336 1524 3443 1594 Ipsi
3471 1525 3663 1596 gloria
3698 1540 3853 1580 eum

2195 1625 2404 1672 aeterno
2432 1615 2592 1673 Patre
2610 1615 2884 1689 ctSpiritu
2914 1624 3106 1672 sancto
3133 1614 3189 1670 iu
3219 1615 3422 1671 saecula
3449 1614 3848 1673 saeculorum.

2195 1710 2390 1767 Amen.

2725 1779 2951 1837 PSALM
2959 1778 3045 1837 US
3083 1781 3271 1838 CXVI.

2196 1873 2445 1928 Alieluia.
2487 1873 2594 1930 ISIe
2625 1873 2866 1945 psalmus
2896 1888 3093 1942 parvus
3120 1874 3347 1928 habetur
3376 1888 3615 1929 numero
3675 1890 3844 1932 ver-

2267 1960 2447 2013 suum,
2480 1946 2575 2000 sed
2608 1960 2833 2016 magnus
2860 1955 2945 2001 est
2997 1946 3048 1999 in
3074 1945 3374 2017 Spiritualis
3410 1947 3667 2017 mysterii
3712 1962 3832 2000 sa-

2265 2027 2563 2073 cramento.
2608 2017 2810 2073 Vocem
2857 2026 3035 2071 tamen
3066 2016 3420 2088 apostoliCam
3466 2016 3670 2083 tenet,
3728 2018 3838 2087 qui

2261 2088 2413 2157 juxta
2443 2103 2689 2143 normam
2721 2088 3090 2158 evangelicam
3151 2088 3206 2142 in
3250 2099 3487 2158 quatuor
3542 2104 3833 2145 versuum

2268 2175 2496 2215 numero
2526 2160 2855 2215 continetur.

2267 2250 2505 2306 Laudate
2526 2249 2808 2307 Dominum
2834 2298 2848 2324 ,
2907 2269 3081 2308 euntes
3106 2263 3301 2325 gentes.
3329 2254 3459 2324 Qui,
3492 2256 3717 2312 relictis
3749 2256 3833 2310 sic

2195 2342 2495 2411 mulbcris,
2553 2346 2866 2402 accessistis
2911 2347 2978 2402 ad
3032 2363 3157 2403 eum
3216 2364 3314 2418 per
3387 2348 3580 2406 ﬁdem.
3641 2349 3826 2418 Quod

2194 2444 2376 2492 autem
2449 2451 2641 2494 omnes
2708 2447 2898 2509 gentes
2970 2439 3273 2495 laudatura:
3320 2449 3485 2512 atque
3542 2442 3824 2498 adoratu-

2194 2545 2270 2586 raa
2308 2539 2490 2587 essent
2514 2527 2833 2597 Dominum,
2868 2522 2971 2588 hoc
2997 2533 3133 2604 Magi
3162 2533 3234 2588 ab
3255 2533 3483 2591 Oriente
3505 2538 3819 2593 venientes

2194 2622 2611 2692 inchoaverunt,
2644 2622 2940 2681 oﬁ‘erentes
2966 2641 3194 2681 munera
3239 2638 3366 2682 nato
3411 2627 3620 2684 homini
3652 2630 3815 2701 regi.

2194 2730 2302 2787 que
2329 2730 2393 2771 ac
2434 2717 2688 2783 Domino,
2721 2718 2875 2772 sicnt‘
2902 2717 3188 2774 Matthteus
3236 2721 3311 2773 ait
3338 2721 3709 2791 evangelista.
3744 2718 3815 2774 Et

2192 2806 2488 2862 collaudata
2512 2824 2630 2862 eum
2658 2823 2832 2862 omnes
2862 2809 3042 2882 populi
3071 2809 3295 2883 (Matth.
3320 2811 3404 2883 tt).
3435 2812 3540 2880 Qui
3580 2828 3653 2868 ex
3710 2814 3813 2868 Ju-

2193 2901 2328 2956 dmis
2358 2901 2572 2957 luerunt
2605 2904 2891 2968 Conversi,
2925 2902 3071 2974 quod
3122 2903 3310 2958 titulus
3338 2903 3430 2959 ille
3459 2907 3813 2975 prmnuntia-

2191 2993 2289 3060 vit,
2322 3010 2481 3066 quem
2529 3009 2693 3063 super
2716 3009 2935 3050 crucem
2970 2995 3303 3050 Dominicam
3347 2995 3555 3051 Pilatus
3593 2996 3805 3067 posuit,

2191 3088 2453 3160 scriptum
2500 3088 2783 3156 llebraice,
2842 3087 3053 3157 Graece,
3096 3098 3151 3144 et
3183 3087 3394 3155 Latine,
3425 3088 3540 3144 Rex
3570 3089 3809 3146 Judaeo-

2061 3180 2091 3270 5
2124 3196 2169 3261 (ξ
2205 3197 2347 3249 rum,
2378 3183 2516 3239 sicut
2542 3181 2777 3237 Joannes
2806 3182 3136 3253 evangelista
3177 3191 3409 3238 testatur
3435 3180 3627 3251 (Joan.
3655 3183 3802 3255 xix).

2273 3277 2529 3345 Quoniam
2559 3276 2867 3346 conﬁrmata
2883 3283 2956 3330 est
2981 3291 3137 3348 super
3160 3291 3254 3330 nos
3276 3275 3637 3331 misericordia
3661 3280 3801 3351 ejus.

2196 3368 2355 3440 Apud
2385 3369 2558 3424 Deum
2600 3369 2781 3423 futura
2825 3368 2938 3437 jam
2979 3365 3121 3423 facta
3152 3382 3273 3424 esse
3303 3382 3453 3439 saepe
3484 3371 3672 3425 testati
3708 3384 3807 3424 su-

2196 3478 2320 3519 mus
2350 3463 2490 3535 (Act.
2520 3463 2605 3531 ll).
2642 3462 2783 3533 Ergo
2815 3468 2945 3516 tunc
2984 3460 3365 3517 misericordia
3417 3462 3634 3519 Domini
3663 3478 3805 3520 con-

2200 3555 2407 3611 ﬁrmata
2438 3564 2521 3609 est
2542 3596 2558 3619 ,
2605 3568 2728 3609 cum
2777 3552 2973 3609 eﬁ'udit
3010 3568 3176 3625 super
3209 3552 3501 3611 credentes
3534 3556 3801 3626 Spiritum

2196 3657 2465 3715 sanctum,
2492 3647 2643 3718 juxta
2680 3648 3107 3715 promissionem
3139 3664 3302 3719 quam
3350 3648 3527 3704 Lucas
3566 3664 3801 3721 evange—

2196 3746 2319 3804 lista
2360 3752 2773 3810 commemorat,
2813 3743 3001 3799 dicens
3035 3761 3048 3798 :
3081 3745 3223 3800 Ecce
3251 3760 3355 3816 ego
3376 3746 3533 3802 mitto
3561 3745 3802 3816 promis-

2198 3839 2409 3894 sionem
2458 3836 2638 3892 Patris
2689 3837 2794 3891 mci
2844 3835 2901 3891 in
2948 3850 3219 3893 vos:vos
3268 3847 3449 3893 autem
3505 3838 3696 3893 sedete
3744 3838 3798 3891 in

2199 3931 2419 3987 civitate
2443 3931 2798 4001 quoadusque
2829 3928 3129 3984 induamini
3164 3929 3369 3986 virtute
3396 3944 3463 3986 ex
3503 3930 3619 3985 alto
3641 3929 3798 3999 (Luc.

2199 4022 2373 4096 xxiv).
2399 4022 2466 4077 Et
2488 4023 2673 4076 veritas
2692 4019 2906 4076 Domini
2928 4031 3098 4076 manet
3124 4022 3182 4076 in
3214 4032 3487 4085 retentum.
3508 4022 3802 4079 Permanet

2199 4116 2401 4171 veritas
2432 4113 2665 4182 Domini,
2700 4129 2821 4168 eum
2846 4113 2977 4183 justi
3004 4114 3056 4169 in
3091 4114 3305 4171 caelesti
3328 4114 3636 4171 Jerusalem
3667 4125 3801 4170 tam-

2200 4223 2361 4280 quam
2408 4207 2618 4278 lapides
2670 4206 2776 4262 vivi
2827 4205 3212 4262 aediﬁcantur:
3252 4207 3338 4262 vel
3389 4208 3543 4278 impii
3591 4218 3798 4263 aeterno

2202 4301 2310 4371 igni
2340 4309 2396 4355 et
2426 4298 2730 4367 vermibus,
2759 4298 2850 4369 qui
2884 4314 3180 4371 numquam
3220 4300 3546 4368 moriuntur,
3584 4300 3670 4356 his
3693 4309 3798 4356 tra-

2178 4393 2422 4449 "duntur.
2450 4394 2607 4450 Sicut
2633 4394 2847 4449 Marcus
2891 4394 3231 4467 evangelista
3270 4395 3349 4450 ait
3376 4413 3389 4450 :
3414 4394 3564 4465 Ignis
3608 4409 3795 4451 eorum

2208 4501 2316 4541 non
2362 4487 2766 4556 exstinguelur,
2799 4495 2856 4543 et
2883 4488 3088 4543 vermis
3148 4504 3339 4544 eorum
3386 4502 3491 4543 non
3532 4490 3795 4544 morietur

2127 4583 2180 4645 D
2206 4578 2400 4651 (Marc.
2432 4581 2535 4649 nt).
2569 4578 2679 4635 Nos
2709 4594 2839 4634 vero
2882 4578 3173 4635 Dominum
3215 4581 3486 4652 supplices
3528 4581 3793 4653 depreccc

2203 4688 2350 4739 mur,
2382 4682 2443 4728 ut
2469 4687 2530 4728 se
2557 4671 2812 4727 laudandi
2854 4673 3054 4728 tribuat
3081 4674 3405 4737 elﬁcaciam.
3435 4684 3490 4730 et
3510 4675 3796 4730 conﬁrmet

2202 4779 2370 4835 super
2418 4777 2519 4820 nos
2568 4759 3002 4821 misericordiam
3045 4768 3494 4823 suam:mitteus
3541 4768 3594 4823 in
3642 4767 3794 4823 nabis

2200 4856 2466 4928 Spiritum
2492 4868 2764 4921 sanetum,
2788 4857 2880 4929 qui
2907 4872 3144 4914 exurens
3168 4859 3352 4925 noxia,
3383 4860 3651 4916 illuminet
3676 4875 3793 4931 pro-

2201 4950 2403 5006 futura.
2434 4948 2543 5019 Ipsi
2570 4948 2744 5019 gloria
2776 4963 2899 5005 cum
2932 4957 3140 5005 aeterno
3167 4949 3331 5006 Patre
3360 4960 3416 5007 et
3438 4952 3648 5023 Spiritu
3673 4966 3791 5006 sau-

2200 5051 2292 5099 cto
2314 5043 2367 5098 in
2398 5051 2591 5098 cuneta
2622 5042 2822 5097 smcnla
2854 5042 3202 5100 saeculorum.
3235 5043 3433 5100 Amen.

2723 5133 3043 5191 PSALMUS
3070 5133 3281 5192 CXVII.

2203 5226 2456 5283 Alleluia.
2507 5211 2613 5282 Iste
2666 5225 2911 5296 psalmus
2959 5226 3230 5282 interdum
3296 5242 3486 5285 vocem
3556 5230 3790 5285 continet

2275 5296 2540 5354 Ecclesia:
2575 5296 3129 5371 _Christi_vocatione
3170 5297 3430 5371 fundata),
3479 5302 3565 5356 vel
3614 5297 3786 5371 p0pu|i

2275 5369 2587 5497 intelrempti
2641 5384 2739 5440 pro
2794 5367 2999 5424 Christi
3051 5370 3272 5426 nomine
3322 5370 3495 5426 Deum
3547 5367 3785 5445 ntagaiﬁo

2273 5456 2374 5497 can
2405 5456 2469 5495 ts.
2795 5454 2802 5461 ’

2273 5535 2595 5607 Conﬁlemini
2625 5531 2855 5589 Domino
2871 5534 3116 5606 quoniam
3137 5534 3322 5601 bonus,
3345 5537 3594 5608 quoniam
3617 5540 3669 5592 in
3697 5551 3786 5592 sa!-

2201 5631 2377 5687 culum
2409 5626 2761 5683 misericordia
2789 5631 2925 5700 ejus.
2955 5625 3247 5683 Confessio
3276 5627 3391 5683 haec
3432 5642 3539 5684 non
3568 5629 3635 5685 ad
3669 5641 3786 5701 pec-

2198 5734 2442 5781 catorum
2465 5722 2880 5790 remissionem;
2909 5721 3007 5779 sed
3036 5721 3105 5779 ad
3136 5720 3356 5781 laudem
3406 5725 3652 5796 pertinet
3680 5723 3787 5782 deit-

2197 5821 2345 5878 tatis.
