3992 6322
60 274 241 334 1183
1045 279 1475 337 BllEVlARlUM
1515 278 1580 336 ΙΝ
1621 278 1711 336 PS.

1838 279 1961 338 lUS.
2007 280 2254 338 l'SALM.
2297 279 2508 339 CXVII.
2902 334 2907 337 ι
3265 284 3404 348 1186

156 395 334 448 Dicat
364 407 503 447 nunc
540 393 725 446 domus
761 390 949 457 Israel,
972 396 1223 464 quoniam
1260 394 1444 463 bonus,
1468 396 1712 465 quoniam
1738 406 1792 465 Α
1818 395 2057 466 Populus
2078 397 2192 451 lucc
2215 408 2521 468 martyrum
2544 394 2817 465 loquitur:
2843 408 3074 465 quorum
3087 394 3327 452 victoria.
3350 398 3405 454 in

64 489 129 541 in
162 486 438 542 sarculum
472 484 834 540 misericordia
857 489 996 558 ejus.
1028 485 1124 541 llla
1156 486 1372 553 domus,
1403 502 1524 556 qua:
1555 486 1709 557 prius
1809 489 2066 546 omnibus
2098 488 2360 546 Ecclesiis
2379 488 2765 545 concinuntur.

63 588 305 634 emeata
332 589 452 633 erat
479 576 718 647 delictis,
744 593 889 635 nunc
915 586 1099 635 mente
1128 594 1322 637 serena
1356 580 1447 636 Dei
1478 579 1706 651 gloriam
1881 581 2155 654 Castigans
2181 583 2456 654 castigavit
2483 598 2567 637 me
2597 579 2947 649 Dominus,et
2985 584 3142 637 morti
3162 598 3268 637 non
3289 591 3409 637 trae

65 670 535 742 contemplatur.
1809 675 1942 730 didit
1970 692 2072 731 me.
2100 673 2347 747 Castigat
2385 690 2488 732 nos
2529 673 2795 731 Dominus
2839 673 2909 730 ad
2957 674 3453 757 emendationem~

153 762 338 818 Dicat
383 781 525 819 nunc
548 763 734 820 domus
773 764 951 819 Aaron
973 764 1219 837 quoniam
1242 765 1425 833 bonus,
1456 766 1704 835 quoniam
1809 767 1862 823 in
1887 769 2069 825 multis
2092 768 2444 838 verberibus,
2473 779 2528 824 ut
2556 768 2753 839 probet
2779 776 2836 824 et
2868 778 3053 826 servet
3080 783 3112 823 a
3141 777 3405 841 perpetua

68 857 133 913 in
164 859 438 913 socculum
462 856 821 913 misericordia
844 859 978 929 ejus.
1007 858 1139 926 Qiue
1168 867 1295 914 ante
1327 858 1487 914 idolis
1513 858 1711 913 immo—
1807 871 2011 917 morte.

68 953 355 1009 laverat:
382 967 527 1008 nunc
554 960 734 1009 autem
756 952 1022 1008 Altissimi
1046 952 1226 1008 illecta
1251 951 1509 1017 bonitate,
1533 966 1709 1008 sacer—
1878 955 2088 1026 Aperite
2116 952 2244 1007 mihi
2266 963 2441 1027 portas
2453 954 2701 1026 justitite,
2725 962 2774 1010 et
2794 954 3061 1027 ingressus
3086 954 3141 1010 in
3159 970 3251 1011 eas
3279 970 3407 1010 con-

71 1047 314 1104 dotimn
355 1048 497 1119 gerit
529 1047 727 1102 anima:
756 1061 892 1102 suae.
1808 1048 1991 1117 fitebor
2019 1046 2268 1103 Domino.
2299 1048 2501 1104 Beatus
2540 1058 2630 1104 est
2659 1048 2753 1104 ille
2781 1049 3046 1106 Ecclesiae
3084 1049 3173 1105 vel
3201 1059 3410 1122 marty-

157 1141 369 1196 Dicant
398 1157 540 1195 nunc
567 1141 657 1211 qui
688 1140 869 1195 timent
910 1138 1214 1206 Dominum,
1245 1139 1492 1210 quoniam
1518 1138 1702 1204 bonus,
1808 1156 1928 1196 rum
1963 1140 2216 1212 populus,
2245 1141 2335 1196 cui
2375 1154 2548 1212 porta:
2582 1141 2909 1213 aperiuntur
2931 1143 3183 1213 justitias,
3215 1143 3267 1198 id
3294 1153 3407 1214 est,

68 1239 353 1309 quoniam
375 1238 430 1292 in
457 1237 709 1292 saeculum
732 1235 1089 1291 misericordia
1108 1236 1242 1307 ejus.
1272 1234 1400 1303 Vos,
1433 1232 1525 1304 qui
1558 1226 1706 1304 prius
1809 1232 1937 1288 vita:
1967 1243 2214 1302 aeternas,
2252 1235 2308 1290 in
2333 1233 2529 1306 quibus
2571 1234 2774 1306 iugiter
2806 1235 3328 1309 Deumconliteatur
3356 1247 3413 1294 et

78 1330 410 1386 simulacra
450 1342 602 1385 muta
647 1338 704 1386 et
754 1328 918 1384 surda
955 1327 1313 1393 metuebatis,
1346 1340 1490 1382 nunc
1528 1326 1707 1380 omni-
1808 1324 2014 1382 laudet.

73 1424 344 1495 potentis
388 1422 606 1479 Domini
649 1437 775 1479 cum
809 1420 1026 1477 timoris
1054 1420 1359 1477 reverentia
1391 1418 1705 1475 misericor-
1879 1418 2011 1473 Ilico
2042 1428 2195 1490 porta
2238 1418 2472 1487 Domini,
2495 1420 2634 1493 justi
2675 1421 2943 1477 intrabunt
2992 1438 3083 1495 per
3130 1439 3265 1481 eam.
3296 1423 3408 1480 Do-

70 1516 240 1573 diam
275 1518 593 1573 decantate.
1809 1512 1991 1568 minus
2014 1512 2176 1569 Jesus
2203 1511 2457 1569 Christus
2480 1526 2639 1585 porta
2667 1525 2752 1569 est
2777 1515 2975 1585 Patris,
3004 1530 3101 1586 per
3125 1532 3284 1586 quam
3316 1515 3407 1571 in-

160 1609 237 1665 In
263 1609 602 1666 tribulatione
646 1608 881 1664 invocari
910 1605 1213 1674 Dominum,
1239 1617 1286 1661 et
1317 1604 1578 1660 exaudivit
1624 1620 1704 1659 me
1808 1604 2005 1659 troitur
2030 1603 2100 1658 ad
2126 1619 2275 1674 eum,
2311 1606 2431 1675 ipso
2462 1605 2694 1661 Domino
2722 1606 2804 1663 sic
2832 1607 3049 1663 dicente
3083 1624 3097 1661 :
3130 1608 3248 1679 Ego
3282 1623 3401 1664 sum

69 1704 139 1757 in
196 1702 485 1757 latitudine
534 1700 815 1755 Dominus.
861 1699 921 1754 ιη
975 1698 1241 1770 angustiis
1292 1697 1702 1754 tribulationum
1808 1694 2146 1767 ostium,per
2179 1712 2267 1752 me
2297 1695 2344 1751 si
2385 1698 2508 1768 quis
2530 1698 3177 1767 introierit,salvabitur.
3208 1700 3278 1755 Et
3307 1687 3439 1757 ite?

69 1795 382 1852 exaudivit
412 1809 501 1851 me
533 1796 586 1849 in
614 1792 907 1850 latitudine
935 1792 1276 1863 gaudiorum.
1726 1795 1774 1857 Β
1801 1806 1918 1845 rum
1936 1789 2135 1845 :Nemo
2158 1790 2389 1847 venitad
2402 1790 2615 1847 Patrem
2644 1793 2746 1847 nisi
2777 1807 2874 1862 per
2901 1807 2989 1849 me
3004 1791 3280 1864 (Joan.x).
3301 1792 3408 1849 Per

158 1887 432 1942 Dominus
475 1887 603 1941 milii
644 1886 856 1957 adjutor
884 1894 979 1951 est,
1011 1901 1114 1940 non
1141 1883 1329 1938 timebo
1374 1882 1500 1954 quid
1543 1881 1704 1953 faciat
1807 1883 1951 1939 hanc
1979 1899 2116 1957 ergo
2140 1897 2353 1956 portam
2394 1888 2616 1942 venitur
2644 1887 2711 1943 ad
2743 1888 2983 1955 Patrem,
3017 1888 3114 1944 sed
3158 1890 3319 1945 nemo
3350 1888 3408 1945 in

66 1981 220 2036 mihi
245 1981 424 2035 homo.
457 1979 721 2036 Diabolus
758 1980 947 2049 utique
976 1985 1030 2033 et
1061 1976 1226 2032 homo
1253 1986 1306 2032 et
1333 1976 1437 2043 vir,
1465 1989 1616 2045 smpe
1646 1974 1701 2029 in
1804 1994 1924 2035 eam
1959 1980 2258 2051 ingreditur
2286 1979 2392 2038 nisi
2413 1982 2615 2053 justus.

70 2073 406 2144 Scripturis
438 2071 678 2144 ponitur.
818 2112 827 2121 ι
1878 2070 2172 2141 Con/itebor
2222 2074 2316 2128 tibi
2347 2075 2596 2145 quoniam
2621 2074 2884 2130 exaudiin
2915 2092 3015 2145 me,
3039 2086 3088 2131 et
3133 2075 3304 2147 [actus
3352 2093 3407 2133 es

162 2167 433 2222 Dominus
450 2164 580 2219 mihi
609 2162 827 2237 adjutor
849 2172 947 2231 est,
969 2173 1016 2218 et
1042 2178 1138 2234 ego
1160 2161 1441 2233 despiciam
1464 2158 1705 2214 inimicos
1806 2165 1934 2218 mihi
1962 2164 2017 2218 in
2046 2164 2288 2221 salutem.
2322 2163 2378 2219 ιη
2417 2181 2524 2237 qua
2555 2166 2643 2222 vel
2671 2168 2896 2224 vulnera
2929 2168 3135 2238 peccati
3168 2168 3398 2239 sanasti,

70 2277 261 2318 meos.
296 2257 396 2314 Vel
428 2258 739 2325 haereticos,
766 2258 854 2311 vcl
882 2254 1128 2311 Judmos.
1805 2256 1892 2312 vel
1922 2256 2185 2313 adversus
2221 2257 2463 2329 iniquum
2497 2258 2735 2327 hostem,
2769 2262 2944 2317 factus
2973 2275 3034 2317 es
3066 2262 3120 2316 in
3143 2261 3404 2318 salutem.

162 2354 382 2410 Bonum
414 2361 488 2407 est
512 2366 723 2423 sperare
744 2350 800 2404 in
832 2349 1079 2417 Domino,
1120 2363 1275 2421 quam
1300 2362 1512 2419 sperare
1537 2347 1590 2401 in
1618 2346 1707 2400 Ito-

79 2450 261 2506 mine.
301 2448 359 2503 In
390 2449 510 2503 solo
542 2446 660 2503 Deo
689 2444 955 2502 debemus
993 2459 1242 2514 sperare,
1276 2450 1331 2500 et
1362 2457 1468 2498 non
1512 2442 1575 2500 in,
1600 2441 1700 2495 bo.

78 2544 272 2608 mine,
305 2541 465 2612 cujus
509 2538 663 2595 salus
704 2553 841 2595 vana
890 2545 975 2595 est
998 2535 1171 2609 (Psal.
1209 2543 1349 2606 ιη).
1381 2534 1519 2591 Nam
1562 2534 1706 2590 alius

79 2634 372 2709 propheta
402 2635 481 2690 ait
506 2651 518 2688 ε
542 2632 867 2689 blaledictus
899 2631 1065 2687 homo
1092 2630 1184 2702 qui
1217 2629 1370 2702 ponit
1396 2631 1451 2685 in
1482 2628 1705 2685 homine

81 2746 261 2804 Spem
290 2746 444 2785 suam
469 2728 689 2800 (Jerem.
717 2726 876 2799 xvii).

160 2823 382 2880 Bonum
408 2831 483 2878 est
510 2821 767 2892 conlidere
794 2822 847 2875 in
873 2819 1116 2874 Domino.
1145 2817 1247 2886 Qui
1279 2815 1444 2873 vitam
1476 2815 1706 2888 largitur

84 2929 394 2977 mternam.
451 2916 616 2983 Quam
668 2916 926 2985 conﬁdere
970 2915 1024 2968 in
1066 2911 1408 2983 principibus.
1459 2911 1704 2980 Quorum

83 3020 352 3087 potestas
374 3024 500 3066 cum
531 3008 636 3065 hoc
667 3006 873 3063 mundo
902 3005 1189 3063 dilabitur.

170 3108 371 3162 Omnes
392 3114 566 3176 gentes
595 3102 1041 3158 circumdederunt
1069 3118 1170 3171 me,
1202 3110 1251 3157 et
1279 3102 1331 3156 in
1364 3101 1569 3155 nomine
1598 3098 1708 3155 Do-

1879 2350 2135 2421 Lapidem
2165 2368 2315 2423 quem
2351 2354 3110 2424 repobraoeruntcediﬁcantes.
3146 2354 3410 2411 Dominus

1807 2446 2164 2503 nosterJesus
2178 2446 2426 2503 Christus
2451 2448 2591 2520 lapis
2608 2464 2771 2504 verus
2793 2450 3046 2505 inventus
3075 2449 3128 2504 in
3161 2447 3297 2520 legis
3323 2448 3415 2504 lit-

1808 2546 1947 2607 tera,
1977 2539 2302 2611 reprobatus
2322 2550 2408 2598 est
2427 2542 2497 2597 ab
2519 2540 2919 2597 mdilicantibus
2940 2540 3166 2610 Judais,
3185 2539 3290 2597 hoc
3307 2548 3416 2608 est,

1808 2633 2008 2690 littera:
2037 2634 2396 2691 intercutibus.
2431 2633 2532 2689 llic
2558 2636 2724 2706 factus
2749 2643 2826 2690 est
2852 2634 2910 2690 in
2944 2643 3098 2706 caput
3120 2633 3321 2708 anguli.
3351 2633 3411 2690 lu

1806 2736 1972 2798 caput
1998 2736 2339 2803 connectens
2364 2726 2504 2783 duos
2541 2728 2782 2797 parietes
2817 2743 3025 2783 :ununt
3062 2728 3132 2784 de
3171 2727 3412 2784 circum-

1806 2821 2037 2890 cisione,
2067 2823 2231 2877 alium
2272 2821 2341 2878 de
2392 2823 2683 2894 praeputio,
2720 2823 2771 2877 in
2822 2838 2931 2879 uno
2979 2837 3122 2880 novo
3163 2822 3407 2893 homine,

1808 2914 1914 2973 hoc
1938 2923 2045 2983 est,
2078 2915 2132 2972 in
2163 2916 2483 2988 semetipso.

1880 3009 1926 3062 A
1952 3007 2202 3076 Domino,
2233 3009 2417 3064 Patre.
2452 3006 2654 3064 Factus
2697 2992 2796 3065 est.
2822 3008 3087 3066 Mediator
3132 3020 3323 3067 noster
3357 3019 3415 3068 et

1808 3104 1945 3176 ejus.
1978 3103 2044 3158 Et
2068 3113 2142 3161 est
2169 3105 2420 3159 mirabilis
2442 3104 2496 3159 in
2524 3104 2685 3160 oculis
2712 3105 2916 3160 nostris.
2939 3104 3055 3160 Non
3080 3103 3134 3159 itt
3163 3104 3407 3173 illorum,

84 3201 249 3266 mini,
277 3199 403 3270 quia
430 3195 570 3253 ultus
601 3213 716 3252 sum
758 3198 814 3251 in
843 3212 951 3252 eos.
983 3195 1189 3254 Gentes
1218 3196 1430 3252 scilicet
1480 3196 1710 3251 tribula-
1734 3194 1779 3255 C
1812 3199 1901 3269 qui
1935 3214 2060 3255 eum
2087 3198 2553 3269 reprobaverunt;
2578 3198 2675 3256 sed
2708 3199 2760 3255 in
2789 3199 3014 3265 nostris,
3038 3198 3129 3272 qui
3149 3215 3272 3257 eum
3294 3214 3415 3257 cre-

88 3295 315 3351 tionuin
359 3290 638 3347 vallabant
686 3305 803 3357 me,
851 3289 948 3347 sed
998 3290 1054 3345 in
1100 3289 1318 3346 nomine
1358 3289 1572 3345 Domini
1615 3305 1708 3345 re-

90 3387 215 3445 stiti
240 3386 345 3442 eis.
714 3430 723 3437 .

169 3477 573 3538 Circutndantes
612 3477 1055 3534 circumdederunt
1078 3493 1180 3546 me,
1203 3486 1251 3532 et
1274 3477 1330 3532 in
1365 3477 1570 3531 nomine
1602 3476 1710 3532 Do-

49 3622 57 3635 .
92 3576 253 3639 mini,
286 3574 414 3646 quia
439 3572 576 3628 ultus
610 3589 724 3628 sum
762 3573 817 3629 in
844 3589 951 3629 eos.
977 3570 1147 3644 Cujus
1174 3587 1323 3629 eram
1349 3571 1555 3628 vexillo
1584 3588 1709 3628 mu-

94 3673 278 3729 nitus.

174 3760 644 3819 (.‘ircumdederunt
666 3777 744 3816 me
761 3762 894 3816 sicut
917 3778 1062 3833 apes.
1092 3760 1244 3818 Sicut
1272 3776 1403 3833 apes
1433 3760 1712 3829 favum,ut

102 3855 400 3911 auferrent
436 3851 781 3909 dulcedinem
806 3867 971 3924 quam
1008 3854 1061 3908 in
1093 3868 1181 3909 me
1210 3853 1461 3909 Christus
1490 3852 1713 3907 infude-

99 3958 210 4004 rat.
242 3943 309 3999 Et
336 3954 641 4000 exarserunt
663 3946 794 4000 sicut
818 3945 954 4019 ignis
974 3946 1028 4001 in
1049 3945 1230 4019 spinis.
1258 3944 1362 4018 lpsi
1386 3954 1712 4003 exarserunt

98 4040 158 4096 in
194 4038 400 4095 invidia
447 4054 547 4094 sua
598 4038 726 4095 dum
759 4054 847 4095 me
896 4055 1128 4097 exurere
1158 4056 1270 4098 non
1303 4041 1609 4099 valuerunt.
1641 4040 1712 4098 Et

102 4136 155 4189 in
171 4134 392 4189 nomine
423 4131 653 4200 Domini,
686 4133 808 4203 quia
832 4133 972 4189 ultus
998 4134 1184 4189 suntin
1214 4150 1319 4189 eos.
1340 4132 1475 4189 Cum
1504 4149 1566 4191 ea
1589 4149 1712 4207 quas

101 4227 248 4284 mihi
271 4226 590 4294 intulerant,
625 4227 681 4281 in
710 4242 805 4283 eos
836 4228 1013 4283 refusa
1046 4236 1193 4283 sunt.

175 4316 454 4390 Impulsus
479 4333 681 4374 eversus
703 4334 822 4375 sunt
847 4328 903 4373 ut
936 4318 1196 4390 caderem,
1228 4328 1276 4374 et
1316 4319 1570 4376 Dominus
1598 4336 1716 4376 sus-

103 4416 248 4488 cepit
286 4427 385 4467 me.
415 4412 519 4480 Qui
547 4411 835 4470 conlidens
866 4413 924 4469 in
952 4429 1099 4482 cum,
1131 4412 1315 4486 ipsum
1354 4414 1531 4472 solum
1560 4414 1718 4486 adju-

104 4518 292 4566 torem
324 4506 569 4579 quaesivi.

1809 3292 1995 3349 dendo
2024 3294 2389 3367 suscepimus.

1887 3386 2015 3441 Haec
2035 3397 2108 3442 est
2129 3387 2240 3442 dies
2263 3403 2418 3459 quam
2447 3389 2569 3459 fecit
2610 3385 2892 3458 Dominus,
2915 3391 3204 3446 exaltemus
3252 3397 3301 3444 et
3324 3388 3418 3445 la:-

1813 3490 1981 3536 temur
2001 3482 2055 3536 in
2081 3498 2162 3536 ea.
2187 3480 2287 3539 llic
2311 3482 2453 3553 lapis
2481 3484 2763 3555 angularis
2793 3484 2908 3553 ipse
2937 3495 3019 3541 est
3049 3484 3170 3542 dies
3199 3483 3412 3554 salutis,

1811 3574 1866 3631 itt
1904 3590 2012 3646 quo
2041 3575 2129 3631 vel
2171 3589 2201 3629 a
2230 3586 2406 3631 morte
2437 3575 2797 3645 surreximus,
2824 3575 2911 3631 vel
2938 3589 3178 3635 mterore
3208 3574 3418 3646 peccati

1750 3740 1755 3743 _
1812 3668 2084 3740 deposito,
2118 3668 2173 3725 in
2202 3669 2444 3725 novitate
2469 3669 2595 3724 vita:
2624 3668 2895 3724 laetamur.

1889 3765 1934 3817 υ
1968 3763 2206 3834 Domine,
2228 3764 2428 3819 salvam
2458 3780 2537 3819 me
2567 3766 2672 3834 fac.
2687 3762 2768 3820 Ad
2802 3772 2853 3818 te
2881 3761 3210 3819 venientem.
3239 3761 3286 3817 0
3306 3760 3416 3817 Do-

1812 3858 1969 3925 mine,
2002 3858 2125 3913 bene
2144 3873 2472 3930 prosperare.
2504 3856 2836 3928 Prosperum
2879 3856 3044 3913 facito
3084 3857 3192 3912 iter
3237 3855 3368 3911 illud
3397 3898 3415 3926 ,

1813 3964 1923 4021 quo
1950 3949 2016 4004 ad
2042 3957 2093 4005 te
2122 3956 2246 4019 post
2290 3948 2489 4004 multos
2537 3948 2754 4004 labores
2796 3957 3061 4004 revertar.
3101 3945 3415 4002 Benedictus

1812 4042 1901 4114 qui
1925 4042 2062 4097 venit
2083 4041 2135 4095 in
2164 4040 2370 4095 nomine
2402 4040 2636 4096 Domini.
2661 4037 2915 4096 Christus
2947 4038 3211 4095 Dominus
3238 4038 3292 4095 in
3319 4054 3419 4095 no-

1816 4135 1962 4191 mine
2017 4120 2213 4202 Patris,
2258 4133 2397 4189 sicut
2450 4135 2567 4207 ipse
2595 4134 2671 4189 ait
2702 4150 2717 4189 :
2748 4133 2863 4205 Ego
2913 4131 3039 4189 veni
3091 4130 3146 4188 in
3199 4132 3419 4190 nomine

1816 4225 1996 4282 Patris
2028 4226 2133 4281 mei
2160 4223 2344 4298 (Joan.
2370 4225 2446 4298 v),
2478 4233 2587 4282 etc.

1887 4319 2251 4376 Benedicimus
2281 4319 2422 4375 vobis
2455 4322 2520 4374 de
2547 4320 2704 4375 domo
2734 4317 2967 4375 Domini.
2999 4316 3187 4377 Sancti
3212 4315 3281 4373 de
3308 4330 3425 4376 cae-

1816 4412 1938 4469 lesti
1964 4413 2267 4470 Jerusalem
2303 4412 2557 4485 parvulos
2603 4411 2864 4469 Ecclesia:
2902 4410 3247 4469 benedicunt.
3278 4409 3423 4467 Deus

1824 4506 2077 4561 Dominus
2110 4515 2159 4561 et
2196 4506 2372 4561 illuxit
2408 4507 2579 4561 nobis.
2604 4492 3031 4563 Besuri'ectione
3058 4505 3204 4561 enim
3232 4520 3328 4561 sua
3354 4504 3422 4561 il-

174 4600 471 4658 Fortitudo
494 4618 628 4669 mea,
650 4611 698 4658 et
741 4601 858 4658 laus
906 4619 1022 4657 mea
1047 4602 1327 4672 Dominus,
1354 4611 1403 4659 et
1431 4604 1600 4675 factus
1638 4612 1712 4658 est
1740 4598 1793 4660 D
1817 4599 2106 4657 lutninavit
2135 4598 2386 4654 tenebras
2412 4609 2650 4654 nostras.

106 4696 246 4751 mihi
266 4695 319 4749 in
338 4694 573 4750 salutem.
602 4694 707 4767 lpsi
730 4695 1040 4764 concinam,
1062 4698 1235 4768 ipsum
1255 4696 1512 4753 virtutem
1537 4710 1710 4752 meam

108 4790 296 4846 dicam
328 4805 344 4842 :
373 4787 429 4843 in
468 4787 589 4862 ipso
635 4789 813 4845 omnis
865 4789 1108 4847 laudatio
1150 4805 1271 4846 mea
1315 4789 1588 4857 consistit,
1618 4787 1713 4861 qui

113 4880 259 4937 mihi
306 4881 360 4935 in
408 4882 515 4936 bac
562 4880 931 4938 tribulationis
987 4891 1166 4939 morte
1212 4880 1389 4939 factus
1430 4880 1592 4939 estin
1621 4895 1713 4937 sa-

112 4972 311 5029 lutem.

186 5066 318 5122 Vos:
335 5064 695 5121 exsultationis
708 5077 755 5125 et
773 5066 981 5137 salutis,
998 5070 1053 5125 in
1066 5068 1409 5124 tabernaculis
1419 5069 1709 5139 justorum.

113 5158 170 5215 ln
192 5159 457 5217 cordibus
485 5161 672 5233 utique
701 5173 1002 5236 martyrum
1029 5165 1469 5236 reliquorumque
1495 5172 1715 5220 sancto-

117 5266 267 5320 rum,
295 5252 382 5324 qui
409 5251 539 5309 facti
562 5265 689 5309 sunt
720 5256 1132 5313 tabernaculum
1160 5256 1254 5313 Dei
1288 5271 1389 5327 per
1408 5255 1716 5312 inhabitan-

122 5353 224 5401 tem
260 5344 520 5415 Spiritum
550 5358 802 5403 sanctum
830 5349 885 5405 in
911 5351 1013 5407 eis.

189 5426 423 5493 Dea-tera
459 5437 675 5495 Domini
711 5441 832 5512 fecit
872 5443 1129 5498 virtutem.
1166 5442 1237 5499 Ut
1267 5440 1398 5497 mibi
1433 5441 1716 5500 victoriam

127 5530 177 5586 in
215 5532 470 5603 passione
505 5530 798 5588 tribueret.
828 5533 1061 5590 Dextera
1099 5534 1312 5590 Domini
1341 5535 1586 5590 exultavit
1612 5550 1718 5590 me.

134 5623 209 5681 Ab
248 5623 559 5682 humilitate
602 5624 944 5683 diversarum
986 5627 1324 5699 passionum,
1353 5626 1554 5684 virtute
1604 5626 1722 5699 ejus

134 5716 367 5776 elevatus
390 5733 539 5777 sum.

208 5811 327 5869 Non
367 5814 585 5883 moriar,
622 5812 713 5869 sed
754 5806 939 5881 uiuam,
972 5822 1021 5869 ct
1050 5815 1270 5871 narrabo
1306 5832 1463 5888 opera
1493 5812 1723 5871 Domini.

1893 4694 2200 4752 Constituite
2218 4693 2356 4749 diem
2379 4692 2677 4750 solemnem.
2709 4693 2976 4751 Exhibete
3006 4708 3103 4751 vos
3136 4694 3335 4765 templa
3362 4699 3421 4752 et

1823 4801 1947 4843 aras
1972 4786 2109 4853 Deo,
2138 4786 2193 4841 in
2224 4786 2422 4856 quibus
2459 4793 2515 4842 et
2543 4799 2729 4843 sacras
2771 4785 3058 4842 celebretis
3099 4785 3421 4842 solemnita-

1824 4889 1927 4935 tes.
1958 4879 2024 4934 lu
2044 4878 2339 4934 condensis.
2364 4877 2421 4933 In
2454 4876 2739 4934 virtutibus
2769 4875 2955 4933 tnnltis
2988 4893 3001 4934 :
3032 4877 3084 4932 in
3117 4875 3311 4948 quibus
3332 4877 3422 4934 vel

1824 4973 1940 5044 ipse
1968 4973 2258 5040 Dominus,
2288 4973 2376 5030 vel
2406 4973 2527 5045 ejus
2563 4972 2739 5044 angeli
2768 4971 3205 5043 frequentantur.
3242 4967 3420 5041 Usque

1824 5068 1894 5123 ad
1920 5084 2082 5123 cornu
2110 5067 2314 5122 altaris.
2344 5067 2523 5140 Usque
2559 5066 2625 5122 ad
2655 5067 2829 5138 ipsum
2864 5063 3181 5135 Dominum,
3215 5062 3308 5137 qui
3337 5072 3424 5121 est

1826 5161 2089 5219 fortitudo
2113 5160 2331 5230 anima',
2364 5176 2526 5234 quam
2554 5160 2673 5233 ejus
2693 5160 2867 5216 altare
2895 5158 3095 5215 iecisti.

1899 5255 2038 5311 Deus
2060 5270 2205 5310 meus
2239 5271 2292 5310 es
2322 5263 2399 5323 tu,
2427 5263 2477 5311 et
2498 5252 2783 5323 conﬁtebor
2806 5251 2918 5307 tibi.
2952 5254 3189 5322 Accepta
3218 5249 3419 5306 remis-

1826 5348 1981 5405 sione
2019 5363 2118 5419 per
2154 5345 2554 5403 confessionem
2586 5345 2982 5417 peccaminum,
3010 5357 3156 5399 nunc
3190 5341 3426 5398 confite-

1828 5439 1927 5497 bor
1951 5438 2140 5496 laudes
2172 5447 2312 5504 tuas,
2345 5436 2483 5492 Deus
2512 5452 2656 5493 meus
2682 5444 2761 5507 tu,
2791 5444 2840 5491 et
2871 5435 3110 5490 exaltabo
3135 5443 3203 5489 te.
3228 5431 3367 5503 Quia
3396 5437 3440 5488 a‘

1829 5543 1882 5590 te
1911 5533 1980 5589 ab
2012 5529 2319 5588 humilitate
2345 5544 2465 5585 sum
2493 5529 2835 5587 sublevatus.

1899 5624 2195 5695 Conﬁtebor
2223 5622 2336 5693 tibi,
2363 5622 2611 5695 quoniam
2639 5622 2897 5678 exaudiui
2925 5638 3026 5678 me.
3054 5619 3130 5679 Ut
3168 5634 3257 5677 me
3299 5628 3426 5675 cum

1829 5718 2032 5774 sanctis
2064 5717 2169 5773 tuis
2190 5715 2244 5773 in
2274 5716 2486 5775 caelesti
2518 5715 2820 5774 Jerusalem
2853 5714 3118 5772 sociares.
3408 5722 3413 5725 ‘

1904 5810 2236 5884 Conﬁtentini
2286 5809 2510 5867 Domino
2552 5808 2798 5885 quoniam
2852 5808 3035 5877 bonus,
3069 5807 3317 5882 quoniam
3372 5804 3430 5866 itt
