3992 6314
134 278 291 336 1189

1081 270 1510 336 ιιιιεγιιιιιωι
1553 272 1618 330 ΙΝ
1660 270 1996 333 PSALIIOS.
2042 273 2234 332 PSAL.
2277 272 2507 334 CXVIII.

3320 279 3462 341 1190

214 391 285 447 In
311 391 395 445 cia
425 387 835 445 testimoniorum
863 393 1081 446 tuorum
1111 391 1393 446 delectatus
1431 406 1572 455 sum,
1620 390 1753 444 sicut
1784 400 1824 452 Α
1858 388 1931 445 cti
1957 429 1971 452 ,
2005 403 2175 459 usque
2202 390 2269 449 ad
2299 392 2595 447 sectionem
2630 401 2809 448 tamen
2842 395 3113 451 cervicum
3145 409 3363 468 semper
3402 413 3461 454 se

130 488 192 541 in
219 484 460 540 omnibus
482 483 699 539 diuitiis.
724 483 879 541 Sicut
905 484 1049 540 enim
1073 493 1324 540 terrenus
1348 483 1511 539 homo
1532 484 1585 538 in
1610 482 1756 555 agris

135 578 437 648 vineisque
475 577 816 634 delectatur:
851 577 922 633 ita
966 578 1069 633 iste
1109 578 1163 633 in
1194 578 1519 633 testimoniis
1553 576 1646 631 Dei
1671 576 1756 645 ju-

132 672 415 729 cundatur
430 672 499 727 de
519 671 853 728 conscientia
879 686 1034 741 pura,
1053 655 1169 743 qui,
1198 682 1509 741 contempto
1529 668 1751 737 mundo,

136 780 171 820 a
205 766 321 822 Deo
351 765 560 821 ditatus
586 774 691 821 est.

219 857 285 913 In
312 858 575 913 mandatis
598 857 703 913 tuis
729 857 1020 922 exercebar,
1052 867 1101 913 et
1125 858 1462 914 considerabo
1480 859 1589 913 nias
1612 866 1749 913 tuas.

132 949 478 1007 Exercitatio
509 949 804 1006 assiduitas
834 951 1017 1021 operis
1045 960 1148 1006 est.
1178 951 1242 1005 Et
1270 950 1372 1006 iste
1397 968 1407 1000 :
1441 950 1552 1005 nisi
1586 965 1750 1006 exer—

131 1044 342 1101 citatus
371 1045 425 1099 in
456 1043 726 1099 mandatis
757 1044 853 1100 Dei
882 1043 1097 1110 fuisset,
1133 1059 1238 1099 non
1270 1054 1477 1115 poterat
1501 1046 1751 1101 conside-

133 1151 271 1193 rare
298 1136 414 1192 vias
443 1135 611 1206 ejus;
664 1135 715 1191 id
762 1145 867 1205 est,
918 1136 1245 1209 apostolicas
1293 1136 1752 1207 propheticasque

141 1228 448 1285 doctrinas.

217 1321 286 1377 In
326 1322 789 1391 iustiﬁcationibus
834 1323 939 1377 tuis
980 1322 1286 1387 meditabor,
1330 1338 1433 1376 non
1479 1322 1751 1377 obliviscar

132 1432 405 1474 sermones
453 1426 586 1471 tuos.
636 1415 712 1471 Ea
761 1415 1012 1479 meditor,
1048 1416 1101 1473 in
1145 1415 1228 1471 his
1258 1429 1538 1482 exerceor,
1572 1424 1630 1470 ut
1660 1415 1746 1470 illa

133 1508 415 1572 oblivioni
436 1525 543 1564 non
597 1507 850 1574 tradens,
885 1507 1087 1579 possim
1121 1523 1184 1563 ea
1230 1509 1441 1578 integre
1485 1507 1746 1578 perfecte-

134 1618 248 1676 que
275 1603 526 1675 implere.

852 1711 1035 1753 GIIBL.

1857 479 1913 535 in
1946 480 2044 537 Dei
2072 492 2439 539 exercuerunt
2463 483 2958 553 justitlcationibus.

1929 573 2072 628 Nam
2102 582 2147 628 et
2178 577 2473 631 testimonia
2496 587 2585 633 tua
2612 579 2882 635 meditatio
2914 597 3025 635 mea
3048 592 3139 636 est.
3168 583 3224 638 In
3256 583 3339 660 his
3362 583 3469 637 uti.

1853 682 1961 737 quo
1985 670 2277 738 pressuris.
2310 668 2380 725 Et
2405 671 2684 726 consilium
2714 659 3315 748 meum'justiﬁcatioues
3338 687 3461 735 tute.

1853 758 1988 827 Quia
2016 760 2183 816 vitam
2211 762 2536 831 pollicentur
2564 771 2846 821 arternam.

2536 872 2768 913 Μιετιι.

1923 944 2163 1000 Adbtesit
2183 948 2473 1017 pavimento
2495 949 2669 1003 anima
2688 965 2801 1004 mea
2825 967 2844 1004 :
2867 951 3068 1022 vici/ica
3084 970 3162 1007 me
3175 955 3463 1010 secundum

1851 1037 2061 1090 ret-bum
2100 1048 2262 1093 tuum.
2305 1040 2536 1110 Corpori
2578 1044 2790 1097 mortali
2835 1045 3069 1101 animant
3114 1047 3459 1119 coniunctam

1851 1127 2135 1200 intelligo:
2174 1131 2298 1186 ideo
2338 1146 2407 1187 ne
2448 1132 2710 1190 delictum
2741 1136 3058 1206 invalescat,
3089 1155 3118 1195 a
3148 1150 3202 1198 te
3231 1152 3354 1212 peto
3384 1146 3464 1199 vi-

1850 1221 2061 1278 villcari
2087 1240 2101 1277 :
2131 1224 2312 1279 sciens
2342 1226 2465 1296 quia
2511 1226 2949 1297 concupiscentia
2997 1233 3179 1289 carnis
3224 1243 3454 1292 mortem

1850 1327 2131 1388 operatur.

1934 1407 2053 1464 Vias
2082 1424 2220 1465 meas
2249 1410 2510 1465 entmtiavi
2532 1410 2642 1470 tibi.
2678 1412 2963 1481 Quomodo
2998 1414 3149 1482 dicit,
3195 1421 3461 1475 enuntiari

1850 1503 1962 1570 tibi,
2006 1517 2129 1559 eum
2179 1502 2305 1558 alibi
2355 1504 2511 1570 dicit,
2560 1504 2781 1560 enuntia
2827 1505 2979 1561 mihi.
3014 1506 3279 1580 Numquid
3317 1512 3457 1566 Deus

1849 1595 2052 1666 aliquid
2085 1597 2253 1651 nescit
2283 1607 2375 1651 aut
2405 1597 2654 1667 ignorat:
2683 1598 2805 1667 quia
2836 1599 2952 1666 ipse
2983 1599 3179 1670 ubique
3204 1612 3290 1658 est
3316 1619 3457 1673 pra:-

1846 1705 1999 1756 sens,
2041 1700 2097 1746 et
2147 1691 2326 1744 omnia
2377 1691 2660 1760 praevidet,
2709 1701 2764 1747 et
2813 1692 3145 1749 intrinsecus
3190 1696 3314 1750 est?
3349 1696 3457 1753 Sed

210 1792 456 1847 Retribue
483 1806 628 1846 seruo
658 1798 768 1856 tuo,
795 1791 997 1860 aiuifica
1026 1806 1123 1854 me,
1156 1797 1201 1843 et
1227 1788 1516 1843 custodiam
1550 1803 1746 1841 sermo-
1778 1786 1820 1847 Β
1849 1784 1990 1855 quod
2022 1785 2170 1851 dicit,
2202 1785 2308 1839 vias
2336 1802 2472 1840 meas
2499 1787 2757 1840 enuntiavi
2779 1788 2890 1852 tibi,
2926 1788 3025 1842 hoc
3058 1800 3162 1859 est,
3191 1806 3254 1848 ac
3294 1793 3337 1847 si
3380 1794 3461 1849 di—

130 1901 227 1940 nes
254 1894 390 1940 tuas.
423 1882 750 1940 Constanter
770 1882 871 1938 sibi
902 1882 1128 1936 retribui
1157 1882 1228 1936 ob
1258 1882 1309 1935 id
1332 1881 1472 1952 quod
1503 1881 1608 1935 Deo
1631 1893 1741 1934 ser-

131 1976 271 2043 viat,
302 1975 647 2046 deprecatur.
680 1977 744 2029 Et
771 1976 899 2045 quia
929 1975 1101 2029 DBSI'il
1131 1990 1345 2028 servum
1378 1989 1438 2028 se
1465 1988 1589 2028 esse
1619 1987 1741 2042 pet:-

132 2071 243 2124 cati
272 2086 288 2123 :
338 2070 389 2123 in
437 2070 552 2138 ipso
581 2070 780 2131 vivere,
813 2067 906 2137 qui
937 2067 1042 2121 vita
1081 2075 1186 2131 est,
1219 2076 1411 2137 optat:
1442 2080 1749 2121 sermones-

133 2176 246 2232 que
270 2160 391 2231 ejus
420 2160 546 2215 dum
577 2163 685 2215 vita
717 2174 959 2231 prarsens
985 2158 1245 2225 volvitur,
1278 2158 1573 2213 custodire.

209 2251 406 2308 Revela
427 2251 606 2308 oculos
633 2268 792 2321 meos,
818 2261 866 2306 et
890 2250 1231 2306 considerabo
1260 2250 1518 2304 mirabilia
1550 2254 1614 2303 de
1638 2251 1749 2321 lege

136 2354 249 2399 tua.
276 2343 545 2415 Absterge
572 2346 643 2399 ah
684 2343 859 2399 oculis
903 2343 1085 2397 cordis
1131 2342 1381 2397 velamen
1432 2340 1647 2405 littera,
1691 2349 1746 2395 et

136 2439 221 2494 lac
268 2454 357 2495 me
398 2438 664 2508 Spirituali
710 2453 871 2493 sensu
902 2436 1038 2507 legis
1064 2443 1169 2490 tua:
1200 2435 1466 2490 mirabilia
1498 2443 1743 2490 contem-

136 2533 296 2604 plari.
330 2531 387 2587 In
439 2532 638 2587 lumine
677 2533 824 2587 enim
866 2542 957 2585 tuo
991 2529 1295 2585 videbimus
1335 2530 1516 2583 lumen
1556 2526 1740 2595 (Psal.

139 2625 353 2697 xxxv).

211 2718 396 2774 Incola
431 2734 527 2790 ego
564 2733 682 2772 sum
718 2719 770 2771 in
803 2726 960 2783 terra,
986 2732 1089 2771 non
1114 2715 1403 2769 abscondas
1433 2729 1512 2767 me
1534 2729 1568 2767 α
1597 2729 1746 2767 man-

137 2813 275 2867 datis
315 2813 442 2865 tuis.
484 2812 574 2868 Sic
602 2822 659 2867 et
695 2810 981 2881 Apostolus
1017 2810 1130 2863 ait:
1164 2807 1300 2863 Dum
1328 2821 1515 2862 sumus
1540 2805 1594 2860 iu
1626 2821 1744 2865 cor-

139 2918 292 2975 pore,
341 2902 751 2974 peregriuamur
784 2918 815 2956 a
859 2901 1087 2955 Domino
1131 2899 1209 2973 (II
1233 2898 1353 2954 Cor.
1385 2900 1463 2969 v).
1498 2898 1747 2968 Peregri-

140 3012 271 3053 num
299 3012 362 3052 se
391 2997 442 3051 in
469 3011 700 3066 corpore
732 2997 967 3065 positum
998 2993 1260 3063 prOpheta
1287 2991 1420 3046 dicit
1460 3006 1490 3043 a
1533 2990 1741 3047 etclesti

148 3087 499 3161 frequentia:
532 3089 657 3159 quia
715 3087 819 3142 scit
868 3085 987 3163 hanc
1029 3084 1278 3139 mandata
1327 3083 1382 3138 in
1435 3081 1659 3137 tbronis.
1688 3088 1745 3136 et

1851 1887 1972 1933 cat:
2004 1878 2083 1932 'I‘u
2116 1878 2202 1932 die
2232 1878 2379 1948 prius
2420 1880 2735 1950 iniquitates
2770 1891 2889 1935 tuas
2926 1880 3092 1952 (leui.
3134 1888 3314 1955 sun),
3354 1889 3458 1943 hoc

1848 1980 1953 2038 est,
1988 1979 2077 2026 tua
2109 1987 2271 2041 Opera
2302 1990 2314 2025 :
2350 1973 2493 2043 quod
2527 1984 2718 2029 cnnt'a
2761 1976 3074 2032 mandatum
3122 1979 3212 2033 Dei
3255 1982 3409 2050 egisti
3440 1999 3485 2011 ·’

1848 2063 2069 2119 enuntia
2106 2079 2201 2134 per
2230 2065 2631 2121 Confessionettt
2658 2069 2740 2122 vel
2774 2069 3169 2137 paenitentiam,
3209 2079 3264 2123 ut
3288 2070 3450 2140 justi«

1850 2157 2029 2211 liceris
2057 2157 2108 2211 in
2139 2158 2484 2212 sermonibus
2518 2159 2630 2213 Dei.

1927 2247 2053 2303 Vias
2072 2264 2209 2302 meas
2228 2249 2517 2315 enuntiari,
2542 2257 2591 2302 et
2619 2250 2882 2306 exaudiin
2907 2268 3023 2307 me:
3052 2253 3181 2307 doce
3203 2269 3284 2308 mc
3298 2255 3455 2325 justi-

1849 2341 2117 2406 ﬁcationes
2148 2351 2298 2395 tuas:
2333 2340 2456 2396 Vias
2486 2344 2687 2411 peccati
2734 2344 2837 2396 mei
2887 2344 3168 2399 conlcssus
3213 2361 3355 2412 sum,
3404 2355 3456 2401 et

1847 2430 2100 2486 remisisti
2125 2449 2138 2485 :
2175 2446 2318 2487 nunc
2348 2431 2652 2488 doctrinam
2682 2433 2918 2505 indulge,
2949 2437 3073 2505 quia
3104 2434 3155 2489 in
3181 2435 3450 2505 justilica-

1849 2525 2086 2580 tionibus
2119 2526 2226 2580 tuis
2250 2524 2503 2581 cdocear.

1932 2617 2077 2671 Viam
2096 2604 2534 2689 justiﬁcatiouum
2567 2630 2774 2673 tuarum
2814 2621 3013 2676 instrue
3053 2639 3149 2677 me.
3181 2622 3452 2679 Justillea-

1847 2709 2022 2765 tiones
2048 2724 2183 2780 quas
2211 2710 2342 2781 legis
2372 2711 2550 2767 littera
2584 2714 2825 2780 protulit,
2848 2714 3201 2782 spiritualiter
3220 2716 3449 2787 capiam.

1848 2801 1917 2861 Et
1938 2803 2212 2857 eaerrebor
2242 2804 2293 2857 in
2323 2804 2647 2859 mirabilibus
2676 2806 2798 2859 tuis.
2834 2807 2892 2859 In
2920 2808 3183 2876 apustolis
3209 2812 3454 2866 cteteris~

1845 2912 1952 2970 que
1981 2898 2238 2952 doctrinis
2263 2898 2669 2967 ecclesiasticis,
2698 2915 2820 2968 qua:
2847 2900 2900 2954 in
2928 2916 2989 2956 ea
3019 2912 3145 2957 sunt
3192 2904 3455 2974 liguratzc.

1918 2988 2227 3045 Dormitavit
2253 2992 2429 3045 anima
2452 3008 2585 3047 mea.
2618 2991 2674 3047 In
2707 2992 2865 3063 hujus
2889 2993 3183 3051 habitaculi
3213 3002 3458 3053 mortalis

1847 3088 2104 3143 statione.
2141 3085 2265 3141 Pra:
2287 3086 2466 3142 twdio.
2494 3086 2882 3143 lmbeeillitrttis
2909 3104 3210 3159 corporeae.
3245 3088 3456 3161 Conﬁr-

146 3180 609 3237 dominationibus
654 3178 961 3236 contineri:
1002 3193 1123 3247 quas
1147 3175 1252 3232 sibi
1280 3189 1349 3231 ne
1377 3176 1743 3259 occultantur,
1777 3183 1823 3246 (ζ
1855 3197 1938 3234 ma
1969 3197 2051 3236 me
2079 3181 2133 3234 in
2173 3180 2341 3235 verbis
2381 3182 2505 3235 tuis.
2536 3179 2606 3238 Ut
2652 3180 2831 3236 ablato
2875 3183 3077 3253 peccati
3104 3198 3324 3251 somno,
3373 3185 3456 3239 in-

145 3273 428 3345 implorat.

215 3365 527 3436 Concnpivit
542 3365 718 3419 animo
741 3378 852 3419 mea
872 3360 1167 3419 desiderare
1180 3360 1586 3435 jasti/icationes
1612 3366 1749 3425 tuas,

142 3463 201 3517 in
222 3460 367 3516 omni
391 3466 636 3531 tempore.
671 3456 742 3514 Ut
768 3460 880 3513 sive
910 3456 1251 3519 mandarem,
1275 3455 1392 3510 sive
1413 3452 1613 3513 bibam.
1640 3451 1754 3507 sive

148 3555 293 3611 aliud
324 3554 453 3621 quid
479 3551 672 3608 faciam
700 3570 711 3604 ε
742 3566 837 3607 eas
864 3564 1083 3621 semper
1111 3547 1441 3615 desiderem,
1481 3545 1711 3601 mediter
1736 3584 1751 3611 ,

150 3647 583 3720 apprehendam.

224 3740 517 3812 lncrepasli
556 3738 825 3807 superbos.
876 3736 947 3794 Ut
985 3751 1081 3792 eos
1122 3736 1189 3792 ad
1224 3735 1597 3819 humilitatem
1625 3747 1754 3788 san-

154 3845 315 3901 ctam,
348 3849 508 3904 quam
541 3831 798 3896 docuisti,
827 3830 1141 3887 reduceres.
1176 3826 1467 3900 Increpasti
1488 3825 1756 3897 superbos.

155 3927 243 3986 Sic
271 3929 398 3983 fecit
427 3926 668 3993 diabolo,
714 3922 768 3980 et
815 3922 1017 3990 Adam,
1071 3924 1161 3994 qui
1203 3937 1263 3978 se
1312 3923 1663 3976 elevaverunt
1706 3921 1759 3974 in

156 4020 431 4091 superbia.
465 4018 564 4074 Vel
596 4016 756 4072 modo
789 4033 883 4086 per
914 4026 1039 4072 tuos
1078 4015 1332 4069 doctores
1372 4015 1622 4084 inerepas
1661 4013 1758 4066 ad-

157 4110 427 4169 versarius
456 4118 770 4181 potestates,
806 4108 1050 4165 membra
1074 4107 1300 4173 diaboli,
1343 4104 1632 4165 haereticos
1677 4105 1761 4159 vel

154 4205 333 4259 malos
381 4203 651 4267 homines,
692 4200 783 4271 qui
826 4208 1018 4256 contra
1058 4199 1307 4255 mandata
1339 4198 1433 4253 Dei
1460 4206 1646 4269 aguut.
1680 4197 1766 4251 ln-

155 4298 394 4367 crepasti
422 4294 544 4353 illos
569 4310 666 4366 per
695 4303 815 4349 tuos
842 4304 1078 4350 sanctos.
1106 4291 1370 4349 Maledicti
1391 4295 1477 4364 qui
1501 4292 1766 4349 declinant

156 4408 189 4445 a
220 4389 485 4445 mandatis
526 4389 657 4443 tuis.
708 4387 985 4459 Maledicti
1026 4396 1151 4443 sunt
1186 4385 1262 4441 illi
1296 4387 1385 4457 qui
1424 4402 1455 4442 a
1499 4387 1767 4443 mandatis

160 4485 258 4540 Dei
288 4483 584 4545 declinant,
612 4481 706 4536 sed
739 4488 870 4535 tunc
897 4480 1130 4551 pleniter
1153 4480 1587 4535 maledictiouem
1612 4494 1770 4535 acce-

1852 3284 2058 3331 stanter
2083 3274 2135 3328 in
2170 3273 2253 3328 his
2280 3274 2521 3344 vigilem.

1932 3366 2087 3421 Viam
2113 3367 2405 3437 iniquitatis
2433 3353 2613 3423 amove
2639 3384 2670 3422 a
2688 3385 2792 3424 me.
2824 3368 3168 3425 Dcsiderium
3200 3369 3329 3424 illud
3362 3385 3459 3441 per

1855 3459 1998 3531 quod
2043 3459 2111 3514 ad
2160 3459 2491 3529 precandum
2524 3460 2755 3515 venitur.
2787 3458 2855 3515 Et
2883 3462 2937 3515 in
2965 3462 3075 3534 lege
3102 3469 3194 3515 tua
3222 3463 3464 3518 miserere

1856 3552 1977 3607 mei.
2012 3552 2164 3622 Apud
2194 3561 2251 3611 te
2281 3551 2428 3609 enim
2456 3553 2540 3608 lex
2572 3552 2816 3608 instituta
2847 3563 2950 3619 est,
2976 3564 3036 3611 ut
3063 3568 3282 3625 semper
3303 3556 3465 3611 mise-

1857 3645 2052 3701 rearis.

1942 3737 2092 3793 Viam
2136 3739 2370 3795 veritatis
2412 3739 2565 3811 elegi.
2612 3738 2889 3797 Christum
2934 3741 3031 3797 Dei
3058 3740 3273 3807 Filium,
3304 3757 3467 3813 quem

1862 3831 2165 3903 praevidens
2211 3842 2498 3888 venturum
2534 3832 2585 3885 iu
2616 3832 2877 3889 mundum
2903 3834 3066 3889 audio
3094 3834 3312 3889 dicere:
3346 3834 3461 3906 Ego

1858 3939 1981 3982 sum
2011 3926 2119 3990 via,
2146 3927 2364 3995 veritas,
2397 3936 2452 3979 et
2479 3927 2589 3982 vita
2621 3924 2814 3997 (locu.
2840 3928 2973 3998 xiv).
3007 3925 3220 3983 Iudicia
3250 3937 3338 3983 tua
3360 3945 3465 3985 non

1862 4036 1980 4076 sum
2006 4019 2216 4075 oblitus.
2243 4019 2334 4075 Illa
2354 4019 2577 4090 judicia,
2603 4035 2724 4091 quae
2748 4021 2800 4075 in
2832 4021 3139 4093 Evangeliis
3166 4023 3467 4093 proferens,

1864 4112 1977 4168 ait:
2014 4112 2126 4169 lloc
2153 4123 2238 4169 est
2265 4110 2551 4184 judicium,
2579 4123 2640 4168 ut
2666 4114 2843 4169 omnia
2868 4115 2959 4185 qui
2989 4115 3163 4171 credit
3193 4115 3248 4171 in
3272 4116 3467 4173 Filium

1869 4205 2122 4264 hominis.
2158 4205 2352 4261 habeat
2385 4207 2549 4260 vitam
2580 4215 2839 4261 aeternam
2873 4208 2890 4277 (
2910 4207 3072 4263 toan.
3106 4207 3211 4280 tu).
3363 4188 3367 4197 ’

1940 4299 2150 4353 Adluesi
2187 4299 2491 4354 testimoniis
2535 4300 2659 4365 tuis,
2692 4298 2934 4369 Domine,
2979 4301 3089 4355 noli
3132 4317 3212 4355 me
3249 4304 3476 4372 confun-

1870 4392 2009 4447 dere.
2043 4392 2258 4463 Et‘quia
2293 4392 2377 4448 his
2415 4392 2704 4449 adhaerens
2726 4436 2741 4458 ,
2789 4395 3123 4450 anteriorum
3174 4394 3477 4452 facinorum

1870 4484 2257 4556 indulgentiam
2306 4488 2520 4541 merui:
2555 4501 2741 4557 quasso
2782 4503 2852 4544 ne
2887 4505 2973 4544 me
3017 4489 3236 4559 patiaris
3270 4489 3339 4546 de
3382 4490 3477 4546 ite-

162 4577 307 4649 pturi
336 4587 493 4632 erunt
522 4575 674 4640 mali,
708 4573 761 4629 id
803 4583 907 4641 est,
951 4572 1194 4629 haeretici
1233 4573 1314 4626 vel
1350 4570 1586 4642 reliqui:
1627 4586 1764 4641 quo-
1792 4582 1845 4642 ι)
1872 4579 2083 4632 ratione
2115 4580 2317 4646 peccati
2356 4577 2644 4633 confundi.

164 4673 313 4729 niam
342 4670 583 4727 dicturus
604 4670 742 4724 erit:
769 4667 866 4735 Ite,
892 4665 1180 4734 maledicti,
1208 4667 1262 4721 in
1278 4667 1452 4736 ignem
1479 4673 1760 4732 aeternum,

166 4766 255 4837 qui
283 4776 506 4835 paratus
536 4772 622 4820 est
646 4762 866 4825 diabolo
890 4772 946 4818 et
972 4761 1181 4832 angelis
1206 4760 1330 4831 ejus
1364 4759 1382 4831 (
1398 4759 1584 4815 Matth.
1609 4758 1767 4830 xxv).

234 4863 401 4933 Aufer
438 4877 475 4916 tt
510 4876 590 4915 me
627 4858 984 4931 approbrittm.
1030 4856 1243 4915 Precati
1290 4866 1347 4911 et
1381 4854 1668 4924 judicium.
1703 4850 1773 4905 Et

166 4962 530 5023 contemptum.
552 4951 746 5008 Jutlieii
781 4949 1043 5008 mortalis.
1076 4950 1215 5017 Quia
1258 4948 1547 5003 testimonia
1569 4955 1662 5003 tua
1686 4962 1777 5003 ea:-

166 5047 373 5119 quisivi.
403 5043 524 5103 Non
552 5042 725 5100 otiose
753 5051 810 5098 et
835 5041 1230 5106 somnolentcr,
1258 5039 1356 5098 scd
1388 5050 1611 5097 strenue
1644 5039 1775 5109 vigi-

169 5139 472 5197 lanternas.

239 5155 315 5197 ιιε
459 5177 472 5193 .

239 5155 452 5289 Εῑὲῗῗηῗ
469 5231 710 5287 sederunt
735 5227 1011 5300 principes,
1035 5235 1082 5280 et
1102 5224 1372 5280 adversum
1398 5241 1477 5280 me
1497 5222 1776 5291 loqueban-

171 5338 285 5385 tttr:
315 5344 495 5385 servus
533 5333 706 5381 autem
737 5331 855 5381 tutis
880 5320 1211 5379 exercebatur
1238 5319 1293 5373 in
1313 5317 1777 5391 justiﬁratiouibus

169 5422 283 5479 tuis.
306 5420 475 5490 Quod
506 5420 564 5475 in
588 5416 697 5477 hoc
725 5413 998 5471 versiculo
1030 5410 1288 5481 propheta
1323 5410 1374 5465 iu
1418 5424 1479 5464 se
1516 5408 1774 5478 loquitur,

168 5512 401 5572 futurum
452 5513 507 5567 in
551 5506 818 5579 apostolis
863 5504 1195 5574 reliquisque
1237 5500 1569 5570 martyribus
1597 5498 1772 5567 videt,

165 5610 250 5683 qui
274 5609 443 5669 multa
464 5616 654 5661 coram
680 5599 895 5669 regibus
913 5605 966 5652 et
992 5594 1337 5666 praesidibus,
1360 5592 1594 5649 Domino
1614 5591 1778 5649 etiam

164 5704 265 5762 hoc
304 5696 743 5775 praenuntiatus.
794 5689 1036 5762 perpessi
1086 5699 1213 5745 sunt
1248 5685 1484 5757 (Matth.
1524 5701 1580 5755 x,
1608 5684 1776 5741 lare.

164 5812 278 5868 aut,
309 5805 361 5856 et
390 5792 531 5852 Luc.
569 5785 710 5860 xxi).
740 5784 843 5854 Qui
869 5783 1003 5841 licet
1027 5781 1141 5845 sint
1162 5778 1401 5841 diversis
1434 5779 1612 5851 pronis
1646 5778 1783 5839 me.

1952 4669 2105 4723 Viam
2130 4669 2500 4722 mandatorum
2529 4680 2735 4724 tuorum
2763 4673 2994 4725 cucurri.
3037 4671 3264 4739 Quando
3308 4672 3479 4728 multa

1877 4762 2119 4833 patiebar
2147 4772 2367 4831 propter
2393 4761 2618 4818 verbum
2651 4761 2722 4817 ob
2758 4777 2909 4831 spem
2956 4763 3147 4817 futurae
3190 4762 3482 4818 beatitudi-

1880 4855 1981 4910 nis.
2014 4850 2145 4907 Cum
2175 4852 2421 4913 dilatam
2465 4869 2555 4907 cor
2600 4868 2789 4907 meum.
2835 4852 2972 4907 Cum
3021 4853 3075 4907 in
3123 4851 3481 4923 amplitudine

1878 4957 2185 5003 sanctarum
2215 4946 2615 5016 Scripturarum
2646 4947 2964 5017 mysterium
2994 4944 3125 5001 mihi
3165 4946 3336 5001 beatae
3356 4945 3482 5001 ’I‘ri-

1881 5040 2067 5096 nitatis
2117 5038 2441 5094 insinuares.
2489 5038 2584 5093 Vcl
2631 5038 2890 5094 dilatares
2919 5053 3014 5093 cor
3043 5051 3260 5093 meum:
3288 5037 3341 5093 id
3373 5049 3478 5108 eat,

1889 5134 1944 5190 in
1979 5131 2262 5187 latitudine
2290 5130 2590 5201 charitatis,
2618 5132 2675 5189 in
2698 5146 2816 5203 spe,
2848 5132 2902 5186 in
2929 5130 3049 5186 tide.

1957 5317 2141 5389 Legem
2165 5332 2299 5386 parte
2324 5316 2472 5381 mihi,
2499 5314 2744 5378 Domine,
2772 5316 2906 5370 viam
2923 5315 3355 5389 justiﬁeationutn
3378 5323 3489 5370 tua-

1883 5426 2018 5464 rum.
2050 5408 2322 5479 Propheta
2344 5407 2402 5463 in
2427 5423 2653 5476 persona
2682 5407 2941 5463 Ecclesia:
2961 5406 3117 5474 dicit,
3147 5404 3334 5478 Legem
3356 5420 3488 5477 pene
3560 5462 3565 5465 ι

1882 5502 2029 5558 mihi.
2059 5502 2113 5557 id
2138 5511 2244 5569 est,
2279 5502 2657 5572 temetipsum:
2687 5507 2811 5574 quia
2848 5501 2936 5556 ch
2972 5500 3227 5557 Christus
3271 5509 3375 5557 est.
3411 5500 3489 5557 Ac

1884 5597 1929 5652 si
1957 5595 2142 5653 dicat:
2174 5594 2543 5663 Temetipsum
2572 5595 2702 5649 mihi
2730 5609 2891 5665 pone,
2922 5593 3028 5649 bne
3064 5600 3169 5660 est,
3213 5593 3377 5649 dona.
3419 5591 3490 5648 Et

1889 5691 2157 5759 exquirant
2198 5704 2312 5744 eam
2357 5705 2574 5755 semper.
2626 5687 2799 5760 Ipsam
2846 5688 3039 5759 legem,
3070 5686 3177 5742 hoc
3202 5696 3308 5757 est,
3345 5701 3496 5744 mana

1891 5779 2041 5851 data,
2072 5781 2156 5838 vel
2184 5778 2548 5853 temetipsum.
