3992 6302
545 253 674 311 II9I
1323 253 1674 311 AI’PENDIX
1714 255 1808 312 AD
1845 254 2093 311 TOMUM
2135 251 2490 311 SEPTIMUM
2528 253 2586 312 Ξ.
2629 249 3036 312 IIIERONYMI.
3713 251 3850 310 M92

616 368 698 422 Da
727 368 852 422 mihi
901 367 1254 435 intellectum,
1286 379 1332 424 et
1381 371 1650 424 scrutabor
1691 370 1854 442 legem
1881 382 2042 424 tuam.
2073 370 2130 424 Id
2164 371 2207 432 Α
2238 368 2469 424 Aliraluc
2499 369 2837 439 promisisti,
2861 371 3002 424 sicut
3029 368 3238 423 dictum
3269 376 3386 422 est;
3417 366 3472 422 In
3505 368 3729 424 semine
3760 377 3851 424 tuo

546 468 664 526 est,
703 467 790 512 tua
849 459 1124 513 mandata.
1167 458 1536 526 Intellectum,
1578 476 1633 514 ut
1686 477 1792 515 non
1841 461 1945 515 sim
1998 463 2137 516 sicut
2238 463 2632 518 benedicentur
2661 477 2852 518 omnes
2885 463 3058 517 tribus
3089 473 3250 518 terra:
3275 460 3430 533 (Gen.
3461 461 3627 532 χιιι).

546 567 717 622 equus
771 560 825 606 et
881 550 1088 614 mulus,
1117 551 1320 620 quibus
1351 567 1457 606 non
1491 562 1575 606 est
1620 551 1930 607 intellectus
1959 552 2132 621 (Psul.
2316 557 2381 609 Et
2412 558 2733 628 respondebo
2762 557 3193 628 exprobrantibus
3225 557 3354 610 mihi
3379 556 3613 610 verbum.
3647 555 3850 611 Ecclco

547 637 722 714 xm).
750 642 993 698 Ecclesia
1021 653 1208 712 rugat,
1243 653 1300 697 ιιι
1331 643 1601 714 intelligat
1630 643 2023 701 discretionem
2056 646 2138 699 in-
2239 651 2317 706 sia
2347 651 2502 706 dicit.
2533 656 2611 707 Ac
2639 650 2684 706 si
2712 651 2859 706 dicat
2899 670 2909 704 :
2941 652 3001 707 Si
3030 652 3246 707 veneris
3284 651 3561 706 redimere
3590 665 3694 706 nos
3717 692 3734 716 ,
3763 665 3853 705 re-

549 745 631 792 ter
655 736 852 789 bonum
885 743 940 790 et
979 735 1213 797 malum,
1247 735 1390 790 inter
1419 737 1584 790 vitam
1614 747 1671 790 et
1699 749 1927 793 mortem
1953 778 1970 804 ,
1997 739 2138 793 inter
2240 745 2521 816 spondebo
2541 745 2606 800 ad
2636 746 2756 800 illos
2770 745 2859 816 qui
2885 760 2972 800 me
2993 743 3420 814 exprobrantde
3437 759 3556 800 mea
3589 745 3698 799 Iide
3715 759 3854 815 quo-

549 828 782 882 Iittcram
813 834 870 882 et
901 842 1147 882 sensum.
1197 827 1262 882 Ut
1307 827 1610 898 intelligam
1659 839 1714 883 et
1758 830 2046 898 praedicem
2085 840 2138 886 et
2244 838 2408 893 modo
2437 837 2640 902 credo,
2666 849 2714 892 ei
2747 837 2940 893 dicunt
2965 855 2976 889 ε
3006 837 3106 893 Ubi
3137 847 3220 892 est
3271 837 3415 891 Deus
3439 836 3654 891 vester?
3705 835 3853 890 Ecce

550 934 712 990 opere
745 919 1022 988 impleam.
1045 917 1110 972 Et
1125 920 1416 972 custodiam
1441 919 1591 973 illam
1613 921 1666 974 in
1689 929 1796 974 toto
1820 921 1976 976 corde
2002 937 2135 976 meo.
2243 931 2388 986 Deus
2416 941 2624 996 noster,
2651 930 2732 985 νει
2767 931 2911 985 idola
2941 929 3160 985 morum
3182 945 3304 1001 qum
3334 930 3543 985 ροιυηι,
3575 929 3713 997 Quia
3737 946 3857 1000 ερε-

548 1013 603 1070 Id
636 1021 750 1081 est,
778 1029 842 1069 ex
875 1023 984 1068 tota
1009 1013 1326 1069 dilectione.
2241 1025 2351 1077 vavi
2382 1024 2435 1076 in
2479 1022 2805 1077 sermonibus
2861 1023 2982 1076 tuis.
3009 1021 3343 1078 Constanter
3363 1023 3450 1078 his
3493 1023 3856 1093 respondebo

622 1106 803 1161 Deduc
832 1122 913 1161 me
942 1107 995 1160 in
1047 1107 1230 1161 semita
1273 1107 1633 1161 mandatorum
1665 1117 1890 1162 tuorum.
1933 1108 2139 1163 Semita
2241 1116 2332 1185 qui
2363 1129 2554 1170 vanam
2597 1114 2787 1171 dicunt
2839 1129 2991 1185 spem
3025 1129 3200 1171 meam
3257 1130 3416 1186 quam
3467 1114 3520 1169 in
3554 1125 3607 1170 te
3635 1115 3851 1181 habeo,

556 1201 736 1256 minor
763 1212 844 1256 est
870 1215 1029 1270 quam
1057 1199 1144 1254 via
1166 1241 1182 1266 ,
1210 1199 1310 1256 hoc
1327 1209 1410 1256 est
1428 1243 1442 1268 ,
1467 1211 1616 1255 arcta
1643 1241 1660 1268 ,
1692 1211 1741 1256 et
1774 1212 2000 1271 angusta
2031 1203 2134 1268 via,
2241 1207 2363 1277 quia
2389 1206 2606 1261 illorum
2633 1223 2762 1278 spes
2785 1207 2960 1261 inanis
2983 1216 3085 1262 est.

553 1293 657 1350 hoc
681 1304 764 1349 est
790 1334 803 1358 ,
827 1293 1019 1347 altiora
1045 1291 1301 1348 mandata
1326 1309 1444 1363 qua:
1471 1293 1677 1351 ducunt
1696 1294 1762 1348 ad
1788 1294 1950 1349 vitam
1981 1314 1990 1347 :
2018 1296 2140 1365 quia
2316 1296 2384 1351 Et
2411 1315 2473 1352 ne
2495 1299 2705 1369 auferas
2726 1299 2790 1352 de
2815 1315 2904 1352 ore
2929 1315 3039 1352 meo
3059 1299 3268 1353 verbum
3295 1301 3524 1354 veritatis
3553 1317 3848 1372 usquequa-

553 1389 660 1444 Iata
677 1396 731 1444 et
751 1389 989 1458 spatiosa
1011 1395 1227 1457 estquae
1249 1387 1399 1441 ducit
1427 1387 1492 1441 ad
1517 1400 1752 1444 mortem
1775 1387 1994 1460 (Matth.
2022 1388 2137 1460 vn).
2242 1411 2362 1465 que.
2387 1395 2502 1449 Non
2524 1395 2864 1450 consentiam
2889 1394 3238 1465 peccantibus
3257 1437 3272 1462 ,
3295 1409 3362 1448 ne
3383 1394 3603 1450 audiam
3631 1414 3642 1448 :
3665 1396 3855 1464 Quare

557 1484 692 1551 Quia
714 1483 1060 1553 ipsamvolui.
1087 1481 1200 1535 Vox
1226 1481 1508 1537 Ecclesiw.
1532 1482 1613 1536 Ae
1639 1483 1684 1538 si
1707 1481 1856 1539 dicat
1881 1483 2140 1538 Ecclesia:
2245 1495 2301 1540 tu
2331 1501 2555 1540 enarras
2579 1486 2820 1556 justitias
2874 1502 3022 1541 meas
3053 1486 3228 1559 (Psal.
3289 1487 3416 1548 rx)?
3458 1488 3598 1555 Quia
3650 1489 3704 1543 in
3761 1494 3851 1560 ju-

553 1575 672 1632 Non
704 1575 998 1646 concupivi
1025 1575 1196 1641 aliud,
1232 1591 1333 1632 nec
1363 1577 1666 1632 delectatus
1698 1593 1818 1633 sum
1841 1620 1856 1646 ,
1900 1578 2005 1632 nisi
2053 1587 2142 1634 tua
2253 1575 2403 1629 dictis
2452 1577 2555 1630 tuis
2578 1578 2954 1648 supersperavi.
2983 1577 3040 1632 In
3095 1577 3179 1632 his
3232 1593 3499 1650 sperans,
3531 1594 3756 1651 semper
3784 1595 3849 1636 ea

554 1669 826 1726 mandata.
861 1669 988 1724 Ideo
1019 1685 1153 1739 rogo
1176 1679 1235 1724 ut
1264 1686 1349 1726 me
1374 1670 1612 1726 deducas
1644 1672 1697 1726 in
1729 1681 1818 1726 tua
1848 1671 2099 1726 mandata
2125 1711 2139 1737 ,
2246 1669 2450 1736 protuli
2483 1669 2534 1724 in
2564 1668 2829 1724 Ecclesiis
2857 1670 3204 1740 populorum.

553 1763 605 1818 id
637 1772 760 1833 est,
792 1763 1098 1833 intelligere
1126 1763 1308 1818 facias.
2175 1754 2218 1815 Β
2319 1757 2387 1813 Et
2405 1761 2695 1816 custodiam
2712 1759 2875 1832 legem
2899 1773 3043 1816 tuam
3063 1779 3282 1835 semper,
3305 1765 3358 1817 in
3379 1766 3849 1820 seculumsa'culi.

626 1854 837 1910 Inclina
869 1872 960 1910 cor
983 1871 1150 1910 meum
1173 1856 1224 1909 iu
1255 1857 1545 1910 testimonia
1569 1867 1680 1912 tua.
1713 1857 1823 1912 Vox
1850 1857 2141 1914 Ecclesiae:
2250 1853 2306 1907 In
2340 1894 2355 1919 ,
2383 1869 2605 1922 semper,
2638 1868 2800 1910 omne
2857 1863 3073 1925 tempus
3099 1858 3224 1910 vitae
3269 1859 3563 1927 praesentis
3588 1859 3855 1914 ostendit.

555 1949 788 2019 Superbi
820 1963 928 2004 non
959 1949 1221 2004 inclinant
1260 1963 1352 2005 cor
1386 1951 1440 2004 in
1495 1950 1821 2006 testimoniis
1848 1951 1972 2016 Dei,
2021 1956 2146 2021 quia
2250 1948 2305 2003 In
2352 1946 2601 2001 steculum
2646 1948 2824 2003 steculi
2875 1964 3010 2004 vero
3071 1948 3313 2005 futurum
3372 1952 3635 2006 sa'culum
3689 1966 3854 2008 mon-

553 2053 774 2118 sperant
795 2058 853 2100 se
875 2044 1098 2099 altiores
1119 2057 1242 2098 esse
1263 2083 1277 2109 ,
1305 2052 1360 2098 ct
1382 2044 1575 2099 melius
1598 2044 1906 2115 intelligere
1925 2044 1993 2099 de
2018 2059 2148 2113 prae-
2249 2049 2405 2095 strat.

556 2141 728 2212 ceptis
749 2139 845 2195 Dei
871 2181 884 2204 ,
909 2153 1069 2208 quam
1105 2137 1370 2191 Ecclesia.
1398 2136 1467 2191 Et
1490 2154 1590 2192 non
1618 2138 1672 2192 in
1702 2139 1996 2192 avaritiam.
2030 2137 2146 2192 lloc
2323 2131 2396 2185 Et
2415 2131 2751 2187 ambulabant
2780 2134 2832 2188 in
2859 2134 3156 2189 latitudine.
3182 2134 3449 2190 Dilatatus
3470 2136 3617 2190 enim
3648 2152 3768 2191 sum
3798 2137 3854 2191 in

557 2241 640 2289 est
665 2273 680 2297 ,
711 2235 1005 2288 vanitatem
1035 2248 1046 2282 :
1077 2231 1204 2300 quia
1237 2229 1312 2283 illi
1343 2231 1563 2300 superbi
1606 2245 1711 2286 non
1758 2229 2022 2284 inclinant
2051 2245 2147 2284 cor
2250 2225 2504 2281 custodia
2537 2225 2673 2296 legis
2705 2237 2828 2281 tuas.
2868 2228 3005 2294 Quia
3031 2228 3281 2281 mandata
3321 2239 3412 2282 tua
3451 2229 3721 2300 exquisiti.
3757 2229 3853 2284 Di-

555 2325 608 2379 in
645 2321 977 2379 teatimoniis
1005 2322 1100 2376 Dei
1125 2337 1139 2386 ;
1172 2321 1268 2377 sed
1300 2322 1353 2376 in
1382 2323 1623 2378 vanitate
1659 2322 1742 2378 vel
1770 2321 2027 2378 avaritia.
2057 2320 2145 2375 In-
2253 2320 2486 2390 ligenter
2514 2336 2574 2375 ea
2601 2329 2973 2390 perscrutans.
3007 2320 3088 2377 Ad
3116 2322 3217 2376 hoc
3242 2321 3558 2392 exquisivi,
3580 2332 3634 2376 ut
3663 2321 3857 2378 crede-

553 2418 696 2472 clina
727 2430 827 2471 cor
857 2430 1069 2479 meum,
1099 2413 1236 2470 dicit
1261 2415 1506 2470 Ecclesia
1532 2456 1548 2481 ,
1583 2415 1635 2470 id
1667 2425 1756 2470 est
1781 2460 1794 2483 ,
1831 2416 1882 2468 in
1926 2415 2141 2469 bumili-
2252 2428 2364 2468 rem
2389 2423 2444 2468 et
2471 2412 2857 2484 intelligeretn.

558 2520 690 2576 late,
725 2517 784 2564 ut
813 2507 945 2562 illud
975 2525 986 2559 :
1015 2506 1214 2562 Discite
1239 2521 1270 2561 a
1302 2522 1388 2562 tne
1410 2507 1538 2578 quia
1575 2506 1716 2562 utilis
1744 2522 1862 2562 sum
1887 2517 1942 2565 et
1970 2508 2146 2562 Itumi-
2323 2505 2392 2560 Et
2424 2505 2670 2578 loquebar
2686 2506 2749 2560 de
2773 2507 3081 2561 testimoniis
3111 2506 3214 2562 tuis
3243 2507 3296 2560 in
3325 2514 3604 2578 conspectu
3634 2523 3814 2578 regum
3837 2547 3856 2572 ,

554 2603 621 2657 Iis
645 2600 812 2656 corde
842 2598 1060 2673 (Matth.
1091 2599 1190 2671 ιι).
2253 2611 2298 2654 et
2326 2617 2432 2655 non
2464 2600 2844 2671 confundebar.
2875 2599 3067 2657 Sciens
3097 2601 3221 2671 quia
3251 2599 3340 2669 qui
3377 2613 3430 2657 te
3459 2602 3753 2656 conﬁtetur
3803 2601 3858 2656 in

627 2694 809 2748 Averte
827 2695 1003 2747 oculos
1023 2707 1162 2747 meos
1189 2709 1250 2746 ne
1275 2693 1481 2746 videant
1511 2693 1808 2748 vanitatem.
1831 2694 2149 2750 Averteocu-
2251 2695 2487 2762 saeculo,
2539 2693 2887 2750 conﬁteberis
2947 2709 3069 2749 eum
3119 2707 3303 2748 coram
3337 2693 3501 2748 Patre
3546 2702 3600 2748 et
3643 2694 3861 2762 angelis

556 2791 631 2845 los
662 2804 821 2854 meos,
851 2787 904 2842 id
934 2795 1018 2843 est
1042 2831 1056 2856 ,
1081 2801 1274 2843 sensus
1301 2802 1452 2843 meos
1471 2834 1484 2856 ,
1513 2805 1576 2843 ne
1606 2787 1808 2844 videant
1838 2790 2145 2856 vanitatem,
2253 2787 2372 2856 ejus
2421 2785 2642 2858 (Matth.
2667 2787 2743 2857 ι).
2791 2785 2902 2840 Nos
2933 2801 3066 2842 vero
3095 2785 3139 2840 si
3170 2794 3295 2842 ante
3327 2802 3486 2857 reges
3515 2796 3571 2842 et
3595 2787 3862 2857 praesides

557 2884 608 2939 id
635 2891 742 2948 est,
771 2882 1158 2938 defectionem.
1186 2881 1264 2938 Ac
1288 2883 1333 2938 si
1363 2883 1540 2938 dicat:
1565 2881 1636 2938 Ut
1669 2883 1722 2937 in
1756 2883 1857 2938 ista
1887 2885 2145 2950 vanitate,
2254 2890 2478 2950 propter
2503 2879 2791 2934 Dominum
2817 2922 2832 2948 ,
2859 2880 3000 2934 sicut
3020 2888 3292 2950 martyres
3319 2880 3564 2935 iecerunt
3583 2921 3597 2945 ,
3621 2889 3858 2948 stemus,

557 2992 679 3047 quae
709 2985 792 3031 est
821 2974 1066 3032 defeetio
1087 3015 1102 3041 ,
1135 2990 1241 3031 non
1274 2974 1503 3031 habeam
1532 2976 1718 3032 oculos
1747 2990 1929 3040 meos,
1959 2976 2011 3031 id
2041 2985 2144 3044 est,
2253 2972 2370 3028 sive
2395 2973 2624 3029 verbum
2654 2972 2906 3028 veritatis
2928 2973 3350 3040 annuntiemus,
3380 2973 3496 3028 sive
3516 2988 3614 3044 pro
3643 2972 3864 3042 justiti:

557 3084 751 3125 sensus
783 3083 935 3123 meos
956 3067 1187 3125 deﬁxos.
1213 3067 1321 3124 Sed
1344 3068 1506 3138 quid,
1527 3069 1698 3138 inquit
1720 3069 1742 3121 ‘l
1768 3066 1833 3121 In
1855 3069 1934 3122 via
1964 3077 2052 3122 tua
2075 3068 2151 3123 vi-
2253 3066 2604 3122 decertemus
2635 3065 2803 3140 (Ibid.
2833 3077 2881 3120 et
2913 3064 3084 3121 Marc.
3127 3068 3274 3137 xui):
3315 3081 3424 3122 non
3467 3065 3716 3132 confusi,
3761 3066 3865 3121 sed

558 3163 709 3233 vilica
736 3179 832 3217 me.
859 3161 977 3217 IIoc
995 3170 1078 3217 est
1103 3203 1117 3228 ,
1150 3163 1201 3216 in
1230 3162 1537 3233 temetipso.
1568 3161 1668 3216 Vel
1701 3162 1754 3216 in
1786 3162 1894 3218 tuis
1929 3162 2151 3217 manda-
2178 3150 2220 3212 C
2255 3171 2576 3217 constantes
2606 3177 2728 3217 esse
2749 3161 3041 3218 debemus.

557 3256 630 3312 tis
660 3256 872 3311 viviﬁca
901 3271 987 3310 me
1013 3297 1026 3320 ,
1059 3254 1111 3310 in
1144 3255 1348 3310 anima.

632 3351 970 3406 Statucservo
989 3359 1097 3405 tuo.
1115 3350 1317 3421 Populo
1331 3351 1663 3406 Christiano.
1684 3348 1966 3420 Eloquium
1981 3361 2148 3406 tuum.

562 3441 676 3499 'I'ua
707 3442 980 3498 mandata.
1009 3440 1076 3495 In
1099 3443 1283 3497 timore
1310 3452 1420 3497 tuo.
1453 3443 1506 3498 Id
1535 3454 1652 3510 est,
1687 3452 1898 3498 sancto.

633 3535 857 3604 Amputa
908 3535 1241 3607 opprobrium
1293 3552 1461 3590 meum
1508 3536 1648 3606 quod
1683 3537 1976 3608 suspicatus
2015 3553 2150 3590 sum.

563 3628 805 3685 Ecclesia
829 3627 994 3691 dicit,
1024 3627 1077 3682 id
1106 3637 1226 3695 est,
1252 3627 1414 3694 tolle,
1439 3627 1628 3697 capula
1645 3668 1660 3693 ,
1686 3642 1808 3683 seca
1831 3669 1846 3694 ,
1864 3627 2008 3698 quod
2036 3643 2155 3683 sus-

563 3723 776 3796 picatus
803 3737 924 3777 sum
952 3721 1020 3777 ab
1068 3722 1190 3777 aliis
1218 3721 1593 3792 opprobrium.
1627 3721 1992 3792 Opprobrium
2022 3721 2154 3777 illud

560 3814 709 3885 qnod
741 3813 994 3870 dicebant
1022 3813 1294 3884 gentiles:
1325 3811 1517 3868 Cultor
1555 3828 1615 3869 es
1643 3812 1927 3869 cruciﬁxi:
1959 3813 2153 3869 adora-

565 3917 648 3962 tor
668 3922 728 3962 es
752 3907 892 3962 male
919 3906 1122 3962 mortui
1147 3923 1158 3960 :
1187 3913 1478 3962 venerator
1500 3921 1560 3961 es
1589 3905 1774 3972 occisi,
1793 3917 1845 3962 et
1870 3907 2154 3962 dicebant:

566 3998 705 4054 Ecce
751 3999 890 4055 Deus
916 4009 1128 4066 noster,
1159 4014 1320 4070 quem
1373 4014 1470 4054 vos
1501 3999 1683 4056 dicitis
1727 4000 2154 4055 mannlactilem.

569 4091 667 4148 Ubi
696 4101 780 4147 est
827 4090 970 4147 Deus
1011 4093 1220 4148 vester?
1251 4092 1464 4148 Veniat.
1489 4092 1650 4160 Quod
1679 4095 1967 4174 suspicatus
2020 4109 2156 4148 sum.

568 4185 709 4255 Quid
741 4185 1162 4257 suspicabantur
1192 4185 1312 4240 illi?
1343 4185 1496 4252 Quod
1527 4186 1790 4242 fallaciam
1835 4187 2160 4256 observaret

568 4278 816 4336 Ecclesia
839 4279 1128 4347 ,qnoniam
1159 4277 1438 4334 Christum
1489 4279 1772 4334 adorabat.
1805 4279 1940 4344 Quia
1952 4280 2160 4351 judicia

569 4379 659 4424 tua
679 4370 938 4440 jucunda.
970 4369 1027 4424 Id
1049 4379 1162 4435 est,
1185 4370 1333 4425 clara
1359 4388 1370 4423 :
1397 4370 1518 4424 laeta
1545 4371 1612 4426 ad
1637 4371 1760 4426 illos
1783 4371 1871 4440 qui
1895 4381 2081 4426 amant
2105 4381 2161 4428 et

570 4459 916 4530 desiderant,
963 4459 1014 4515 id
1045 4471 1161 4528 est,
1195 4475 1300 4517 non
1352 4461 1697 4530 nolentibus,
1723 4465 1818 4518 scd
1851 4463 2160 4519 volentibus

568 4554 718 4610 clara
740 4562 798 4609 et
815 4553 1056 4624 jucunda
1080 4563 1234 4610 sunt.

641 4645 778 4702 Ecce
801 4648 1074 4720 concupiui
1102 4653 1352 4704 mandata
1370 4659 1459 4704 tua
1478 4666 1496 4703 :
1514 4651 1568 4704 in
1593 4651 1831 4722 tequitate
1851 4659 1941 4704 tua
1959 4651 2162 4720 vivi/ica

568 4754 669 4794 me.
701 4737 879 4796 Unum
922 4746 1045 4807 est,
1075 4740 1335 4808 Domine,
1369 4751 1472 4796 tua:
1518 4742 1890 4797 miserationis
1917 4743 2116 4797 donum
2143 4786 2158 4811 ,

571 4841 630 4890 ut
649 4834 866 4901 clonuia
895 4843 1082 4890 sancta
1110 4836 1516 4904 custodientes,
1543 4835 1594 4890 in
1630 4846 1718 4891 tua
1746 4837 2001 4907 aequitate
2024 4837 2162 4892 vivi-

571 4928 816 4992 ﬁcenntr,
847 4926 951 4983 hoc
981 4936 1066 4983 est
1089 4969 1105 4996 ,
1135 4942 1262 4984 cum
1287 4928 1555 4999 aequalem
1580 4936 1633 4985 te
1657 4928 1802 4985 Patri
1829 4927 2166 5001 Spirituique

569 5029 762 5076 sancto
785 5017 1038 5075 fatemur.

1304 5149 1426 5190 νιν.

644 5292 713 5350 Et
742 5294 908 5351 veniat
933 5309 1089 5366 super
1109 5311 1188 5350 me
1207 5294 1567 5350 misericordia
1597 5306 1707 5360 tua,
1723 5294 1959 5353 Domine.
1979 5297 2048 5354 Ut
2069 5297 2163 5354 dc-

570 5387 696 5445 licla
727 5389 995 5445 remittas.
1030 5386 1098 5442 Et
1137 5388 1368 5442 salutare
1399 5397 1545 5444 tuum
1570 5390 1858 5445 secundant
1901 5392 2164 5463 eloquium

570 5492 733 5537 tuum.
789 5481 903 5537 lIoc
957 5489 1043 5536 est
1069 5480 1340 5547 salutare,
1372 5481 1650 5552 eloquium
1679 5483 1822 5554 quod
1855 5499 1953 5554 per
1996 5486 2162 5540 alium

573 5574 874 5646 promisisti
906 5572 1226 5645 prophetam
1250 5615 1266 5640 ,
1299 5573 1486 5630 dicens
1513 5593 1523 5627 :
1555 5573 1693 5632 Nolo
1722 5586 1950 5632 mortem
1973 5591 2168 5647 pecca-

574 5669 737 5734 toris,
772 5667 870 5724 sed
922 5675 984 5723 ut
1011 5675 1374 5724 convertatur
1423 5677 1479 5724 et
1511 5667 1657 5723 vivat
1705 5667 1923 5741 (ἔξιθι-ἠ.
1956 5672 2168 5741 χχχιιι).

575 5759 686 5816 lloc
715 5772 796 5818 est
819 5802 832 5829 ,
867 5772 928 5816 ut
957 5760 1146 5818 venias
1206 5777 1306 5818 nos
1364 5761 1631 5820 redimere
1661 5779 1672 5814 :
1703 5762 1997 5818 secundum
2023 5765 2170 5833 quod

2190 4552 2242 4614 ι)

2329 3251 2398 3306 Et
2428 3251 2720 3306 meditabar
2746 3253 2800 3306 in
2830 3253 3094 3309 mandatis
3123 3255 3226 3308 tuis
3257 3269 3374 3326 quae
3403 3254 3586 3309 dilexi.
3619 3251 3694 3308 Ut
3720 3266 3868 3324 Opus

2259 3345 2665 3410 meditationis,
2698 3345 3017 3402 dilectionis
3045 3347 3341 3418 perliceret
3373 3347 3630 3404 fructum.

2329 3437 2395 3492 Et
2426 3437 2588 3493 levavi
2606 3454 2790 3493 manus
2821 3455 2983 3495 meas.
3009 3439 3063 3495 Id
3090 3449 3205 3507 est,
3234 3441 3470 3498 elevavi.
3503 3441 3583 3496 Ad
3605 3440 3867 3495 mandata

2257 3540 2347 3585 tua
2377 3547 2494 3602 qute
2523 3532 2706 3586 dilexi.
2738 3531 2786 3587 Α
2836 3543 3064 3602 peccato
3114 3534 3380 3602 mundas,
3410 3545 3465 3590 et
3490 3536 3558 3588 ab
3586 3533 3865 3590 eﬁ‘usionc

2259 3625 2576 3680 innocentis
2605 3626 2889 3696 sanguinis
2918 3627 3146 3682 alienas.
3181 3627 3246 3683 Et
3273 3629 3546 3684 exercebar
3571 3629 3622 3682 in
3656 3630 3870 3700 justiﬁ-

2259 3721 2547 3775 cationibus
2570 3721 2696 3774 tuis.
2717 3719 2789 3777 Ut
2808 3736 2929 3791 qua:
2960 3721 3011 3774 in
3038 3720 3121 3775 bis
3149 3736 3244 3791 per
3269 3722 3508 3777 litteram
3541 3719 3868 3776 indicaban-

2262 3822 2374 3880 tur,
2403 3811 2756 3883 spiritualiter
2779 3813 2984 3884 possim
3015 3812 3327 3869 advertere.

2988 3983 3129 4024 ZAIN.

2337 4101 2537 4156 Memor
2559 4111 2665 4157 esto
2685 4103 2824 4158 verbi
2841 4103 2916 4156 tui
2942 4119 3088 4158 servo
3107 4113 3192 4158 tuo
3209 4145 3223 4170 ,
3243 4103 3572 4160 Domine:in
3597 4121 3701 4174 quo
3729 4105 3867 4158 mihi

2261 4211 2403 4263 spem
2435 4193 2643 4250 dedisti.
2669 4195 2853 4250 Talem
2885 4211 2973 4252 me
2997 4195 3238 4267 digneris
3264 4195 3514 4262 efﬁcere,
3541 4206 3596 4250 ut
3625 4196 3871 4253 idoneus

2267 4288 2469 4343 habear
2500 4289 2592 4359 qui
2620 4288 2777 4343 verbi
2809 4288 2886 4344 tui
2923 4304 3157 4356 memor,
3189 4290 3336 4345 inter
3382 4303 3668 4359 pressuras
3699 4289 3874 4358 hujus

2265 4382 2496 4448 stcculi,
2550 4397 2648 4451 per
2686 4397 2838 4453 spem
2899 4392 3234 4439 aeternorum
3286 4382 3586 4449 bonorum,
3643 4397 3876 4436 merear

2264 4473 2574 4541 consolari,
2605 4475 2747 4530 sicut
2776 4477 3056 4546 sequitur:
3133 4545 3142 4548 _

2343 4565 2470 4621 lltec
2499 4583 2580 4620 me
2608 4567 2878 4622 consulatu
2901 4577 2980 4623 est
3007 4569 3062 4622 in
3093 4567 3388 4622 humilitate
3413 4583 3528 4621 mea
3552 4583 3571 4622 :
3603 4567 3729 4633 quia
3756 4569 3878 4623 elo-

2265 4659 2443 4728 quium
2475 4667 2622 4712 tuum
2652 4659 2929 4727 viviﬁcabit
2963 4676 3061 4713 me.
3092 4657 3225 4713 Cum
3275 4659 3330 4713 in
3363 4657 3626 4730 anguetiis
3653 4658 3876 4728 posito,

2267 4758 2484 4804 aeternae
2506 4751 2636 4805 vita:
2667 4751 2920 4820 pabulum
2955 4751 3361 4808 subministrat.

2341 4840 2565 4914 Superbi
2615 4844 2787 4914 inique
2837 4845 3056 4916 agebant
3106 4861 3480 4917 usquequaque.
3513 4843 3636 4912 Qui,
3666 4844 3876 4902 relicta

2269 4935 2582 4992 humilitate
2610 4937 2997 5007 przeceptionis
3025 4938 3259 5008 divinae,
3286 4939 3341 4995 in
3371 4940 3531 5010 hujus
3558 4938 3750 4994 saeculi
3773 4955 3878 4994 va-

2273 5027 2536 5084 nitatibus
2563 5029 2991 5086 extollebantur.
3025 5032 3066 5086 Α
3113 5033 3223 5104 lege
3257 5041 3429 5087 autem
3455 5041 3546 5086 tua
3570 5048 3669 5085 non
3701 5032 3880 5086 decli-

2275 5123 2413 5176 navi.
2447 5122 2586 5188 Quia
2631 5123 2746 5178 illis
2767 5121 3102 5180 damnationi
3133 5123 3730 5196 appropinquantibus,
3761 5125 3881 5180 eri-

2189 5255 2194 5258 -
2271 5214 2438 5284 gebar
2457 5215 2509 5268 in
2530 5229 2617 5269 ea.

2349 5304 2551 5361 Memor
2574 5306 2652 5376 fui
2669 5304 3000 5378 judiciorum
3028 5315 3255 5363 tuorum.
3283 5306 3428 5363 Nihil
3457 5308 3512 5364 in
3536 5306 3636 5364 hac
3658 5306 3768 5362 vita
3795 5308 3879 5362 in-

2275 5395 2498 5467 dignum
2515 5398 2685 5469 gessi,
2702 5407 2953 5456 metuens
2967 5416 3036 5457 ne
3055 5401 3138 5456 bis
3151 5401 3572 5458 condemnarer.
3595 5403 3640 5456 Α
3653 5403 3874 5468 sceculo,

2277 5489 2515 5546 Domine.
2539 5491 2623 5547 Ab
2653 5491 2807 5547 initio
2831 5492 2992 5563 hujus
3017 5495 3162 5549 vita'.
3195 5493 3262 5549 Et
3291 5495 3596 5552 consolatus
3619 5511 3756 5549 sum.
3778 5495 3877 5553 Sc-

2274 5597 2464 5637 curum
2497 5598 2584 5639 me
2613 5583 2794 5639 sciens
2821 5599 2852 5639 a
2875 5584 3090 5655 judicio
3121 5587 3335 5642 mortis.
3369 5586 3684 5642 Consolatus
3715 5605 3836 5642 sum
3856 5633 3870 5650 ,

2273 5674 2408 5730 dicit
2438 5673 2552 5744 ipsa
2581 5677 3014 5746 Ecclesiazquod
3038 5677 3179 5735 Deus
3195 5678 3345 5733 venit
3368 5694 3468 5734 sua
3500 5679 3753 5736 membra
3785 5696 3871 5736 re-

2274 5768 2502 5827 d'unere.
2522 5770 2684 5838 Quasi
2713 5770 2859 5828 dicat
2880 5788 2894 5828 :
2914 5771 2996 5827 Ab
3027 5771 3180 5828 initio
3207 5773 3437 5844 cognovi
3468 5787 3602 5844 ego,
3630 5781 3685 5830 et
3716 5773 3875 5829 intel-
