3982 6318
145 275 330 338 ιιθδ
1131 265 1567 335 naevumuu
1608 275 1672 332 ιιι
1714 272 2044 334 essurus.
2089 275 2338 334 psam.
2380 274 2668 333 cxvnm
3355 277 3495 337 ttat

139 388 288 445 ιιιιί
357 403 458 459 per
485 387 751 459 Spiritum
773 387 1066 457 sanctum,
1097 392 1242 460 quod
1277 403 1332 446 tu
1365 402 1629 449 venturus
1667 407 1790 448 eras
1816 398 1872 455 Α
1967 394 2190 449 Paratus
2217 410 2349 460 sum,
2383 402 2431 448 et
2483 409 2586 446 non
2624 408 2739 447 sum
2787 392 3037 447 turbatus.
3089 391 3313 448 Paratus
3342 412 3488 463 sum,

142 481 218 536 in
248 495 459 538 carne.
1893 489 1960 544 ad
2001 489 2411 559 praedicandum
2444 507 2456 544 :
2485 505 2589 543 non
2615 505 2728 543 sum
2755 489 2988 542 turbatus
3021 530 3035 554 ,
3067 488 3134 543 ad
3188 489 3491 545 tribulatio-

239 571 498 645 Defectia
523 575 686 630 tenuit
709 591 785 630 me
819 591 916 644 pro
940 576 1294 648 peccatoribus
1317 579 1794 649 derelinqueutibus
1894 599 2017 638 nem
2047 582 2422 639 sustinendam
2458 591 2684 653 propter
2727 580 3038 636 Christum.
3072 580 3140 636 Ut
3198 583 3495 637 custodiam

146 665 350 737 legem
382 677 547 721 tuam.
572 667 688 723 Vox
706 668 987 724 Ecclesitn.
1014 669 1280 725 Affectum
1306 673 1672 728 miserationis
1698 688 1789 728 οε·
1893 677 2142 730 mandata
2172 684 2282 729 tua.
2307 674 2422 731 Non
2454 690 2543 730 me
2570 673 3040 730 conturbaverunt
3071 673 3253 744 iniqua
3289 689 3492 744 expro-

147 759 395 827 tendit,
427 766 482 813 ut
517 759 709 816 doleat
737 776 906 832 super
937 763 1420 832 praevaricationes
1449 764 1789 835 iniquorum,
1893 767 2382 835 brantiurojacula.

143 853 344 925 juxta
400 853 534 908 illud
565 853 855 925 Apostoli:
908 855 991 911 Ob
1042 859 1202 912 unius
1257 857 1489 913 membri
1546 857 1789 914 dolorem
1968 859 2142 914 Funes
2173 868 2501 928 peccatorum
2527 860 2866 928 circumplexi
2911 867 3175 927 suntme,
3227 869 3275 914 et
3330 860 3493 931 legem

149 947 605 1016 compatiuntur
651 949 835 1003 omnia
877 948 1122 1004 membra
1154 948 1203 1017 (ι
1233 948 1354 1004 Cor.
1387 948 1509 1020 xu).
1557 949 1793 1019 Ideoque
1895 964 2039 1008 tuam
2063 969 2164 1008 non
2191 970 2306 1008 sum
2333 951 2540 1009 oblitus.
2569 954 2651 1008 Ab
2672 953 3027 1024 improperiis
3058 953 3403 1023 peccantium
3434 969 3494 1008 se

157 1054 296 1095 non
329 1041 454 1095 vult
485 1055 810 1111 quemquam
845 1054 1110 1110 peccare,
1135 1040 1230 1097 sed
1258 1056 1450 1097 omnes
1481 1041 1790 1112 cupitviam
1896 1056 2217 1114 conseptum
2248 1045 2515 1115 propheta
2562 1043 2730 1110 dicit,
2765 1060 2865 1100 nec
2917 1055 3099 1100 tamen
3133 1045 3269 1116 legis
3292 1045 3497 1101 divina:

153 1133 441 1190 veritatis
471 1147 771 1203 agnoscere
795 1133 839 1207 (l
868 1133 1007 1189 Tim.
1040 1134 1122 1204 ιι).
1778 1192 1788 1198 ,
1895 1152 1955 1192 se
1983 1140 2056 1192 ait
2088 1139 2467 1194 immemorem
2496 1157 2509 1192 :
2535 1139 2717 1194 sciens
2750 1148 3008 1208 oportere
3038 1154 3138 1194 nos
3170 1155 3268 1210 per
3296 1141 3494 1196 multas

249 1225 566 1281 Cautabiles
596 1227 723 1280 mihi
773 1237 918 1280 erant
958 1227 1370 1299 justiﬁeationes
1419 1237 1522 1283 tute
1550 1245 1566 1281 :
1598 1229 1651 1282 in
1679 1228 1794 1282 loco
1895 1229 2281 1286 tribulationes
2315 1230 2542 1286 introire
2569 1231 2621 1285 in
2645 1246 2872 1302 regnum
2905 1231 3004 1286 Dei
3036 1232 3174 1303 (Act.
3208 1234 3342 1303 xw).

160 1319 619 1390 peregrinationis
669 1335 814 1374 mete.
868 1320 1034 1374 Docet
1086 1336 1187 1374 nos
1228 1320 1513 1391 prephela,
1548 1322 1599 1375 in
1633 1320 1792 1389 hujus
1969 1321 2146 1376 Media
2196 1331 2342 1377 nocte
2395 1323 2667 1392 surgebam
2721 1325 2790 1376 ad
2821 1324 3172 1392 confitendum
3201 1326 3310 1391 tibi,
3340 1341 3494 1396 super

159 1410 380 1466 mundi
420 1410 875 1480 peregrinatione,
907 1410 1209 1480 spiritualia
1230 1412 1435 1469 cantica
1465 1411 1633 1466 semel
1660 1427 1793 1468 aure
1889 1414 2098 1483 judicia
2116 1415 2345 1486 justitire
2375 1424 2495 1469 trite.
2530 1414 2645 1470 Scit
2667 1415 2810 1469 enim
2842 1415 3023 1470 medio
3049 1417 3224 1471 noctis
3251 1425 3495 1488 tempore

159 1512 440 1574 suscepta
484 1503 889 1558 incessabiliter
917 1503 1243 1569 decantare,
1282 1504 1409 1574 quia
1439 1519 1560 1559 cum
1605 1517 1792 1558 sumus
1895 1505 1980 1561 vel
2009 1507 2250 1575 pericula
2279 1507 2419 1575 pati,
2473 1506 2559 1561 vel
2585 1508 2810 1576 praemia
2829 1521 2889 1562 se
2911 1507 3127 1578 assequi
3158 1523 3349 1577 posse,
3369 1508 3493 1579 quia

162 1594 228 1650 in
260 1608 502 1664 corpore
522 1636 536 1660 ,
565 1594 979 1665 percgrinamur
1000 1610 1029 1648 a
1054 1595 1282 1650 Domino
1307 1595 1370 1663 (ll
1399 1595 1520 1652 Cor.
1543 1596 1621 1666 v).
1896 1599 2038 1652 sicut
2054 1599 2235 1653 media
2261 1609 2425 1654 nocte
2445 1601 2714 1668 percussit
2731 1600 2960 1670 angelus
2978 1599 3274 1672 Egyptum
3294 1600 3492 1672 (Exod.

259 1689 478 1744 Memor
509 1690 586 1762 fui
610 1700 760 1744 nocte
790 1690 1012 1744 nominis
1037 1692 1146 1757 tui,
1183 1690 1430 1756 Domine,
1466 1701 1514 1745 et
1542 1690 1793 1745 custodiri
1895 1692 1994 1762 xl),
2027 1691 2098 1745 ita
2131 1690 2312 1745 media
2345 1701 2506 1747 nocte
2556 1693 2834 1759 sapientes
2865 1691 3106 1762 virgines
3135 1692 3493 1748 introducun-

167 1785 358 1854 legem
391 1791 554 1837 tuam.
589 1782 819 1853 Oportet
849 1784 1028 1851 enim,
1073 1783 1428 1854 fragilitatem
1461 1783 1784 1850 humanam,
1817 1779 1866 1840 B
1895 1794 1979 1839 tur
2007 1785 2075 1839 ad
2105 1799 2369 1855 sponsum
2403 1783 2584 1855 (Matt.
2611 1785 2760 1856 xxv).
2798 1785 2865 1839 Et
2924 1786 3092 1840 multa
3133 1796 3264 1840 sunt
3293 1786 3394 1841 alia
3425 1785 3497 1842 de

165 1884 239 1932 ut
258 1891 388 1932 cum
430 1891 666 1946 semper,
706 1877 1006 1944 impensius
1035 1885 1214 1934 tamen
1247 1883 1518 1931 nocturno
1540 1885 1786 1945 tempore
1891 1876 2068 1932 media
2098 1887 2258 1932 nocte
2292 1877 2624 1934 tesrimonia.
2657 1877 2786 1932 Ideo
2817 1877 2902 1933 hic
2932 1892 3000 1934 eo
3030 1887 3279 1948 tempore
3319 1879 3494 1950 surgit

168 1971 514 2027 memoriam
545 1969 708 2025 faciat
739 1969 1012 2024 Duminici
1062 1970 1302 2024 nominis
1333 1970 1375 2039 (I
1404 1968 1529 2024 Cor.
1555 1970 1630 2040 v):
1659 1984 1784 2026 cum
1889 1984 2013 2024 cum
2037 1969 2247 2040 judicio
2269 1985 2333 2024 ac
2352 1970 2594 2041 justitia,
2623 1970 2844 2040 utquod
2875 1979 3129 2041 posceret
3171 1987 3482 2043 consequa-

167 2075 276 2120 aut
307 2063 692 2119 recordatione
713 2063 1027 2118 divitiarum
1061 2064 1347 2134 premitur,
1377 2073 1471 2118 aut
1500 2065 1786 2135 concupis—
1889 2071 2000 2118 tur.

175 2158 385 2214 centim
413 2158 536 2228 igne
565 2166 877 2230 torquetur,
907 2167 964 2213 et
994 2158 1265 2228 praecipue
1292 2157 1396 2213 hoc
1446 2173 1699 2223 exorare,
1726 2168 1780 2214 ut
1957 2155 2228 2228 Particeps
2254 2172 2348 2226 ego
2376 2174 2491 2210 sum
2516 2158 2746 2211 omnium
2787 2158 3078 2212 timentium
3127 2168 3174 2213 te
3225 2168 3274 2212 et
3318 2169 3494 2214 custo.

167 2249 223 2306 si
256 2250 436 2320 legem
462 2249 558 2307 Dei
585 2251 866 2307 custodire
886 2251 1050 2322 carpit
1073 2289 1090 2318 ,
1116 2266 1184 2305 ne
1211 2251 1280 2306 ab
1307 2250 1500 2307 eadem
1522 2250 1575 2306 in
1600 2250 1784 2321 aliquo
1888 2250 2142 2303 dientium
2171 2250 2418 2303 mandata
2449 2260 2558 2305 tua.
2590 2250 2760 2304 David
2799 2252 3070 2322 particeps
3097 2261 3217 2306 erat
3248 2253 3299 2307 in
3323 2268 3490 2324 regno

175 2345 502 2401 divellatur.
1887 2341 1955 2397 ad
1986 2358 2176 2399 omnes
2225 2343 2475 2399 homines
2505 2345 2595 2414 qui
2627 2345 2971 2402 sustinebant
3029 2347 3437 2404 tribulationem
3473 2368 3487 2417 ;

257 2437 386 2492 Ha’t:
418 2438 557 2505 {acta
588 2445 660 2491 est
689 2436 855 2492 mihi:
879 2439 1001 2508 quia
1019 2438 1430 2510 justiﬁcationes
1456 2446 1571 2493 tuas
1599 2439 1779 2510 exqui-
1885 2444 1941 2492 et
1965 2437 2126 2491 modo
2160 2436 2408 2492 Ecclesia
2436 2437 2705 2508 particeps
2735 2446 2819 2493 est
2861 2439 2928 2494 ad
2961 2439 3082 2496 illos
3109 2442 3198 2512 qui
3222 2442 3390 2497 Deum
3427 2446 3492 2498 ti-

171 2529 297 2584 sivi.
332 2528 496 2584 Facta
518 2537 602 2585 est
627 2528 761 2584 mihi
790 2529 908 2584 haec
939 2531 1024 2584 lex
1047 2530 1376 2598 consolatio,
1407 2540 1459 2586 et
1487 2546 1596 2586 non
1625 2545 1786 2586 scan-
1886 2537 2038 2585 ment
2069 2529 2264 2585 timore
2295 2539 2512 2595 sancto,
2542 2541 2596 2584 et
2617 2545 2715 2584 sua
2758 2531 3010 2586 mandata
3042 2533 3286 2603 implent.
3316 2533 3492 2590 Parti-

174 2621 368 2676 dalum
395 2637 409 2676 :
435 2629 492 2675 ut
514 2620 1268 2691 diligentiusjustificationes
1293 2633 1410 2677 tuas
1433 2623 1667 2678 scrutari
1690 2638 1782 2678 va-

173 2713 378 2769 lerem.
401 2711 512 2768 Nos
537 2728 754 2784 quoque
785 2713 1106 2783 suppliciter
1136 2728 1427 2769 exoramus
1454 2714 1741 2770 Dominum
1765 2731 1778 2770 :

174 2817 241 2862 ut
273 2807 434 2861 nobis
457 2806 882 2876 justiticationes
913 2822 1041 2862 suas
1072 2807 1316 2864 insinuet
1337 2847 1352 2873 ,
1383 2809 1497 2862 vias
1549 2819 1778 2872 reseret,

182 2898 459 2955 mirabilia
484 2899 756 2965 declaret,
790 2908 844 2955 et
875 2900 920 2955 si
952 2900 1081 2969 quid
1112 2900 1246 2969 legis
1277 2901 1654 2956 umbraculum
1685 2916 1784 2957 oc-

182 2989 376 3056 cultet,
403 2989 686 3046 Paracleto
708 2991 1068 3060 illuminante,
1097 2992 1324 3060 revelet,
1343 3002 1402 3048 ut
1426 2993 1470 3048 si
1494 2993 1784 3049 beatitudi-

184 3082 280 3138 nis
310 3081 543 3152 palmam
575 3097 683 3138 non
712 3084 1090 3154 adipiscimur,
1113 3085 1305 3140 saltem
1331 3087 1411 3140 vel
1447 3101 1546 3156 pro
1569 3085 1782 3141 delictis

1885 2637 2014 2692 eeps
2043 2631 2131 2678 est
2155 2637 2275 2678 cum
2307 2623 2419 2678 illis
2447 2625 2500 2677 in
2535 2623 2662 2690 fide,
2687 2637 2808 2692 spe,
2841 2625 3129 2682 charitate.

1958 2714 2320 2769 Misericordia
2372 2713 2589 2769 Domini
2622 2716 2775 2791 plena
2819 2726 2893 2771 est
2945 2725 3102 2773 terra.
3151 2717 3284 2773 Cum
3317 2720 3487 2777 solem

1885 2823 2043 2863 suum
2072 2808 2206 2863 oriri
2235 2808 2362 2863 facit
2389 2822 2554 2878 super
2583 2808 2755 2863 bonos
2787 2819 2834 2864 et
2866 2811 3061 2877 malos,
3095 2821 3148 2867 et
3175 2813 3308 2882 pluit
3327 2828 3493 2882 Super

1880 2900 2058 2972 justos
2079 2909 2133 2956 et
2163 2901 2396 2968 injustos
2421 2899 2639 2968 (Matth.
2665 2899 2740 2970 v).
2784 2899 3192 2972 Justi/icationes
3219 2915 3336 2959 tuas
3363 2906 3490 2960 doce

1883 2992 2076 3049 me.Ne
2089 2992 2284 3047 similis
2299 2991 2425 3048 fiam
2453 2993 2534 3049 his
2560 2993 2648 3063 qui
2671 2993 2935 3050 habentes
2961 2997 3206 3052 scientiae
3231 3000 3446 3056 clavem
3469 3043 3485 3069 ,

1886 3101 2064 3155 neque
2090 3085 2192 3156 ipsi
2215 3085 2515 3148 introeunt,
2543 3100 2718 3156 neque
2745 3086 2883 3142 alios
2913 3086 3142 3144 introire
3166 3092 3488 3159 permittunt

184 3174 406 3229 veniam
429 3189 845 3245 consequamur.
875 3175 981 3232 Per
1002 3177 1291 3232 Dominum
1321 3189 1567 3233 nostrum
1590 3177 1776 3233 Jesum
1804 3162 1850 3226 C
1886 3177 2036 3250 (Luc.
2071 3177 2170 3248 χι).
2199 3178 2626 3233 Misericordiam
2670 3179 2816 3247 fecit,
2842 3181 3056 3248 quando
3083 3185 3234 3238 venit
3268 3200 3366 3241 nos
3397 3202 3484 3242 re-

179 3266 488 3333 Christum,
539 3267 631 3337 qui
680 3277 761 3322 est
807 3283 929 3322 cum
981 3276 1188 3323 aeterno
1239 3269 1399 3324 Patre
1458 3278 1516 3324 et.
1564 3268 1776 3338 Spiritu

182 3368 400 3425 sancto,
433 3357 629 3427 honor,
649 3367 704 3414 et
732 3366 996 3429 potestas,
1023 3368 1076 3415 et
1102 3359 1272 3430 gloria
1296 3360 1350 3415 in
1379 3361 1582 3416 sazcula
1604 3375 1781 3416 saecu-

185 3449 388 3507 lorum.
421 3448 620 3505 Amen.

187 3548 197 3603 '.=
261 3543 725 3600 Justificationum
743 3587 758 3613 ,
780 3545 1160 3600 mandatorum
1185 3585 1200 3612 ,
1230 3545 1408 3617 legum
1430 3587 1446 3612 ,
1465 3545 1780 3616 viarumque

187 3642 578 3700 discretionem
605 3643 716 3711 jam
745 3640 798 3696 in
825 3641 1098 3712 superiori
1125 3640 1344 3697 homilia
1387 3640 1780 3712 descripsimus

186 3734 388 3805 (homil.
419 3734 514 3806 u):
539 3747 686 3790 nunc
709 3731 777 3788 ad
806 3742 1018 3790 octava:
1051 3733 1244 3790 litterae
1270 3733 1563 3804 capitulum
1590 3748 1777 3790 rever-

186 3837 388 3884 tamur.

901 3913 1064 3956 Ill-2TH.

266 4015 444 4071 Portio
492 4015 640 4085 mea,
693 4013 952 4082 Domine,
980 4016 1093 4070 dixi
1118 4017 1378 4072 custodire
1404 4016 1570 4087 legem
1608 4025 1772 4071 tuam.

190 4109 291 4178 Qui
317 4109 574 4180 relinquit
612 4107 798 4164 mundi
838 4108 1157 4180 superbiam
1179 4148 1195 4174 ,
1227 4109 1493 4164 honorum
1522 4107 1735 4177 fastigia
1759 4149 1772 4174 ,

191 4201 936 4272 divitiarumquejaclamiam
957 4245 972 4270 ,
995 4211 1049 4256 et
1074 4202 1126 4256 in
1152 4202 1292 4258 crelo
1314 4203 1541 4258 collocat
1565 4203 1776 4256 thesau-

191 4310 282 4354 ros
300 4338 313 4361 ,
337 4294 495 4364 hujus
525 4295 704 4365 portio
725 4292 960 4350 efﬁcitur
986 4293 1130 4348 Deus
1156 4310 1172 4350 :
1200 4295 1340 4348 sicut
1359 4293 1551 4350 Petrus
1582 4295 1656 4348 ait
1683 4310 1775 4361 pa-

189 4389 408 4460 ralytico
429 4405 440 4440 :
465 4389 764 4457 Argentum
786 4395 842 4441 et
864 4401 1058 4441 aurum
1085 4401 1194 4441 non
1220 4394 1306 4442 est
1328 4387 1489 4454 mihi;
1511 4387 1607 4442 sed
1628 4387 1773 4458 quod

191 4481 361 4537 habeo
380 4522 393 4543 ,
425 4480 528 4536 hoc
557 4480 651 4535 tibi
677 4480 785 4534 do:
828 4478 886 4534 In
939 4479 1160 4534 nomine
1189 4479 1388 4534 Christi
1416 4479 1546 4535 Jesu
1573 4495 1734 4551 surge
1755 4522 1770 4546 ,

1881 3273 2111 3328 dimere.
2137 3272 2267 3328 lnde
2300 3282 2383 3328 est
2411 3273 2571 3344 plena
2601 3282 2765 3340 terra,
2797 3275 2849 3330 id
2876 3286 2979 3341 est,
3004 3287 3191 3332 sancta
3217 3278 3480 3337 Ecclesia.

1879 3364 2290 3436 Justiﬁcationes
2313 3375 2427 3420 tuas
2447 3366 2574 3420 doce
2601 3383 2701 3420 me.
2729 3367 2841 3423 Hoc
2869 3377 2972 3434 est,
3004 3379 3092 3424 tua
3121 3372 3396 3439 mandata,
3425 3383 3483 3430 ut

1881 3459 1972 3515 illa
2004 3459 2304 3530 intelligam
2330 3470 2384 3515 et
2415 3459 2725 3531 praedicem,
2750 3471 2806 3518 et
2831 3477 2999 3532 opere
3030 3463 3309 3536 impleam.

2609 3635 2772 3675 TETH.

1953 3731 2242 3787 Bonitatem
2273 3734 2440 3804 fecisti
2466 3749 2585 3788 cum
2612 3751 2756 3789 servo
2786 3743 2894 3800 tuo,
2928 3734 3170 3792 Domine.
3206 3736 3321 3793 Vox
3347 3753 3474 3808 pro-

1879 3822 2060 3894 pheta:
2090 3823 2143 3879 in
2177 3839 2407 3894 persona
2435 3825 2710 3881 Ecclesiae.
2732 3825 3023 3882 Bonitatem
3052 3828 3237 3897 fecisti,
3262 3833 3477 3902 quando

1879 3914 1932 3968 in
1965 3929 2127 3970 carne
2184 3916 2382 3971 venisti
2415 3959 2430 3984 ,
2481 3926 2536 3972 et
2581 3932 2681 3973 nos
2731 3917 3051 3985 redemisti;
3084 3922 3301 3990 quando
3331 3925 3477 3995 quod

1879 4007 2178 4078 promisisti
2200 4007 2270 4062 ad
2302 4007 2602 4074 Abraham,
2635 4018 2690 4064 et
2721 4009 2958 4080 reliquos
2989 4021 3170 4080 patres
3215 4014 3478 4087 adimple-

1878 4099 1970 4166 sti,
1999 4109 2055 4154 ιιι
2087 4100 2218 4154 illud
2248 4118 2264 4168 ;
2296 4109 2351 4156 et
2379 4100 2432 4155 in
2465 4100 2672 4158 semine
2724 4111 2815 4158 tuo
2844 4103 3238 4163 benedicentur
3287 4127 3477 4168 omnes

1877 4204 2067 4264 gentes
2097 4192 2250 4266 (Gen.
2284 4194 2400 4266 xx).
2429 4194 2561 4250 Cum
2587 4213 2734 4251 servo
2753 4206 2843 4252 tuo
2876 4215 2895 4252 :
2927 4201 3126 4271 populo
3151 4202 3471 4264 christiano.

1879 4284 2182 4341 Secundum
2222 4285 2428 4341 verbum
2478 4298 2642 4342 tuum.
2676 4288 2914 4345 Verbum
2957 4290 3137 4348 Patris
3180 4294 3351 4352 Filius
3371 4309 3477 4356 est.

1879 4377 2182 4434 Secundum
2225 4378 2430 4433 verbum
2488 4389 2631 4433 tuum
2663 4390 2768 4446 ;ut
2816 4393 3134 4453 peccantem
3166 4403 3253 4443 me
3283 4405 3392 4446 non
3420 4391 3477 4447 in

1880 4468 1958 4524 ira
1987 4471 2344 4540 punires,sed
2375 4472 2748 4528 misericordia
2778 4475 3165 4532 consolareris.
3183 4478 3477 4538 Bonitatem

192 4580 249 4629 et
292 4571 503 4626 ambula
539 4571 676 4641 (Act.
707 4570 808 4640 tu).
843 4569 888 4627 Ο
917 4585 1146 4639 magnus
1195 4569 1484 4626 thesaurus
1506 4615 1520 4639 ,
1571 4587 1605 4626 ο
1648 4572 1772 4627 feli-
1799 4561 1855 4624 D
1879 4570 1925 4615 et
1972 4562 2324 4634 disciplinam,
2354 4573 2400 4618 et
2453 4565 2720 4619 scientiam
2763 4567 2891 4622 doce
2918 4585 3019 4624 me.
3046 4561 3162 4626 Vox
3195 4571 3479 4632 Ecclesiae.

192 4664 332 4720 cium
357 4661 666 4718 divitiarum
697 4662 948 4733 egregius
973 4662 1255 4727 cumulus,
1275 4671 1334 4717 ut
1357 4664 1446 4734 qui
1474 4663 1645 4734 legem
1675 4664 1770 4718 Dei

193 4756 456 4820 custodit,
485 4765 539 4812 et
589 4756 742 4827 cujus
791 4757 935 4812 Deus
962 4766 1048 4812 est
1087 4757 1296 4828 portio,
1343 4757 1585 4814 morbida
1619 4766 1774 4815 curet

194 4850 561 4908 infirmitatum
588 4851 601 4904 !

264 4941 574 5014 Deprecatus
617 4957 731 4995 sum
767 4943 953 5010 faciem
999 4951 1143 4996 tuam
1191 4943 1245 4996 in
1293 4951 1401 4997 toto
1429 4943 1587 4997 corde
1635 4959 1769 4997 meo.

195 5039 332 5094 Bene
385 5035 652 5105 propheta
704 5044 817 5089 toto
842 5034 1009 5089 corde
1057 5035 1387 5106 deprecatur
1414 5034 1607 5091 faciem
1641 5035 1770 5101 Dei,

196 5131 282 5202 qui
308 5126 562 5183 mundum
585 5141 684 5182 cor
704 5141 763 5181 se
792 5127 940 5181 novit
963 5125 1184 5182 habere.
1221 5124 1372 5180 Beati
1399 5125 1542 5180 enim
1571 5125 1774 5180 mundo

195 5219 385 5286 corde,
413 5219 676 5291 quoniam
700 5219 803 5288 ipsi
832 5219 1003 5274 Deum
1028 5219 1293 5274 videbunt
1317 5217 1537 5289 (Matth.
1563 5216 1640 5289 v).
1671 5217 1778 5272 Mi-

195 5330 352 5371 serere
382 5315 475 5368 mei
507 5312 788 5367 secundum
817 5312 1076 5384 eloquium
1120 5321 1284 5388 tuum.
1335 5311 1439 5366 Per
1467 5311 1611 5381 quod
1645 5326 1774 5381 pro—

195 5407 382 5465 misisti
423 5417 481 5460 ut
512 5414 856 5474 peccatorem
886 5406 941 5460 in
971 5417 1149 5462 morte
1185 5419 1294 5461 non
1319 5404 1585 5460 obrueres
1611 5446 1626 5474 ,
1675 5405 1772 5462 sed

194 5497 558 5559 misericordia
597 5497 982 5553 consolareris.

265 5588 485 5662 Cogitavi
506 5591 614 5643 vias
633 5605 790 5643 meus.
814 5587 966 5657 Quod
984 5596 1146 5644 recta:
1168 5595 1343 5644 erant.
1364 5585 1432 5642 Et
1449 5590 1669 5642 converti
1689 5605 1775 5661 pe.

196 5687 284 5740 des
307 5698 438 5737 meos
478 5683 534 5735 in
559 5681 854 5736 testimonia
882 5689 992 5734 tua.
1019 5679 1225 5736 Sensus
1255 5694 1409 5736 meos
1440 5681 1494 5736 in
1526 5689 1618 5736 tua
1638 5697 1778 5752 prte-

194 5784 342 5848 cepta
367 5791 381 5829 :
409 5784 466 5830 ιιι
495 5773 790 5830 observare
812 5773 1045 5830 debeam
1070 5816 1084 5839 ,
1112 5785 1168 5830 et
1196 5789 1361 5844 opere
1383 5774 1706 5846 compleam.

506 5869 783 5930 PATROL.
847 5867 1073 5932 XXVI.

1885 4657 2023 4710 Ante
2047 4653 2312 4710 debuerat
2337 4654 2522 4712 dicere
2554 4658 2858 4725 scientiam,
2889 4669 2946 4715 et
2989 4669 3178 4730 postea
3234 4665 3500 4735 diseipli-'

1881 4763 2001 4803 nam
2034 4749 2195 4817 ;qnia
2224 4764 2332 4803 non
2363 4757 2545 4819 potest
2589 4749 2752 4806 homo
2792 4751 2968 4822 bonus
3005 4767 3127 4810 esse
3157 4756 3263 4811 nisi
3293 4757 3478 4814 scien-

1883 4842 2013 4896 tiam
2046 4841 2259 4897 habeat.
2291 4841 2516 4910 Qualem
2547 4843 2839 4900 bonitatem
2866 4859 2924 4900 se
2953 4845 3080 4902 dicit
3103 4848 3318 4906 facere?
3343 4853 3482 4919 Quia

1881 4931 1974 4987 dat
2005 4933 2234 5002 pluviam
2266 4947 2429 5004 super
2460 4943 2686 5001 terram,
2718 4943 2775 4990 et
2801 4937 2930 4992 facit
2956 4940 3126 4994 solem
3158 4957 3316 4997 suum
3345 4945 3483 5001 oriri

1883 5038 2047 5095 super
2070 5025 2245 5081 bonos
2272 5033 2325 5080 et
2352 5025 2544 5096 malos,
2570 5035 2625 5082 et
2653 5028 2790 5097 pluit
2818 5044 2982 5100 super
3017 5033 3197 5100 justos
3237 5046 3292 5090 et
3341 5037 3484 5107 inju-

1885 5125 2020 5176 stos.
2051 5116 2122 5172 Et
2160 5117 2517 5187 disciplinam,
2546 5117 2653 5175 hoc
2680 5128 2764 5175 est
2787 5161 2802 5184 .
2835 5129 2893 5175 ut
2917 5123 3168 5192 primitus
3213 5126 3264 5180 iu
3299 5144 3358 5184 se
3386 5129 3482 5187 de-

1885 5211 2009 5268 beat
2037 5227 2378 5277 mensurare,
2412 5221 2468 5267 et
2491 5211 2671 5268 facere
2709 5212 3078 5283 disciplinam,
3121 5225 3178 5272 et
3217 5233 3399 5288 postea
3424 5222 3480 5277 in

1887 5305 2026 5361 aliis.
2059 5305 2124 5360 Et
2143 5305 2435 5371 scientiam,
2465 5303 2569 5360 hoc
2609 5313 2713 5370 est,
2743 5314 2802 5361 ut
2844 5305 3232 5366 discretionem
3261 5312 3478 5380 habeat,

1887 5407 1944 5456 et
1973 5398 2112 5454 sciat
2135 5397 2449 5454 discernere
2471 5396 2615 5454 inter
2658 5399 2860 5455 bonum
2891 5409 2946 5456 et
2975 5403 3196 5471 malum,
3222 5405 3367 5462 inter
3409 5408 3490 5463 vi-

1885 5500 1991 5548 tam
2019 5500 2074 5547 et
2126 5499 2379 5558 mortem,
2426 5490 2572 5547 inter
2597 5505 2795 5562 corpus
2823 5501 2879 5549 et
2907 5495 3167 5552 animam.
3212 5497 3355 5554 Doce
3382 5518 3481 5570 me,

1884 5597 1943 5644 ut
1996 5585 2294 5658 intelligam
2364 5593 2454 5640 tua
2511 5572 2767 5641 mandata
2815 5601 2984 5658 opere
3041 5589 3292 5664 implere.
3350 5595 3486 5662 Quia

1886 5683 2146 5738 mandatis
2191 5681 2291 5736 tuis
2342 5681 2560 5736 credidi.
2586 5681 2881 5753 Propterea
2910 5684 3045 5742 doce
3088 5702 3197 5755 me,
3248 5692 3374 5762 quia
3432 5693 3488 5750 iu

1889 5774 1997 5832 tuis
2025 5772 2315 5845 praeceptis
2337 5769 2544 5827 credidi
2573 5790 2586 5840 ;
2617 5772 2669 5830 id
2698 5783 2804 5843 est,
2833 5789 2999 5846 opere
3024 5777 3266 5850 implevi.
