3992 6316
509 236 652 298 “98

1298 228 1643 288 APPENDIX
1682 230 1776 288 AD
1815 229 2059 288 TOMUM
2096 227 2452 290 SEPTIMUM
2491 229 2552 289 S.
2595 228 2998 291 HIERONYMI.

3672 227 3808 291 H98

576 352 893 420 Priusquam
946 347 1252 404 humiliarer
1291 363 1384 419 ego
1430 345 1645 414 deliqui,
1692 356 1965 417 propterea
1991 344 2103 399 elo-
2134 354 2184 415 Α
2209 345 2445 401 cundum
2467 345 2614 418 quod
2660 346 3005 415 promiserat,
3041 351 3099 399 et
3148 356 3235 401 me
3263 341 3674 403 consolaretur.
3710 344 3821 403 Ad-

512 447 695 509 quium
721 452 867 499 tuum
892 441 1164 497 custodivi.
1192 438 1546 495 Przeccdente
1595 438 1800 497 delicto
1848 436 2105 497 humilia-

514 556 659 607 mur,
693 546 750 595 et
776 552 876 608 per
904 536 1010 592 hoc
1053 533 1353 596 erudimur,
1384 540 1443 587 ut
1468 532 1683 603 eloquia
1712 531 1897 588 divina
1926 540 2109 587 custo~

511 633 745 688 diamus.

588 723 761 778 Bonus
788 739 841 776 es
864 731 939 787 tu,
972 717 1215 775 Domine.
1244 718 1379 786 Quia
1411 732 1570 773 nemo
1597 716 1773 775 bonus
1802 716 1907 772 nisi
1937 726 1989 771 tu
2019 730 2109 773 so-

509 819 615 873 lus.
649 815 719 871 Et
765 816 821 870 in
873 814 1101 869 bonitate
1138 812 1267 868 doce
1303 827 1386 867 me
1412 810 1817 884 justiﬁcaliones
1864 818 2000 867 tuas.
2032 809 2109 864 Eo

508 911 652 982 quod
687 909 841 964 bonas
869 907 999 974 sint,
1023 908 1163 962 sicut
1191 913 1245 961 et
1276 915 1333 960 tu
1363 902 1537 961 bonus
1557 917 1637 959 es.

581 1000 935 1069 Multiplicata
952 1006 1027 1054 est
1053 1013 1212 1067 super
1239 1013 1318 1050 me
1343 995 1588 1065 iniquitas
1617 994 1951 1064 superborum
1973 1008 1992 1057 ;
2013 1007 2108 1063 ego

506 1105 676 1151 autem
706 1096 759 1148 in
784 1102 893 1148 toto
920 1091 1076 1147 corde
1114 1106 1227 1145 meo
1254 1086 1521 1144 scrutabor
1545 1087 1797 1141 mandata
1827 1095 1937 1139 tua.
1970 1084 2106 1140 Cum

507 1188 653 1245 enim
682 1185 909 1241 verbera
941 1183 1119 1239 divina
1148 1196 1237 1239 me
1264 1188 1576 1251 arguerent,
1602 1188 1658 1237 et
1677 1176 1899 1248 superbi
1922 1176 2108 1231 saeculi

508 1279 861 1343 lacesserent,
891 1274 1187 1331 dicentes:
1218 1271 1322 1329 Ubi
1365 1266 1650 1346 auxilium,
1694 1268 1784 1324 ubi
1833 1282 1959 1337 Spes
1990 1276 2104 1334 tua,

508 1371 601 1427 ubi
643 1380 727 1427 est
794 1367 1008 1424 bonitas
1072 1365 1169 1421 Dei
1238 1364 1353 1431 tui;
1415 1378 1514 1434 ego
1582 1360 1835 1421 mandata
1888 1369 1979 1415 tua
2016 1375 2108 1415 ve-

506 1464 815 1523 hementius
865 1459 1186 1527 scrutahar,
1219 1456 1649 1515 consolationem
1709 1453 1991 1524 requirens
2048 1452 2106 1508 in

582 1647 928 1720 Coagulatum
965 1656 1042 1702 est
1073 1646 1208 1701 sicut
1239 1644 1321 1700 lac
1365 1659 1453 1698 cor
1482 1656 1679 1697 eorum.
1720 1640 1829 1696 Lac
1856 1655 1976 1695 cum
2004 1653 2104 1694 na-

2213 437 2455 508 implevit
2476 436 2621 508 quod
2654 438 2941 508 promisit;
2968 436 3091 507 quia
3114 434 3248 491 dicit
3279 436 3333 490 in
3357 436 3464 490 alio
3515 435 3641 491 loco
3669 453 3682 487 :
3716 435 3819 491 lii-

2210 531 2510 587 serationes
2531 530 2719 589 multae
2746 538 2876 589 sunt
2894 528 3037 599 apud
3079 527 3269 594 Deum.
3292 536 3349 584 et
3372 534 3560 589 nostra
3595 538 3819 597 peccata

2212 621 2383 681 multa
2404 633 2532 679 sunt
2555 621 2675 694 (Ps.
2705 623 2914 693 estut).
2941 620 3071 681 inde
3091 620 3260 679 dicit:
3293 620 3683 682 Miserationes
3712 628 3821 681 tuas

2212 711 2398 776 multa:
2419 721 2565 769 sunt.
2592 711 2896 769 Secundum
2922 712 3185 782 eloquium
3227 720 3372 769 tuum
3400 727 3549 769 servo
3580 722 3695 768 tuo.
3713 712 3817 773 Se-

2209 803 2447 861 cundum
2497 804 2646 876 quod
2702 803 3048 876 promisisti,
3099 804 3225 863 veni
3271 804 3545 869 redimere
3593 821 3820 867 servum

2211 907 2388 967 tuum,
2423 900 2680 969 populum
2704 900 3105 967 Christianum,
3135 901 3226 971 qui
3254 900 3354 959 tibi
3393 902 3565 961 servit
3599 903 3820 972 specia-

2211 990 2355 1049 liter.
2387 989 2515 1047 Fiat
2561 1009 2698 1049 nunc
2757 993 3116 1055 misericordia
3153 1003 3243 1053 tua
3281 1004 3337 1054 ut
3389 994 3690 1055 consoletur
3710 1013 3815 1065 uie,

2208 1085 2489 1140 secundum
2518 1087 2779 1157 eloquium
2807 1097 2953 1141 tuum
2991 1102 3136 1147 servo
3166 1096 3277 1147 tuo.
3303 1086 3615 1149 Promisisti
3643 1090 3817 1154 enim,

2212 1184 2269 1231 ut
2296 1186 2420 1246 post
2448 1176 2811 1235 humilitatem
2834 1176 3167 1247 aliiictionis,
3197 1178 3470 1239 tribueres
3496 1180 3816 1250 praesidium

2210 1267 2626 1327 consolationis.

2297 1359 2514 1415 Veniant
2568 1361 2697 1417 mihi
2720 1362 3079 1421 miserationes
3120 1373 3223 1423 tua:
3248 1373 3301 1421 et
3345 1365 3535 1433 vivam,
3561 1368 3694 1437 quia
3729 1365 3814 1421 les:

2210 1462 2300 1509 tua
2320 1454 2588 1511 meditatio
2612 1471 2725 1511 mea
2750 1464 2845 1511 est.
2872 1452 2991 1511 Jam
3017 1455 3194 1527 legem
3223 1466 3370 1513 tuam
3410 1458 3675 1525 meditor,
3717 1459 3813 1517 sed

2208 1543 2263 1598 in
2290 1554 2551 1607 aeternam
2571 1544 2738 1605 vitam
2768 1547 2959 1605 venire
2993 1563 3102 1607 non
3132 1562 3375 1619 possum,
3407 1549 3514 1611 nisi
3536 1564 3570 1609 tt
3598 1560 3652 1607 te
3682 1552 3813 1609 inihi

2209 1637 2366 1695 luero
2390 1651 2784 1699 commutatus.

508 1751 626 1797 tura
652 1754 819 1795 suave
845 1740 936 1807 sit,
969 1746 1285 1807 corruptum
1316 1744 1495 1792 tamen
1536 1732 1670 1789 vitio
1695 1731 2013 1803 coagulatur
2050 1740 2104 1784 et
2136 1743 2183 1803 Β
2281 1729 2682 1802 Confundantur
2727 1732 2954 1805 superbi,
2984 1734 3111 1804 quia
3147 1734 3338 1800 iniuste
3364 1734 3690 1804 iniquitatem
3729 1736 3811 1805 [θη

506 1833 727 1889 acescit.
762 1831 841 1886 lta
869 1838 925 1886 et
952 1829 1195 1899 superbi,
1243 1828 1296 1883 id
1337 1838 1441 1895 est,
1489 1826 1754 1891 haeretici,
1805 1824 1966 1880 dulce
2011 1840 2105 1878 cor

506 1921 707 1979 sanctis
727 1922 1023 1992 Scripturis
1053 1922 1203 1991 prius
1234 1919 1541 1977 habuerunt
1564 1917 1697 1984 ;sed
1728 1926 2106 1988 pervertentes

507 2031 601 2071 eas
627 2014 679 2068 in
704 2012 968 2070 ebrietate
1013 2027 1207 2068 sensus
1235 2011 1340 2077 sui,
1370 2010 1638 2081 coagulati
1664 2021 1825 2079 atque
1850 2006 2107 2063 acerrimi

502 2109 632 2165 iacti
660 2115 808 2165 sunt.
842 2105 956 2177 Ego
994 2122 1113 2161 vero
1138 2105 1302 2177 legem
1345 2114 1491 2159 tuam
1516 2103 1793 2159 meditatus
1830 2116 1967 2155 sum.
2001 2099 2107 2155 Per

501 2218 663 2272 quam
710 2199 980 2271 superbos
1006 2197 1285 2263 humilias,
1315 2211 1412 2266 per
1435 2210 1597 2266 quam
1647 2193 1949 2251 humilibus
1976 2205 2105 2262 gra-

512 2296 641 2349 tiam
672 2303 921 2362 praestas.

579 2383 785 2439 Bonum
805 2381 934 2438 mihi
959 2381 1100 2453 quod
1139 2380 1428 2437 humiliasti
1453 2396 1573 2447 me;
1604 2388 1658 2433 ut
1683 2378 1881 2433 discam
1898 2377 2103 2450 justiﬁ.

503 2480 728 2535 cationes
758 2487 898 2533 tuas.
932 2474 1047 2530 Vox
1078 2474 1338 2529 Ecclesia:
1386 2472 1558 2527 dicit:
1592 2472 1797 2531 Bonum
1844 2470 1974 2525 mihi
2008 2468 2107 2527 fuit

504 2571 646 2641 quod
676 2586 763 2625 me
823 2566 1162 2631 humiliasti;
1195 2570 1319 2636 quia
1372 2580 1467 2635 per
1498 2565 1600 2621 hoc
1639 2565 1802 2620 didici
1835 2573 1926 2619 tua
1953 2577 2105 2617 man-

504 2665 628 2721 data
658 2662 889 2730 implere
917 2661 971 2717 in
998 2661 1340 2730 operatione.
1371 2656 1574 2715 Bonum
1600 2655 1728 2712 mihi
1754 2656 1894 2727 quod
1936 2654 2103 2711 humi-

505 2756 647 2811 liasti
673 2770 769 2820 me,
799 2764 857 2807 ut
887 2754 1082 2807 discam
1125 2751 1524 2820 iustificationes
1567 2758 1708 2807 tuas.
1738 2750 1873 2816 Quia
1908 2763 2014 2804 non
2047 2748 2103 2809 in

504 2849 782 2919 superbia.
813 2846 908 2902 sed
940 2848 994 2901 in
1037 2844 1339 2901 humilitate
1369 2843 1668 2901 discuntur.

573 2938 783 2995 Bonum
806 2938 932 2992 mihi
953 2935 1037 2992 lea:
1059 2935 1162 2991 oris
1185 2935 1286 3003 tui,
1300 2952 1454 3006 super
1474 2934 1644 2991 millia
1663 2934 1782 2989 auri
1807 2942 1857 2989 et
1878 2933 2099 3007 argenti.

504 3031 617 3089 Lex
640 3030 755 3086 oris
785 3030 881 3087 Dei
910 3027 1160 3085 Christus
1190 3037 1313 3093 est;
1355 3027 1449 3097 qui
1484 3042 1590 3082 non
1623 3027 1770 3083 venit
1795 3027 1970 3098 legem
1992 3026 2103 3081 sol-

2208 1834 2387 1878 cerunt
2417 1825 2469 1878 in
2499 1841 2598 1881 me.
2630 1824 3046 1885 Conlundantur
3072 1825 3126 1882 in
3176 1828 3415 1898 peccatis
3457 1829 3594 1891 suis,
3634 1838 3814 1887 etco-

2206 1927 2476 1990 gnoscant
2523 1933 2584 1977 se
2618 1920 2806 1991 inique
2829 1920 3070 1991 gessisse
3115 1921 3379 1981 adversus
3415 1921 3650 1991 justum.
3694 1920 3814 1992 Ego

2207 2020 2383 2069 autem
2406 2013 2681 2068 exercebar
2710 2014 2764 2069 in
2786 2014 3053 2095 mandatis
3073 2016 3197 2075 tuis.
3217 2014 3531 2073 Ostendens
3570 2015 3655 2072 eis
3687 2032 3814 2088 qua

2207 2116 2454 2178 oporteat
2481 2123 2664 2178 agere.
2696 2108 2808 2182 Ego
2835 2119 3029 2169 autem.
3063 2109 3181 2171 Vox
3204 2111 3489 2173 Ecclesiae.
3521 2111 3812 2171 Exorabor

2205 2200 2262 2254 in
2304 2200 2561 2259 ηιαηάαιὶσ
2608 2202 2731 2259 tuis.
2763 2203 2899 2261 Dum
2929 2205 3016 2259 isti
3046 2203 3344 2273 supradicti
3388 2203 3471 2265 sic
3520 2203 3814 2265 iecerunt:

2207 2309 2306 2365 ego
2336 2296 2388 2348 in
2418 2296 2525 2350 tuis
2548 2297 2834 2367 praeceptis
2864 2297 2937 2351 ibi
2966 2312 3056 2353 me
3080 2313 3337 2354 exerceo.

2276 2386 2653 2449 Convertentur
2700 2390 2828 2449 mihi
2869 2393 3102 2449 timentes
3132 2402 3200 2460 te,
3233 2404 3280 2450 et
3324 2392 3414 2462 qui
3453 2404 3711 2450 nouerunt
3739 2403 3813 2448 te-

2205 2480 2448 2537 stimonia
2474 2489 2584 2535 tua.
2605 2481 2719 2537 Hoc
2762 2491 2846 2541 est
2872 2491 2953 2550 ut,
2982 2499 3071 2543 me
3116 2483 3375 2550 docente,
3410 2495 3815 2556 cognoscentes

2207 2587 2269 2627 ea
2298 2573 2365 2631 ad
2393 2582 2446 2629 te
2472 2576 2724 2631 conversi
2757 2574 2911 2635 (iant.

2279 2660 2404 2719 Fiat
2416 2680 2507 2719 cor
2524 2682 2691 2723 meum
2702 2666 3093 2723 immaculatum
3116 2668 3172 2722 ist
3190 2669 3663 2740 justiﬁcationibus
3683 2670 3810 2739 tuis,

2208 2766 2262 2811 ut
2291 2773 2397 2813 non
2423 2759 2737 2827 confundor.
2770 2760 2840 2823 Et
2868 2762 2996 2831 quia
3020 2762 3089 2819 de
3135 2763 3302 2821 cortis
3336 2763 3590 2833 procedit
3616 2779 3813 2821 nume-

2206 2854 2402 2911 rositas
2428 2849 2683 2913 vitiorum
2708 2895 2724 2923 ,
2772 2855 2916 2913 sicut
2942 2855 3209 2914 Dominus
3253 2860 3335 2912 ait
3382 2859 3437 2915 in
3468 2858 3766 2929 Evangelia
3793 2877 3808 2915 ι

2204 2946 2332 3004 ideo
2387 2949 2654 3019 protilsets
2685 2950 3099 3011 immaculatum
3129 2967 3191 3008 se
3241 2952 3358 3008 ﬁeri
3386 2954 3566 3023 poscit
3619 2954 3675 3009 in
3712 2952 3813 3009 Dei

2199 3042 2710 3111 justilicationihus,
2726 3055 2786 3099 ut
2808 3062 2933 3103 enin
2963 3046 3018 3101 in
3045 3045 3258 3113 judicio
3284 3044 3658 3101 damnationis
3684 3060 3816 3101 seno

504 3123 761 3185 Vere-88d
784 3123 1085 3192 adimplere
1104 3120 1406 3194 ("dub-Vl
1437 3120 1607 3188 Quem
1632 3119 1939 3190 1³³’θενίάθηδ
1970 3134 2096 3189 Ρτ⁰’
2127 3130 2173 3193 C
2205 3138 2371 3191 tentia
2400 3151 2508 3191 non
2562 3137 2863 3193 confundat
2917 3137 3039 3209 (Ps.
3072 3138 3288 3209 cavus).
3349 3138 3442 3195 Sic
3469 3146 3531 3194 et
3558 3153 3660 3194 nos
3686 3153 3813 3208 pre-

500 3218 660 3288 pheta
687 3230 851 3288 super
881 3230 1074 3273 omnes
1101 3212 1386 3271 thesauros
1426 3213 1767 3284 concupiscit
1793 3228 1809 3279 ;
1833 3212 1956 3285 quia
1989 3226 2098 3267 non

500 3309 679 3365 solum
733 3308 941 3365 amicos
992 3305 1177 3379 diligi,
1230 3303 1325 3359 sed
1366 3303 1533 3363 etiam
1578 3303 1811 3361 inimicis
1854 3303 2101 3376 prateipit

503 3400 729 3471 ignosci.

1249 3482 1359 3523 IOD.

573 3583 764 3637 Manus
813 3590 916 3650 tum
972 3581 1198 3651 fecerunt
1244 3596 1324 3635 me
1363 3591 1411 3633 et
1443 3578 1835 3648 plasmauerunt
1890 3596 1997 3647 me,
2027 3582 2097 3633 da

500 3673 629 3729 mihi
659 3672 982 3729 intellectum
1006 3680 1065 3727 ut
1092 3671 1288 3727 discam
1319 3672 1570 3727 mandata
1598 3682 1708 3727 tua.
1737 3671 1985 3741 Magnum
2013 3683 2099 3729 est

498 3767 643 3823 enim
675 3778 733 3823 ιιι
764 3781 825 3823 se
848 3765 1015 3821 homo
1065 3763 1332 3836 intelligat
1381 3779 1546 3823 manu
1588 3765 1682 3821 Dei
1716 3764 1916 3821 factum
1946 3766 2095 3835 plas-

501 3872 834 3932 matutnque,
866 3870 922 3917 et
950 3859 1019 3917 ad
1070 3858 1187 3928 ejus
1220 3859 1509 3929 imaginem
1539 3873 1662 3919 esse
1709 3859 2091 3930 compositum.

501 3952 657 4020 Quod
705 3956 750 4010 si
802 3952 1150 4021 cognoverit,
1203 3952 1487 4009 scientiam
1542 3967 1771 4022 poscere
1823 3955 2004 4021 debet,
2038 3964 2099 4011 ut

501 4043 753 4098 mandata
780 4042 896 4112 ejus
925 4042 1190 4111 intelligat
1217 4053 1379 4111 atque
1401 4044 1712 4109 custodiat;
1747 4060 1813 4099 ne
1831 4045 2096 4101 recedens

503 4134 572 4189 ab
601 4134 699 4202 eis,
744 4134 835 4206 qui
866 4132 967 4191 luit
998 4133 1174 4205 imago
1206 4134 1297 4189 Dei
1339 4134 1561 4204 incipiat
1606 4135 1782 4206 imago
1827 4151 1951 4193 esse
1976 4137 2095 4195 dia-

500 4226 634 4282 boli.

575 4316 676 4383 Qui
696 4316 873 4372 timent
899 4323 950 4371 te
976 4314 1219 4369 videbunt
1248 4332 1349 4382 me,
1374 4326 1423 4373 et
1473 4315 1808 4372 ltetabuntur.
1839 4319 1956 4374 Vox
1992 4318 2097 4376 Ec-

498 4407 703 4475 clesim,
745 4407 850 4462 hoc
880 4415 1005 4474 est,
1070 4405 1219 4465 utilli
1248 4407 1339 4477 qui
1390 4406 1557 4463 Deum
1617 4410 1828 4472 timent.
1878 4410 2095 4469 videant

2202 3241 2354 3282 mere
2380 3226 2644 3283 debemus
2685 3229 2863 3284 varias
2915 3230 3296 3302 cogitationes,
3326 3245 3397 3287 ne
3426 3230 3588 3291 nobis
3622 3232 3816 3287 contu-

2202 3319 2410 3375 sioaem
2441 3330 2749 3391 praeparent
2773 3337 2896 3381 cum
2919 3339 3012 3379 eas
3036 3324 3526 3385 desideraret-imus
3557 3325 3812 3395 implere.

2202 3409 2325 3465 Fiat
2364 3428 2453 3466 cor
2480 3430 2651 3468 meum
2680 3415 3099 3472 immaculatum.
3134 3416 3232 3471 llic
3252 3431 3347 3473 cor
3382 3432 3484 3488 pro
3512 3418 3686 3472 anima
3708 3431 3815 3487 po-

2200 3506 2372 3563 nitur.
2402 3506 2549 3561 Acsi
2580 3506 2777 3563 dicat:
2825 3508 2945 3563 Fiat
2998 3510 3180 3565 anima
3237 3526 3357 3567 mea
3414 3510 3536 3567 sine
3582 3519 3809 3582 peccato

2203 3596 2437 3653 mortali.
2477 3595 2544 3653 In
2582 3599 3047 3669 justiﬁcats'onibus
3094 3603 3199 3657 tuis
3226 3611 3283 3657 ut
3340 3619 3445 3657 non
3481 3603 3804 3673 confundor.

2202 3686 2315 3745 Hoc
2339 3696 2448 3755 est,
2476 3697 2538 3746 ut
2566 3705 2676 3749 non
2708 3690 2938 3748 habeam
2990 3695 3367 3752 confusionem
3395 3704 3684 3752 atterunt.

2924 3866 3063 3913 CAN
3073 3892 3082 3902 ι

2271 3956 2474 4029 Βείεεὶι
2494 3961 2549 4019 in
2571 3961 2795 4021 salutari
2818 3973 2908 4019 tuo
2931 3966 3109 4023 animo
3129 3982 3262 4025 mes.
3294 3965 3351 4022 ln
3372 3964 3527 4032 issu,
3556 3966 3684 4037 quia
3712 3982 3811 4025 ve-

2199 4050 2279 4109 nit
2306 4051 2515 4113 salvum
2548 4054 2726 4115 lacere
2757 4058 3016 4127 pupulum
3067 4074 3225 4120 suain
3244 4075 3277 4115 a
3304 4061 3549 4131 peccatis
3590 4075 3805 4119 eorum.

2200 4143 2267 4198 Et
2297 4147 2352 4201 in
2378 4146 2588 4207 uerbum
2630 4158 2777 4205 tuum
2823 4153 3205 4223 supersperaoi.
3234 4150 3393 4218 Quod
3432 4153 3489 4206 in
3533 4151 3809 4221 principia

2202 4237 2345 4295 Deus
2371 4248 2492 4297 erat
2516 4241 2656 4312 apud
2686 4241 2878 4310 Deum,
2932 4253 2990 4299 ut
3015 4246 3200 4303 veniat
3244 4244 3313 4304 ad
3362 4244 3809 4317 redemptionem

2199 4331 2514 4391 humanam.

2270 4423 2581 4497 Defecerunt
2620 4427 2761 4485 oculi
2788 4431 2890 4489 mei
2931 4432 2985 4485 in
3017 4431 3278 4502 eloquium
3303 4442 3451 4489 luunt
3481 4448 3500 4493 .‘
3548 4432 3805 4501 dicentes.

499 4514 657 4596 suum
710 4496 1071 4596 intellectum,
1126 4506 1211 4596 et“
1232 4497 1493 4596 lattitianr
1520 4500 1758 4596 habeant
1785 4519 1799 4556 :
1831 4504 1959 4574 quia
1991 4504 2094 4560 Ec-
2121 4522 2170 4582 ο
2197 4496 2418 4583 Quando
2437 4519 2780 4577 comburi,
2806 4527 2922 4580 me?
2943 4496 3199 4583 Αιιοολιε,
3225 4525 3376 4583 "me
3395 4526 3645 4596 “scipio
3669 4496 3812 4583 eo";

495 4576 662 4648 clesia
701 4589 919 4663 quando
950 4590 1095 4646 videt
1142 4590 1280 4647 alios
1335 4591 1586 4648 mandata
1619 4592 1716 4649 Dei
1771 4596 2085 4665 observare,

496 4701 747 4757 magnam
775 4685 1022 4741 laetitiam
1046 4682 1233 4741 habet.
1259 4684 1453 4741 Postea
1474 4686 1711 4743 invicem
1731 4690 1810 4745 sic
1836 4690 2093 4746 laetabun-

498 4787 603 4843 tur,
631 4786 687 4839 et
708 4778 816 4847 hic,
848 4785 903 4832 et
934 4776 985 4831 in
1015 4776 1216 4831 loturo.
1246 4776 1381 4845 Quia
1408 4777 1463 4832 in
1491 4778 1640 4834 verbo
1684 4789 1772 4835 tuo
1817 4798 2095 4853 superspe-

494 4870 628 4936 ravi,
662 4869 713 4925 id
736 4879 840 4935 est,
866 4868 921 4923 in
950 4866 1171 4924 Christo
1204 4868 1377 4925 habeo
1407 4885 1581 4940 spem.

566 4962 813 5034 Cognovi,
850 4958 1089 5026 Domine,
1121 4960 1242 5029 quia
1271 4961 1489 5032 aequitas
1508 4960 1717 5034 judicia
1743 4972 1832 5020 tua
1858 4976 1904 5020 et
1931 4968 1983 5020 iu
2005 4982 2092 5023 ue-

490 5055 643 5108 ritate
670 5062 781 5107 tua.
811 5049 1060 5122 [Equites
1098 5060 1184 5109 tua
1208 5062 1313 5119 est,
1338 5060 1396 5107 ut
1422 5063 1741 5123 peccatores
1768 5072 1965 5128 arguas
1992 5075 2090 5130 pro

491 5143 733 5200 delictis:
767 5140 978 5201 Veritas
997 5183 1012 5207 ,
1049 5152 1106 5197 ιιι
1135 5142 1403 5212 superbos
1429 5141 1684 5202 humilies
1704 5161 1734 5203 a
1760 5154 2096 5219 prOsperita-

489 5236 634 5293 tibus
685 5234 818 5293 suis.
866 5233 1011 5304 Ergo
1075 5235 1199 5305 quia
1264 5251 1350 5292 me
1415 5235 1712 5297 humiliasti
1752 5280 1769 5307 ,
1824 5250 1880 5297 ut
1914 5244 2089 5301 corri-

490 5345 651 5401 geres
668 5347 681 5384 :

560 5419 685 5474 Fiat
728 5436 869 5479 nunc
900 5419 1255 5477 misericordia
1281 5429 1390 5488 tua,
1426 5431 1481 5477 ut
1511 5424 1801 5483 consoletur
1829 5443 1928 5482 me.
1970 5428 2085 5487 Vox

483 5512 764 5582 prepltetee
790 5511 841 5567 in
865 5526 1102 5581 persiina
1130 5511 1409 5573 Ecclesiae.
1444 5512 1785 5573 Pratvidehat
1815 5519 2074 5590 propheta

483 5618 577 5672 per
602 5602 868 5674 Spiritum
916 5604 1489 5683 sanctum‘Christum
1537 5617 1819 5669 venturum
1869 5627 1992 5670 esse
2019 5616 2070 5671 in

475 5709 660 5760 carne,
714 5695 805 5765 qui
834 5701 955 5752 erat
983 5696 1379 5766 misericordia,
1416 5709 1473 5759 ut
1520 5716 1621 5759 nos
1650 5702 1945 5765 redimeret
1976 5721 2064 5764 sc-

2195 4609 2519 4667 solationem
2553 4623 2605 4668 te
2633 4612 2891 4672 advenire
2919 4616 2989 4672 de
3014 4616 3175 4675 caulis
3215 4618 3267 4674 in
3297 4616 3614 4676 delectione
3641 4618 3811 4689 spiri-

2197 4699 2418 4757 tualium
2450 4704 2758 4759 oculorum.

2270 4792 2407 4860 Quia
2428 4798 2598 4865 [actus
2623 4812 2738 4851 sum
2768 4799 2902 4853 sicut
2922 4808 3032 4856 uter
3069 4807 3124 4856 in
3146 4802 3374 4872 pruina:
3393 4803 3804 4874 iustiﬁcationes

2196 4895 2314 4940 tuas
2345 4903 2451 4943 non
2490 4906 2609 4945 sum
2632 4890 2846 4949 oblitus.
2890 4893 3154 4951 Dominus
3198 4897 3250 4952 in
3281 4895 3585 4969 Evangelii)
3613 4898 3749 4955 dixit
3777 4915 3795 4951 :

2192 4976 2364 5035 Nemo
2420 4984 2574 5050 ponit
2602 4983 2784 5041 vinum
2811 5001 3011 5043 novum
3064 4987 3120 5045 in
3151 4997 3301 5046 utres
3329 5001 3546 5049 veteres
3596 4990 3794 5061 (Mare.

2193 5067 2256 5141 ιι)
2289 5088 2302 5125 :
2333 5071 2648 5143 significans
2670 5086 2862 5146 pectus
2894 5078 3191 5137 humanum
3219 5079 3492 5139 diuturnis
3521 5083 3796 5153 repletum

2196 5160 2345 5217 vitiis
2374 5178 2480 5220 non
2510 5181 2672 5237 posse
2697 5169 2984 5227 eminuere
3011 5172 3265 5231 mandata
3294 5174 3410 5230 Dei.
3445 5175 3590 5246 Ergo
3611 5183 3666 5235 et
3692 5190 3805 5233 nos

2191 5249 2237 5309 si
2266 5251 2661 5313 incalescamus
2708 5258 2941 5315 naturali
2985 5258 3183 5319 ardore
3212 5271 3270 5318 ut
3298 5276 3591 5332 peccemus
3621 5278 3799 5323 zeum

2191 5342 2443 5403 mandata
2468 5344 2565 5401 Dei
2601 5346 2920 5418 suscipimus,
2962 5351 3285 5421 repentinus
3308 5355 3675 5425 exstinguitur
3702 5355 3799 5415 hic

2187 5436 2358 5504 calor,
2387 5446 2441 5493 et
2479 5440 2684 5495 erimus
2720 5442 2873 5511 quasi
2904 5452 3026 5500 uter
3047 5446 3101 5500 in
3126 5445 3345 5516 pruina,
3388 5447 3713 5519 refrigerato
3734 5449 3795 5506 in

2188 5526 2344 5587 nobis
2364 5528 2562 5589 ardore
2583 5532 2812 5603 peccati.

2256 5620 2396 5691 Quot
2424 5632 2542 5681 sunt
2587 5624 2697 5681 dies
2724 5626 2857 5683 servi
2903 5629 3020 5696 tui;
3049 5630 3265 5701 quando
3294 5633 3457 5704 facies
3496 5635 3561 5689 de
3611 5650 3795 5704 perse-

2179 5711 2451 5780 quentibus
2481 5730 2561 5773 me
2598 5715 2881 5789 judicium.
2912 5718 3076 5781 Pauci
3103 5735 3230 5781 sunt
3273 5722 3392 5785 dies
3443 5724 3607 5798 hujus
3633 5728 3791 5789 vita.
