3982 6326
116 247 302 315 ηδτ

994 292 999 297 ο
1098 263 1529 333 BREVIARIUH
1564 265 1636 329 ΙΝ
1673 265 2010 337 ΡεΔιΜοδ.
2052 269 2306 340 PSALM.
2343 274 2580 343 CXVIII.

3322 294 3462 356 “98

117 346 248 431 Tn,
274 367 543 441 Domine,
572 378 801 430 contere
824 376 875 431 in
903 376 1217 446 judiciotuo
1246 381 1646 457 Satanamxcum
1671 402 1757 443 sa-
1788 392 1831 457 Α
1862 388 2007 447 davit
2042 407 2141 462 per
2167 392 2365 466 Legem
2410 406 2467 453 et
2510 398 2806 469 prepltetas
2830 399 3143 474 venturum,
3173 421 3459 482 usqueqco

117 460 427 517 tetlitibus
453 464 589 534 suis,
618 464 721 522 sub
742 466 974 536 pedibus
993 472 1198 531 nostris
1219 475 1503 545 velociter,
1536 479 1627 548 qui
1658 495 1758 543 nos

116 567 590 624 persequuntur.

211 644 597 709 Narrauerunt
621 651 751 705 mihi
770 653 937 725 iniqui
962 655 1337 731 tabulationes,
1353 663 1442 721 sed
1459 679 1563 739 non
1589 675 1643 719 ut
1673 667 1757 722 lex

124 745 265 795 tu.
302 739 531 803 Audivit
560 741 723 799 multa
743 744 813 799 ab
836 744 1109 803 hatreticis
1133 763 1197 807 ac
1222 752 1474 820 gentibus
1499 770 1617 826 quae
1646 772 1756 813 non

118 832 501 899 conveniunt
527 835 799 897 mandatis
830 837 946 899 Dei.
981 839 1109 895 Ideo
1148 841 1430 913 adiungit:

213 923 428 979 Omnia
450 926 699 991 mandata
749 930 864 1000 ejus
904 934 1112 991 ueritas.
1143 932 1301 991 Nulla
1325 935 1472 993 enim
1517 936 1755 999 falsitate

120 1017 723 1088 comprehenduntur.
767 1018 948 1089 Iniqui
974 1026 1232 1093 persecuti
1262 1036 1513 1097 suntme,
1558 1030 1757 1105 adjuua

121 1125 249 1169 me.
288 1107 497 1171 Gravia
527 1109 793 1172 adversus
822 1114 1161 1186 principatus
1187 1124 1243 1171 et
1268 1126 1570 1188 porcstates
1593 1122 1756 1183 δυειὶ-

127 1216 258 1263 nco
292 1201 464 1271 bella,
490 1213 548 1266 ut
578 1203 700 1265 ideo
732 1218 840 1263 non
862 1217 1013 1277 peto,
1047 1219 1105 1261 ut
1145 1218 1463 1267 amoveatur
1501 1211 1606 1271 hoc
1632 1226 1756 1275 cer-

126 1301 339 1351 tamen
362 1310 378 1360 δ
405 1294 503 1355 Sed
554 1305 614 1361 ut
650 1295 906 1368 adjuvet,
934 1298 1115 1357 sciens
1144 1302 1443 1365 neminem
1475 1319 1632 1374 posse
1661 1321 1756 1369 co-

128 1388 340 1447 ronari
362 1388 469 1447 nisi
496 1388 589 1459 qui
617 1389 858 1460 legitime
882 1395 1193 1455 certaverit.

216 1478 407 1541 Paulo
440 1481 609 1537 minus
630 1496 1108 1547 consummaverunt
1136 1503 1214 1543 me
1247 1487 1305 1542 in
1326 1496 1507 1556 terra;
1546 1507 1640 1562 ego
1660 1507 1754 1545 au-

128 1581 251 1635 tem
282 1589 391 1635 non
413 1573 669 1646 dereliqui
706 1576 955 1639 mandata
995 1586 1107 1633 tua.
1138 1579 1304 1639 Valde
1334 1596 1422 1639 me
1443 1585 1754 1655 corporalia

131 1663 287 1720 vitia
318 1665 375 1720 in
428 1675 577 1721 terra
611 1665 990 1726 humiliassent
1016 1687 1027 1722 :
1052 1671 1158 1735 nisi
1207 1673 1569 1735 custodissem
1602 1691 1757 1735 man-

130 1757 277 1819 data
300 1756 511 1821 divina.

220 1849 533 1915 Secundum
561 1852 973 1913 misericordiam
992 1862 1138 1911 tuam
1158 1857 1362 1927 vivi/ica
1383 1875 1481 1915 me.
1508 1859 1565 1915 In
1587 1870 1756 1923 {ntere

148 1958 288 1999 nam
320 1943 523 2009 vitam;
553 1946 679 2014 quia
712 1960 816 2014 ego
850 1945 959 2015 jam
995 1962 1103 2003 non
1153 1948 1283 2005 mihi
1310 1951 1468 2006 vivo:
1502 1953 1637 2007 vivit
1664 1969 1758 2008 au-

143 2044 267 2090 tem
299 2035 354 2089 in
389 2050 475 2090 me
501 2034 770 2091 Christus.
808 2034 876 2091 Ut
894 2040 1183 2093 custodiam
1205 2042 1499 2101 testimonia
1527 2044 1634 2101 oris
1654 2046 1752 2105 tui.

142 2126 255 2184 Vel
278 2142 346 2183 ea
376 2143 499 2199 qua:
522 2129 576 2184 iu
611 2129 751 2199 Lege
766 2128 1034 2189 mandasti
1068 2147 1082 2198 ;
1117 2132 1202 2187 vel
1231 2133 1319 2188 illa
1348 2149 1468 2202 qua:
1498 2135 1551 2197 in
1584 2136 1756 2191 Evan-

140 2221 315 2292 geliis
344 2221 642 2292 protulisti.

551 2362 558 2367 ι
873 2311 1071 2372 Lauso.

224 2404 295 2463 In
323 2415 612 2479 internum,
649 2407 877 2473 Domine
906 2453 921 2479 ,
965 2410 1175 2467 verbum
1217 2421 1363 2466 tuum
1409 2425 1674 2489 permanet
1704 2416 1755 2470 in

145 2498 311 2561 emta,
341 2496 401 2556 in
428 2498 652 2559 homine
674 2502 766 2557 illo
793 2502 1003 2561 cmlesti
1029 2503 1145 2573 qui,
1176 2503 1367 2559 relicta
1389 2506 1621 2576 imagine
1644 2514 1755 2562 ter-

154 2607 320 2659 rena,
346 2593 518 2649 lactus
550 2602 637 2651 est
656 2596 878 2651 caelum.

225 2682 297 2743 In
325 2687 701 2757 generatione»:
745 2699 791 2741 et
836 2691 1215 2761 generationem
1265 2692 1451 2751 veritas
1491 2699 1597 2745 tua.
1642 2691 1752 2746 Una

148 2778 440 2851 generatio
469 2787 553 2835 est
577 2778 739 2849 Legis
771 2787 828 2834 et
868 2779 1253 2849 prolthetarum
1277 2800 1291 2834 :
1315 2781 1489 2837 altera
1511 2781 1757 2852 Evange-

147 2871 375 2933 liorum.
401 2871 462 2931 In
490 2872 576 2927 itis
605 2874 1054 2945 generationibus
1080 2875 1282 2933 veritas
1315 2885 1595 2946 permanet
1620 2877 1752 2932 Dei:

149 2964 284 3036 quia
316 2963 448 3023 nihil
483 2965 749 3029 mendacii
793 2966 1161 3036 protulerunt.
1191 2965 1241 3020 F
1246 2967 1457 3023 undasti
1478 2977 1688 3036 terram,
1706 2978 1756 3024 et

149 3067 443 3131 permanet.
494 3057 610 3115 Non
640 3058 788 3117 illam
822 3075 941 3128 quae
988 3074 1109 3117 cum
1166 3061 1307 3117 cmlo
1349 3061 1624 3137 praeterit;
1658 3061 1753 3116 sed

146 3150 306 3211 illam
331 3150 382 3213 in
405 3165 513 3225 qua
542 3151 773 3215 verbum
802 3151 900 3213 Dei
935 3153 1352 3222 multiplicatur.

224 3244 568 3311 Ordinatione
615 3255 705 3305 tua
744 3256 1033 3326 perseuerat
1079 3247 1189 3309 dies
1231 3264 1250 3315 ;
1290 3248 1537 3321 quoniam
1577 3251 1751 3304 omnia

152 3336 385 3395 serviunt
411 3339 526 3393 tibi.
557 3338 680 3409 Qui,
716 3338 922 3399 relictis
953 3340 1137 3395 mundi
1171 3340 1425 3407 tenebris,
1457 3342 1510 3395 iu
1545 3340 1751 3398 lumine

150 3428 253 3485 Dei
286 3428 459 3497 vivit;
492 3429 584 3493 ille
614 3431 667 3485 in
702 3430 896 3499 Deum,
917 3433 1005 3503 qui
1038 3432 1155 3488 dies
1175 3448 1338 3489 verus
1356 3442 1457 3499 est,
1492 3447 1748 3501 perseve-

151 3531 262 3583 rat.
298 3523 370 3580 Et
393 3523 574 3581 omnia
606 3539 726 3594 quae
769 3539 834 3581 ex
892 3523 1239 3581 ordinatione
1289 3526 1408 3599 ejus
1439 3524 1674 3595 perlicit,
1698 3525 1749 3582 ei

154 3614 381 3689 deputat
405 3615 777 3679 serviendum.

222 3705 347 3767 Nisi
368 3708 512 3779 quod
559 3707 644 3763 lex
671 3717 764 3765 tua
815 3710 1081 3771 meditatio
1128 3726 1242 3771 mea
1289 3719 1385 3774 est,
1443 3719 1564 3764 tunc
1614 3710 1744 3779 forte

144 3799 414 3871 periissem
438 3800 491 3853 in
518 3798 811 3855 humilitate
832 3817 963 3853 mea.
984 3801 1081 3855 Dat
1098 3801 1427 3870 exemplum,
1448 3810 1507 3856 ut
1526 3801 1743 3857 etiamsi

144 3892 204 3948 in
232 3891 465 3953 diversis
493 3893 970 3965 persecutionihus
1000 3880 1370 3963 ltumiliemur,
1417 3894 1590 3966 legem
1630 3908 1743 3950 me-

144 3984 403 4055 ditemur,
425 3999 495 4041 ne
523 3999 829 4055 pereamus.
1447 4056 1455 4063 ι

218 4074 284 4133 In
344 4086 595 4139 wternum
650 4093 756 4139 non
805 4076 1077 4139 obliviscar
1121 4077 1521 4153 justiﬁcationes
1582 4087 1740 4135 tuas:

141 4168 269 4241 quia
295 4167 347 4222 iu
388 4169 511 4240 ipsis
538 4167 803 4240 viuiﬁeasti
830 4184 929 4222 me.
955 4168 1315 4225 Transferens
1351 4185 1439 4225 me
1468 4179 1590 4239 post
1620 4184 1741 4226 cer-

145 4262 344 4325 tamina
374 4262 545 4325 multa
569 4262 622 4317 itt
652 4262 818 4325 vitam
842 4273 1127 4329 aeternam.

221 4332 359 4419 Titus
389 4373 503 4419 sum
553 4373 672 4429 ego,
718 4354 916 4417 salvum
951 4373 1029 4417 me
1072 4357 1176 4429 fac,
1221 4354 1463 4423 Domine,
1490 4358 1737 4431 quoniam

132 4449 533 4526 justiﬁcationes
560 4458 675 4503 tuas
706 4448 971 4523 exquisivi.
1000 4449 1113 4521 Ego
1145 4457 1270 4504 tuus
1302 4449 1553 4521 famulus,
1581 4458 1635 4507 et
1665 4460 1722 4507 tu

1782 1780 1830 1851 Β

1864 483 2128 557 procedat
2162 502 2260 557 per
2290 488 2663 569 Evangelium.

2554 578 2688 618 ΙΕΙ.

1934 648 2200 714 Quomodo
2229 651 2387 706 dilexi
2417 652 2580 725 legem
2606 664 2771 724 tuam,
2804 654 3063 714 Domine:
3093 670 3202 716 tota
3236 663 3321 719 die
3352 683 3458 720 me-

1860 739 2045 796 ditatio
2075 758 2189 797 mea
2215 754 2309 803 est.
2337 745 2393 799 In
2421 746 2522 800 hoc
2552 758 2778 817 apparet
2806 766 2926 805 οιιιιι
2960 750 3161 825 Legem
3193 756 3286 812 Dei
3334 758 3458 816 dili-

1857 845 2021 899 gere:
2050 833 2173 904 quia
2206 850 2366 892 omne
2407 847 2622 910 tempus
2661 843 2782 897 vitae
2818 857 2934 900 suae
2959 860 3079 901 eam
3107 854 3457 920 cognoscitur

1858 925 2131 980 meditari.
2166 927 2262 983 Die
2289 940 2471 985 autem
2506 932 2662 999 dixit,
2692 949 2792 1004 pro
2820 950 2889 991 eo
2914 938 3060 1008 quod
3100 956 3128 994 a
3159 942 3455 1013 splendore

1858 1016 2057 1071 divina:
2084 1018 2217 1074 lucis
2242 1022 2471 1078 eluceat.

1933 1109 2103 1181 Super
2129 1097 2364 1169 inimicos
2401 1132 2540 1170 meos
2574 1119 2878 1190 prudentem
2900 1138 2979 1177 me
3003 1124 3176 1196 fecisti
3210 1128 3455 1183 mandato

1860 1211 1969 1272 tuo,
2001 1205 2125 1276 quia
2160 1208 2213 1259 in
2244 1218 2490 1262 azternum
2519 1211 2647 1264 mihi
2667 1224 2761 1266 est.
2792 1213 3003 1271 inimici
3037 1220 3332 1291 prophetae,
3356 1223 3456 1278 Ju-

1859 1293 1960 1357 daei
1998 1308 2144 1367 sunt,
2186 1300 2279 1369 qui
2314 1301 2675 1370 spiritualiter
2712 1322 2820 1361 non
2862 1307 3195 1379 intelligunt.
3244 1314 3457 1383 Quibus

1859 1389 2270 1458 prudentiorem
2302 1396 2570 1467 propheta
2601 1413 2663 1451 se
2703 1397 2858 1469 dicit,
2883 1401 3007 1472 quia
3042 1404 3094 1457 in
3122 1403 3206 1460 his
3236 1409 3457 1463 manda-

1861 1483 1926 1535 tis
1957 1496 2078 1550 qua:
2108 1481 2163 1537 in
2214 1494 2478 1540 aeternum
2524 1489 2787 1555 servavit,
2834 1502 3119 1555 venturum
3164 1495 3456 1554 Dominum

1858 1571 2130 1641 praevidit.

1930 1664 2106 1734 Super
2126 1683 2302 1727 omnes
2332 1670 2577 1739 docentes
2599 1689 2677 1726 me
2702 1675 2957 1747 intellecti,
2996 1680 3119 1750 quia
3163 1682 3460 1738 testimonia

1859 1764 1947 1813 tua
1968 1756 2232 1813 meditatio
2258 1777 2370 1814 mea
2391 1771 2485 1816 est.
2520 1763 2796 1831 Docebant
2825 1775 2952 1824 tunc
2978 1770 3171 1827 scribae
3196 1783 3252 1829 et
3277 1774 3461 1844 phari-

1856 1852 1953 1913 sari
2004 1850 2271 1909 habentes
2299 1856 2545 1923 scientia:
2574 1857 2780 1914 clavem
2814 1878 2824 1912 :
2869 1862 2963 1916 sed
3014 1864 3117 1920 iste
3156 1882 3324 1937 super
3372 1867 3459 1925 his

1859 1942 2128 2015 intelligit,
2160 1944 2249 2014 qui
2288 1949 2605 2019 mysterium
2638 1964 3038 2023 unguentorum
3062 1996 3076 2020 ,
3109 1968 3162 2011 et
3189 1959 3457 2015 festivita-

1858 2045 2160 2106 mutatque
2193 2037 2715 2109 holucantomatum,
2750 2045 2801 2098 in
2829 2045 3137 2118 Evangeliis
3171 2051 3308 2106 vidit
3335 2068 3459 2109 esse

1857 2127 2258 2195 complendum.

1930 2219 2099 2291 Super
2136 2238 2280 2276 senes
2326 2223 2600 2279 intellexi:
2647 2229 2769 2298 quia
2814 2231 3060 2289 mandata
3095 2243 3183 2288 tua
3219 2238 3451 2305 qmsivi.

1855 2310 2031 2380 Super
2056 2313 2367 2373 sacerdotes
2409 2328 2463 2372 et
2492 2319 2765 2389 principes
2809 2331 3002 2378 cuncta
3038 2324 3170 2396 legis
3203 2310 3456 2385 mandata

1858 2406 2075 2481 requiro
2100 2425 2109 2458 :
2137 2410 2261 2476 quia
2288 2409 2345 2471 in
2373 2411 2878 2469 novo'l‘estantentn
2901 2415 3290 2488 agipranstolor
3311 2424 3457 2494 quod

1858 2511 2028 2553 cerno
2052 2500 2104 2551 in
2135 2501 2305 2554 veteri
2345 2502 2656 2573 ligutatum.

1930 2588 2004 2641 Ab
2028 2590 2166 2643 omni
2196 2589 2275 2643 uia
2305 2593 2442 2645 mala
2470 2593 2712 2662 prohibui
2731 2598 2887 2675 pedes
2912 2616 3072 2667 meos,
3095 2612 3147 2654 ut
3167 2605 3457 2661 custodiant

1858 2679 2009 2734 verba
2038 2691 2143 2735 tua.
2194 2686 2232 2735 A
2270 2684 2568 2753 prtccipitio
2596 2688 2737 2742 cmui
2782 2686 3077 2749 facinerosi
3111 2709 3199 2750 me
3239 2711 3460 2769 semper

1857 2772 2106 2842 inhibui,
2150 2784 2207 2829 ut
2253 2775 2468 2831 facilius
2503 2780 2728 2835 verbum
2764 2785 3141 2843 ntaudatorum
3171 2780 3456 2850 custodire

1857 2865 2116 2920 valerem.

1928 2959 1973 3013 Α
1992 2962 2207 3037 judiciis
2237 2964 2336 3017 tuis
2372 2981 2475 3019 non
2498 2967 2780 3037 declinavi,
2811 2973 2935 3045 quia
2960 2983 3015 3027 tu
3044 2976 3205 3048 legem
3232 2984 3457 3051 posuisti

1858 3052 2009 3113 mihi.
2050 3052 2245 3125 Legem
2273 3057 2649 3114 mandatorum
2680 3077 2709 3123 a
2755 3075 2805 3117 te
2834 3067 3049 3137 suscepi
3070 3108 3085 3135 ,
3135 3072 3281 3141 quod
3314 3075 3359 3128 si
3386 3076 3458 3132 ab

1774 3154 1824 3219 (ζ
1860 3144 1943 3199 his
1969 3145 2297 3207 declinarem
2336 3149 2583 3219 iudiciis:
2630 3154 2682 3208 in
2714 3163 2924 3213 :etcrno
2947 3158 3156 3229 judicio
3197 3165 3462 3223 condem-

1858 3253 2043 3303 narer.

1927 3329 2096 3395 Quam
2143 3331 2319 3387 dulcia
2343 3335 2575 3405 faucibus
2608 3340 2733 3393 meis
2764 3342 2967 3407 eloquia
2989 3351 3077 3398 tua
3096 3344 3116 3397 .’
3145 3362 3300 3416 super
3346 3352 3448 3404 mel

1851 3433 1900 3478 et
1929 3426 2104 3494 favum
2133 3426 2212 3479 ori
2244 3442 2373 3480 meo.
2408 3428 2662 3491 Transito
2694 3432 2879 3495 melle,
2923 3434 3012 3489 vel
3051 3436 3159 3491 alio
3204 3437 3324 3493 cibo
3356 3457 3451 3510 pa-

1851 3515 1960 3569 lato
1984 3558 2000 3584 ,
2050 3518 2254 3579 nullum
2287 3520 2425 3574 ultra
2457 3538 2707 3591 saporem
2744 3524 2936 3580 habet:
2965 3528 3061 3584 sed
3083 3529 3293 3600 eloquia
3333 3545 3447 3604 tua,

1851 3607 2099 3678 Domine,
2127 3612 2240 3665 sive
2264 3610 2315 3666 in
2342 3629 2436 3669 ore
2462 3656 2474 3679 ,
2518 3615 2635 3671 sive
2667 3617 2717 3670 in
2755 3619 3018 3687 taucihus,
3052 3626 3137 3678 vel
3165 3625 3214 3678 iu
3247 3642 3448 3684 arcano

1847 3701 2011 3756 abditi
2036 3704 2290 3773 pectoris,
2321 3720 2539 3779 semper
2565 3708 2740 3764 dulcia
2776 3724 2906 3768 sunt
2952 3716 3336 3777 meditantibus
3358 3739 3442 3777 ea.

1845 3792 1977 3853 Nam
2004 3795 2147 3852 sicut
2176 3798 2278 3852 mel
2310 3799 2528 3856 visibile
2578 3804 2997 3861 amaritudinem
3038 3822 3187 3865 areet
3231 3821 3448 3868 nostra-

1844 3899 1962 3938 rum
2002 3884 2235 3940 t’aucium
2278 3906 2288 3939 :
2332 3888 2405 3943 ita
2448 3890 2683 3961 eloquiis
2715 3893 3012 3951 Dominicis
3046 3901 3442 3960 amaritudincs

1844 3985 2155 4035 nostrorum
2181 3978 2465 4037 criminum
2496 3982 2826 4052 mitigantur.
3180 4052 3189 4058 _

1914 4066 1956 4121 Α
1996 4069 2249 4124 mandatis
2288 4071 2389 4125 tuis
2430 4072 2695 4140 intellexi,
2740 4088 3009 4148 propterea
3055 4082 3195 4136 adici
3240 4101 3441 4143 omnem

1842 4158 1973 4213 riam
2003 4160 2310 4229 iniquitatis.
2359 4162 2739 4234 Supratlictam
2776 4171 3152 4229 mandatorum
3185 4177 3437 4234 dulcedi-

1839 4267 1962 4313 nem
1997 4252 2269 4324 hauriens,
2301 4256 2494 4327 iniqua!
2524 4259 2902 4319 amaritudinis
2934 4264 3075 4320 viam
3100 4268 3264 4325 odivi.

2579 4369 2709 4411 NUN.

1912 4438 2149 4496 Lucerna
2178 4443 2388 4510 pedibus
2421 4444 2545 4499 meis
2571 4447 2780 4502 verbum
2808 4459 2954 4505 tuum
2977 4495 2992 4518 ,
3026 4452 3269 4514 Domine.
3301 4459 3356 4516 Si
3386 4463 3437 4519 iu

144 4544 290 4605 Deus
312 4556 482 4597 meus.
506 4541 552 4599 Α
588 4552 638 4598 te
676 4556 838 4610 posco
867 4541 1086 4607 salvari,
1118 4541 1240 4610 quia
1279 4552 1470 4596 venter
1514 4558 1620 4599 non
1653 4549 1741 4597 est
1766 4538 1818 4599 1)
1846 4529 2008 4601 hujus
2036 4533 2220 4588 saeculi
2268 4536 2520 4590 noctibus
2557 4536 2610 4592 in
2645 4540 2801 4595 nobis
2833 4544 2977 4598 verbi
3012 4543 3106 4601 Dei
3142 4548 3321 4605 luceat
3351 4554 3441 4607 lu-

142 4633 277 4691 mihi
300 4633 464 4700 Deus,
496 4648 598 4699 nec
625 4648 744 4695 sum
780 4634 922 4687 inani
950 4633 1135 4709 gloria:
1166 4630 1383 4688 deditus
1409 4673 1424 4698 ,
1471 4632 1567 4687 sed
1603 4631 1730 4703 jus-

146 4725 529 4791 tiﬁcationibtts
562 4725 686 4781 luis.

223 4816 305 4872 Me
339 4824 755 4888 exspectaverunt
786 4824 1103 4895 peceatores,
1141 4822 1196 4870 ut
1237 4816 1507 4886 perderent
1528 4831 1628 4883 me,
1662 4825 1735 4872 tc-

144 4909 382 4966 stimonia
408 4918 499 4963 tua
521 4909 767 4963 intellexi.
818 4908 1004 4980 Longo
1038 4923 1123 4963 me
1160 4909 1456 4964 certamine
1486 4908 1734 4965 adversae

146 5012 438 5081 poteStates
467 5004 810 5075 impugnaut,
838 5001 933 5059 sed
964 5017 1063 5074 ego
1089 5002 1391 5075 intelligens
1428 5002 1734 5061 testimonia

150 5104 262 5162 tua,
284 5096 701 5152 consolationem
734 5093 917 5164 recepi
941 5110 1009 5148 ex
1043 5095 1143 5149 eis.

226 5186 395 5241 Omnis
414 5186 864 5247 consummationis
881 5186 985 5239 vidi
1007 5186 1186 5259 ﬁnem.
1217 5183 1494 5240 Christum
1522 5186 1729 5257 utique,

148 5279 241 5354 qui
270 5280 388 5338 ﬂuis
418 5291 503 5336 est
550 5279 733 5351 Legis,
778 5288 832 5334 et
876 5278 1266 5351 prephetarum
1313 5279 1727 5333 consummatio.

150 5372 403 5442 Propheta
422 5371 667 5445 praevidit
690 5373 739 5435 in
772 5370 961 5451 spiritu
982 5385 1391 5426 consummasse
1411 5385 1531 5425 eum
1554 5368 1735 5427 omnia

151 5480 268 5537 quae
294 5466 488 5537 scripta
514 5473 642 5525 sunt
661 5464 729 5520 de
757 5479 824 5520 eo
852 5465 906 5519 in
929 5463 1090 5534 Lege.
1107 5472 1166 5519 et
1183 5461 1491 5533 prophetis,
1523 5469 1578 5517 et
1599 5461 1741 5539 psal-

166 5559 281 5613 mis.
309 5556 585 5628 Siquidem
616 5559 734 5629 ipse
765 5558 815 5611 in
864 5556 1117 5626 passione
1145 5555 1219 5608 ait
1245 5572 1256 5608 :
1301 5556 1739 5609 Consummatmn

156 5647 443 5724 est‘anu.
472 5648 814 5721 six).Latum
840 5647 1144 5711 mandatum
1168 5658 1311 5701 tuum
1341 5646 1514 5701 nimis.
1532 5645 1737 5716 Spatio-

160 5758 275 5801 sum
302 5742 446 5802 enim
477 5742 724 5812 praevidit
766 5750 981 5812 tempus
1010 5739 1140 5794 illud
1175 5739 1248 5795 ab
1274 5755 1340 5797 eo
1367 5754 1475 5811 quo
1504 5754 1563 5795 se
1594 5756 1747 5793 utan-

1843 4640 1999 4683 men.
2036 4640 2144 4681 non
2177 4627 2423 4687 incidunt
2453 4630 2621 4700 pedes
2669 4635 2843 4689 nostri
2884 4637 2935 4691 in
2979 4638 3202 4709 laqueos
3226 4643 3438 4702 mnium

1842 4730 1905 4771 ac
1933 4718 2232 4788 praecipitia
2256 4719 2535 4777 fovearqu
2557 4764 2571 4786 ,
2603 4741 2723 4794 qua:
2754 4741 2945 4781 manus
2976 4732 3107 4785 artis
3143 4730 3437 4791 diabolica:

1842 4810 1895 4864 in
1944 4811 2143 4866 nostris
2174 4812 2516 4873 ol’l'endiculis
2544 4828 2877 4887 prmparattt.
2910 4817 2980 4873 Et
3020 4821 3193 4879 lumen
3237 4831 3435 4885 semitis

1843 4903 1987 4957 meis.
2021 4901 2092 4958 Ut
2119 4902 2223 4958 hoc
2268 4905 2471 4961 lumine
2511 4921 2808 4976 praeeunte,
2839 4912 2968 4965 dum
2998 4914 3124 4968 vitm
3152 4915 3306 4973 iStius
3347 4937 3435 4974 sc-

1845 4995 2004 5049 mitas
2050 4993 2327 5064 gradimur
2354 5014 2368 5050 :
2412 4996 2463 5051 in
2511 5014 2629 5053 eam
2655 5015 2778 5070 qum
2809 5002 2896 5056 via
2927 5018 3056 5058 vera
3089 5016 3192 5073 est,
3225 5011 3431 5078 perdn~

1837 5102 2043 5144 catnur.

1909 5178 2099 5234 Juravi
2125 5191 2169 5236 et
2208 5184 2366 5237 statui
2392 5184 2649 5238 custodire
2668 5186 2873 5257 judicia
2895 5189 3120 5259 iustitia
3149 5200 3272 5251 tute.
3305 5196 3426 5253 Pri-

1844 5290 1988 5329 mum
2029 5276 2251 5345 iuravit,
2302 5289 2354 5331 ut
2400 5280 2468 5333 ah
2505 5278 2605 5334 hac
2635 5284 2874 5337 custodia
2918 5300 3025 5341 non
3071 5287 3423 5350 dissolvatur.

1847 5368 2051 5425 Deinde
2103 5371 2329 5439 statuit,
2386 5384 2445 5428 ut
2502 5389 2624 5442 quae
2655 5373 2934 5445 iuraverat
2984 5377 3185 5445 ﬁrmet,
3257 5388 3437 5443 sciens

1846 5460 1976 5515 niltil
2005 5462 2056 5514 iu
2086 5460 2178 5516 Dei
2203 5462 2425 5530 jndiciis
2450 5467 2551 5519 nisi
2579 5466 2966 5536 pcrjuStitiam
3000 5473 3294 5543 propalari.

1919 5551 2240 5607 Humillatus
2265 5569 2381 5607 sum
2430 5572 2811 5626 usquequaque,
2846 5557 3100 5617 Domine:
3130 5565 3331 5635 rivi/ica
3358 5587 3438 5624 me

1848 5647 2129 5702 secundum
2164 5648 2369 5702 verbum
2425 5660 2586 5704 tuum.
2638 5653 2837 5707 Didicit
2882 5655 3238 5714 humilitatem
3280 5679 3440 5728 quam

1851 5741 2099 5797 Christus
2149 5741 2374 5796 docuit:
2419 5743 2510 5812 qui
2557 5746 2702 5799 mitis
2754 5756 2859 5813 est,
2898 5758 2951 5803 et
2994 5750 3211 5806 humilis
3259 5757 3448 5813 corde.
