3992 6308
567 260 710 328 1199

1314 212 1321 219 ’
1370 257 1719 323 APPENDlX
1758 255 1851 319 an
1885 242 2133 322 renuat
2171 254 2525 321 serrmun
2564 262 2622 321 s.
2663 256 3067 322 HIERONYMI.

561 379 692 436 Ideo
718 391 861 435 nunc
904 377 1250 448 deprecatur,
1291 382 1349 428 ut
1372 373 1515 430 sicut
1537 374 1633 429 ille
1655 381 1775 445 post
1801 373 2162 429 humilitatem
2192 379 2243 439 Α
2269 392 2396 447 gere
2425 379 2476 431 in
2510 377 2671 433 alium
2697 377 2893 440 locum,
2929 386 2988 430 ut
3034 371 3268 445 perfecte
3309 385 3431 429 eam
3467 382 3637 443 agere
3662 370 3866 426 valeas.

565 471 758 525 fet-nne
790 470 1009 525 servilis
1040 469 1310 524 exaltatns
1349 479 1433 524 est
1476 470 1531 526 in
1575 470 1803 541 gloriam
1837 469 1928 524 Dei
1964 467 2161 534 Patris,

558 563 638 618 ita
661 575 716 618 et
748 564 851 618 iste
882 563 950 617 ab
981 561 1080 616 hac
1111 561 1422 617 humilitate
1442 577 1703 632 corporea
1729 562 1964 617 invitam
1990 568 2164 615 trans-

558 652 768 709 feratur
797 662 1085 709 aeternam.

642 748 949 802 Voluntaria
998 750 1107 804 oris
1131 750 1229 803 mei
1267 749 1591 818 beneplacitu
1619 749 1725 819 fac,
1754 747 1993 802 Domine.
2043 745 2162 800 Vox

562 841 846 897 Ecclesim.
878 840 957 897 Ac
1010 841 1057 896 si
1101 842 1286 898 dicat:
1322 842 1458 898 Vota
1508 858 1626 897 mea
1675 854 1797 912 qua:
1842 840 1941 895 tibi
1971 838 2159 907 offero,

553 935 899 1006 ltcueplacita
927 937 1022 993 tibi
1054 938 1196 1002 sint,
1233 937 1282 992 id
1333 946 1448 1005 est,
1486 936 1844 1008 acceptabilia
1886 945 1941 991 et
1975 934 2159 990 delec-

555 1028 767 1084 tabilia.
792 1028 861 1083 Et
871 1030 1083 1102 judicia
1106 1037 1195 1083 tua
1219 1030 1349 1087 doce
1370 1046 1471 1086 me.
1496 1030 1611 1086 Hoc
1638 1043 1743 1096 eSt,
1770 1037 1860 1086 tua
1883 1029 2158 1099 mandata,

559 1130 622 1176 ut
650 1120 946 1191 intelligam
974 1128 1031 1176 et
1051 1120 1330 1191 impleam.

629 1210 818 1265 Anima
846 1225 961 1265 mea
986 1212 1042 1264 in
1069 1210 1304 1265 manibus
1325 1210 1448 1264 tuis.
1475 1210 1589 1265 Hoc
1605 1219 1707 1279 est,
1736 1209 1991 1265 sensibus
2019 1206 2156 1264 tuis‘:

516 1348 521 1349 ν
554 1307 679 1378 quia
716 1314 937 1377 paratus
965 1320 1087 1359 sum
1138 1313 1197 1358 ut
1246 1319 1463 1374 operer.
1514 1305 1577 1357 Et
1604 1304 1659 1358 in
1683 1303 1796 1357 alio
1827 1305 1950 1359 loco
1980 1302 2114 1357 dicit
2144 1318 2156 1353 :

554 1397 745 1453 Anima
779 1412 893 1450 utea
919 1396 973 1449 in
1009 1394 1247 1449 manibus
1281 1394 1428 1448 meis.
1475 1394 1761 1463 Quomodo
1791 1393 1929 1449 dicit
1956 1395 2010 1447 in
2040 1407 2171 1447 mam

551 1490 717 1547 nibus
749 1488 927 1544 meis?
955 1487 1036 1541 Eo
1066 1487 1209 1558 quod
1245 1494 1466 1557 paratus
1496 1503 1617 1542 sum
1646 1486 1965 1558 martyrium
1994 1483 2160 1539 susti-

556 1600 694 1643 ncre
720 1591 944 1655 propter
969 1582 1267 1637 Christum.

634 1676 926 1732 Posuerunt
973 1685 1264 1744 peccatores
1292 1670 1504 1744 laqueos
1550 1658 1701 1754 mihi.
1734 1673 1872 1730 Vide
1898 1671 2043 1743 quod
2074 1671 2155 1726 la-

2268 466 2539 522 Declinate
2566 487 2598 523 a
2628 486 2727 535 tne,
2759 469 2978 540 maligni
3005 483 3021 520 :
3071 466 3124 521 hi
3169 475 3296 520 sunt
3322 466 3629 531 daemones,
3665 465 3797 518 vitia
3825 474 3871 516 et

2266 573 2522 632 peccata:
2557 565 2639 619 vel
2670 561 2998 619 adversariae
3057 568 3371 631 potestates.
3397 560 3535 627 Quia
3587 559 3724 613 dum
3778 558 3872 627 ipsi

2266 654 2562 711 tendiculas
2606 655 2700 710 tibi
2754 663 3110 725 praeparant,
3154 662 3209 708 et
3251 652 3635 723 suggestiones
3692 649 3871 721 pessi-

2266 759 2383 800 mas
2409 763 2422 800 :
2472 761 2575 800 non
2609 754 2766 816 potes
2798 745 3029 800 scrutari
3060 743 3314 798 mandata
3343 741 3464 807 Dei,
3498 752 3560 797 ut
3602 740 3697 795 illa
3728 741 3868 796 bene

2266 837 2555 908 intelligas.
2607 838 2715 893 Sed
2764 839 2809 893 si
2851 835 3093 892 volneris
3125 835 3499 906 paenitentiam
3532 848 3746 905 agere:
3781 849 3869 890 se-
3960 826 3961 835 “

2265 944 2491 1001 gregare
2520 938 2571 984 te
2601 928 2768 985 debes
2798 930 2866 984 ab
2892 929 3103 983 illorum
3126 929 3424 983 consortio.

2337 1021 2561 1092 Suscipe
2587 1038 2665 1075 me
2696 1020 2979 1075 secundum
3002 1020 3261 1092 eloquium
3286 1028 3450 1073 tuum.
3498 1017 3671 1073 David
3702 1016 3865 1073 dicit:

2263 1112 2492 1183 Suscipe
2523 1129 2610 1168 me
2636 1129 2664 1166 a
2697 1127 2861 1167 carne
2905 1113 3205 1168 secundum
3250 1111 3393 1182 quod
3426 1111 3761 1181 promisisti,
3810 1120 3865 1164 ut

2261 1207 2332 1264 de
2359 1223 2476 1263 mea
2508 1222 2675 1263 carne
2704 1222 2922 1263 carnem
2953 1206 3230 1277 acciperes
3257 1215 3313 1260 et
3339 1220 3427 1261 me
3446 1204 3774 1261 redimeres.
3800 1203 3864 1257 Et

2263 1301 2444 1355 vivam.
2467 1299 2577 1355 lloc
2595 1311 2680 1355 est
2711 1298 2765 1354 in
2794 1299 2971 1353 anima
2999 1300 3045 1353 si
3077 1312 3165 1354 me
3184 1296 3587 1361 redemeris,'et
3610 1296 3785 1360 ltic,et
3807 1297 3859 1350 in
3900 1370 3904 1375 ’

2261 1395 2523 1449 futurum.
2550 1392 2619 1448 Et
2667 1410 2731 1448 ne
2779 1392 3067 1463 confundas
3097 1408 3176 1446 me
3198 1391 3260 1446 ab
3300 1392 3687 1463 exspectatione
3727 1408 3857 1445 utea.

2262 1485 2338 1540 De
2361 1485 2462 1540 hoc
2484 1483 2628 1555 quod
2649 1485 2960 1554 exspectavi
2987 1499 3105 1539 eam
3135 1482 3516 1549 salvationem,
3542 1498 3670 1538 cum
3696 1498 3860 1538 vene-

2260 1578 2339 1635 ris
2367 1594 2475 1633 non
2507 1577 2839 1643 confundor,
2874 1586 2932 1632 ut
2959 1592 3065 1633 non
3098 1575 3326 1633 habeam
3356 1574 3738 1632 confusionem
3768 1591 3859 1631 ne-

2260 1685 2366 1742 que
2397 1670 2484 1725 hic
2503 1712 2519 1738 ,
2549 1684 2724 1741 neque
2753 1670 2807 1725 in
2836 1669 3095 1724 futurum.

549 1785 727 1843 quens
759 1784 922 1825 secus
960 1767 1103 1823 viam
1156 1767 1401 1838 ponitur,
1435 1776 1491 1823 et
1521 1768 1570 1822 si
1602 1780 1854 1837 egressus
1890 1763 2060 1819 fueris
2087 1762 2155 1818 de
2188 1769 2235 1831 Β
2334 1762 2544 1836 Adjuva
2596 1780 2695 1818 me.
2745 1763 3021 1817 Auxilium
3075 1772 3255 1831 rogat.
3305 1761 3376 1816 Et
3418 1763 3593 1818 salvus
3640 1780 3750 1818 ero.
3802 1763 3855 1819 In

550 1863 665 1930 via,
694 1861 860 1918 cades
906 1859 961 1916 in
995 1860 1272 1931 laqueum.
1316 1858 1457 1926 Quid
1487 1868 1614 1913 sunt
1658 1857 1747 1913 ἱειί
1780 1855 1996 1928 laquei,
2049 1854 2154 1910 nisi

548 1955 846 2013 tendicula:
884 1953 1118 2020 diaboli,
1152 1954 1238 2008 vel
1270 1952 1648 2022 suggestiones
1684 1948 1976 2006 daemonis?
2014 1947 2155 2002 Vitia

550 2051 717 2108 etiam
741 2058 794 2105 et
820 2054 1039 2118 peccata
1067 2053 1298 2115 possunt
1318 2042 1570 2113 intelligi.
1602 2041 1669 2095 Et
1695 2042 1746 2094 in
1770 2039 2029 2094 mandatis
2054 2038 2153 2092 tuis

550 2160 655 2198 non
688 2140 874 2196 erravi.
905 2137 1021 2192 Vox
1052 2135 1333 2191 Ecclesiae.
1368 2132 1488 2188 Non
1517 2134 1693 2188 erravi
1726 2146 1756 2185 a
1792 2131 1900 2186 tuis
1931 2129 2154 2184 manda-

551 2235 649 2299 tis,
680 2232 776 2287 sed
802 2228 1078 2286 custodivi
1107 2227 1160 2281 in
1201 2225 1541 2297 Operatione.

628 2322 950 2379 ereditute
975 2318 1218 2390 acquisiui
1241 2317 1535 2372 testimonia
1561 2324 1671 2369 tua.
1703 2315 1817 2370 Tua
1843 2312 2150 2370 testimonia

553 2425 611 2475 et
636 2426 724 2472 tua
757 2422 1026 2485 praicepta
1044 2452 1059 2478 ,
1088 2410 1193 2464 hoc
1214 2418 1298 2464 est
1322 2424 1443 2464 mea
1466 2407 1758 2462 haereditas
1780 2407 1837 2461 in
1861 2414 2150 2472 aeternum,

547 2521 607 2579 et
636 2511 748 2579 hic,
770 2507 900 2564 etin
931 2505 1194 2560 futurum.
1223 2503 1361 2571 Quia
1383 2501 1664 2556 exsultatio
1686 2500 1859 2556 cordis
1890 2500 1990 2554 mei
2009 2507 2147 2554 sunt.

544 2603 661 2661 Tua
692 2598 1022 2665 testimonia,
1062 2595 1167 2653 hoc
1195 2601 1303 2662 est,
1332 2592 1641 2648 exsultatio:
1671 2593 1796 2664 quia
1827 2592 2069 2648 Ecclesia
2097 2592 2150 2646 in

543 2693 819 2756 mandatis
846 2692 942 2747 Dei
975 2690 1274 2746 delectatur
1293 2698 1349 2743 et
1376 2687 1638 2742 exsultat.

637 2787 901 2845 Inclinuvi
928 2802 1017 2840 cor
1044 2798 1235 2837 meum.
1269 2780 1388 2836 Non
1421 2778 1496 2835 fui
1524 2778 1816 2848 superbus,
1842 2776 1936 2834 sed
1964 2777 2151 2833 humi-

542 2884 638 2946 lis,
666 2891 718 2938 et
747 2879 872 2935 ideo
897 2875 1145 2931 inclinavi
1186 2890 1273 2927 cor
1314 2889 1502 2939 meum,
1539 2882 1598 2927 ut
1636 2881 1688 2926 te
1737 2871 2103 2944 inlelligerem
2133 2888 2148 2925 :

549 2975 678 3047 quia
710 2970 929 3042 superbi
958 2986 1065 3025 non
1099 2966 1371 3022 inclinant
1396 2980 1493 3020 cor
1526 2964 1594 3019 ad
1636 2962 2018 3033 humilitatem.
2070 2962 2151 3017 Ad

545 3070 675 3141 quid
700 3063 958 3124 inclinavi
981 3078 1076 3119 cor
1097 3059 1314 3117 meum?
1340 3057 1469 3114 dicit
1499 3057 1762 3112 Ecclesia.
1781 3056 1863 3110 Ad
1886 3056 2151 3127 faciendas

2259 1856 2464 1921 anima,
2519 1856 2565 1910 si
2610 1854 2826 1910 veneris
2876 1863 2934 1909 ut
2974 1869 3061 1911 me
3090 1854 3337 1926 adjuves.
3369 1854 3436 1909 Et
3483 1855 3779 1911 meditabor
3806 1857 3855 1910 ia

2251 1947 2715 2020 justi/icationibus
2744 1949 2867 2003 tuis.
2893 1947 2946 2003 ld
2968 1956 3070 2015 est,
3091 1949 3147 2004 in
3175 1949 3281 2004 tuis
3301 1949 3595 2005 mandatis.
3615 1950 3850 2021 Semper.

2258 2042 2390 2098 Sine
2420 2042 2546 2098 line.

2331 2135 2581 2206 Sprevisti
2625 2153 2801 2192 omnes
2842 2138 3183 2195 discedentes.
3215 2137 3273 2194 ld
3317 2148 3425 2200 est.
3456 2137 3781 2209 despexisti.
3813 2138 3850 2192 Α

2248 2227 2469 2299 justitiis
2489 2231 2610 2284 tuis.
2641 2231 2867 2297 Quare?
2895 2229 3031 2297 Quia
3057 2234 3252 2303 injusta
3277 2241 3352 2287 est
3381 2232 3630 2305 cogitatio
3654 2247 3848 2287 eorum.

2256 2319 2387 2377 Ideo
2417 2322 2666 2391 sprevisti
2699 2340 2713 2376 :
2761 2323 2885 2395 quia
2927 2324 3217 2380 discedunt
3260 2339 3289 2377 a
3333 2324 3438 2380 tuis
3467 2323 3767 2389 mandatis,
3797 2332 3851 2379 et

2259 2417 2518 2487 cogitatio
2548 2431 2736 2474 eorum
2794 2418 2995 2488 injusta
3034 2428 3155 2474 est:
3193 2419 3599 2485 inereticorum,
3630 2417 3846 2475 Judae-

2257 2525 2374 2565 rum
2421 2509 2504 2565 vel
2534 2511 2776 2565 omnium
2802 2512 3067 2567 malorum
3086 2551 3102 2579 ,
3130 2521 3185 2568 et
3210 2523 3402 2567 contra
3428 2510 3711 2568 Christum
3734 2554 3751 2581 ,
3794 2521 3848 2567 et

2261 2610 2449 2657 contra
2478 2600 2799 2657 Ecclesiam.
2852 2640 2861 2645 ρ

2356 2694 2770 2751 Prxvaricantes
2816 2697 3050 2770 reputari
3098 2713 3272 2753 omnes
3319 2706 3614 2770 peccatores
3675 2707 3844 2754 teme.

2254 2784 2501 2856 Optanda
2550 2788 2683 2843 dicit
2738 2789 2995 2861 propheta
3030 2790 3080 2845 in
3107 2806 3340 2863 persona
3392 2792 3691 2848 Ecclesiae:
3722 2794 3845 2864 quia

2253 2889 2379 2936 ante
2403 2891 2697 2937 adventum
2720 2883 2919 2938 Christi
2944 2886 3392 2955 prmvaricatores
3404 2897 3560 2942 erant
3586 2903 3600 2940 :
3632 2887 3724 2959 qni
3746 2889 3847 2943 sub

2261 2974 2447 3032 debito
2496 2978 2822 3039 tenebantur
2865 2987 3091 3050 propter
3130 2980 3637 3050 przrvaricationcm
3687 2982 3842 3051 primi

2254 3066 2492 3122 lt0miuis
2535 3068 2686 3135 Adre,
2719 3077 2776 3124 et
2798 3083 2989 3125 omnes
3015 3069 3081 3124 ad
3108 3070 3380 3126 infernum
3401 3072 3841 3129 descendebant:

539 3161 944 3238 iustiﬁcationes
969 3167 1105 3212 tuas.
1129 3155 1244 3210 lloc
1274 3162 1357 3208 est
1387 3150 1639 3206 mandata
1666 3160 1778 3205 tua.
1808 3148 1877 3205 In
1900 3159 2152 3205 retentum
2180 3154 2226 3221 ο
2256 3159 2420 3216 etiam
2481 3159 2586 3229 ipsi
2644 3160 2879 3217 infames
2931 3162 2998 3217 ad
3056 3165 3335 3219 ιηῑει-ιιιιιη
3389 3163 3794 3221 descendebant
3830 3183 3841 3217 ε

547 3265 759 3332 prapter
787 3251 1197 3309 retributionem.
1233 3246 1369 3303 Vitae
1397 3252 1640 3311 mternaa,
1671 3255 1728 3300 ut
1759 3244 1904 3301 illam
1935 3259 2148 3301 merear

544 3348 856 3421 percipere.

1233 3424 1464 3467 SAIECH.

626 3534 843 3604 Iniquus
861 3529 982 3584 odio
1003 3525 1233 3595 habui,et
1252 3524 1411 3597 legem
1439 3533 1578 3578 tuam
1592 3523 1770 3579 dilexi.
1787 3523 1901 3579 Vox
1918 3522 2146 3594 prophe-

557 3638 630 3684 ta:
657 3628 708 3681 in
740 3635 969 3695 persona
1000 3617 1277 3673 Ecclesiae.
1299 3615 1586 3682 Quomodo
1616 3614 1768 3695 dicit,
1803 3616 2007 3686 iniquos
2029 3616 2148 3670 odio

546 3722 751 3778 habui:
785 3719 917 3776 dum
972 3706 1232 3771 Dominus
1272 3713 1442 3769 dicit:
1493 3712 1709 3783 Diligite
1749 3710 2001 3767 inimicos
2047 3727 2147 3766 ve-

554 3825 721 3882 stros,
756 3809 1063 3869 benefacite
1092 3808 1177 3864 his
1216 3806 1306 3878 qui
1336 3820 1437 3861 vos
1484 3804 1719 3861 oderunt
1749 3802 1901 3876 (Luc.
1926 3804 2032 3874 vi)?
2076 3802 2145 3859 Et

550 3906 683 3961 alibi
718 3924 730 3958 :
772 3910 937 3960 Orate
977 3920 1073 3974 pro
1114 3897 1571 3972 persequentibus
1605 3906 1662 3952 et
1688 3895 2146 3951 calumniantibus

548 4000 706 4055 vobis
731 3996 946 4069 (Matth.
980 3998 1058 4066 v).
1094 3996 1160 4050 Et
1191 3993 1279 4048 hic
1308 3990 1581 4061 quomodo
1609 3989 1762 4058 dicit,
1790 3989 1925 4044 0dio
1951 3988 2149 4044 habui?

549 4091 662 4148 Sed
702 4087 999 4143 secundum
1052 4086 1225 4154 legem
1276 4083 1472 4138 veteris
1501 4082 1833 4137 Testatnenti
1866 4088 2042 4151 potest
2087 4096 2147 4137 se

550 4180 868 4247 defendere,
909 4176 1050 4233 sicut
1083 4176 1285 4230 dictum
1336 4181 1449 4228 est:
1483 4172 1682 4240 Diliges
1713 4171 1945 4226 amicum
1973 4180 2143 4237 tuum,

552 4291 609 4333 et
643 4276 769 4331 odio
812 4270 1040 4328 habebis
1087 4267 1363 4325 inimicum
1415 4277 1560 4320 tuum
1610 4265 1800 4336 (Leuit.
1861 4264 1993 4335 ιιι).
2037 4263 2144 4321 Sed

551 4372 716 4429 modo
737 4364 1142 4436 intelligendum
1168 4369 1280 4417 est:
1299 4360 1432 4415 Odia
1453 4359 1642 4412 habui:
1668 4358 1792 4413 vitia
1822 4364 1878 4413 et
1903 4365 2141 4428 peccata.

549 4465 621 4523 Et
667 4461 875 4518 dilexi:
931 4458 1036 4513 hoc
1083 4463 1166 4512 est
1212 4452 1357 4509 illam
1403 4459 1674 4517 naturam,
1713 4452 1837 4522 quia
1867 4466 1976 4505 non
2020 4449 2145 4505 licet

2250 3253 2373 3324 quia
2419 3264 2640 3323 propter
2682 3253 2811 3308 illud
2842 3253 3085 3310 debitum
3137 3255 3586 3326 praevaricatores
3625 3266 3845 3326 reputa-

2249 3345 2483 3401 bantur:
2510 3346 2615 3402 nisi
2640 3363 2735 3418 per
2754 3347 3076 3418 baptismum
3101 3349 3270 3405 abluti
3297 3350 3547 3407 fuissent.
3566 3350 3630 3406 Et
3654 3350 3837 3419 modo,

2248 3439 2342 3510 qui
2358 3455 2463 3495 non
2493 3450 2617 3496 sunt
2643 3441 2996 3513 baptizati,ad
3018 3443 3289 3500 infernum
3317 3445 3671 3501 descendunt.
3689 3443 3839 3499 Prte-

2250 3536 2539 3589 earicantes
2591 3537 2844 3608 reputavi.
2900 3537 3033 3605 Quia
3085 3553 3193 3593 non
3243 3555 3441 3596 omnes
3488 3549 3834 3610 peccatores,

2250 3639 2427 3694 pracva
2438 3626 2543 3682 rica
2554 3636 2697 3682 tores
2725 3646 2737 3680 :
2765 3629 2885 3694 sed,
2910 3646 3084 3684 omnes
3110 3634 3556 3703 praevaricatores,
3587 3642 3835 3704 peccato-

2248 3731 2358 3772 res.
2379 3714 2508 3772 ldeo
2531 3717 2691 3774 dilexi
2710 3721 3001 3775 testimonia
3031 3730 3139 3777 tua.
3167 3722 3246 3780 Ne
3272 3723 3326 3779 in
3356 3724 3438 3781 his
3460 3725 3839 3797 prmvaricator

2252 3823 2563 3879 appaream.

2321 3899 2535 3973 Conﬁge
2563 3903 2744 3958 timore
2770 3912 2860 3958 tuo
2880 3919 3058 3962 carnes
3079 3922 3215 3962 meas
3238 3921 3258 3961 .'
3280 3924 3314 3961 a
3333 3907 3559 3981 judiciis
3584 3912 3718 3966 enim
3740 3911 3836 3965 tuis

2250 3992 2423 4047 timui.
2460 3993 2643 4050 Metuo
2670 3994 2910 4051 futurum
2933 3998 3197 4069 judicium
3221 4018 3232 4053 :
3256 3999 3384 4056 ideo
3403 4002 3553 4058 cruci
3580 4012 3686 4059 tute
3712 4018 3835 4059 con-

2249 4086 2417 4158 ligens
2448 4102 2641 4144 omnes
2669 4093 3142 4162 concupiscentias
3171 4096 3374 4164 carnis,
3405 4098 3503 4153 tibi
3526 4099 3830 4166 convivere,

2250 4180 2345 4235 tibi
2368 4183 2756 4248 commori,tihi
2790 4186 3118 4257 consepeliti
3163 4198 3381 4259 paratus
3412 4205 3554 4260 sum,
3587 4200 3643 4248 ut
3668 4192 3724 4248 in
3749 4194 3831 4249 fu-

2250 4282 2374 4331 turo
2419 4275 2515 4330 tibi
2551 4291 2883 4349 consurgere
2912 4295 3146 4336 merear.
3178 4281 3285 4337 Sed
3331 4291 3388 4338 et
3431 4300 3554 4354 nos,
3588 4286 3828 4352 Domine,

2247 4366 2629 4440 deprecamur,
2663 4380 2719 4424 ut
2744 4371 2799 4425 in
2828 4371 3027 4428 timore
3071 4383 3162 4429 tuo
3188 4377 3413 4439 confixi,
3446 4378 3667 4435 lucerna
3701 4380 3833 4436 sacri

2249 4458 2468 4515 luminis
2498 4473 2798 4532 praeeunte,
2824 4480 2856 4519 a
2888 4467 3090 4534 peccati
3124 4466 3340 4523 funibus
3379 4469 3642 4539 absoluti,
3668 4483 3724 4529 et
3748 4481 3833 4528 tua

551 4558 736 4616 Odisse
782 4559 1082 4608 “matulam
1113 4546 1208 4603 υθί
1235 4586 1248 4610 ι
1303 4544 1399 4602 θεά
1458 4554 1758 4615 Ρθοοδωηι·
1810 4542 1966 4601 Sicut
2016 4543 2145 4600 alibi
2171 4529 2224 4591 Ῑ)
2252 4551 2430 4622 portio
2459 4552 2585 4610 facti
2610 4571 2625 4610 :
2649 4555 2794 4611 illam
2825 4558 2966 4612 viam
2991 4558 3242 4616 incedere
3266 4562 3564 4630 valeamus,
3590 4529 3710 4636 qua:
3740 4579 3834 4621 nos

555 4653 689 4709 dicit
712 4666 728 4708 :
752 4647 999 4704 Perfecto
1029 4642 1157 4699 odio
1192 4640 1417 4697 oderam
1468 4638 1595 4694 illos
1626 4637 1797 4711 (Prol.
1842 4637 2049 4711 cxvnt).
2081 4638 2149 4693 Et

549 4747 736 4805 odium
768 4757 874 4799 non
907 4738 1223 4813 perfectum.
1251 4733 1473 4803 Quare?
1499 4732 1751 4802 Quiaqui
1780 4732 1895 4788 odit
1920 4730 2142 4788 fratrem

546 4855 733 4905 suum,
756 4832 1024 4893 homicida
1045 4839 1127 4887 est
1157 4827 1209 4896 (Ι
1236 4826 1394 4882 Joan.
1428 4828 1573 4896 snt).
1606 4823 1677 4880 Et
1711 4827 1873 4899 legem
1894 4837 2036 4882 tuam
2060 4825 2143 4879 di-

550 4934 679 4999 lexi,
710 4930 763 4986 id
799 4935 913 4995 est,
946 4936 1089 4980 tuam
1120 4922 1292 4993 legem
1323 4934 1483 4991 quam
1513 4928 1566 4973 tu
1590 4917 1916 4990 prtecepisti,
1947 4918 2137 4989 dilexi,

547 5040 718 5099 opere
748 5019 994 5091 implevi.

623 5116 848 5187 Adjutor
874 5118 920 5166 et
948 5115 1213 5178 susceptor
1240 5104 1383 5160 meus
1436 5121 1489 5159 es
1530 5113 1607 5157 tu.
1644 5103 1886 5179 Adjutor,
1919 5103 1969 5160 in
1995 5119 2137 5177 prte-

549 5216 696 5276 senti
723 5231 735 5266 :
759 5216 1050 5278 susceptor,
1081 5205 1132 5260 in
1157 5205 1356 5259 futuro.
1392 5201 1457 5256 Et
1479 5202 1533 5256 in
1549 5201 1698 5256 verba
1721 5209 1808 5256 tuo
1833 5218 2001 5274 spero.
2030 5201 2142 5259 Hoc

546 5322 653 5379 est,
670 5316 722 5366 in
745 5305 983 5370 Christo,
1018 5300 1142 5372 quia
1168 5298 1387 5354 verbum
1414 5296 1587 5352 Patris
1618 5294 1780 5353 Filius
1797 5304 1901 5352 est.

619 5404 1061 5461 Declinateanze,
1091 5394 1329 5466 maligni,
1371 5401 1418 5447 et
1444 5390 1718 5447 scrutabor
1755 5392 2005 5446 mandata
2041 5389 2140 5447 Dei

546 5498 668 5554 mei.
716 5493 826 5549 Vox
857 5487 1136 5562 propheta:
1173 5485 1227 5540 in
1280 5499 1511 5554 persona
1556 5482 1851 5538 Ecclesiae:
1903 5483 2140 5554 optando

542 5591 714 5650 dicit:
751 5585 1020 5641 Declinate
1041 5599 1074 5635 a
1118 5595 1218 5647 me,
1269 5577 1507 5653 maligni.
1540 5578 1600 5636 Si
1630 5579 1866 5633 volueris
1898 5578 2138 5650 perfecte

543 5680 916 5756 paenitentiam
947 5690 1130 5746 agere:
1154 5688 1443 5745 segregare
1492 5683 1544 5729 te
1581 5671 1749 5729 debes
1787 5687 1818 5727 a
1863 5673 2136 5730 consortio

544 5782 885 5850 peccatorum
922 5767 1009 5824 vel
1037 5767 1280 5822 omnium
1313 5765 1580 5824 malorum
1612 5764 1923 5833 hominum,
1964 5776 2017 5824 et
2045 5765 2132 5822 fu-

2246 4659 2276 4699 a
2305 4646 2569 4703 malorum
2592 4647 2847 4707 liberatos
2870 4652 3384 4726 snppliciis,angelis
3413 4658 3573 4714 faciat
3597 4658 3835 4716 cohaere-

2246 4738 2364 4796 des.
2403 4740 2507 4796 Per
2536 4743 2708 4811 ipsum
2753 4745 3035 4801 Dominum
3068 4746 3249 4803 Jesum
3289 4748 3565 4808 Christum
3596 4771 3607 4805 :
3636 4753 3723 4808 cui
3754 4763 3834 4808 cst

2246 4845 2367 4885 cum
2395 4841 2601 4889 atterno
2627 4834 2786 4893 Patre
2814 4846 2868 4893 et
2900 4837 3099 4909 Spiritu
3124 4850 3317 4898 sancto
3339 4843 3516 4900 honor
3547 4854 3602 4902 et
3630 4844 3827 4917 gloria,

2241 4922 2298 4979 in
2322 4926 2518 4981 saecula
2549 4929 2892 4986 saeculorum.
2924 4931 3118 4987 Amen.

2318 5018 2535 5076 Salubri
2562 5035 2660 5079 nos
2689 5037 2909 5095 semper
2943 5026 3173 5082 consilio
3201 5036 3258 5084 et
3276 5042 3435 5086 sacro
3468 5029 3679 5101 eloquio
3703 5029 3830 5085 bea-

2242 5119 2330 5168 tus
2352 5111 2599 5171 hortatur
2625 5115 2921 5187 prapheta:
2951 5128 3008 5173 ut
3032 5119 3297 5189 justitiam
3334 5138 3496 5195 quam
3538 5124 3623 5180 ille
3649 5133 3827 5177 casto.

2242 5201 2376 5258 divit
2401 5203 2453 5259 in
2477 5222 2663 5275 opere,
2702 5222 2800 5263 nos
2817 5207 3114 5266 debeamus
3135 5210 3370 5269 ﬁdeliter
3389 5216 3613 5285 exsequi
3638 5225 3692 5270 et
3718 5215 3827 5270 dis-

2244 5296 2548 5353 solubiliter
2571 5300 2826 5357 retinere.
2858 5302 2959 5371 Qui
2990 5312 3051 5358 ut
3071 5317 3269 5377 segnes
3297 5315 3353 5363 et
3392 5308 3592 5365 inertes
3619 5306 3825 5364 animos

2242 5386 2308 5441 ad
2340 5386 2458 5444 hare
2486 5390 2837 5447 custodienda
2868 5394 3075 5450 facilius
3104 5398 3328 5465 excitet,
3360 5400 3486 5468 quid
3527 5399 3697 5455 meriti
3729 5413 3825 5469 pro

2239 5481 2415 5553 ipsiu’s
2442 5486 2705 5541 custodia:
2728 5486 2935 5557 justitia
2966 5487 3355 5559 adipiscamur,
3387 5493 3581 5549 edocet
3605 5491 3820 5548 dicens:

2969 5597 3097 5639 Alﬁ.

2315 5668 2442 5727 Feci
2467 5671 2729 5742 judicium
2766 5681 2814 5729 et
2831 5673 3091 5744 justitiam
3118 5689 3137 5728 :
3170 5690 3273 5731 non
3304 5677 3483 5734 tradas
3511 5695 3592 5735 ine
3626 5678 3821 5733 calum-

2238 5766 2497 5823 niantibus
2538 5784 2636 5824 me.
2686 5766 2893 5839 Jugiter
2935 5781 3035 5822 nos
3087 5768 3140 5824 in
3191 5771 3295 5828 hoc
3328 5773 3547 5831 mortali
3590 5786 3813 5844 corpore
