3992 6340
178 292 341 348 1201

1096 292 1522 353 BREVlARlUM
1562 294 1631 350 ΙΝ
1665 293 1999 352 PSALMOS.
2040 293 2292 352 PSALM.
2331 290 2561 352 CXVIII.

3358 295 3497 357 £3.02

167 409 463 464 vitiorum
492 418 707 464 caterva
740 392 1124 481 persequitur:
1167 411 1263 465 sed
1295 411 1341 466 si
1369 425 1620 466 mensura
1644 408 1794 480 judi-
1823 412 1874 472 Α
1900 412 2147 465 mandata
2167 420 2276 469 tua.
2320 411 2618 470 Calumnite
2646 425 2793 482 sunt,
2833 430 2955 472 cum
3003 416 3163 488 justis
3188 412 3498 471 hominibus

164 501 409 555 ciorum
455 516 520 557 ac
563 502 1005 571 justiticationum
1040 504 1132 558 Dei
1180 503 1233 558 in
1266 502 1422 559 nobis
1452 512 1691 568 maneat,
1738 510 1798 557 ut

164 597 457 667 prudenti
502 596 731 652 consilio
763 612 825 653 ea
856 614 974 666 qua:
1003 598 1090 653 his
1123 597 1458 655 conveniunt
1488 597 1747 653 faciamus
1777 614 1792 652 :

164 693 393 747 horum
418 700 831 762 persecutorem
857 692 1105 747 manibus
1136 708 1241 747 non
1272 692 1572 750 trademur.

251 783 493 857 Suscipe
515 801 719 840 servum
746 795 888 840 tuum
907 787 960 840 in
993 785 1296 854 bono.Quia
1322 787 1529 842 servire
1552 800 1637 841 me
1668 799 1794 855 pec-

164 886 311 933 cato
358 879 470 947 jam
523 878 729 933 nescio.
765 877 833 933 Ut
877 895 979 934 non
1016 879 1396 933 calumniantur
1445 895 1523 932 me
1559 878 1788 950 superbi.

163 971 450 1028 Diabolus
472 980 525 1026 et
548 973 782 1028 ministri
806 973 945 1044 ejus.

251 1062 424 1118 Oculi
472 1066 570 1119 mei
590 1061 892 1135 defecerunt
917 1067 972 1121 in
1010 1067 1235 1121 salutare
1282 1075 1449 1121 tuum.
1480 1066 1538 1121 ln
1578 1066 1787 1131 Jesnm,

162 1156 277 1228 qui
309 1156 577 1212 llebraice
600 1156 843 1212 Salvator
869 1158 1084 1214 dicitur.
1116 1157 1184 1211 Et
1205 1160 1261 1213 in
1284 1158 1543 1230 eloquium
1563 1158 1789 1230 justitia:

163 1260 308 1305 tum.
323 1249 384 1305 lu
398 1248 635 1305 Verbum
650 1251 779 1306 illud
794 1252 937 1323 quod
952 1252 1134 1306 eratin
1153 1250 1418 1321 principio
1431 1252 1572 1321 apud
1587 1250 1783 1320 Deum:

162 1345 268 1415 qui
310 1344 553 1413 justitias
583 1343 721 1415 legis
752 1360 858 1398 non
883 1342 1034 1398 venit
1059 1343 1297 1408 solvere,
1320 1343 1416 1397 sed
1450 1342 1697 1411 implere.

247 1434 376 1489 Fac
405 1452 522 1489 cum
560 1451 705 1491 servo
744 1444 832 1489 tuo
861 1435 1141 1489 secundum
1173 1432 1583 1488 misericordiam
1621 1440 1783 1486 tuam.

162 1528 247 1585 Ut
268 1530 395 1599 ipse
416 1536 541 1583 vota
570 1544 689 1583 mea
711 1527 982 1598 perficias.
1019 1525 1088 1580 Et
1102 1527 1632 1599 justiﬁcationestuas
1661 1524 1784 1580 doce

163 1638 277 1676 me.
303 1620 384 1676 Ut
403 1635 517 1689 eas,
545 1620 688 1675 sicut
723 1620 919 1690 saepius
941 1619 1145 1689 optavi,
1169 1618 1369 1688 possim
1397 1617 1709 1674 advertere.

247 1713 452 1769 Serrus
480 1722 595 1767 tuus
624 1728 738 1766 sum
763 1728 856 1786 ego
888 1727 906 1765 :
943 1713 1012 1766 da
1045 1712 1174 1766 mihi
1202 1708 1515 1765 intellectum
1546 1720 1600 1765 ut
1622 1711 1784 1764 sciam

1899 500 2107 557 crimen
2150 502 2443 572 impietatis
2470 504 2747 575 objicitur.
2792 507 2860 561 Et
2886 523 2956 562 ex
2994 506 3192 577 quibus
3214 521 3273 562 sc
3302 503 3495 561 redimi

1895 592 2143 661 deposcit
2169 611 2197 648 a
2228 595 2360 661 Deo,
2393 606 2450 651 ut
2478 597 2596 667 ejus
2626 597 2877 654 mandata
2904 598 3199 655 custodiat.

1966 689 2179 745 Faciem
2201 701 2342 746 tuam
2367 693 2610 748 illumina
2640 711 2795 767 super
2809 710 3009 751 servum
3036 704 3200 750 tuum.
3217 692 3489 751 Conﬁrma

1896 798 1983 839 me
2009 783 2188 855 efﬁgie
2218 786 2462 856 imaginis
2486 786 2672 857 gloria:
2702 795 2830 843 tum.
2860 787 2929 841 Et
2970 788 3098 843 doce
3129 804 3209 842 me
3225 786 3497 859 justiﬁca-

1895 875 2058 929 tiones
2103 885 2239 928 tuas.
2286 874 2353 931 Ut
2395 876 2538 946 quod
2593 877 2648 931 in
2703 878 2810 933 illis
2837 892 3004 935 cerno
3046 892 3142 949 per
3186 876 3491 946 Speculum,

1893 976 2038 1022 certa
2061 970 2513 1039 contemplatione
2536 971 2886 1041 conspiciam.

1964 1058 2156 1115 Exitus
2180 1078 2434 1133 aquarum
2464 1064 2784 1119 deduxerunt
2803 1064 2941 1118 oculi
2972 1064 3091 1118 mei:
3109 1064 3232 1135 quia
3252 1078 3353 1116 non
3378 1078 3496 1115 cus-

1891 1153 2150 1207 todierunt
2180 1153 2342 1226 legem
2373 1164 2533 1209 tuam.
2572 1154 2766 1211 Verum
2821 1172 3036 1225 semper
3078 1155 3188 1226 agit
3222 1153 3493 1223 paeniten-

1894 1245 2018 1299 tiam
2052 1247 2135 1300 hic
2163 1257 2404 1314 sanctus,
2431 1260 2486 1303 et
2527 1264 2633 1303 non
2663 1259 2842 1305 cessat
2869 1251 3089 1305 fluentis
3120 1233 3486 1321 lacr‘ymarum

1890 1341 2109 1409 antiqua
2127 1338 2323 1395 delicta
2341 1340 2583 1396 diluere:
2611 1351 2667 1396 ut
2688 1342 2983 1413 intelligas,
3018 1342 3122 1399 ni~i
3153 1359 3337 1398 veram
3369 1357 3489 1412 pm-

1889 1430 2171 1485 nitentiam
2200 1434 2398 1503 egeris,
2431 1433 2529 1489 tibi
2554 1436 2706 1491 facile
2729 1451 2835 1490 non
2860 1436 3056 1491 dimitti
3076 1452 3198 1507 quae
3225 1436 3484 1506 gesseris.

1895 1522 2030 1576 Vera
2055 1534 2139 1578 est
2167 1523 2310 1579 enim
2336 1526 2675 1594 pteniteutia,
2696 1528 2897 1600 jugiter
2942 1528 3161 1589 ﬂetibus
3191 1530 3482 1586 commiSsa

1887 1613 2099 1670 diluere
2127 1626 2184 1671 et
2212 1616 2393 1673 abluta
2416 1632 2521 1675 non
2555 1618 2778 1676 iterare.

2607 1725 2765 1768 SADE.

163 1806 479 1860 testimonia
500 1814 610 1859 tua.
642 1804 685 1859 Α
717 1815 768 1861 te
793 1820 854 1859 ea
886 1803 1114 1871 discam,
1146 1813 1201 1859 et
1236 1818 1343 1858 non
1372 1803 1458 1873 ‘ab
1489 1802 1779 1867 haereticis,
1812 1797 1864 1860 Β
1957 1807 2141 1863 Justus
2160 1826 2233 1879 es,
2253 1808 2495 1880 Domine,
2529 1821 2578 1867 et
2597 1822 2795 1868 rectum
2816 1814 3078 1883 judicium
3117 1823 3303 1869 tuum:
3334 1831 3487 1870 manv

168 1897 268 1953 vel
300 1896 509 1952 Judmis
537 1915 549 1949 :
585 1896 711 1967 quia
741 1896 873 1951 mihi
905 1896 1116 1951 nullum
1164 1904 1375 1965 tempus
1402 1901 1489 1950 est
1512 1893 1580 1948 ab
1621 1908 1782 1948 exer-

170 1988 446 2045 citatione
469 1998 572 2044 tnae
596 1988 875 2044 servitutis
897 1989 1156 2043 otiosum.

250 2079 488 2151 Tempus
515 2080 769 2153 faciendi,
809 2077 1032 2133 Domine
1061 2096 1079 2132 :
1112 2079 1492 2149 dissipaverunt
1517 2076 1680 2148 iniqui
1706 2077 1782 2132 leo

170 2193 294 2248 gem
338 2184 502 2230 tuam.
540 2174 713 2231 Judtei
760 2174 945 2246 utique
977 2174 1069 2244 qui
1110 2188 1230 2228 eam
1260 2168 1623 2240 spiritualiter
1671 2187 1779 2226 non

176 2267 592 2323 intellexerunt.
608 2268 713 2324 Sed
731 2268 909 2323 veniet
933 2277 1142 2337 tempus
1156 2266 1374 2338 quando
1389 2266 1597 2322 occulta
1615 2262 1777 2329 illius,

173 2360 447 2416 Dominus
470 2360 629 2416 faciet
649 2362 1033 2431 praedicatione
1066 2361 1387 2431 Evangelica
1428 2358 1684 2416 reserari.

250 2455 383 2512 Ideo
428 2458 587 2512 dilexi
613 2460 858 2513 mandata
886 2469 976 2513 tua
1003 2475 1022 2513 :
1059 2474 1218 2528 super
1242 2474 1427 2512 aurum
1450 2469 1494 2512 et
1513 2457 1774 2529 topasion.

172 2551 336 2608 Sicut
375 2552 518 2608 enim
564 2568 756 2608 aurum
793 2566 1112 2608 cunctorum
1158 2553 1503 2607 metallorum
1549 2550 1775 2621 praecel-

178 2646 246 2701 lit
273 2645 542 2715 pretium:
573 2646 645 2700 ita
673 2648 917 2714 toiiazius
942 2646 1189 2704 omnium
1232 2659 1566 2717 gemmarum
1621 2643 1676 2697 in
1716 2656 1777 2697 se

170 2741 470 2797 continens
501 2742 984 2812 pulchritudinem,
1037 2742 1280 2798 omnium
1308 2741 1479 2796 vincit
1510 2741 1769 2794 honores.

173 2833 305 2890 Ideo
330 2834 591 2903 propheta
620 2850 785 2905 super
813 2839 930 2891 lucc
945 2835 1133 2891 omnia
1161 2835 1256 2890 Dei
1280 2832 1534 2888 mandata
1562 2832 1769 2903 diligit:

171 2927 304 2999 quia
335 2926 392 2981 in
430 2926 517 2981 his
541 2927 834 2983 adventum
865 2927 1111 2992 Domini,
1143 2927 1235 2999 qui
1265 2926 1521 2981 mundum
1554 2923 1773 2981 redem-

174 3028 369 3091 pturus
395 3030 499 3089 est,
531 3021 832 3076 nuntiatum
854 3021 1130 3093 intelligit.

248 3112 533 3186 Pr0pterea
553 3116 621 3168 ad
649 3115 824 3169 omnia
844 3115 1091 3169 mandata
1115 3124 1202 3169 tua
1227 3114 1487 3185 dirigebar
1518 3130 1537 3166 :
1568 3128 1767 3168 omnem

1828 1962 1837 1971 .
1886 1900 2024 1955 dasti
2040 1903 2304 1972 justitiam
2332 1905 2621 1959 testimonia
2645 1915 2758 1972 tua,
2777 1915 2824 1960 et
2849 1907 3115 1960 veritatem
3139 1916 3282 1961 tuam
3304 1907 3484 1963 nimis.

1885 1990 2079 2047 Omnia
2109 2011 2229 2063 qua:
2260 1996 2551 2052 mandante
2594 2004 2646 2053 te
2706 1998 2962 2067 patimur,
2993 1998 3165 2068 justa,
3224 2008 3395 2064 recta,
3422 2012 3487 2055 ac

1884 2100 2010 2140 vera
2038 2095 2164 2141 sunt
2196 2105 2209 2139 :
2244 2087 2367 2158 quia
2404 2096 2495 2143 aut
2525 2104 2620 2157 pro
2660 2090 2895 2156 peccatis
2934 2090 3131 2144 nostris
3162 2089 3417 2160 ingruunt
3463 2107 3477 2145 :

1883 2186 2054 2232 autut
2081 2178 2294 2247 probati
2320 2180 2747 2246 manifestemur,
2774 2181 3049 2236 eveniunt.

1954 2272 2234 2327 Tabescere
2260 2290 2340 2326 me
2370 2276 2493 2345 fecit
2541 2276 2684 2330 zelus
2713 2274 2900 2329 domus
2932 2285 3058 2330 tua'.
3090 2275 3225 2331 Cum
3285 2275 3483 2329 domus

1887 2365 2001 2431 Dei,
2033 2367 2291 2436 spelunca
2325 2368 2590 2423 latronum
2619 2368 2858 2424 efﬁcitur
2898 2384 2926 2423 a
2959 2369 3117 2425 malis
3163 2368 3485 2424 habitatori-

1880 2459 1983 2515 bus
2010 2478 2021 2511 :
2054 2461 2137 2515 vel
2171 2475 2294 2515 cum
2325 2460 2519 2518 videro
2546 2476 2778 2532 corpora
2811 2463 2921 2517 Deo
2960 2462 3135 2517 dicata
3175 2450 3503 2518 volutabris“

1878 2551 2185 2608 facinorum
2215 2551 2511 2624 inquinari.
2567 2553 2706 2621 Quia
2746 2554 2895 2610 obliti
2932 2564 3054 2610 sunt
3082 2556 3233 2610 verba
3253 2564 3343 2609 tua
3363 2556 3474 2610 ini-

1877 2647 1999 2699 mici
2028 2646 2148 2700 mei.
2180 2646 2577 2703 Oblivisceutes
2607 2648 2751 2703 enim
2794 2656 3067 2718 praecepta
3114 2647 3293 2719 Legis,
3314 2647 3478 2704 fece-

1878 2738 2239 2793 ruutdomum
2272 2749 2416 2793 tuam
2436 2739 2750 2808 speluncam
2773 2740 3070 2795 latronum.

1948 2830 2183 2901 Ignitum
2206 2833 2478 2904 eloquium
2504 2842 2651 2887 tuum
2700 2832 3039 2903 vehementer,
3073 2844 3119 2888 et
3149 2851 3325 2890 servus
3360 2844 3480 2889 tuus

1876 2924 2056 2979 dilexit
2077 2925 2233 2979 illud.
2266 2925 2403 2994 Quia
2434 2926 2576 2981 sicut
2621 2936 2900 2995 peccatum
2933 2928 3208 2982 consumit
3248 2945 3261 2983 :
3295 2927 3366 2983 ita
3423 2938 3482 2985 et

1876 3027 2223 3089 peccantem,
2273 3019 2319 3073 si
2359 3027 2706 3075 convertatur
2747 3019 3039 3075 illuminat.

1945 3111 2337 3165 Adolescentior
2349 3127 2461 3165 sum
2486 3128 2602 3182 ego,
2623 3122 2671 3165 et
2693 3120 3012 3183 contemptus
3042 3126 3058 3164 :
3076 3112 3476 3182 justiﬁcationes

173 3206 310 3260 viam
336 3207 568 3276 iniquam
596 3207 714 3260 odio
768 3207 948 3262 'Itabui.
1009 3206 1151 3261 Nihil
1195 3206 1264 3261 de
1312 3207 1413 3261 viis
1465 3206 1770 3275 iniquitatis
1794 3187 1842 3253 (ἶ
1873 3213 1991 3259 tuas
2020 3220 2121 3258 non
2142 3220 2256 3257 sum
2282 3202 2490 3258 oblitus.
2524 3206 2863 3273 Quamquam
2895 3203 3011 3259 lucc
3060 3203 3224 3260 David
3247 3220 3313 3260 ex
3347 3220 3476 3275 per-

172 3301 410 3355 accessit
440 3317 452 3350 :
486 3297 582 3354 sed
604 3300 747 3355 sicut
775 3300 1145 3368 perambulavi
1191 3299 1404 3370 integre
1439 3318 1449 3353 :
1486 3299 1561 3354 ita
1588 3298 1767 3355 omnia

174 3406 297 3463 qua:
328 3391 381 3446 in
424 3391 524 3448 viis
551 3392 858 3463 iniquitatis
881 3393 1262 3463 morabantur,
1284 3392 1452 3448 odivi.

891 3504 1042 3545 ΡΗΕ.

251 3577 829 3635 Mirabiliatestimonia
858 3591 965 3648 tua,
998 3581 1215 3636 Domine
1238 3598 1257 3635 :
1283 3580 1401 3635 ideo
1436 3586 1667 3634 scrutata
1693 3588 1767 3632 est

175 3688 239 3727 ea
285 3672 462 3727 anima
507 3690 643 3727 mea.
677 3673 796 3731 Vidi
824 3675 876 3730 in
902 3674 986 3730 his
1014 3675 1157 3730 aliud
1187 3676 1295 3744 agi,
1345 3673 1490 3728 aliud
1521 3671 1762 3743 figurari.

176 3764 409 3836 Ideoque
424 3766 549 3836 quia
582 3768 779 3823 mirum
803 3767 932 3822 mihi
954 3775 1037 3823 est
1070 3786 1081 3819 :
1114 3767 1427 3837 diligentius
1460 3771 1768 3836 perscruta-

177 3864 284 3924 tus,
314 3868 533 3923 euncta,
553 3869 606 3915 te
635 3858 965 3925 declarante,
994 3873 1300 3928 cognosco:
1335 3859 1475 3913 sicut
1497 3857 1761 3928 sequitur.

252 3949 547 4005 Declaratio
574 3967 867 4006 sermonum
898 3962 1101 4006 tuorum
1136 3952 1419 4016 illuminat,
1451 3959 1499 4004 et
1534 3948 1768 4004 intellec-

176 4054 287 4099 tum
311 4044 400 4098 dat
428 4045 678 4116 parvulis.
695 4044 988 4101 Sermones
1020 4046 1113 4101 Dei
1143 4054 1269 4100 sunt
1296 4044 1498 4115 scripta
1525 4042 1764 4113 prophe-

173 4153 295 4194 ruan
320 4148 373 4194 et
390 4138 550 4208 Legis
576 4151 700 4208 quac
729 4138 781 4192 in
814 4138 1120 4207 Evangeliis
1167 4138 1522 4195 declarantur
1566 4154 1579 4190 :
1626 4135 1759 4191 dum

173 4231 409 4287 Verbum
424 4247 553 4287 caro
567 4231 764 4286 factum
789 4231 1056 4287 habitatin
1078 4232 1257 4299 nobis,
1272 4242 1325 4288 et
1349 4232 1532 4286 multis
1552 4229 1767 4286 virtuti-

172 4324 276 4379 lius
321 4324 486 4379 Deum
518 4324 777 4378 ostendit.
811 4322 919 4379 Sed
951 4322 1145 4378 horum
1174 4323 1484 4378 intellectus
1510 4320 1765 4392 parvitati

172 4423 490 4487 nostramqui
522 4420 577 4472 in
605 4418 917 4474 innocentia
950 4417 1123 4472 renati
1139 4417 1607 4481 sumus,tribuitur
1623 4432 1638 4470 :
1656 4414 1759 4469 Do-

171 4512 319 4567 mino
337 4512 419 4567 sic
437 4498 688 4579 dicente:
722 4510 997 4567 Conﬁteor
1019 4511 1138 4576 tibi,
1166 4509 1416 4574 Domine,
1441 4509 1601 4564 Pater
1630 4506 1755 4564 ω)ιί

1872 3310 2005 3352 sona
2032 3310 2128 3351 sua
2174 3294 2345 3363 dicat,
2380 3296 2473 3367 qui
2508 3294 2917 3352 adolescentior
2946 3296 3162 3352 caeteris
3212 3295 3474 3354 fratribus

1871 3389 2027 3459 quasi
2056 3397 2399 3457 contemptus
2444 3389 2511 3444 ad
2558 3403 2689 3445 oves
2720 3390 3024 3459 pascendas
3063 3390 3326 3461 directus,
3373 3392 3473 3447 de-

1873 3483 1999 3537 hinc
2026 3481 2081 3535 in
2112 3497 2338 3551 regnum
2370 3482 2581 3537 electus
2604 3490 2687 3536 est
2722 3500 2733 3535 :
2765 3491 2944 3537 tamen
2977 3482 3094 3538 haec
3109 3481 3177 3538 ad
3205 3484 3470 3554 populum

1869 3575 2238 3631 Christianum
2279 3575 2567 3631 referenda
2599 3585 2749 3642 sunt,
2779 3575 2871 3647 qui
2901 3576 3056 3646 prius
3098 3586 3469 3649 contemptus,

1870 3678 1927 3725 et
1947 3669 2014 3724 de
2056 3669 2218 3725 domo
2256 3669 2425 3739 patris
2468 3671 2698 3741 ejectus,
2749 3669 3003 3726 recolens
3049 3670 3469 3740 justilicatioues

1874 3762 2002 3833 Dei,
2053 3763 2295 3833 acceptis
2340 3763 2541 3834 prioris
2596 3764 3007 3835 primogenitis,
3058 3762 3207 3834 prior
3243 3763 3470 3821 effectus

1868 3867 1973 3911 est.
3058 3900 3065 3915 λ

1939 3950 2157 4006 Iustitia
2177 3961 2266 4005 tua
2286 3951 2501 4019 justitia
2527 3950 2583 4005 in
2616 3959 2888 4005 teternum.
2914 3952 3086 4016 Quam
3111 3962 3219 4005 non
3260 3964 3471 4021 cogno—

1870 4043 1947 4098 vit
1979 4043 2207 4114 populus
2240 4042 2333 4099 ille
2375 4043 2525 4113 prior
2579 4057 2796 4111 semper
2833 4056 2955 4097 esse
3002 4050 3344 4112 perpetuam.
3396 4042 3468 4096 Et

1868 4134 1955 4190 lea:
1976 4145 2065 4190 tua
2097 4136 2309 4206 veritas.
2341 4134 2450 4190 lllis
2500 4134 2598 4190 fuit
2647 4137 2834 4190 umbra
2863 4152 2877 4190 :
2916 4148 3058 4189 nunc
3088 4142 3173 4189 est
3205 4132 3467 4189 Ecclesia;

1871 4227 2072 4298 pepqu
2095 4229 2317 4283 veritas.
2341 4226 2449 4285 Sed
2473 4227 2733 4299 propheta
2768 4241 2865 4297 pro
2899 4226 3001 4282 hac
3035 4224 3261 4281 veritate
3291 4226 3463 4279 multa

1868 4321 2157 4394 perferens
2183 4322 2258 4377 ait
2284 4339 2298 4377 :

1942 4412 2229 4468 Tribulatio
2275 4423 2325 4469 et
2356 4414 2597 4486 angustia
2618 4413 2918 4468 invenerunt
2943 4429 3026 4467 me
3056 4414 3350 4469 :mandala
3377 4422 3469 4468 tua

1867 4507 2131 4561 meditatio
2170 4523 2283 4560 mea
2324 4516 2422 4560 est.
2473 4505 2784 4574 Quamlibet
2828 4506 3120 4561 tribuletur
3156 4506 3209 4560 in
3255 4508 3458 4577 pomis,

172 4614 231 4661 et
269 4614 428 4660 terra:
468 4620 482 4657 :
518 4596 650 4673 'quia
709 4603 1041 4660 abscondisti
1094 4603 1210 4660 lucc
1246 4618 1275 4657 a
1325 4601 1663 4672 sapientibus
1709 4608 1765 4655 et
1792 4576 1843 4636 Β
1867 4604 2172 4652 coarctetur
2201 4596 2256 4651 in
2288 4597 2556 4651 vinculis:
2583 4611 2686 4652 vos
2716 4610 2937 4667 semper
2965 4576 3274 4667 liberaDei
3300 4611 3460 4652 man-

175 4696 549 4769 prndentibus,
574 4703 631 4752 et
656 4696 918 4752 revelasti
946 4712 1007 4751 ea
1034 4696 1271 4766 parvulis
1296 4692 1506 4767 (Matth.
1544 4692 1622 4763 ι).

247 4791 316 4846 0s
340 4806 510 4844 meum
536 4791 722 4860 aperui
748 4799 795 4845 et
824 4792 1017 4844 attraxi
1036 4790 1276 4858 spiritum
1308 4804 1325 4841 :
1365 4790 1488 4860 quia
1517 4788 1765 4843 mandata

175 4895 260 4939 tua
293 4881 674 4938 desiderabant.
714 4881 821 4938 Cor
844 4881 1104 4937 mundum
1145 4880 1406 4946 reseravi,
1448 4890 1504 4935 et
1539 4880 1762 4951 dignum

179 4993 257 5034 me
276 4974 434 5032 effeci
477 4973 751 5031 desiderio
802 4973 1180 5029 mandatorum
1233 4982 1480 5041 tuorum,
1513 4973 1567 5029 in
1598 4989 1760 5044 quem

176 5069 400 5142 Spiritus
422 5077 650 5127 sanctus
677 5067 1090 5124 dillunderetur.

243 5162 425 5233 Aspice
450 5162 506 5215 in
553 5177 634 5214 me
661 5168 707 5214 et
733 5160 974 5215 miserere
1023 5160 1164 5214 mei:
1208 5160 1489 5214 secundum
1502 5160 1765 5232 judicium

1869 4688 1992 4745 data
2025 4688 2316 4745 meditatur
2350 4687 2592 4744 assidue.

1943 4780 2187 4851 /Equitas
2216 4780 2510 4836 testimonia
2532 4791 2621 4834 tua
2640 4780 2694 4834 in
2723 4787 2972 4834 (eternum
3008 4794 3027 4833 :
3056 4777 3368 4834 intellectum
3394 4780 3466 4836 da

1869 4874 1998 4928 mihi
2012 4882 2059 4927 et
2080 4873 2267 4926 vivam.
2297 4871 2366 4928 Ut
2398 4887 2494 4941 pro
2515 4887 2705 4928 eorum
2736 4870 3114 4943 intelligentia,
3144 4870 3308 4927 vitam
3336 4887 3466 4943 pos-

1869 4965 1971 5020 sim
2000 4977 2196 5034 capere
2222 4963 2634 5035 sempiternam.

2590 5074 2748 5118 COPB.

1943 5159 2173 5215 Clamavi
2198 5160 2251 5215 in
2275 5168 2382 5216 toto
2430 5160 2587 5217 corde
2625 5178 2760 5230 meo,
2808 5161 2995 5217 exaudi
3036 5178 3140 5229 me,
3189 5159 3412 5216 Domine
3442 5176 3463 5217 :

182 5255 495 5326 diligentium
524 5268 712 5307 nomen
737 5262 904 5308 tuum.
937 5251 1008 5309 Ut
1036 5252 1131 5308 illo
1154 5266 1241 5307 me
1265 5250 1479 5322 judicio
1508 5265 1764 5307 muneres
1860 5253 2266 5325 iustiﬁcationes
2306 5262 2425 5308 tuas
2473 5254 2750 5326 requiram.
2796 5252 3030 5309 Clamavi
3058 5254 3129 5308 ad
3158 5264 3230 5321 te,
3259 5254 3466 5310 salvum

184 5365 283 5421 quo
305 5347 551 5420 reliquos
581 5347 673 5419 qui
700 5346 933 5417 diligunt
960 5362 1156 5403 nomen
1178 5355 1349 5401 tuum.

253 5440 462 5496 firmus
513 5456 656 5495 meos
702 5439 867 5509 dirige
893 5439 1172 5493 secundum
1212 5437 1471 5510 eloquium
1500 5448 1666 5492 tuum.
1699 5437 1770 5493 Et

192 5550 287 5591 non
315 5532 613 5590 secundum
638 5545 929 5600 corporeae
958 5524 1286 5587 voluntates.
1312 5528 1383 5585 Et
1407 5546 1510 5585 non
1532 5531 1768 5587 domine-

190 5641 263 5683 tur
286 5628 378 5684 mei
399 5627 569 5683 omnis
589 5625 856 5696 iniquitas.
882 5624 1016 5693 Quia
1041 5634 1131 5681 tuo
1152 5640 1271 5679 sum
1293 5623 1576 5679 famulatui
1616 5639 1769 5679 mau-

191 5721 399 5792 cipatus.

257 5812 457 5870 Redime
496 5827 580 5869 me
628 5826 661 5863 a
697 5809 971 5866 calumniis
1017 5808 1284 5869 hominum
1326 5827 1344 5867 :
1391 5820 1447 5868 ut
1482 5812 1770 5869 custodiam

1870 5363 1948 5401 me
1969 5348 2140 5417 fac,ut
2159 5348 2443 5402 custodiam
2470 5346 2717 5402 mandata
2738 5358 2848 5402 tua.
2865 5346 3017 5402 Hunc
3038 5346 3332 5403 clamorem
3353 5360 3464 5402 non

1868 5454 2148 5511 corporeae
2194 5440 2366 5505 vocis,
2417 5439 2515 5495 sed
2557 5441 2754 5496 mentis
2797 5439 3095 5511 spiritualis
3121 5453 3262 5506 esse,
3316 5453 3465 5510 sape

1840 5544 1845 5547 ‘
1872 5532 2220 5589 monuimus:
2271 5547 2367 5603 per
2392 5547 2551 5602 quem
2573 5532 2704 5602 justi
2733 5548 2765 5587 a
2791 5533 2901 5588 Deo
2928 5531 3299 5588 exaudiuntur
3338 5531 3467 5588 :vel

1870 5626 1962 5682 ille
1994 5625 2246 5695 precibus
2271 5639 2463 5679 eorum
2496 5625 2642 5693 pium
2676 5623 2860 5695 pandit
2890 5622 3157 5679 auditum.

1942 5717 2179 5773 Prieneni
2216 5717 2269 5771 in
2310 5717 2606 5773 maturitate
2636 5728 2683 5772 et
2722 5715 2989 5772 clamaui:
3035 5718 3158 5785 quia
3205 5715 3262 5769 in
3308 5714 3460 5769 verbo

1874 5822 1963 5869 tuo
1992 5810 2215 5884 speravi.
2252 5808 2443 5867 Vetera
2477 5809 2604 5867 vitia
2632 5810 2889 5884 pudicitia
2917 5809 3147 5881 juvenili
3177 5807 3470 5881 praevenit,
