3992 6344
499 280 645 367 tios

505 536 667 589 quam
698 537 725 572 a
764 517 945 573 verbis
973 512 1067 570 Dei
1099 509 1351 568 removit.

574 611 941 665 Prtevenerunt
964 600 1100 659 oculi
1132 603 1230 656 mei
1282 602 1349 654 ad
1375 610 1421 654 te
1457 599 1695 654 diluculo
1730 607 1823 653 :ut
1874 594 2095 652 medita-

505 719 589 757 rcr
615 702 818 771 eloquia
848 705 958 751 tua.
989 695 1104 750 Non
1140 706 1261 748 cunt
1286 690 1375 748 lux
1401 700 1711 760 soporatum
1741 690 1969 759 reperit,
2002 688 2100 743 sed

502 795 813 864 vigilantem
845 799 1089 851 strenue,
1116 788 1328 841 etcirca
1358 785 1545 839 divina
1565 783 1778 853 eloquia
1812 782 2099 837 oculorum

500 884 867 955 spiritualium
898 881 1201 936 intentione
1226 874 1600 932 meditantem.

585 979 768 1032 Vocem
792 993 952 1030 nteant
974 973 1187 1037 exaudi,
1223 970 1470 1037 Domine,
1501 968 1785 1024 secundum
1814 969 2104 1022 misericor-

501 1070 641 1124 diam
669 1078 830 1131 tuam,
852 1078 955 1122 etc.
996 1062 1390 1121 incessabiliter
1421 1062 1572 1114 vocis
1615 1058 1915 1130 spiritualis
1946 1058 2104 1113 cmit-

502 1166 567 1217 tit
598 1164 878 1233 gemitum,
914 1170 971 1213 ut
1009 1159 1076 1214 ab
1109 1152 1206 1211 hac
1263 1155 1594 1209 mortalitate
1640 1153 1692 1207 in
1721 1154 1887 1206 vitam
1922 1162 2103 1207 trans-

498 1255 713 1313 feratur
744 1265 1024 1309 ωτθνιιωυ.

577 1347 1129 1418 Appropinquat-erunt
1151 1347 1508 1414 persequentes
1524 1354 1601 1392 me
1624 1338 1917 1407 iniquitati:
1943 1352 1974 1390 α
1995 1337 2104 1407 lege

505 1448 678 1494 autem
708 1448 792 1491 tua
823 1437 976 1507 longe
1014 1435 1141 1507 {acti
1193 1440 1331 1487 sunt.
1385 1428 1574 1487 Omnis
1613 1430 1760 1485 enim
1797 1426 1888 1499 qui
1920 1430 2105 1499 inique

506 1532 710 1588 sanctis
742 1530 1138 1600 appropinquat
1161 1534 1219 1581 ut
1241 1522 1760 1593 noceat,elongatur
1781 1538 1809 1576 a
1840 1524 1956 1591 lege
1979 1519 2101 1576 Dei.

587 1625 757 1696 Prope
783 1640 836 1676 es
870 1632 944 1689 tu,
972 1620 1194 1674 Domine
1227 1634 1242 1672 :
1271 1612 1318 1672 ei
1352 1618 1525 1672 omnia
1546 1615 1791 1671 mandata
1821 1625 1911 1668 tua
1946 1613 2105 1683 tequi-

516 1733 612 1771 tas.
648 1717 766 1771 Non
798 1717 999 1770 teneris
1045 1714 1203 1780 locis,
1240 1712 1332 1767 sed
1367 1726 1460 1781 per
1488 1712 1771 1766 veritatem
1815 1707 2103 1763 mandato-

510 1824 633 1863 rum
657 1806 915 1864 cordibus
940 1814 1248 1859 Sanctorum
1270 1802 1535 1858 illuberis.

588 1901 660 1955 Ab
687 1901 835 1954 initio
868 1897 1080 1968 cognovi
1125 1895 1189 1950 de
1229 1894 1534 1949 testimoniis
1570 1892 1691 1948 tuis.
1732 1892 1816 1948 Ab
1852 1891 2024 1949 Adam
2057 1891 2111 1947 in

509 1992 762 2051 omnibus
798 1988 1120 2061 patriarchis
1155 2002 1219 2043 ac
1257 1986 1560 2059 prophetis.
1599 1985 1736 2052 Quia
1764 1986 1819 2040 in
1861 1996 2111 2041 wternum

511 2084 746 2156 fundasti
776 2098 855 2136 ea.
892 2080 1225 2151 Evangeliis,
1262 2080 1314 2133 in
1337 2078 1535 2149 quibus
1582 2082 1639 2134 et
1666 2093 1763 2132 nos
1793 2077 1999 2133 fundati
2024 2091 2115 2133 su-

513 2193 634 2228 mus
659 2190 821 2243 supra
853 2172 1265 2227 fundamentum
1292 2178 1648 2225 memoratum
1684 2188 1697 2222 :
1728 2170 1873 2224 sicut
1909 2169 2115 2226 dixisse

516 2266 739 2324 Paulum
769 2264 1073 2336 apostolum
1105 2274 1253 2332 smpe
1283 2262 1646 2316 meminimus.

490 2346 495 2350 ’
1258 2370 1375 2411 nes.

518 2448 523 2453 ”
596 2452 728 2506 Vide
756 2450 1098 2504 humilitatem
1146 2460 1316 2503 meam
1356 2457 1401 2500 et
1443 2448 1583 2519 eripe
1629 2460 1753 2500 me:
1801 2445 1926 2516 quia
1953 2443 2115 2517 legem

1288 296 1631 357 APPENDIX
1672 298 1760 354 AD
1799 291 2044 356 TOMUM
2085 290 2437 353 SLP'FIMUM
2478 296 2532 353 S.
2580 294 2986 350 lllEROXYMl.
3043 310 3054 320 ν

500 429 592 498 qni
626 443 724 498 per
747 426 1114 483 maturitatem
1141 419 1342 507 vivacis
1366 414 1556 486 animi,
1580 431 1731 487 spem
1752 426 1904 470 suam
1939 428 2097 470 num-
2126 414 2175 475 Α

3674 289 3809 345 lilii

2946 422 3050 463 Sil.

2281 504 2548 569 Principes
2576 502 2829 575 persecuti
2856 510 2973 554 sunt
2999 512 3081 554 me
3116 498 3303 572 gratis,
3326 505 3377 553 et
3413 514 3447 552 a
3476 495 3649 551 verbis
3695 496 3807 551 luit

2205 596 2502 670 formidari!
2534 610 2622 649 cor
2644 605 2830 649 meum.
2888 591 3197 648 Formidavi
3260 605 3287 645 a
3319 591 3490 646 verba
3546 586 3646 645 illo
3697 599 3817 661 quo

2205 686 2277 741 ait
2303 702 2315 739 :
2341 685 2440 754 Qui
2473 698 2558 740 nte
2604 683 2884 755 negaverit
2909 698 3092 739 coram
3139 682 3478 749 hominibus,
3507 682 3720 752 negabo
3751 690 3820 738 et

2205 794 2306 849 ego
2331 794 2452 835 eum
2483 794 2665 833 coram
2680 778 2840 832 Patre
2872 793 3015 844 tneo,
3045 776 3134 848 qui
3157 776 3484 832 estiucaells
3504 774 3695 847 (Matt.
3727 773 3823 847 ι)-

2205 872 2329 927 ideo
2360 874 2593 942 perStitit
2622 868 2779 926 fortis
2808 870 2863 925 in
2888 870 3161 940 passione.

2274 965 2515 1021 Lwtabor
2538 984 2631 1040 ego
2657 982 2811 1038 super
2833 964 3036 1037 eloquia
3062 973 3155 1020 tua
3175 979 3192 1018 :
3214 963 3344 1019 sicut
3367 963 3456 1035 qui
3479 961 3675 1018 invenit
3694 977 3831 1034 spa-

2206 1060 2277 1115 lt'a
2308 1060 2491 1113 multa.
2526 1058 2756 1130 Alligato
2802 1058 2948 1124 forti,
2988 1066 3042 1113 et
3068 1059 3209 1112 vasis
3237 1059 3356 1125 ejus
3386 1055 3620 1127 direptis
3654 1054 3821 1126 (Luc-

2206 1150 2305 1221 at),
2340 1151 2494 1205 laetor
2520 1151 2571 1204 in
2602 1148 2742 1204 illud
2771 1148 3042 1220 eloquium
3066 1148 3446 1218 evangelicum
3472 1148 3618 1219 quod
3644 1140 3773 1203 dicit
3795 1160 3819 1205 :

2207 1242 2339 1296 Cum
2360 1252 2454 1294 vos
2480 1247 2878 1311 persequentur
2903 1250 2957 1294 et
2979 1238 3327 1306 maledicenl,
3360 1246 3414 1293 et
3438 1238 3627 1294 dicent
3650 1251 3824 1295 omne

2209 1335 2407 1389 malum
2437 1333 2727 1389 adversum
2769 1350 2866 1389 vos
2898 1342 3119 1405 prepter
3157 1332 3445 1403 justitiam,
3477 1332 3714 1404 gaudete
3752 1341 3823 1389 οι

2209 1427 2479 1484 ettsultale
2527 1443 2541 1483 :
2594 1426 2715 1499 quia
2768 1434 2978 1483 merces
3026 1435 3207 1483 vestra
3239 1424 3405 1482 multa
3460 1434 3549 1481 est
3581 1427 3634 1482 In
3661 1426 3819 1483 oculis

2213 1518 2395 1594 (Matt.
2426 1522 2505 1581 vl.

2283 1610 2615 1685 Iniquitatem
2644 1615 2763 1671 odio
2793 1614 2973 1682 habui,
3004 1621 3051 1669 et
3078 1613 3408 1669 abominatus
3444 1624 3563 1669 sum
3595 1630 3615 1669 :
3654 1613 3827 1686 legem

2211 1720 2383 1789 autem
2415 1719 2554 1764 tuam
2578 1707 2764 1787 dilexi.
2798 1709 2932 1763 Dum
2961 1708 3298 1779 iniquitatem
3327 1708 3467 1770 odit,
3494 1718 3549 1764 et
3581 1704 3676 1763 Dei
3704 1707 3827 1775 jus-

2141 1796 2186 1866 Β
2219 1800 2388 1858 titiam
2419 1796 2596 1872 diligit
2627 1816 2641 1855 :
2677 1802 2727 1856 in
2763 1799 2955 1868 majori
2986 1813 3045 1856 se
3075 1798 3260 1854 ofﬁcio
3287 1794 3552 1866 extendit,
3586 1797 3777 1853 dicens
3800 1812 3823 1852 :

2290 1896 2490 1966 Septies
2512 1896 2565 1947 in
2589 1893 2671 1946 die
2699 1890 2909 1946 laudent
2940 1892 3049 1946 dixi
3082 1891 3173 1945 tibi
3203 1907 3398 1963 :super
3418 1888 3633 1961 judicia
3656 1888 3831 1963 justi-

2217 1989 2320 2043 tiaz.
2350 1988 2559 2057 Septies
2594 1989 2758 2042 Deum
2802 2001 2900 2056 per
2924 1984 3069 2040 diem
3104 1985 3287 2039 laudat
3318 2000 3334 2045 :
3366 1985 3494 2055 quia
3518 1998 3673 2039 mens
3701 1981 3829 2052 eius

2214 2079 2270 2134 itt
2320 2079 2478 2148 pleno
2515 2077 2803 2148 splendore
2833 2076 3130 2147 perdurans
3153 2119 3168 2143 ,
3216 2076 3282 2130 ad
3337 2076 3491 2130 illum
3525 2075 3827 2146 septimum

2216 2169 2382 2236 diem,
2431 2169 2481 2224 id
2512 2177 2592 2225 est
2623 2169 2974 2226 sabbatorum
3006 2167 3313 2236 sabbatum,
3355 2168 3447 2240 qtti
3493 2178 3577 2224 eat
3607 2167 3830 2239 requies

2218 2272 2418 2318 aeterna
2442 2307 2456 2330 ,
2489 2262 2729 2318 festinat.

2292 2355 2411 2410 Pas:
2433 2356 2598 2410 multa
2613 2354 2945 2427 diligentibus
2978 2354 3138 2427 legem
3164 2362 3329 2416 tuam.
3355 2342 3580 2410 Domine
3605 2371 3625 2410 :
3651 2363 3697 2410 et
3720 2368 3827 2411 non

2218 2460 2291 2504 est
2317 2449 2421 2504 illis
2449 2447 2774 2503 scandalum.
2804 2448 2906 2516 Qui
2941 2447 3109 2503 Deum
3133 2452 3296 2512 amat,
3333 2460 3523 2517 pacem
3556 2460 3680 2502 cum
3716 2444 3830 2501 fra-

512 2555 653 2600 tuam
684 2560 787 2599 non
833 2556 944 2597 sum
993 2541 1196 2596 oblitus.
1230 2540 1347 2594 Tibi
1382 2538 1656 2605 humilior,
1686 2550 1718 2593 tt
1765 2546 1819 2594 te
1845 2537 1980 2608 eripi
2030 2548 2119 2594 me
2220 2539 2393 2596 tribus
2422 2553 2644 2595 necesse
2675 2545 2793 2605 est,
2824 2538 3038 2593 habeat.
3072 2538 3208 2593 Nam
3240 2537 3408 2594 Deum
3456 2538 3598 2593 falso
3640 2550 3831 2594 amore

520 2639 809 2706 deprecor,
868 2646 924 2688 ut
964 2635 1202 2690 exalter:
1255 2635 1381 2704 quia
1436 2640 1647 2687 memor
1672 2644 1793 2686 sum
1828 2630 1964 2701 legis
2011 2638 2117 2685 tua:

522 2746 627 2798 qua
642 2728 824 2781 dixisti
845 2726 1049 2793 :Quise
1064 2721 1949 2793 humiliaverit,exaltabitur(Luc.
1969 2720 2111 2792 xw).

593 2819 783 2875 Judica
797 2819 1060 2893 judicium
1084 2824 1349 2875 meum.“
1382 2816 1574 2872 redime
1594 2826 1674 2871 me
1709 2833 1728 2870 :
1758 2824 1969 2885 prapter
2010 2814 2118 2868 elo-

519 2917 699 2989 quium
730 2925 872 2968 tuum
899 2913 1099 2983 viviﬁca
1120 2926 1219 2965 me.
1265 2911 1503 2967 Judicavl
1536 2925 1623 2966 me
1651 2920 1753 2977 ego
1787 2909 1919 2964 nihil
1947 2909 2116 2974 Scire,

522 3007 626 3060 nisi
669 3005 854 3061 Jesunt
884 3002 1180 3070 Christum,
1228 3004 1317 3073 qui
1361 3002 1425 3057 ad
1458 3003 1889 3070 redemptionem
1924 3000 2119 3056 mundi

519 3099 709 3153 uenire
740 3098 1044 3166 promisstts
1076 3106 1176 3148 est.
1214 3095 1370 3149 Juxta
1408 3109 1537 3165 ergo
1579 3099 1681 3149 hoc
1715 3094 1979 3165 judicium
2011 3106 2117 3164 ego

521 3204 551 3243 a
585 3199 638 3244 te
665 3188 910 3242 vit-ilices
938 3188 991 3241 in
1022 3187 1252 3257 eloquiis
1276 3187 1404 3240 tuis.

596 3281 773 3354 Longe
798 3287 871 3336 est
899 3296 931 3333 a
958 3279 1309 3350 peccatoribus
1337 3279 1480 3332 salus
1508 3292 1526 3330 ι
1557 3280 1678 3347 quia
1713 3277 2117 3349 justiﬁcationes

522 3386 641 3427 tuas
681 3388 783 3426 non
834 3372 1211 3442 exquisierunt.
1259 3370 1418 3425 Salus
1451 3380 1661 3434 nostra,
1710 3369 1965 3424 Christus
2006 3377 2113 3434 est,

520 3467 672 3535 quia
705 3460 1104 3534 negligentibus
1143 3462 1348 3517 Judtels
1396 3464 1685 3531 eluttgatnr
1719 3479 1731 3514 :
1761 3474 1826 3515 eu
1867 3459 2011 3529 quod
2064 3460 2117 3514 in

518 3554 1000 3627 iustiﬁcatiouibus
1026 3550 1160 3622 legis
1187 3564 1294 3606 non
1325 3550 1635 3621 intelligunt
1656 3549 1975 3620 figuratum.

602 3649 962 3704 Miserationes
1013 3656 1116 3700 tua:
1148 3642 1328 3697 multa:
1368 3653 1510 3707 sunt,
1566 3642 1807 3697 Domine.
1865 3641 2001 3709 Quia
2050 3641 2121 3698 de

523 3738 711 3799 multis
770 3740 1026 3812 periculis
1068 3746 1284 3795 eruunt.
1336 3735 1640 3794 Secundum
1658 3738 1924 3808 judicium
1974 3746 2120 3790 tuum

521 3836 724 3906 viviﬁca
753 3851 852 3888 mc.
884 3832 961 3889 Ne
990 3832 1298 3887 inveniatur
1326 3830 1376 3884 in
1408 3844 1493 3884 me
1520 3827 1663 3899 quod
1684 3827 1949 3898 judicium
1974 3842 2121 3883 mor-

525 3929 598 3982 tis
620 3928 889 3981 absumat.
1158 3968 1182 3974 ἰ-

605 4019 761 4073 Multi
792 4026 1165 4087 persequuntur
1208 4030 1287 4069 me
1311 4024 1359 4072 et
1381 4015 1632 4069 tribulam
1660 4027 1742 4067 me
1779 4027 1797 4066 :
1824 4028 1857 4066 a
1889 4012 2121 4067 testimos

524 4114 631 4169 niis
671 4112 774 4165 tuis
825 4122 931 4163 non
985 4108 1261 4163 declinavi.
1295 4108 1535 4164 Saeviam
1575 4105 1720 4161 odiis
1759 4121 1772 4159 :
1806 4106 2124 4174 impugnent

524 4204 741 4275 injuriis
774 4220 788 4257 :
817 4212 918 4272 ego
943 4215 973 4254 a
1006 4200 1338 4255 testimoniis
1366 4201 1475 4254 tuis
1497 4201 1702 4269 erigor,
1728 4213 1838 4252 non
1863 4197 2118 4252 inclinor.

608 4297 729 4351 Vidi
754 4312 857 4350 non
898 4301 1161 4348 servantes
1215 4302 1453 4360 pactum,
1499 4300 1547 4346 et
1593 4293 1912 4347 tabescebem
1953 4293 2125 4363 :qttia

526 4388 737 4457 eloquia
768 4396 858 4439 tua
885 4400 989 4438 non
1014 4383 1391 4437 custodiebant.
1417 4381 1639 4437 Pactum
1665 4382 1766 4438 fuit
1788 4381 1975 4437 lsrueli
1999 4389 2122 4438 eum

526 4480 662 4543 Deo,
704 4478 849 4548 quod
880 4478 1017 4533 dixit
1060 4476 1131 4530 ad
1175 4477 1397 4547 Moysen
1444 4491 1461 4531 ι
1513 4476 1705 4531 Omnia
1760 4490 2125 4549 quaecumque

2214 2630 2416 2705 diligit,
2445 2631 2534 2703 qui
2560 2631 2956 2686 scandalizatur
2981 2630 3036 2685 in
3068 2630 3255 2685 fratre.

2293 2724 2669 2798 Exspectabam
2696 2724 2923 2778 salutare
2939 2734 3103 2793 tuum,
3131 2722 3374 2787 Domine,
3392 2732 3439 2777 et
3468 2725 3716 2779 mandata
3736 2734 3832 2780 tua

2221 2818 2342 2888 feci.
2378 2817 2561 2873 Jesum
2590 2816 2878 2871 Dominum
2907 2816 3150 2870 ontnittm
3179 2816 3420 2871 salutare
3452 2826 3778 2885 exspectans
3812 2835 3831 2873 :

2222 2926 2282 2966 ea
2309 2927 2430 2982 quae
2453 2912 2504 2965 in
2541 2910 2684 2979 Lege
2711 2920 2764 2964 et
2793 2909 3071 2979 prophetis
3099 2907 3349 2962 mandata
3378 2905 3614 2972 fuerant,
3647 2909 3773 2963 feci.

2294 3003 2581 3058 ϐαδιοάὶυῆ
2607 3004 2783 3056 anima
2811 3017 2925 3055 mea
2969 3002 3263 3055 testimonia
3293 3010 3403 3067 tua,
3450 3010 3498 3055 et
3544 3003 3724 3057 dilexit
3769 3018 3835 3057 τι

2221 3097 2561 3151 vehementer.
2603 3093 2737 3150 Cum
2782 3096 3108 3151 strenuitatu
3153 3094 3417 3149 custodias
3458 3095 3691 3150 validam
3738 3096 3832 3151 di-

2147 3180 2194 3254 C
2224 3188 2513 3245 lectionem
2536 3188 2808 3256 apposuit.

2294 3279 2507 3336 Servavi
2540 3290 2795 3350 praecepta
2838 3286 2927 3332 tua
2971 3287 3018 3332 et
3060 3279 3351 3334 testimttnia
3381 3287 3472 3333 ltro
3500 3295 3517 3332 :
3549 3280 3674 3351 quia
3709 3293 3833 3333 onl-

2221 3389 2311 3427 nes
2340 3373 2436 3427 vite
2459 3384 2585 3426 mea:
2613 3384 2789 3424 coram
2819 3378 2884 3431 te.
2920 3366 3162 3425 Domine.
3197 3370 3393 3428 Servat
3434 3384 3703 3440 praecepta
3749 3379 3837 3427 te-

2222 3466 2602 3536 stimoniaque,
2647 3466 2737 3534 qui
2770 3466 2882 3520 vias
2916 3466 3008 3521 Del
3041 3466 3277 3522 Incedit:
3314 3480 3415 3520 nec
3445 3466 3738 3535 quidquam
3774 3466 3834 3520 in

2222 3567 2367 3624 netu,
2399 3558 2569 3622 dioto,
2601 3558 2684 3612 vel
2730 3554 2967 3627 cogitatu
2997 3558 3129 3629 agit,
3170 3558 3316 3629 quod
3344 3557 3545 3613 divina:
3577 3565 3829 3613 contem-

2223 3646 2449 3719 plationi
2480 3635 2744 3705 habeatur
2768 3649 3067 3719 indignum.

2853 3789 2859 3795 .
2957 3756 3084 3796 τΑυ.

2294 3836 2682 3907 Αρρνοῃὶπηαει
2713 3836 2882 3891 oratio
2898 3851 3011 3891 mea
3038 3837 3095 3890 in
3125 3844 3402 3905 conspectu
3427 3844 3539 3904 tuo,
3566 3835 3832 3905 Domine;

2222 3928 2505 3981 secundum
2533 3926 2793 3994 eloquium
2823 3937 2968 3981 tuum
3006 3927 3078 3981 da
3106 3927 3233 3981 mihi
3263 3928 3605 3982 intellectum.
3639 3928 3835 3983 Proxi-

2227 4032 2368 4076 mam
2413 4020 2508 4075 tibi
2542 4021 2656 4076 lteri
2685 4021 2986 4076 orationem
3044 4034 3218 4075 meam
3249 4016 3543 4089 deprecor,
3578 4020 3831 4085 Domino,

2227 4124 2286 4171 ut
2329 4129 2358 4168 a
2404 4125 2458 4171 te
2489 4114 2825 4172 intellectum
2858 4114 3099 4186 capiens,
3157 4113 3289 4169 nihil
3336 4113 3483 4170 aliud
3536 4113 3639 4170 nisi
3684 4114 3833 4185 quod

2226 4216 2443 4278 Oportet
2469 4218 2716 4264 exorem.

2300 4298 2533 4353 Introeat
2565 4299 2851 4367 postulatio
2889 4314 3003 4354 mea
3028 4300 3083 4354 in
3107 4309 3383 4368 conspectu
3415 4310 3524 4367 tuo,
3559 4299 3783 4355 Domine
3811 4315 3832 4355 :

2226 4390 2511 4445 secundum
2548 4393 2807 4461 eloquium
2833 4401 2981 4445 tuum
3008 4393 3145 4465 eripe
3173 4409 3274 4447 ms.
3302 4392 3370 4449 Ut
3395 4407 3515 4449 eam
3545 4406 3645 4465 per
3690 4393 3835 4448 ode.

2229 4498 2344 4539 rem
2374 4485 2426 4539 in
2459 4492 2622 4539 nocte
2650 4484 2811 4554 hujus
2839 4484 2968 4540 vitae
2987 4484 3276 4555 dignanter
3296 4498 3602 4549 assumens,
3627 4485 3700 4540 ab
3728 4484 3837 4541 hoc

522 4574 731 4629 dixerit
784 4564 1068 4636 οοιῐιίηιις,
1125 4567 1391 4649 “ﬂemus
1424 4568 1622 4640 (Εποάο
1678 4571 1853 4639 XXIV).
1912 4571 2020 4625 Sed
2068 4580 2123 4626 αι
2150 4574 2581 4647 Dcorruptlone
2607 4577 3066 4649 concupiscentia:
3095 4577 3330 4633 carnalis
3358 4578 3645 4648 eripiatur.

522 4680 669 4721 nunc
700 4679 798 4718 nos
829 4646 1221 4733 paciscimurin
1253 4660 1544 4730 baptismo,
1578 4668 1641 4715 ut
1677 4660 2123 4717 ahreuuntiemus

2303 4668 2624 4723 Eructatunt
2672 4668 2812 4723 labia
2852 4685 2963 4725 meo
2992 4668 3240 4743 hymnum
3270 4684 3290 4722 :
3320 4682 3438 4724 cum
3477 4669 3715 4723 docueris
3749 4685 3838 4728 nu

519 4757 741 4813 diabolo
769 4760 825 4811 et
850 4755 1109 4826 operibus
1137 4754 1275 4825 ejus.
1314 4755 1419 4809 Pro
1448 4754 1948 4825 trsnsgressorihus
1991 4770 2124 4826 ergo
2219 4763 2623 4835 justiﬂcationes
2649 4770 2784 4817 tuas.
2812 4761 2869 4819 Si
2909 4778 3007 4834 per
3034 4772 3223 4833 puram
3253 4763 3649 4818 conscientiam
3678 4772 3837 4817 rese-

521 4852 687 4921 hujus
709 4850 850 4920 pacti
896 4848 1155 4920 propheta
1189 4849 1433 4904 tabescit.
1461 4849 1529 4903 Et
1549 4848 1748 4903 Paulus
1769 4848 2119 4920 quidieebat:

519 4946 656 5013 Quis
687 4944 879 5007 uritur,
907 4954 965 4999 et
992 4958 1093 5014 ego
1123 4958 1230 4997 non
1258 4956 1389 4997 uror
1410 4941 1480 5015 (ll
1507 4941 1628 4997 Cor.
1659 4940 1781 5013 at)?

606 5037 736 5092 Vide
752 5038 876 5107 quia
892 5037 1141 5090 mandata
1168 5046 1257 5089 tua
1283 5033 1467 5101 dilexi,
1509 5032 1731 5088 Domine
1756 5050 1773 5088 :
1804 5036 1858 5090 in
1904 5044 1993 5090 tua
2021 5036 2122 5091 mi-

523 5130 811 5186 sericordia
836 5128 1036 5199 oioiﬁoa
1052 5143 1155 5183 use.
1186 5127 1382 5183 Diloxit
1410 5136 1473 5183 ea
1496 5145 1507 5179 :
1532 5142 1638 5183 non
1666 5143 1762 5199 per
1778 5139 2004 5195 metum,
2024 5129 2121 5184 sed

517 5237 622 5295 per
637 5223 796 5278 bona
809 5221 1106 5278 voluntatis
1125 5219 1407 5277 affectum.
1429 5220 1558 5278 Ideo
1580 5236 1645 5279 se
1668 5221 1725 5278 in
1745 5221 1831 5277 his
1853 5223 2120 5280 viviﬁcari

516 5314 788 5385 deposcit.

592 5406 915 5479 Principium
930 5405 1203 5462 uerborum
1228 5414 1434 5461 tuorum
1456 5405 1740 5463 seritalet
1764 5422 1936 5464 novus
1954 5407 2121 5463 homo

511 5508 739 5558 renatus
769 5501 823 5553 in
851 5497 1069 5554 Christo
1094 5498 1258 5553 vivat.
1294 5496 1362 5552 Et
1381 5499 1436 5552 in
1455 5501 1894 5555 wtsrnumomm'a
1907 5499 2117 5573 judicia

505 5595 736 5664 justitiw
762 5603 883 5653 tute.
907 5589 977 5649 Ut
994 5592 1254 5662 deinceps
1277 5608 1613 5665 cognoscens
1639 5608 1700 5650 se
1728 5596 1795 5650 ad
1823 5597 2113 5667 Imaginem

511 5684 1032 5755 similitudinemque
1060 5684 1160 5740 Dei
1185 5695 1448 5752 creatum,
1480 5687 1617 5742 nihil
1644 5687 1866 5757 iudiciis
1891 5703 1956 5743 ac
1990 5687 2106 5757 jus-

512 5776 648 5835 titiis
672 5777 793 5848 ejus
816 5784 969 5849 gerat
1009 5775 1311 5849 indignum.

504 6316 589 6323 ___.
636 6308 869 6323 _._.———--:

2160 4925 2168 4933 _
2227 4867 2345 4912 rata
2374 4856 2578 4912 fuerint
2605 4866 2638 4911 u
2666 4866 2719 4913 te
2746 4857 2886 4914 labia
2916 4871 3061 4924 mea,
3080 4856 3220 4912 tunc
3244 4859 3468 4929 dignum
3501 4857 3837 4915 laudationis

2229 4949 2504 5020 proferam
2551 4949 2858 5021 hymnum:
2903 4964 3062 5021 quem
3108 4962 3140 5005 a
3192 4949 3297 5006 tuis
3337 4949 3837 5018 justificationibls

2228 5043 2467 5099 imbutus
2492 5045 2744 5099 edoceor.

2298 5132 2669 5192 Prmntiabit
2696 5137 2875 5209 lingua
2904 5150 3019 5192 mea
3047 5136 3254 5209 eloquia
3277 5145 3387 5203 tuo,
3427 5137 3554 5206 quia
3579 5135 3834 5193 mandata

2225 5238 2317 5284 tuo
2340 5231 2573 5300 aequitas.
2608 5226 2751 5285 Nihil
2779 5237 2866 5283 est
2882 5226 3028 5285 aliud
3058 5229 3116 5284 in
3141 5229 3375 5299 eloquiis
3405 5229 3535 5292 tuis,
3571 5227 3829 5301 Damius,

2226 5323 2328 5378 nisi
2357 5338 2479 5393 pax,
2512 5324 2614 5377 nisi
2648 5322 2897 5392 aquitas,
2932 5322 3036 5376 nisi
3068 5322 3199 5377 vita.
3232 5318 3348 5376 Hoc
3382 5320 3553 5377 corde
3578 5321 3828 5389 (πύσει,

2226 5413 2332 5469 hoc
2361 5414 2521 5469 labiis
2546 5414 2790 5484 eloquar,
2823 5413 2926 5468 hoc
2947 5413 3124 5485 lingua
3158 5412 3524 5481 pronuntiem.

2297 5504 2423 5562 Fiat
2467 5518 2653 5562 manus
2680 5517 2789 5577 tua,
2822 5517 2878 5563 ut
2924 5508 3086 5563 soluet
3122 5520 3201 5561 me
3232 5507 3523 5580 ignauiam
3572 5507 3828 5563 mandate

2220 5610 2311 5654 tuo
2330 5599 2482 5670 elegi.
2507 5595 2641 5654 Cum
2669 5599 2800 5654 dicit
2831 5617 2843 5652 2
2864 5596 2990 5652 Fiat
3015 5608 3202 5652 manus
3218 5598 3331 5663 tu,
3359 5595 3616 5668 designat
3640 5598 3827 5653 Donat-

2217 5706 2346 5745 num
2378 5690 2740 5755 Salvatorem,
2771 5692 2862 5761 qui
2905 5689 3086 5745 factus
3115 5698 3197 5744 est
3229 5688 3279 5744 ei
3303 5703 3367 5745 ex
3400 5688 3613 5745 semine
3636 5689 3822 5749 David

2210 5782 2513 5842 securium:
2542 5796 2786 5852 carnem
2813 5795 2909 5856 per
2937 5788 3100 5853 quem
3124 5778 3272 5840 facta
3291 5786 3427 5842 sunt
3448 5780 3739 5856 universa,
3764 5792 3820 5841 et
