3992 6310
198 292 354 349 1203

188 497 450 553 Postulat
479 506 660 553 autem
681 499 870 554 venire
899 500 1263 569 Salvatorcm,
1290 516 1397 571 per
1425 518 1585 572 quem
1618 516 1679 559 se
1709 513 1808 558 no-

190 601 361 647 verat
404 591 748 646 Salvandum.
779 592 934 660 Quod
962 600 1141 647 autem
1170 592 1303 647 dicit
1332 608 1346 647 :
1372 596 1506 665 elegi
1535 596 1800 664 mandata,

187 687 385 743 omnia
434 701 496 742 sc
542 687 782 758 pericula
834 700 1021 742 amore
1040 686 1261 742 Domini
1312 688 1685 758 postposuisse
1725 698 1807 745 te-

187 787 403 835 statur.

271 870 561 944 Concupivi
586 871 817 927 salutare
846 880 1014 939 tuum,
1042 869 1266 928 Domine
1285 915 1299 939 ,
1331 883 1379 927 et
1408 874 1496 928 tea:
1522 883 1613 928 tua
1636 875 1804 928 medi-

186 969 331 1020 tatio
366 981 481 1020 mea
508 972 606 1031 est.
636 966 814 1037 Ipsum
845 967 1032 1023 videre
1075 968 1517 1039 concupiveram,
1543 978 1703 1039 quem
1735 967 1804 1023 de

188 1066 361 1114 utero
388 1058 641 1130 virginali
671 1059 780 1114 illis
798 1059 975 1114 adhuc
1005 1060 1338 1130 temporibus
1359 1061 1651 1116 credebam
1681 1074 1804 1116 esse

184 1159 515 1207 venturum.
537 1151 605 1206 Et
623 1159 685 1206 ut
708 1152 810 1207 sibi
841 1151 977 1206 banc
1003 1151 1286 1207 scientiam
1308 1152 1377 1208 de
1402 1151 1702 1222 Scripturis
1721 1154 1802 1208 di-

186 1245 345 1299 vinis
389 1245 709 1313 provenisse
760 1253 1107 1307 monstraret,
1137 1245 1383 1316 sequitur
1415 1262 1429 1298 :
1467 1246 1532 1299 Et
1580 1246 1666 1301 lea:
1710 1255 1801 1300 tua

186 1338 468 1393 meditatio
523 1355 636 1393 mea
664 1348 760 1393 est.
814 1339 870 1393 In
927 1340 1209 1410 prophetis
1240 1341 1384 1395 enim
1415 1340 1801 1409 concupiverat

187 1429 476 1487 Christum
504 1432 789 1487 Dominum
821 1431 1160 1488 nasciturum
1195 1451 1206 1486 :
1232 1432 1300 1490 de
1328 1448 1436 1504 quo
1459 1434 1572 1491 Lex
1597 1446 1653 1493 et
1674 1452 1800 1509 pro-

186 1524 381 1596 phetze
409 1525 793 1595 loquebantur.

277 1615 423 1671 Vivet
449 1619 625 1671 anima
664 1634 798 1686 mea,
832 1626 879 1672 et
912 1618 1143 1675 laudabit
1173 1630 1241 1690 te,
1266 1632 1315 1678 et
1330 1620 1540 1698 judicia
1568 1634 1657 1679 tua
1682 1625 1792 1679 ad-

174 1710 447 1782 iuvabunt
477 1726 580 1765 me.
612 1710 881 1780 Absorpta
914 1720 1144 1768 terrenae
1174 1716 1536 1786 corruptionis
1567 1716 1797 1772 inﬁrmi-

1126 288 1557 354 BREVIARIUM
1597 297 1664 355 IN
1705 294 2041 354 ΡεΑυωε..
2082 294 2335 354 ‘PSALM.
2376 294 2540 353 CXX.

188 412 489 475 reguntur.
525 403 744 461 Manum
775 405 864 460 hic
893 405 1157 462 debemus
1195 409 1481 465 dexteram
1533 411 1798 493 accipere.
1835 412 1876 470 Α

3367 300 3505 357 ηοθ

1980 409 2202 483 Sagitta:
2253 414 2475 480 potentis
2528 422 2698 467 acutis
2745 430 2863 468 cunt
2899 415 3207 469 carbonibus
3249 415 3506 471 desolato-

1906 502 2021 556 riis.
2054 500 2159 556 Pro
2203 502 2529 556 desolatoriis
2559 505 2867 559 carbonibus
2912 507 2964 559 in
2998 505 3229 561 ilebrao
3255 508 3504 584 ἀρκευθί-

1904 613 2010 658 ut;
2036 594 2221 649 habet.
2255 595 2624 650 Desolstorem
2658 606 2787 663 puto
2817 606 2872 652 et
2900 597 2956 651 in
2982 596 3118 653 lsaia
3155 612 3282 654 esse
3303 598 3501 654 carbo-

1905 700 2055 752 nem,
2084 686 2173 756 qui
2201 685 2270 741 ad
2297 686 2433 740 labia
2461 686 2578 757 ejus
2619 688 2863 744 delet-tur
2891 689 3046 761 (lsai.
3081 687 3179 761 vt),
3216 698 3273 744 ut
3305 698 3503 762 purget

1904 775 2030 830 vitia
2072 790 2193 844 quae
2242 775 2541 847 loquendo,
2571 779 2688 834 sive
2734 779 2937 849 optima
2984 794 3212 850 quisque
3240 781 3498 850 tacendo,

1904 875 2271 925 contraxerat.
2303 870 2370 925 Et
2399 870 2487 925 hic
2513 872 2700 941 itaque
2729 874 3022 928 carbonem
3049 873 3279 929 similem
3303 873 3504 944 depre-

1903 969 2059 1016 catur
2089 979 2101 1013 :
2125 969 2185 1015 ut
2228 960 2387 1017 detur
2414 965 2465 1017 ei
2494 963 2659 1018 carbo
2687 963 2756 1020 de
2783 965 2982 1020 altario
3008 965 3128 1032 Dei,
3177 968 3266 1036 qui
3295 966 3348 1022 in
3376 966 3499 1035 ejus

1904 1050 2084 1118 labiis,
2118 1062 2457 1119 peccatorum
2480 1054 2830 1111 solitudinem
2852 1056 3041 1123 faciat,
3074 1057 3126 1113 id
3149 1067 3268 1125 est,
3290 1073 3319 1112 a
3352 1060 3499 1115 vitiis

1902 1159 2026 1200 eum
2056 1154 2275 1213 prasstet
2296 1147 2555 1204 alienum.

1974 1236 2096 1291 Heu
2120 1238 2268 1307 mihi,
2291 1241 2414 1309 quia
2439 1240 2693 1297 incolotus
2718 1256 2860 1298 meus
2881 1243 3217 1316 prolongatus
3247 1254 3344 1300 est.
3386 1244 3493 1300 Cu-

1895 1328 1987 1399 jus
2004 1333 2351 1387 conversatio
2380 1333 2433 1387 in
2462 1335 2614 1389 oculis
2637 1344 2743 1401 est,
2771 1336 3145 1405 peregrinatur
3165 1335 3217 1390 in
3240 1338 3347 1391 hoc
3372 1352 3497 1392 cor-

1900 1437 2052 1493 pore,
2085 1432 2139 1477 et
2161 1425 2275 1478 haec
2297 1426 2657 1495 peregrinatio
2677 1427 2833 1496 longa
2854 1427 2904 1480 ei
2931 1427 3166 1497 videtur,
3200 1429 3322 1498 quia
3343 1428 3487 1499 quod

1898 1517 2136 1585 suscepit
2159 1533 2255 1585 per
2280 1532 2453 1587 spem,
2484 1535 2590 1574 non
2614 1520 3007 1588 contemplatur
3031 1522 3083 1575 in
3113 1523 3315 1591 specie.
3340 1522 3491 1578 Ideo-

1898 1625 2005 1681 que
2034 1610 2188 1680 quasi
2210 1612 2442 1666 triticum
2469 1613 2613 1666 inter
2636 1612 2821 1681 paleas
2846 1627 3069 1685 gemens
3095 1614 3169 1667 ait
3202 1631 3216 1673 :
3257 1612 3492 1670 Habitari

1898 1721 2014 1759 cum
2036 1704 2377 1759 habitantibus
2402 1702 2589 1759 Cedar.
2608 1702 2784 1762 Cedar
2808 1709 3026 1761 tenebris
3044 1704 3490 1779 interpretantur.

187 1810 329 1869 tate,
356 1805 540 1860 vivere
569 1818 628 1860 se
661 1805 952 1860 conﬁtetur
984 1806 1116 1873 Deo,
1160 1821 1256 1878 per
1295 1808 1623 1880 adjutorium
1648 1809 1785 1879 judi.
1821 1798 1867 1865 Β
1897 1796 2111 1852 Habitat
2132 1812 2260 1867 ergo
2291 1799 2392 1852 iste
2416 1813 2540 1852 cum
2566 1796 2934 1854 habitantibus
2960 1798 3236 1865 tenebras,
3258 1798 3354 1857 sed
3385 1814 3490 1855 non

184 1895 408 1953 ciorum
439 1896 577 1967 ejus.

267 1988 455 2042 Erravi
474 1988 605 2043 sicut
624 1990 732 2045 ovis
749 2006 867 2061 qua:
898 1990 1141 2064 perierat,
1165 1993 1366 2063 require
1397 2008 1598 2048 servum
1621 2000 1787 2061 tuum,

183 2082 316 2153 quia
345 2081 588 2159 mandata
618 2090 707 2135 tua
730 2096 835 2136 non
860 2099 972 2137 sunt
993 2082 1201 2138 oblitus.
1228 2082 1441 2153 Fuisse,
1472 2092 1526 2139 et
1544 2086 1654 2154 jant
1680 2097 1789 2140 non

182 2183 337 2237 esse,
367 2185 522 2226 ovem
552 2170 917 2226 errabundum
961 2170 1131 2228 dicit:
1158 2173 1423 2243 reportari
1451 2186 1511 2228 se
1552 2173 1788 2242 pastoris

183 2265 437 2320 humeris
480 2263 801 2335 deprecatur
832 2282 842 2315 ε
879 2271 936 2318 ιιι
966 2279 1112 2319 nunc
1139 2265 1346 2335 angelis
1373 2263 1444 2321 de
1471 2278 1569 2320 sua
1600 2266 1788 2320 inven-

182 2360 337 2414 tione
387 2356 580 2429 gaudia
636 2357 961 2412 tribuantur.
1003 2357 1266 2413 Dominus
1314 2367 1494 2411 autem
1548 2372 1653 2411 non
1701 2367 1787 2413 est

180 2451 412 2517 missus,
444 2449 550 2505 nisi
576 2448 644 2504 ad
694 2463 824 2505 oves
870 2464 989 2519 qua:
1042 2450 1318 2519 perierunt
1373 2449 1568 2505 domus
1619 2449 1783 2507 Israel

176 2540 370 2614 (Matt.
399 2542 513 2610 sv).
546 2539 721 2607 Quem
756 2540 1029 2611 supplices
1054 2541 1434 2611 deprecamur,
1465 2552 1522 2595 ut
1550 2541 1783 2610 judicio-

176 2648 301 2690 rum
323 2634 443 2700 ejus
465 2631 719 2701 factores,
750 2633 1125 2687 mandatorum
1149 2630 1422 2697 custodes,
1450 2631 1782 2687 testimonio-

174 2741 411 2797 rumque
427 2733 760 2782 scrutatores
781 2724 982 2794 eﬂ‘ecti,
1018 2736 1231 2795 reperta
1258 2726 1466 2797 perdita
1490 2740 1597 2782 ove
1623 2725 1774 2797 (Luc.

172 2820 295 2891 xv),
326 2818 591 2874 industria
613 2818 828 2890 benigni
858 2820 1090 2889 pastoris
1116 2820 1362 2875 restituta
1394 2819 1778 2876 Ecclesiastico

170 2912 311 2969 ovili
338 2953 350 2973 .
390 2912 563 2966 sacris
590 2912 711 2982 ejus
742 2913 985 2968 humeris
1014 2914 1298 2984 reportati,
1327 2924 1641 2968 sanctorum
1673 2924 1775 2968 an-

167 3007 432 3079 gelorum
463 3019 769 3062 mereamur
808 3007 1096 3062 consortiis
1147 3006 1368 3077 gloriari
1405 3023 1419 3060 :
1452 3006 1553 3076 ipsi
1601 3008 1775 3078 gloria

165 3112 298 3157 cum
342 3108 551 3154 aeterno
578 3098 738 3154 Patre
785 3109 839 3156 et
868 3099 1070 3171 Spiritu
1101 3107 1294 3155 sancto
1338 3099 1391 3154 in
1437 3108 1632 3154 cuncta
1671 3114 1775 3155 sa-

163 3193 297 3250 cula
328 3191 674 3248 smeulorum.
708 3195 900 3248 Amen.

699 3322 1020 3384 PSALMUS
1058 3322 1249 3381 CXIX.

159 3444 441 3515 Canticum
467 3441 746 3515 graduum.
777 3438 1095 3515 Quindecim
1122 3437 1388 3507 graduum
1423 3436 1623 3515 Psalmi
1677 3452 1773 3515 per

242 3509 507 3585 quosdam
556 3520 848 3585 provectus
878 3525 977 3565 nos
1006 3509 1071 3585 ad
1105 3524 1370 3585 summam
1420 3509 1726 3585 perducunt
1754 3525 1767 3563 :

242 3578 304 3641 ut
352 3582 407 3640 in
447 3578 596 3639 atriis
633 3581 844 3637 Domini
886 3583 1156 3651 possimus
1182 3580 1364 3651 dicere
1408 3597 1431 3651 εγ
1456 3578 1595 3633 Ecce
1628 3590 1771 3651 nunc

240 3656 550 3712 henedicite
606 3650 924 3718 Dominum,
971 3666 1162 3706 omnes
1216 3650 1358 3705 servi
1416 3650 1664 3714 Domini,
1715 3650 1769 3705 in

241 3730 398 3783 atriis
422 3728 618 3782 domus
651 3724 748 3779 Dei
773 3726 888 3794 ejus
941 3722 1118 3794 (Psal.
1165 3720 1413 3793 ouant).
1468 3721 1536 3776 Et
1584 3726 1707 3791 quia
1740 3738 1769 3775 a

243 3800 515 3870 plerisque
542 3796 817 3870 super__his
846 3797 1457 3870 latissimedisputatum
1490 3806 1607 3849 est:
1637 3797 1770 3850 stul-

242 3864 355 3926 ium
384 3864 469 3927 est
498 3864 662 3938 parva
688 3864 872 3923 dicere
904 3864 1041 3921 velle
1072 3878 1172 3936 pro
1204 3867 1432 3935 magnis.

241 4030 323 4084 Ad
354 4028 641 4084 Dominum
667 4044 783 4083 cum
811 4028 1093 4084 tribularer
1133 4030 1373 4097 clamavi,
1422 4036 1469 4084 st
1509 4028 1773 4083 multivii

162 4138 272 4177 nte.
308 4120 445 4177 Tres
475 4136 562 4177 res
584 4122 638 4176 in
672 4134 781 4176 uno
800 4122 1074 4178 versiculo
1104 4122 1367 4177 velociter
1389 4122 1767 4191 explicantur:

165 4216 449 4287 angustia,
483 4222 692 4284 preces,
725 4215 1008 4271 exauditio
1042 4231 1054 4267 :
1086 4219 1212 4286 quia
1254 4228 1415 4270 nemo
1459 4215 1767 4284 tribulatur,

167 4308 275 4364 nisi
309 4307 402 4378 qui
422 4307 604 4363 vivere
638 4307 691 4362 in
712 4304 933 4363 Christo
954 4306 1039 4377 pie
1064 4306 1357 4363 desiderat.
1377 4305 1605 4376 Oportet
1636 4316 1770 4377 ergo

168 4410 231 4460 ut
280 4417 388 4457 non
418 4414 611 4457 vocum
657 4401 913 4469 elatione,
947 4401 1044 4458 sed
1081 4401 1263 4456 cordis
1310 4402 1614 4459 humilitate
1642 4412 1773 4472 pro—

170 4496 471 4553 clamemus
498 4496 564 4552 ad
591 4494 917 4562 Dominum,
937 4496 982 4552 si
1012 4496 1263 4568 cupimus
1290 4496 1562 4552 exaudiri.

1900 1888 2221 1943 obscuratur
2247 1903 2278 1942 a
2310 1889 2550 1945 tenebris
2589 1906 2603 1942 :
2636 1890 2777 1944 sicut
2806 1888 2898 1944 lux
2948 1890 3094 1945 lucet
3138 1891 3192 1944 in
3225 1891 3484 1961 tenebris,

1893 1985 1948 2033 et
1972 1978 2209 2033 tenebrat
2225 1990 2344 2033 eam
2372 1993 2475 2033 non
2494 1979 3023 2048 comprehenderunt
3050 1978 3232 2049 (Joan.
3260 1982 3324 2051 l).
3348 1978 3486 2038 Hui-

1893 2079 2001 2124 tum
2026 2071 2196 2124 incola
2234 2071 2332 2142 fuit
2372 2073 2551 2125 animo
2592 2087 2726 2127 mea.
2762 2070 3151 2129 Desiderabatn
3189 2073 3334 2128 enim
3374 2074 3488 2129 dis-

1890 2161 2026 2217 solvi
2054 2170 2109 2217 et
2134 2176 2257 2219 esse
2283 2178 2410 2219 cum
2441 2164 2686 2219 Christo.

1960 2254 2092 2310 Cum
2115 2256 2195 2309 Itis
2206 2257 2295 2327 qui
2323 2255 2544 2310 oderunt
2562 2271 2762 2324 pacem,
2787 2270 2929 2310 erant
2950 2257 3220 2328 paciﬁcus.
3252 2258 3488 2328 impleas

1888 2346 2021 2402 illud
2052 2348 2297 2416 Apostoli
2324 2364 2337 2402 :
2363 2346 2424 2403 Si
2453 2347 2712 2417 possibile
2741 2356 2847 2414 est,
2878 2358 3001 2403 cum
3032 2350 3286 2405 omnibus
3314 2351 3488 2405 homi-

1888 2442 2046 2496 nibus
2076 2454 2263 2510 pacem
2290 2440 2554 2497 habentes
2582 2439 2850 2511 (Philipp.
2881 2455 2924 2504 ι.
2956 2451 3003 2495 ct
3034 2440 3187 2496 Rom.
3234 2442 3354 2513 su).
3390 2443 3488 2497 Est

1886 2549 2017 2604 ergo
2040 2549 2162 2588 cum
2185 2533 2487 2589 odienlibus
2516 2549 2705 2603 pacem
2731 2553 2746 2588 :
2778 2534 3037 2605 paciﬁcus
3062 2535 3289 2602 idcirco,
3319 2546 3377 2591 ut
3401 2538 3487 2593 eis

1885 2638 2071 2694 pacem
2117 2624 2344 2679 liberius
2397 2624 2738 2695 prmdicaret.
2799 2624 3025 2680 Etcum
3074 2626 3321 2697 loquebar
3349 2626 3481 2694 illis,

1882 2717 2256 2787 impugnabant
2287 2732 2364 2771 ms
2391 2716 2577 2788 gratis.
2611 2717 2706 2771 ille
2736 2717 3094 2774 annuntiabat
3126 2734 3350 2788 pacem;
3383 2721 3480 2774 sed

1881 2809 2034 2878 pacis
2062 2808 2264 2862 inimici
2291 2822 2398 2863 non
2427 2808 2601 2863 solum
2624 2823 2746 2863 eam
2777 2823 2883 2863 non
2908 2809 3266 2879 recipiebant,
3292 2825 3481 2866 verum

1881 2902 2046 2957 etiam
2082 2902 2255 2968 ipsum
2298 2901 2713 2969 praedicatorem
2747 2903 2917 2971 pacis,
2950 2904 3065 2958 suis
3094 2904 3351 2974 nequitiis
3378 2904 3479 2959 im-

1882 2992 2213 3063 pugnabant.

2408 3083 2727 3142 PSALMUS
2767 3084 2932 3140 CXX.

1798 3184 1847 3254 (ζ
1881 3181 2147 3236 Canticum
2172 3180 2448 3254 graduum.
2476 3178 2581 3254 Iste
2603 3178 2847 3254 psalmus
2869 3177 3161 3254 secundam
3191 3178 3477 3254 ascensio-

1951 3268 2072 3306 nem
2123 3246 2397 3315 continet,
2446 3246 2616 3318 cujus
2650 3250 2837 3304 titulus
2867 3259 2953 3320 est
2996 3265 3009 3302 :
3050 3246 3322 3320 Canticum
3352 3266 3476 3320 gra-

1948 3327 2128 3376 duum.
2163 3322 2347 3375 Plures
2388 3316 2532 3390 enim
2566 3328 2713 3385 sunt,
2762 3316 3127 3389 signiﬁcantes
3158 3316 3239 3390 (ut
3262 3316 3372 3389 jam
3420 3322 3470 3390 in

1947 3395 2122 3464 primo
2161 3406 2351 3464 eorum
2392 3389 2643 3460 audistis)
2666 3402 2955 3464 ascensum
2986 3389 3255 3464 nostrum,
3277 3390 3383 3464 qui
3416 3389 3476 3444 lit

1948 3461 2000 3519 in
2028 3464 2192 3519 corde
2221 3464 2284 3517 ad
2316 3462 2509 3529 Deum,
2548 3478 2576 3513 a
2619 3462 2872 3517 convalle
2900 3461 3242 3531 plorationis,
3276 3462 3328 3515 id
3354 3468 3471 3526 est,

1948 3535 2016 3590 ab
2045 3534 2349 3589 humilitate
2377 3532 2876 3588 contribulationis.

1947 3672 2132 3728 Levavi
2168 3673 2345 3727 oculos
2383 3684 2521 3727 meos
2568 3673 2637 3727 ad
2664 3679 2882 3727 montes.
2934 3668 3257 3742 Spirituales
3288 3671 3474 3742 utique

1873 3765 2061 3823 oculos
2086 3764 2249 3821 extuli
2273 3762 2339 3820 ad
2371 3762 2591 3821 excelsa
2614 3762 2874 3820 librorum
2905 3782 2919 3819 :
2949 3762 3342 3836 Prophetarum
3368 3765 3473 3820 scl-

1871 3856 1999 3914 licet
2029 3868 2093 3914 ac
2112 3857 2289 3927 Legis.
2325 3854 2472 3912 Unde
2501 3857 2662 3911 veniet
2689 3854 2944 3911 auxilium
2990 3856 3135 3910 mihi.
3178 3851 3337 3913 Unde
3368 3855 3472 3910 θοι
3500 3873 3505 3878 ’

1874 3951 2077 4005 minum
2110 3948 2485 4003 auxiliatorem
2512 3950 2750 4003 omnium
2782 3947 2973 4004 venire
3003 3947 3260 4020 suspicio.

1946 4036 2209 4095 Auxilium
2237 4056 2406 4095 meum
2427 4054 2459 4094 a
2481 4036 2703 4094 Domino
2725 4041 2813 4110 qui
2835 4040 2953 4109 fecit
2974 4039 3159 4095 caelum
3184 4050 3233 4095 ct
3257 4048 3466 4095 terram.

1872 4130 1957 4189 Ab
1986 4132 2104 4204 ipso
2126 4132 2383 4190 auxilium
2422 4132 2724 4202 priestolor,
2752 4146 2849 4204 per
2889 4148 3051 4204 quem
3087 4130 3245 4189 Pater
3269 4133 3468 4191 caelum

1874 4233 2181 4299 terramque
2211 4226 2430 4283 locavit.
2460 4224 2598 4282 Hinc
2639 4223 2748 4296 jam
2794 4238 2893 4296 pro
2923 4224 3028 4282 llde
3056 4240 3150 4281 sua
3174 4227 3261 4281 vir
3290 4225 3394 4281 iste
3440 4240 3471 4281 a

1875 4317 2078 4390 Spiritu
2102 4327 2303 4391 sancto
2329 4332 2652 4390 responsum
2685 4315 2897 4390 accepit
2920 4316 3337 4375 consolationis.
3382 4318 3473 4374 Ait

1873 4410 2017 4467 enim
2056 4430 2068 4466 :

1950 4501 2073 4557 Non
2100 4503 2183 4559 det
2210 4502 2265 4558 in
2305 4507 2696 4559 commotionem
2720 4504 2901 4576 pedem
2939 4512 3100 4558 tuum.
3132 4498 3248 4559 Non
3274 4502 3473 4575 patitur

241 4588 484 4657 Domine,
517 4588 679 4643 libera
708 4588 935 4643 animum
953 4604 1119 4643 meam
1141 4607 1172 4644 α
1202 4587 1353 4643 labiis
1379 4587 1590 4659 iniquis.
1618 4587 1769 4644 AJu-
1796 4575 1849 4637 Ι)
1878 4608 2160 4651 removere
2189 4592 2565 4661 stabilitatem,
2598 4575 2787 4665 quain
2815 4609 2882 4649 eo
2913 4592 3158 4651 ﬁrmatus
3183 4606 3263 4650 es.
3291 4594 3475 4665 Neque

169 4679 327 4747 datis,
375 4682 466 4752 qni
496 4680 773 4737 Christum
806 4681 1092 4736 Dominum
1126 4695 1233 4737 non
1265 4680 1440 4736 solum
1492 4694 1597 4735 non
1647 4695 1767 4735 cre-

170 4775 326 4843 dunt,
362 4775 459 4831 sed
490 4776 654 4832 etiam
687 4773 976 4830 immundis
1030 4775 1188 4831 labiis
1238 4774 1618 4844 blasphemare
1659 4786 1769 4829 non

169 4876 441 4924 metuunt.
479 4866 545 4922 Et
591 4884 624 4922 a
655 4866 835 4940 lingua
878 4867 1083 4922 dolosa.
1118 4867 1203 4924 Ab
1254 4867 1637 4924 hmreticorum
1666 4866 1768 4921 dn-

171 4963 379 5030 ctrina,
413 4962 504 5034 qui
536 4975 639 5019 nos
680 4977 710 5018 a
761 4972 906 5019 recta
960 4962 1082 5018 lidci
1137 4961 1283 5018 linea
1338 4962 1628 5018 exturbare
1681 4960 1769 5016 ni-

171 5064 376 5113 tunlur.

243 5150 385 5221 Quid
405 5151 555 5206 detur
587 5152 699 5221 tibi,
732 5159 824 5207 aut
849 5152 976 5221 quid
1000 5160 1299 5226 apponatur
1324 5149 1415 5206 tibi
1443 5153 1514 5206 ad
1541 5149 1771 5222 linguam

173 5243 446 5302 dolosam?
467 5244 549 5301 Ad
577 5261 639 5302 se
666 5242 896 5301 iideliter
927 5246 1353 5317 proclamantem
1395 5244 1631 5300 animam
1664 5244 1771 5299 Do.

170 5337 347 5395 minus
396 5338 739 5408 interrogare
770 5337 986 5407 pietatis
1028 5337 1223 5394 aiiectu
1263 5337 1515 5408 dignatus
1545 5346 1631 5394 est
1665 5357 1675 5391 :
1712 5348 1769 5396 ut

169 5431 292 5503 quid
321 5433 369 5486 ei
402 5431 585 5497 detur,
620 5436 715 5485 aut
755 5428 882 5498 quid
913 5440 1219 5499 apponatur
1252 5429 1318 5486 ad
1349 5430 1583 5501 linguam
1614 5431 1767 5487 duit»

168 5526 325 5580 sam?
355 5523 559 5579 Dicunt
586 5520 744 5576 multi
785 5521 887 5576 hoc
911 5522 965 5577 in
996 5522 1119 5579 loco
1147 5530 1477 5578 commutata
1512 5524 1771 5594 praeposi-

166 5618 351 5676 tione:
386 5617 533 5688 Quid
567 5616 730 5672 detur
761 5614 857 5671 tibi
886 5616 1153 5673 adversus
1201 5617 1434 5686 linguam
1472 5614 1716 5672 dolosam
1747 5616 1774 5671 τ

165 5711 341 5771 dicere
374 5712 587 5776 volunt,
625 5717 683 5765 ut
723 5706 876 5780 quasi
926 5722 993 5765 ex
1028 5708 1123 5767 Dei
1174 5706 1421 5765 doctrina
1451 5708 1631 5787 anima
1679 5706 1771 5763 illa

162 5805 360 5865 audiat.

1876 4691 2114 4746 dormitet
2149 4690 2237 4758 qui
2267 4689 2488 4742 custodit
2519 4698 2585 4741 te.
2618 4687 2762 4742 Deus
2812 4688 2955 4741 enim
2987 4690 3040 4763 in
3072 4700 3131 4743 se
3160 4693 3470 4743 manentem

1874 4782 2125 4855 pervigili
2159 4781 2404 4836 custodia
2436 4776 2669 4850 protegit
2694 4790 2756 4833 ac
2787 4786 2984 4833 tuetur.

1946 4871 2082 4945 Ecce
2129 4887 2233 4927 non
2283 4869 2581 4927 durmitabit
2630 4884 2792 4938 neque
2839 4868 3076 4935 dormiet,
3123 4867 3212 4939 qui
3251 4870 3476 4925 custodit

1876 4967 2067 5032 Israel.
2097 4966 2228 5023 Sine
2256 4966 2367 5021 ulla
2389 4974 2567 5020 autem
2602 4961 3008 5019 intermissione
3042 4979 3070 5017 ει
3094 4959 3208 5017 Deo
3233 4961 3474 5017 custodi-

1875 5072 1966 5119 tur
1998 5076 2013 5117 :
2041 5060 2133 5133 qui
2159 5074 2280 5116 eum
2314 5057 2676 5130 Spiritualittm
2707 5055 2990 5113 oculorum
3016 5052 3318 5111 intentione
3348 5064 3472 5122 pett-

1873 5152 2134 5229 spexerit.

1947 5248 2201 5302 Dominus
2242 5243 2466 5301 custodit
2492 5250 2558 5299 te.
2604 5243 2724 5313 ipse
2752 5239 2843 5314 qui
2874 5239 3072 5297 costum
3102 5237 3230 5296 fecit
3274 5242 3331 5294 et
3359 5247 3473 5294 tero

1872 5357 2010 5407 ram,
2043 5341 2165 5412 quia
2202 5339 2277 5394 dii
2319 5338 2410 5409 qui
2441 5353 2560 5393 eam
2586 5352 2693 5391 non
2727 5335 2994 5399 fecerunt,
3024 5340 3254 5402 pereunt
3280 5346 3348 5387 ex
3378 5342 3461 5385 ea.

1948 5432 2201 5489 Dominus
2231 5429 2478 5503 proiectio
2517 5436 2645 5483 tua:
2676 5442 2832 5500 super
2855 5438 3065 5479 manum
3086 5422 3311 5478 detulerat
3343 5431 3466 5477 ture.

1877 5526 1971 5583 Ille
1999 5534 2051 5580 te
2082 5522 2345 5594 pretegit,
2388 5535 2456 5576 ne
2497 5533 2635 5589 opus
2664 5527 2812 5572 tuum
2849 5515 3119 5581 dextrum,
3151 5512 3205 5569 id
3228 5520 3333 5581 est,
3368 5512 3468 5568 bo.
3576 5550 3583 5560 ι

1877 5634 2005 5677 num
2038 5630 2161 5690 pars
2181 5615 2435 5685 impediat
2457 5612 2701 5668 inimica.

1958 5706 2057 5767 Per
2094 5710 2227 5766 diem
2256 5707 2334 5762 sol
2363 5721 2465 5762 non
2505 5711 2623 5760 uret
2670 5710 2739 5771 te,
2769 5716 2933 5776 neque
2979 5701 3106 5756 luna
3134 5714 3224 5774 per
3247 5706 3471 5757 noctem.

1881 5801 2070 5862 Justus
2096 5816 2197 5860 nec
2227 5799 2280 5858 in
2313 5799 2585 5873 prosperis
2609 5796 2813 5856 elevari
2839 5800 3018 5869 potest
3047 5814 3064 5853 :
3096 5806 3196 5854 nec
3217 5795 3272 5852 in
3300 5788 3479 5852 tristia-
