3982 6328
514 235 656 293 ιειοτ

1312 223 1658 286 APPENDIX
1699 222 1792 280 AD
1830 219 2073 277 TOMUM
2113 214 2468 275 SEPTIMUM
2509 215 2566 272 S.
2611 208 3014 269 HIERONYMI.

3713 145 3953 256 ηοεὶ

516 351 616 406 bus
645 346 828 420 dejici.
859 345 1013 415 Quod
1042 345 1094 401 in
1125 343 1212 400 die
1237 348 1293 397 et
1317 347 1498 404 nocte,
1521 336 1623 394 hoc
1646 345 1702 392 et
1731 335 1783 390 in
1801 333 1918 391 sole
1937 332 2109 404 signi-
2136 335 2191 395 Α
2215 331 2386 401 diligit
2433 348 2442 380 :
2492 327 2609 399 ipse
2652 323 2976 383 abundantia
3026 285 3291 378 honorum
3336 316 3680 375 caelestium
3731 331 3876 386 per-

514 443 729 512 ﬁcatur,
763 450 820 496 et
846 441 997 495 luna.

591 533 840 588 Dominus
868 529 1085 585 custodit
1108 538 1155 584 te
1174 529 1237 582 ab
1263 527 1403 580 omni
1434 525 1596 580 malo.
1627 523 1712 580 Ah
1741 521 1995 576 omnibus
2027 521 2110 576 in-

513 624 667 680 sidiis
695 623 918 679 inimici.
949 619 1218 676 Custodiat
1269 617 1495 674 anintam
1523 626 1664 670 tuam
1714 613 1985 669 Dominus.
2031 610 2110 668 Ne

516 719 565 776 ei
596 733 723 790 pars
744 717 1054 772 dominetur
1076 713 1362 784 potestatis
1393 710 1658 767 adversa}.

585 809 844 864 Dominus
881 804 1143 863 custodiat
1182 807 1456 860 introitum
1499 814 1664 857 tuum.
1713 802 1816 856 Per
1843 815 2001 870 quem
2031 800 2112 855 in-

513 917 736 974 gressus
765 917 825 958 es
847 900 912 956 ad
938 897 1373 971 cognoscendum
1403 897 1637 951 Patrem.
1663 892 1731 947 Et
1753 894 1946 948 exitum
1968 902 2111 947 tuum

511 1015 580 1054 ea;
609 999 707 1053 hoc
730 1014 865 1052 nunc
905 1009 952 1052 et
981 1011 1140 1066 usque
1164 996 1219 1048 in
1265 992 1532 1048 stccutum.
1563 991 1632 1047 Ut
1668 1004 1790 1044 cum
1822 1003 1851 1042 a
1880 1002 2112 1058 corpore

516 1093 842 1158 recesseris,
874 1105 971 1146 sua
1015 1088 1259 1145 custodia
1295 1084 1595 1157 protegaris
1628 1100 1641 1136 :
1677 1097 1746 1136 ne
1777 1082 1829 1135 in
1856 1082 2020 1135 chaos
2050 1079 2114 1133 il-

514 1185 608 1242 lud
643 1183 1025 1255 pra'cipiteris,
1066 1181 1156 1235 ubi
1193 1179 1348 1234 dives
1391 1173 1722 1244 COIISpiCitut‘
1751 1171 1983 1237 ardens,
2017 1170 2113 1225 sed

517 1283 574 1338 in
616 1284 740 1337 sinu
761 1278 998 1335 Abrahae
1038 1291 1160 1332 cum
1186 1273 1394 1329 Lazaro
1421 1269 1752 1340 Sempiterua
1782 1265 1966 1337 requie
1995 1279 2116 1336 per-

515 1374 720 1430 fruaris
751 1371 905 1444 (Luc.
936 1368 1072 1441 xvr).

1049 1485 1364 1544 PSALMUS
1401 1483 1590 1541 CXXI.

518 1607 792 1680 Canticum
830 1605 1111 1680 graduum.
1149 1603 1258 1659 Isle
1295 1602 1534 1680 psalmus
1578 1600 1767 1680 tertius
1811 1607 1896 1654 est
1931 1613 2118 1680 ascen-

591 1679 762 1734 sionis
811 1670 1031 1746 gradus,
1081 1689 1270 1746 vocem
1298 1670 1541 1746 hominis
1587 1673 1871 1727 continens
1917 1670 2115 1741 :cujus

597 1745 940 1806 conversatio
969 1747 1197 1802 ltabetur
1225 1745 1278 1800 in
1307 1745 1482 1802 ccelis.

595 1905 829 1962 Laetatur
853 1920 970 1960 sum
996 1905 1047 1958 in
1076 1904 1155 1958 Itis
1177 1917 1292 1973 qua:
1317 1902 1456 1956 dicta
1485 1910 1604 1956 sunt
1630 1899 1775 1954 mihi.
1809 1899 1958 1953 Dicta
1991 1895 2122 1952 mihi

523 2002 746 2058 fuerant
791 2016 887 2072 per
923 1999 1158 2070 Legem,
1199 2006 1255 2053 et
1291 1995 1589 2068 prophetas
1627 2004 1790 2064 atque
1824 1989 2123 2063 apostolos.

525 2094 636 2152 Sed
658 2103 714 2151 et
745 2108 846 2164 ego
872 2093 995 2148 dico
1030 2107 1091 2146 ea
1127 2106 1250 2161 quae
1286 2105 1383 2161 per
1421 2087 1696 2158 speculum
1726 2085 2128 2153 contemplatus

525 2187 737 2242 fueram
757 2227 772 2254 ,
803 2195 858 2241 et
884 2199 1028 2240 nunc
1054 2183 1191 2238 facie
1219 2181 1288 2237 ad
1321 2182 1509 2236 faciem
1539 2179 1696 2234 video
1743 2177 1800 2250 (I
1829 2175 1947 2232 Cor.
1978 2173 2128 2246 xm).

529 2280 598 2333 Et
619 2293 890 2348 quamam,
919 2274 1134 2346 inquis?
1164 2272 1231 2327 In
1256 2275 1465 2327 domum
1490 2267 1702 2325 Domini
1728 2268 2127 2323 ambulabimus.

525 2372 587 2428 ld
627 2380 744 2439 est,
782 2370 835 2424 in
873 2370 1151 2426 caelestem
1185 2367 1517 2436 Jerusalem,
1555 2372 1617 2422 ut
1649 2363 1798 2420 cives
1835 2361 2133 2419 eiticiamur

529 2476 844 2522 sanctorum
874 2471 928 2518 et
952 2462 1234 2518 domestici
1269 2460 1383 2516 Dei.

603 2560 818 2615 Stantes
847 2565 992 2612 erant
1021 2555 1180 2625 pedes
1210 2553 1391 2618 nostri,
1417 2552 1470 2606 in
1499 2552 1649 2605 atriis
1672 2549 1795 2618 tuis,
1819 2547 2132 2605 Jerusalem.

531 2653 706 2708 Firmi
747 2651 800 2706 in
836 2648 1193 2720 amplitudine
1223 2647 1364 2717 ejus.
1403 2644 1514 2702 Sed
1550 2661 1618 2700 ne
1657 2643 1820 2699 istam
1862 2651 2134 2698 terrenam

537 2752 783 2815 putares,
809 2741 937 2797 audi
964 2739 1094 2812 quid
1123 2739 1386 2809 subjecit:

607 2833 922 2902 Jerusalem,
944 2848 1060 2905 qute
1079 2831 1380 2902 wdificatur
1398 2838 1455 2884 ut
1478 2829 1679 2885 civitas.
1706 2825 1922 2892 Adhuc,
1945 2825 2136 2896 inquit,

536 2944 647 2984 non
678 2939 761 2984 est
787 2927 1061 2997 expletum
1091 2924 1379 2981 atditicium
1411 2921 1648 2978 civitatis
1670 2921 1828 2991 hujus
1850 2938 1861 2972 :
1883 2918 1977 2974 sed
2007 2932 2144 2988 quov

539 3023 671 3080 tidie
700 3021 995 3078 aediﬁcatur
1016 3020 1084 3076 de
1103 3019 1372 3090 lapidibus
1390 3018 1528 3074 vivis
1548 3031 1712 3088 super
1734 3015 2138 3070 fundamentum

2211 423 2432 477 fruitur.

2284 514 2530 586 Fiatpaa:
2560 514 2612 568 in
2639 513 2822 567 virtute
2845 521 2952 564 tua.
3005 509 3264 562 Dominus
3303 506 3579 563 Christus
3613 513 3717 562 est
3757 520 3872 574 pax

2213 619 2396 665 nostra
2431 627 2441 661 :
2476 609 2567 678 qui
2604 622 2702 662 nos
2733 605 2786 660 in
2819 619 2929 658 uno
2958 602 3175 658 vinculo
3197 599 3498 657 charitatis
3531 599 3826 668 astringit
3857 615 3869 649 :

2211 701 2366 773 cujus
2388 701 2588 769 virtus,
2628 699 2672 754 si
2710 695 3056 754 convalescat
3084 695 3135 749 in
3161 694 3347 759 nobis,
3371 701 3434 748 et
3463 695 3592 762 ipse
3627 704 3872 762 qunque

2213 794 2530 866 pectoribus
2554 791 2755 848 nostris
2781 790 3048 846 illabitur.
3074 787 3142 845 Et
3165 788 3501 842 abundantia
3525 787 3585 840 in
3610 785 3870 838 turribus

2214 887 2334 942 tuis.
2377 885 2435 940 ln
2475 885 2559 940 his
2599 882 2993 939 abundantiam
3039 880 3306 936 bonorum
3348 877 3689 933 caelestium
3741 874 3869 929 ﬁeri

2212 980 2475 1051 propheta
2504 978 2769 1048 deposcit,
2805 977 2895 1047 qui
2925 977 3407 1046 superetniuentes
3435 972 3685 1034 meritn,
3721 981 3866 1024 tam-
3952 1023 3953 1051 ξ

2213 1089 2372 1144 quam
2425 1083 2600 1128 turres
2630 1070 2960 1136 fortissinue,
3013 1069 3153 1123 hanc
3201 1067 3490 1123 civitatem
3542 1075 3604 1121 et
3645 1065 3867 1119 virtute
3952 1065 3953 1139 1

2215 1166 2486 1229 muniunt,
2515 1176 2568 1220 et
2602 1163 2930 1235 proceritate
2961 1161 3244 1218 decorant.

2289 1257 2514 1328 Propter
2533 1258 2717 1327 fratres
2749 1271 2886 1310 meos
2916 1265 2962 1310 et
2992 1257 3257 1327 proximos
3283 1269 3428 1308 meos
3459 1251 3736 1323 loquebar
3760 1267 3860 1320 pa—

2217 1369 2326 1408 cem
2361 1352 2428 1406 de
2458 1361 2526 1404 te.
2560 1349 2631 1406 Ut
2669 1349 2912 1415 scilicet,
2944 1361 3000 1404 et
3048 1349 3150 1418 ipsi
3189 1347 3257 1402 ad
3293 1345 3854 1402 consummationem

2219 1446 2382 1516 hujus
2413 1444 2626 1500 aedilicii
2653 1458 2714 1499 se
2745 1442 3018 1514 perfectos
3048 1441 3367 1496 exhibeant.

2291 1538 2514 1608 PrOpter
2547 1537 2756 1592 domum
2795 1533 3009 1590 Domini
3051 1532 3150 1588 Dei
3192 1533 3390 1595 nostri,
3442 1530 3673 1602 quresit-i
3716 1531 3852 1584 bona

2222 1632 2332 1687 tibi.
2361 1629 2718 1686 l’rmdieando
2742 1643 2928 1698 pacem
2956 1625 3212 1697 proximis
3241 1624 3531 1688 fratribus,
3558 1624 3656 1692 qui
3683 1621 3854 1677 efﬁcit

2148 1723 2196 1784 Β
2221 1738 2317 1780 eos
2342 1722 2616 1779 civitatem
2644 1721 2788 1792 regis
2817 1719 3009 1776 aeterni
3034 1760 3049 1786 ,
3078 1719 3163 1773 cui
3205 1717 3322 1772 hare
3358 1717 3506 1771 bona
3539 1714 3812 1786 quaesivit
3837 1732 3848 1765 :

2227 1821 2289 1869 ut
2326 1813 2394 1867 ab
2425 1812 2781 1868 universitate
2811 1810 3042 1867 civitatis
3066 1851 3081 1876 ,
3118 1809 3172 1864 in
3210 1823 3373 1864 unam
3414 1808 3542 1877 ejus
3582 1805 3857 1862 transiret

2228 1905 2622 1961 habitationem
2644 1945 2658 1968 ,
2689 1904 2779 1973 qui
2808 1903 2883 1957 ait
2916 1922 2926 1954 :
2961 1902 3154 1967 Pater,
3185 1915 3319 1972 rogo
3346 1909 3405 1954 ut
3433 1898 3522 1954 ubi
3549 1912 3657 1969 ego
3688 1911 3850 1960 sum,

2228 2007 2284 2054 et
2311 1998 2387 2052 illi
2419 1996 2529 2052 sint
2558 2010 2793 2053 mecum.
2829 1993 2944 2064 Ego
2976 1995 3028 2049 in
3059 1992 3192 2056 illis,
3217 2001 3274 2048 et
3312 2000 3368 2046 tu
3401 1992 3456 2046 in
3495 2006 3584 2045 me
3620 2007 3631 2042 :
3675 1997 3740 2043 ut
3770 1989 3856 2043 vi-

2230 2090 2394 2147 deant
2421 2089 2650 2160 gloriam
2687 2103 2864 2144 meam
2897 2105 2907 2140 :
2941 2087 3068 2158 quia
3093 2085 3336 2142 dilexisti
3369 2100 3457 2141 me
3482 2091 3610 2140 ante
3630 2081 3853 2152 consti:

2232 2183 2495 2239 tutionem
2518 2181 2706 2238 mundi
2735 2180 2932 2253 (Joan.
2958 2195 3062 2235 xvu
3079 2178 3120 2250 ).

2782 2319 3104 2377 PSALMUS
3143 2317 3360 2375 CXXII.

2236 2413 2506 2470 Canticum
2537 2413 2818 2485 graduum.
2861 2412 2972 2468 Iste
3013 2412 3255 2482 psalmus
3294 2419 3547 2480 quartum
3587 2409 3852 2485 Canticu-

2311 2502 2432 2540 rum
2477 2480 2741 2554 graduum
2792 2487 2980 2553 pandit
3017 2480 3303 2539 ascensum
3337 2501 3348 2534 :
3382 2487 3434 2536 in
3480 2498 3590 2554 quo
3627 2480 3854 2554 viruille

2311 2552 2510 2623 ﬁdelis,
2544 2559 2632 2622 qui
2667 2552 2868 2610 dudum
2911 2556 2976 2610 ad
3017 2567 3227 2609 mentes
3262 2553 3590 2608 sustollebat
3623 2552 3852 2616 oculos,

2309 2643 2451 2683 nunc
2502 2625 2791 2694 proliciens
2825 2628 2938 2696 jam
2973 2629 3025 2680 ιιι
3063 2640 3316 2691 ascensu,
3346 2625 3414 2679 ad
3451 2625 3631 2695 ipsum
3668 2623 3844 2678 cmlo-

2319 2715 2438 2754 rum
2470 2700 2827 2754 habitatorem
2853 2713 2950 2753 eos
2978 2697 3160 2769 erigit,
3188 2696 3379 2752 dicens
3413 2715 3424 2748 :

2312 2839 2392 2892 Ad
2432 2846 2479 2892 te
2515 2837 2677 2891 levavi
2705 2838 2884 2892 oculos
2921 2853 3080 2904 meos,
3118 2837 3206 2906 qui
3235 2836 3439 2891 habitas
3467 2837 3521 2889 in
3552 2835 3698 2890 calo.
3730 2834 3842 2890 No-

2242 2929 2462 2985 tandum
2511 2930 2658 3001 quod
2717 2945 2813 3000 per
2870 2929 3115 3001 singulos
3168 2930 3406 2999 psalmos
3453 2930 3677 3000 quidam
3729 2944 3852 3000 gra-

2242 3023 2409 3084 duum
2459 3033 2585 3078 sunt
2630 3024 2923 3093 prolectus.
2970 3023 3071 3090 Qui
3120 3023 3172 3078 in
3215 3023 3392 3093 primo
3441 3023 3656 3079 dixerat
3711 3041 3725 3077 :
3767 3023 3846 3079 Ad

539 3114 914 3186 apuswlorum
943 3123 998 3170 et
1024 3115 1449 3184 prophetarum.
1487 3111 1556 3165 ab
1593 3111 1710 3179 ἱρεο
1737 3123 1951 3164 δυηπηο
1980 3123 2149 3177 δηίζιι·
2175 3109 2222 3173 C
2254 3117 2544 3172 Dominunt
2594 3131 2715 3171 cutn
2770 3115 3062 3171 tribularer
3097 3115 3368 3184 clamavi,
3409 3125 3462 3170 et
3512 3116 3566 3171 in
3611 3115 3851 3172 secundo

536 3210 639 3266 lari
683 3209 860 3281 lapide
898 3207 1116 3264 Christo
1154 3208 1282 3263 Jesu
1327 3203 1545 3278 (Ephes.
1585 3202 1698 3273 tv):
1730 3204 1869 3258 sicut
1895 3203 1971 3256 ait
1995 3201 2143 3272 Apo-

539 3304 733 3359 stolus.
767 3301 936 3374 Cujus
967 3301 1302 3371 participatio
1322 3300 1432 3370 ejus
1461 3299 1516 3352 in
1537 3298 1785 3369 idipsum.
1821 3295 1880 3352 In
1910 3310 2017 3352 uno
2045 3296 2148 3350 Ec-

543 3395 726 3452 clesia:
755 3409 1004 3465 corpore,
1029 3409 1130 3464 per
1149 3393 1450 3448 Christum.

621 3487 761 3543 Illuc
791 3488 927 3542 enim
961 3487 1310 3541 ascenderunt
1340 3484 1523 3552 tribus,
1558 3482 1717 3537 tribus
1754 3481 1986 3536 Domini.
2030 3479 2146 3536 Non

545 3587 768 3649 peccato
801 3577 1090 3644 obnoxiae,
1130 3575 1256 3639 sed,
1301 3575 1466 3629 tribus
1506 3572 1718 3627 Domini
1750 3589 1766 3626 :
1799 3586 2150 3643 quzecogno-

546 3679 760 3728 scentes
807 3669 1094 3725 Dominum
1143 3667 1295 3737 sequi
1340 3680 1450 3720 non
1498 3664 1865 3720 distulerunt:
1895 3663 2040 3735 quod
2081 3663 2145 3718 ad

545 3773 736 3834 gentes
771 3772 855 3819 est
887 3760 1253 3818 referendum.
1300 3757 1668 3813 Testimonium
1703 3755 1895 3810 Israel.
1931 3755 1994 3812 Ut
2024 3771 2148 3812 eum

547 3859 914 3915 condemnet:
945 3858 1067 3929 quia
1100 3856 1191 3912 ille
1221 3869 1344 3910 eum
1384 3853 1438 3908 in
1476 3852 1659 3907 multis
1687 3862 1962 3907 ostensum
1987 3853 2151 3906 mira—

549 3949 685 4006 culis
707 3965 816 4004 non
837 3948 1114 4018 cognovit.
1138 3946 1332 4002 Tribus
1352 3960 1486 4000 vero
1505 3943 1742 4014 gentium
1763 3944 1944 3998 statim
1966 3943 2148 4013 cogni-

551 4048 666 4096 tum
695 4046 1040 4108 receperunt.
1083 4037 1174 4092 Sic
1201 4047 1256 4091 et
1283 4035 1465 4105 regina
1494 4034 1707 4102 Austri,
1741 4034 1824 4088 vel
1867 4033 2146 4100 Ninivitat,

548 4135 605 4191 in
636 4133 796 4204 hujus
828 4130 1119 4187 teSIimonii
1139 4129 1343 4200 judicio
1364 4136 1610 4198 surgent,
1635 4137 1689 4181 et
1714 4125 2150 4184 condemnabuut

549 4241 673 4284 eum
713 4225 866 4296 (Luc.
897 4222 1008 4294 ιι).
1039 4223 1118 4277 Ad
1147 4221 1498 4290 conﬁtendum
1522 4220 1720 4275 nomini
1749 4229 1838 4274 tuo
1859 4261 1872 4284 ,
1903 4217 2144 4276 Domine.

531 4317 896 4372 Conﬁtentur
933 4315 1108 4382 enim,
1153 4315 1278 4384 quia
1319 4315 1372 4368 in
1409 4314 1629 4369 nomine
1669 4324 1760 4368 tuo
1797 4328 1964 4368 omne
2007 4329 2147 4383 genu

550 4407 799 4464 ﬂectetur
822 4405 1149 4472 caelestium,
1177 4405 1517 4460 terrestrium
1538 4413 1593 4460 et
1624 4403 1963 4461 infernarum
1993 4402 2148 4471 (Plii-

2251 3211 2437 3268 oculos
2478 3209 2545 3265 ad
2593 3217 2807 3265 montes
2851 3225 2912 3265 se
2953 3209 3198 3265 elevasse
3249 3219 3570 3264 narraverat
3601 3227 3616 3263 :
3644 3209 3847 3265 lutatus

2250 3318 2466 3376 quoque
2494 3303 2698 3368 fuerat,
2735 3303 2860 3373 quia
2903 3302 3004 3358 sibi
3036 3303 3315 3373 ingressus
3343 3304 3394 3356 in
3423 3302 3590 3356 domo
3621 3302 3711 3357 Dei
3740 3300 3848 3356 iue-

2253 3407 2337 3453 rat
2377 3397 2738 3468 repromissus
2780 3413 2791 3446 :
2839 3409 2985 3449 nunc
3023 3394 3089 3449 ad
3137 3393 3317 3462 majus
3361 3392 3632 3462 proiecit,
3680 3402 3740 3447 ut
3782 3390 3844 3446 ad

2251 3489 2426 3558 ipsum
2455 3487 2627 3543 Deum
2651 3485 2834 3543 oculos
2857 3486 3018 3541 levet.
3049 3484 3146 3552 Qui
3170 3484 3373 3540 habitas
3396 3486 3447 3539 in
3469 3485 3620 3539 creto.
3650 3484 3844 3539 Ascen-

2252 3581 2388 3637 dens
2419 3597 2528 3651 quo
2555 3581 2838 3636 levaturus
2867 3587 2987 3634 erat
3013 3577 3226 3644 oculos,
3249 3577 3353 3633 nisi
3379 3577 3512 3632 illuc
3533 3591 3643 3648 quo
3666 3575 3842 3632 tende-

2253 3673 2362 3738 bat,
2398 3670 2694 3726 ascendere
2726 3669 3107 3726 desiderabat?

2325 3764 2459 3820 Ecce
2496 3767 2627 3819 sicut
2663 3765 2797 3818 oculi
2831 3779 3095 3819 seri-orum
3142 3763 3196 3817 in
3245 3763 3484 3816 manibus
3525 3763 3837 3817 dominorum

2251 3874 2482 3922 suorum,
2506 3867 2552 3912 et
2577 3858 2708 3911 sicut
2733 3857 2869 3911 oculi
2895 3855 3104 3910 ancilla:
3126 3858 3176 3910 in
3201 3856 3438 3910 manibus
3459 3855 3687 3911 dominre
3707 3871 3837 3910 sua):

2251 3952 2324 4004 sic
2358 3951 2497 4004 oculi
2535 3949 2700 4002 nostri
2741 3951 2809 4002 ad
2847 3947 3132 4002 Dominum
3170 3947 3334 4002 Deum
3376 3959 3614 4003 nostrum
3649 3949 3809 4019 quoad
3822 3979 3834 3988 -

2253 4058 2415 4112 usque
2441 4041 2747 4094 misereatur
2775 4041 2959 4094 nostri.
3003 4039 3069 4095 Et
3103 4040 3246 4094 servi
3289 4055 3518 4108 surnus,
3550 4051 3608 4096 et
3642 4040 3834 4095 ancilla).

2250 4147 2438 4188 sumus
2472 4151 2483 4185 :
2519 4133 2608 4188 ille
2640 4132 2900 4188 Dominus
2952 4141 3008 4188 et
3043 4133 3261 4188 domina
3299 4142 3404 4189 est.
3439 4133 3700 4189 Attendat
3723 4133 3832 4188 cha-

2251 4225 2382 4280 ritas
2406 4233 2605 4280 vestra.
2638 4224 2753 4278 Non
2782 4224 2980 4278 mirum
3012 4226 3057 4278 si
3087 4224 3232 4279 servi
3259 4238 3448 4278 sumus
3472 4234 3527 4279 et
3559 4225 3650 4280 ille
3675 4225 3830 4279 Domi-

2251 4331 2353 4371 nus
2373 4324 2488 4380 est;
2521 4315 2616 4369 sed
2648 4316 2846 4370 mirum
2878 4317 2919 4368 si
2951 4315 3162 4370 ancilla:
3192 4329 3401 4380 sumus.
3435 4326 3491 4371 et
3515 4316 3612 4372 ille
3631 4315 3829 4372 domina

2250 4417 2354 4464 est.
2382 4407 2488 4464 Sed
2521 4423 2694 4478 neque
2722 4407 2826 4464 hoc
2857 4409 3075 4475 mirum,
3101 4408 3223 4478 quia
3255 4408 3470 4463 ancilla:
3497 4424 3708 4478 sumus,
3735 4409 3827 4465 Ec-

546 4503 640 4573 tip.
677 4500 751 4572 ιι)
785 4510 874 4556 :et
905 4499 1031 4571 quia
1063 4507 1117 4554 tu
1139 4539 1156 4566 ,
1194 4497 1423 4554 Domine
1449 4497 1576 4554 Jesu
1609 4497 1856 4565 Christe,
1887 4497 1944 4553 in
1979 4497 2147 4568 gloria
2175 4501 2229 4563 D
2252 4499 2416 4556 clesia
2448 4501 2595 4557 enim
2637 4515 2823 4555 sumus
2855 4519 2864 4553 :
2895 4516 2993 4557 nec
3036 4500 3171 4555 illud
3211 4500 3406 4555 mirum
3426 4542 3440 4566 ,
3477 4503 3604 4573 quia
3641 4514 3695 4559 et
3726 4503 3825 4573 ipse

547 4608 608 4651 es
637 4594 732 4651 Dei
759 4592 956 4650 Patris.

623 4689 758 4758 Quia
777 4687 890 4743 illic
915 4687 1157 4742 sederunt
1187 4687 1332 4741 sedes
1353 4688 1409 4741 in
1416 4685 1646 4760 judicio.
1679 4685 1847 4741 Sedes
1872 4685 1990 4751 Dei,
2015 4700 2145 4754 apo-

546 4782 675 4839 stoli
700 4791 827 4838 sunt
851 4800 862 4835 :
889 4795 1053 4851 super
1073 4794 1212 4851 quos
1239 4779 1499 4834 Dominus
1520 4778 1834 4847 requiescit.
1869 4776 1963 4832 H11!
1986 4777 2143 4832 sedes

544 4875 816 4932 sedebant
839 4888 1004 4945 super
1027 4874 1188 4930 sedes
1205 4873 1515 4937 duodecim,
1531 4871 1838 4941 iudicantes
1859 4870 2144 4927 duodecim

544 4968 714 5025 tribus
740 4967 940 5022 Israel:
973 4967 1112 5022 sicut
1141 4967 1258 5035 ipse
1278 4967 1353 5020 ait
1384 4965 1433 5018 in
1467 4963 1764 5034 Evangelio
1791 4963 1972 5036 (Matt.
2001 4962 2138 5033 xix).

547 5061 714 5117 Sedes
742 5077 896 5132 super
925 5061 1136 5114 domum
1165 5058 1355 5113 David.
1396 5058 1570 5127 Super
1600 5058 1903 5114 Ecclesium
1931 5057 2139 5114 Christi

539 5155 908 5226 gubernantes
956 5163 1120 5224 atque
1176 5159 1460 5208 monentes
1508 5166 1626 5207 eam
1679 5151 2140 5222 prwceptionibus

613 5339 815 5411 Rogate
846 5355 962 5408 qua
989 5341 1058 5394 ad
1081 5355 1262 5409 pacem
1295 5347 1415 5394 sunt
1443 5337 1758 5395 Jerusalem.
1801 5338 2138 5411 lnterrogate

537 5445 660 5502 qua:
699 5430 766 5486 ad
808 5445 995 5502 pacem
1032 5431 1343 5501 pertineant
1371 5431 1609 5488 civitatis
1638 5430 1799 5500 hujus
1821 5473 1836 5497 ,
1868 5441 1924 5488 et
1948 5433 2132 5503 sequi-

539 5523 670 5579 mini
697 5537 818 5578 eam
851 5541 862 5576 :
897 5531 957 5578 ut
984 5537 1082 5590 per
1112 5523 1460 5579 dilectionem
1498 5524 1647 5594 pacis
1674 5522 1910 5579 fructum
1941 5537 2134 5579 conse-

535 5613 778 5684 quamini
809 5623 1028 5669 aeterna:
1062 5614 1436 5670 beatitudinis.
1469 5614 1534 5668 Et
1565 5614 1884 5669 abundantia
1911 5615 2134 5685 diligen-

531 5703 668 5758 tibus
709 5712 781 5760 te.
820 5703 942 5773 Qui,
971 5705 1179 5764 relictis
1218 5705 1477 5772 caducis,
1529 5707 1698 5764 Deum
1745 5721 1912 5777 super
1951 5706 2130 5764 omnia

2246 4593 2466 4648 domina
2494 4603 2577 4650 est
2610 4611 2624 4648 :
2655 4594 2781 4665 quia
2813 4594 2983 4650 virtus
3017 4604 3074 4650 et
3111 4595 3380 4664 sapientia
3421 4594 3518 4650 Dei
3556 4606 3662 4651 est.
3704 4597 3826 4652 Audi

2245 4703 2375 4757 ergo
2405 4687 2729 4756 Apostolum
2763 4686 3036 4743 dicentem
3070 4705 3083 4742 :
3115 4687 3226 4742 Nos
3262 4696 3443 4743 autem
3487 4689 3826 4759 praedicamus

2243 4779 2518 4836 Christum
2563 4779 2886 4834 cruciﬁxum
2935 4798 2945 4831 :
2981 4777 3183 4836 ludatis
3225 4779 3446 4848 quidem
3487 4781 3818 4846 scandalum,

2243 4873 2494 4944 gentibus
2521 4883 2700 4928 autem
2732 4873 3017 4929 srultitiam
3050 4890 3062 4928 :
3089 4873 3220 4944 ipsis
3238 4888 3372 4929 vero
3395 4875 3606 4929 vocatis
3637 4875 3819 4930 Judtcis

2243 4977 2297 5024 et
2323 4966 2548 5034 Grmcis,
2581 4967 2858 5023 Christum
2887 4967 2984 5023 Dei
3010 4968 3288 5032 virtutem,
3311 4975 3368 5022 et
3398 4967 3490 5022 Dei
3518 4969 3820 5040 sapientiam

2242 5059 2286 5132 (l
2311 5059 2433 5115 Cor.
2468 5059 2532 5130 ι).
2554 5058 2692 5115 Cum
2715 5059 2899 5114 multis
2927 5059 3368 5128 persecutionum
3396 5059 3691 5128 generibus
3709 5059 3817 5114 sub-

2237 5154 2475 5224 jicimur,
2501 5161 2719 5222 oportet
2749 5166 2848 5207 nos
2878 5165 3096 5221 semper
3122 5152 3177 5207 in
3208 5151 3298 5206 Dei
3327 5151 3537 5205 auxilio
3558 5152 3816 5208 oculorum

2241 5247 2601 5302 intentionem
2616 5248 2734 5302 sine
2757 5247 2867 5302 ullo
2886 5245 3019 5301 vitio
3032 5247 3313 5301 continere
3338 5245 3599 5314 deliram,
3625 5247 3811 5316 quoad-

2241 5355 2414 5410 usque.
2445 5341 2600 5396 nobis
2626 5339 3052 5397 misericordiam
3079 5339 3358 5412 largiatur.

2315 5434 2562 5489 Miserere
2582 5435 2764 5500 nostri,
2795 5433 3033 5500 Domine,
3059 5435 3300 5488 miserere
3329 5434 3514 5502 nostri,
3543 5437 3665 5506 quia
3691 5435 3806 5490 ntul-

2239 5533 2347 5580 tum
2385 5526 2568 5594 repleti
2609 5543 2789 5581 sumus
2832 5535 3148 5593 contemptu.
3195 5526 3250 5581 Id
3287 5535 3396 5591 est,
3426 5527 3803 5598 deSperatione,

2235 5619 2361 5691 quia
2393 5618 2565 5673 sancti
2592 5617 2965 5689 deSpiciuntur
2993 5633 3023 5673 a
3051 5617 3212 5674 malis
3244 5618 3580 5674 hominibus.

2310 5709 2634 5780 Multumque
2671 5711 2866 5780 repleta
2903 5720 2976 5766 est
3016 5711 3193 5764 anima
3235 5720 3415 5766 nostra
3438 5727 3458 5765 :
3489 5712 3804 5784 opprobrium
