3982 6314
136 341 160 394 1
177 335 303 393 209

125 445 539 506 abundantibus
562 484 576 510 ,
610 451 659 498 et
695 436 952 512 despectio
985 431 1239 505 superbis.
1286 429 1404 486 Non
1454 434 1658 482 tantum
1697 422 1752 477 in
1779 426 1836 484 Α

130 544 363 602 divitiis
399 540 567 603 dicit,
597 535 693 593 sed
723 548 818 591 eos
856 532 951 603 qui
992 527 1269 584 abundant
1311 525 1367 579 in
1415 519 1642 584 malitia,
1671 515 1753 571 illi

134 636 468 707 despiciunt
492 642 759 701 pauperes
793 623 1020 681 Christi.
1055 620 1260 676 Divites
1279 614 1588 686 despiciunt
1619 625 1754 682 pau-

136 705 321 801 peres
338 772 352 797 ,
377 733 437 781 et
464 721 687 794 superbi
725 718 1037 789 despiciunt
1061 711 1321 776 humiles,
1347 716 1403 764 et
1434 705 1537 778 ipsi
1565 705 1755 761 dicunt

134 821 331 878 multa
358 814 652 889 opprobria
682 820 876 869 contra
906 814 1149 864 sanctam
1182 801 1506 859 Ecclesium.

666 920 986 981 PSALMUS
1022 916 1259 975 CXXIII.

144 1020 743 1097 Canticumgraduum.
774 1013 1149 1097 Iste_psalm-t_ts
1170 1010 1386 1097 quintus
1413 998 1756 1097 ascensionis

227 1074 571 1164 uigiliis,
594 1094 829 1146 edocens
850 1074 1025 1164 virum
1051 1074 1203 1164 illuni
1225 1079 1439 1164 ﬁdelem
1467 1074 1753 1164 proﬁcere,

228 1146 327 1240 qui
477 1146 838 1240 elevationem
861 1157 1053 1240 spiritu
1072 1155 1219 1209 dium
1245 1149 1540 1240 oculorum.
1556 1146 1622 1199 ad
1646 1156 1760 1225 cte-

231 1215 416 1295 l'oru'm
442 1215 803 1290 habitatorem
835 1215 1095 1286 evinceus
1125 1237 1316 1295 omnes
1345 1218 1626 1274 diabolica:
1658 1215 1759 1269 im-

232 1294 514 1367 missionis
541 1305 788 1369 insidias,
819 1302 892 1356 ita
923 1297 1204 1355 exorditur
1232 1294 1423 1349 dicens
1456 1307 1469 1343 :

235 1425 365 1481 Nisi
384 1423 509 1494 quia
543 1420 789 1474 Dominus
811 1422 921 1471 erat
949 1413 1004 1467 in
1030 1411 1175 1466 nobis
1198 1423 1216 1463 :
1239 1408 1378 1462 dicat
1405 1419 1539 1459 nunc
1562 1398 1755 1456 Israel.

151 1521 318 1578 Bene
344 1520 395 1574 in
427 1517 585 1574 nobis
616 1513 876 1570 Dominus
898 1508 1131 1572 habitat,
1161 1505 1207 1561 si
1234 1518 1356 1560 eum
1380 1507 1579 1557 sanctzvc
1610 1511 1763 1552 men-

155 1614 238 1671 tis
281 1608 748 1680 contemplatione
791 1603 1139 1675 suspicimus.
1180 1598 1302 1655 Nisi
1338 1596 1462 1668 quia
1507 1592 1764 1649 Dominus

157 1717 283 1765 erat
310 1709 363 1762 in
395 1705 560 1772 nobis,
585 1718 701 1758 cum
730 1705 1062 1769 exsurgerent
1097 1691 1326 1748 homines
1352 1690 1405 1743 in
1433 1703 1526 1742 nos
1559 1703 1576 1740 :
1607 1684 1765 1756 forsi-

1076 312 1505 377 BBEVIARIUM
1544 309 1613 368 IN
1654 302 1985 366 PSAMIOS.
2027 295 2278 358 PSALM.
2319 292 2541 367 CXXV.

3309 275 3453 334 1210

1931 425 2091 480 tatur,
2123 422 2200 481 ut,
2233 409 2442 481 relictis
2463 403 2813 481 saecularibus
2832 397 3038 467 causis,
3060 395 3118 481 in
3134 394 3303 452 Deum
3333 402 3449 448 tan-

1927 468 2284 544 tumomnem
2312 478 2699 537 conﬁdentiam
2727 473 3046 541 habeamus,
3067 468 3258 525 dicens
3292 484 3305 521 :

1929 599 2030 667 Qui
2053 596 2320 670 conﬁdunt
2344 595 2399 649 in
2422 591 2646 652 Domino
2664 590 2799 645 sicut
2821 602 2967 641 mons
2991 583 3122 641 Sion
3144 598 3160 636 :
3184 597 3287 636 non
3309 594 3455 634 com-

1857 668 2219 751 movebiturvin
2249 700 2524 745 teternum.
2559 685 2722 748 Sion,
2766 678 3045 737 Ecclesia:
3076 690 3234 732 mons
3264 681 3450 732 autem
3504 668 3509 673 ’

1850 787 2012 859 juxta
2050 783 2355 847 Dauielem,
2387 779 2637 835 Christus
2666 774 2933 830 Dominus
2978 768 3153 843 (Dan.
3183 767 3279 837 tt).
3309 765 3453 835 Ergo

1857 880 1947 952 qui
1980 880 2035 934 in
2056 892 2179 933 cum
2204 885 2371 931 totam
2393 886 2544 944 spem
2568 875 2798 940 ponunt,
2826 880 2934 920 non
2961 866 3371 919 commoventur
3393 855 3450 913 in

1860 947 2181 1044 perpetuum
2212 984 2225 1022 :
2248 967 2371 1038 quia
2402 961 2715 1020 conformes
2741 957 3055 1014 efﬁciuntur
3080 947 3302 1020 corpori
3329 947 3452 1018 εισι

1861 1036 2120 1134 riae-ejus.
2155 1059 2256 1127 Qui
2269 1036 2497 1111 Vnabitat
2526 1055 2579 1107 in
2615 1050 2929 1107 Jerusalem.
2968 1046 3035 1109 In.
3056 1046 3173 1114 ipsa
3204 1036 3446 1097 Ecclesia

1861 1168 2036 1215 matre
2062 1164 2272 1222 nostra,
2299 1166 2421 1224 quae
2443 1164 2654 1206 sursum
2683 1155 2791 1211 est,
2815 1145 2988 1199 libera
3012 1138 3212 1213 (Gatat.
3243 1135 3345 1206 tv).

1936 1250 2141 1306 Montes
2167 1249 2221 1302 in
2245 1246 2469 1301 circuitu
2501 1246 2635 1316 ejus.
2672 1237 2945 1295 ειιειοιιῖω
2989 1244 3329 1293 sanctorum,
3353 1240 3452 1281 an-

1863 1343 2129 1415 gelorum,
2155 1339 2568 1410 prophetarum,
2592 1331 3091 1402 apostolorumque,
3115 1338 3236 1396 quae
3256 1322 3308 1377 in
3339 1333 3459 1375 mo-

1864 1436 1991 1493 dum
2029 1432 2371 1506 proceritatis
2410 1436 2682 1483 montana:
2726 1421 3133 1493 superemineat
3157 1412 3366 1471 cunctis
3397 1411 3454 1466 in

1866 1505 2173 1587 sanctitate.
2204 1525 2271 1580 Et
2299 1523 2551 1578 Dominus
2586 1520 2640 1573 in
2675 1516 2895 1572 circuitu
2922 1509 3107 1584 populi
3132 1508 3240 1574 sui,
3268 1521 3331 1561 ea:
3358 1505 3456 1558 hoc

1868 1639 2001 1679 nunc
2024 1630 2074 1676 et
2099 1635 2263 1692 usque
2292 1619 2349 1673 in
2376 1614 2645 1672 saeculum.
2675 1612 2826 1668 Sicut
2856 1610 2972 1681 ipse
3000 1603 3242 1677 polliceri
3271 1600 3464 1670 digna-

1867 1725 1957 1773 tus
1993 1724 2096 1783 est,
2132 1714 2319 1770 dicens
2346 1728 2359 1766 :
2385 1709 2527 1764 Ecce
2564 1722 2666 1778 ego
2702 1704 2985 1760 vobiscum
3029 1712 3152 1754 sum
3192 1707 3361 1765 usque
3402 1691 3459 1746 iu

158 1810 259 1856 tan
283 1800 422 1855 vivos
444 1796 781 1868 deglutissent
816 1808 930 1847 nos.
971 1789 1088 1845 Non
1124 1798 1316 1842 carnes
1352 1790 1566 1839 nostras
1593 1780 1762 1835 devo-
1798 1817 1844 1877 Β
1869 1780 2395 1865 consummationem
2421 1798 2605 1856 saeculi
2632 1796 2816 1869 (Man.
2850 1792 2997 1863 ut”.

160 1908 299 1950 rare
324 1891 505 1948 conati
528 1898 657 1945 sunt
677 1885 860 1957 impii;
892 1881 987 1960 sed
1012 1880 1219 1937 animas
1242 1892 1337 1947 per
1363 1875 1767 1945 instigationem

160 1985 442 2044 scelerum
468 1981 763 2054 deglutire;
794 1977 889 2034 sed
919 1974 1093 2046 erepti
1115 1984 1305 2030 sumus
1325 1971 1392 2025 ab
1417 1967 1501 2024 his
1525 1982 1621 2038 per
1642 1980 1766 2020 cum

164 2081 267 2151 qui
295 2086 417 2135 erat
439 2077 492 2132 in
515 2047 691 2132 nobis.
724 2071 822 2129 Cui
848 2070 917 2125 ob
940 2068 1043 2124 hoc
1063 2067 1253 2138 gratia:
1279 2047 1579 2120 referenda:
1604 2068 1766 2116 sunt:

166 2171 306 2244 quia
330 2169 502 2241 gratia
531 2168 650 2238 ejus
677 2164 867 2223 salvati
888 2176 1096 2219 sumus.

249 2261 381 2318 Cum
407 2264 714 2317 irasceretur
743 2258 944 2313 animus
974 2272 1152 2312 eorum
1180 2253 1427 2308 adversus
1457 2267 1551 2306 nos
1576 2268 1595 2307 :
1621 2251 1775 2323 forsi-

172 2368 268 2413 tan
300 2366 355 2411 ut
376 2372 514 2427 aqua
536 2353 917 2415 absorbuissent
945 2366 1057 2405 nos.
1081 2345 1490 2405 Commotiones
1512 2345 1776 2400 malarum

172 2451 470 2514 mentium,
496 2450 588 2521 qui
618 2458 836 2503 sanctos
867 2445 967 2502 Dei
991 2442 1287 2500 absorbere
1320 2448 1589 2510 quaerunt,
1620 2438 1776 2509 aquis

175 2550 606 2615 comparantur;
639 2540 734 2598 sed
760 2539 1037 2595 habitante
1066 2536 1121 2591 in
1153 2532 1357 2591 sanctis
1383 2533 1647 2598 Domino,
1679 2531 1781 2587 de-

179 2653 373 2696 orsum
404 2636 645 2693 delluunt
674 2644 729 2691 et
753 2634 1069 2689 decurrunt.

257 2729 558 2786 Torrentem
585 2727 909 2800 pertransivit
934 2725 1109 2779 anima
1137 2734 1333 2779 nostra.
1362 2720 1554 2777 Melius
1584 2722 1638 2773 in
1669 2717 1780 2773 He-

182 2826 339 2881 hmo
361 2825 565 2880 habet:
597 2822 824 2877 Torrens
864 2819 1196 2893 pertransivit
1236 2832 1389 2888 super
1421 2814 1646 2893 animam
1687 2828 1782 2867 no-

186 2932 352 2976 stram
383 2935 403 2973 :
438 2915 583 2988 quod
613 2915 827 2981 scilicet
854 2890 1010 2969 multi
1038 2909 1396 2967 tentationum
1423 2890 1667 2963 turbines
1690 2920 1785 2961 su-

186 3027 290 3085 per
333 3010 573 3066 animam
612 3008 733 3077 ejus
781 3005 1147 3069 transierunt,
1183 3017 1287 3058 nec
1323 3007 1619 3071 potuerunt
1662 3011 1783 3053 eam

189 3118 411 3168 necare,
437 3101 585 3172 justo
613 3099 829 3156 dicente
860 3117 872 3154 :
903 3096 1026 3153 Nisi
1051 3098 1175 3168 quia
1204 3094 1459 3150 Dominus
1480 3102 1593 3147 erat
1616 3092 1671 3145 in
1691 3107 1788 3145 no-

1947 1901 2084 1970 Quia
2112 1914 2218 1954 non
2238 1895 2490 1966 relinquet
2512 1890 2767 1948 Dominus
2785 1887 2982 1959 virgam
3014 1890 3343 1953 peccatorum
3376 1891 3466 1930 su-

1875 2011 1969 2068 per
1993 2001 2181 2049 sortem
2205 1993 2493 2064 justorum.
2528 1985 2634 2040 Pro
2661 1984 2806 2053 uirga
2833 1979 2884 2033 in
2915 1976 3175 2039 Hebraeo,
3207 1980 3466 2040 sceptrum

1834 2108 1835 2111 η
1875 2061 2058 2144 habet.
2091 2061 2218 2140 Hoc
2238 2091 2322 2139 est
2354 2095 2488 2151 ergo
2517 2076 2658 2149 quod
2701 2074 2934 2146 petimus
2968 2088 2979 2123 :
3010 2084 3080 2124 ne
3110 2079 3212 2122 nos
3242 2061 3466 2118 inducas

1875 2182 1929 2237 in
1959 2178 2339 2240 tentationem,
2373 2188 2532 2243 quam
2562 2168 2794 2225 sull‘erre
2815 2180 2922 2220 non
2952 2158 3242 2232 possimus.
3279 2152 3347 2209 Ut
3365 2167 3469 2207 non

1876 2271 2154 2329 extendant
2166 2268 2299 2341 justi
2320 2266 2390 2320 ad
2412 2263 2743 2334 iniquitatem
2772 2272 2956 2312 manus
2977 2270 3120 2309 suas.
3150 2247 3223 2306 Ut
3252 2263 3358 2304 non
3382 2259 3471 2301 co-

1876 2368 2048 2439 gitent
2079 2383 2091 2417 :
2121 2362 2249 2434 quid
2283 2360 2413 2416 mihi
2442 2357 2669 2430 prodest
2697 2352 2843 2425 quod
2872 2351 3051 2422 justus
3078 2360 3224 2411 sum,
3252 2342 3297 2398 si
3327 2355 3473 2397 sem-

1878 2436 1977 2534 per
2008 2466 2413 2532 persequantur
2444 2469 2533 2510 me
2562 2450 2770 2522 iniqui?
2800 2446 2868 2503 Ut
2906 2463 3008 2501 non
3046 2440 3346 2505 extendant,
3370 2436 3477 2492 hoc

1881 2565 1984 2620 est,
2016 2564 2079 2609 ut
2101 2552 2402 2608 sustineant
2430 2547 2627 2612 malos,
2650 2553 2705 2600 et
2736 2557 2845 2599 non
2869 2540 3068 2596 faciant
3094 2535 3257 2593 mala.

1955 2648 2214 2713 Benefac,
2257 2644 2512 2710 Domine,
2559 2640 2708 2696 bonis
2751 2647 2801 2692 et
2838 2635 2991 2691 rectis
3028 2631 3206 2687 corde.
3245 2626 3348 2698 Qui
3391 2624 3479 2682 vel

1883 2745 2009 2802 boni
2036 2751 2166 2800 sunt
2192 2743 2246 2797 in
2275 2755 2463 2813 opere.
2488 2737 2576 2794 vel
2600 2735 2735 2791 recti
2761 2733 3036 2789 habentur
3058 2731 3109 2784 in
3135 2727 3262 2783 ﬁde.

1954 2837 2285 2892 Declinantes
2306 2842 2481 2887 autem
2511 2832 2566 2885 in
2586 2827 2927 2900 obligationes
2949 2823 3173 2877 adducet
3202 2818 3482 2875 Dominus.

1886 2932 1992 2988 Pro
2019 2927 2465 3001 obligationihus,
2494 2933 2521 2961 ⁸
2550 2922 2742 2992 Aquila
2771 2919 3054 2978 διαπλοκάς
3094 2916 3481 2982 interpretatus

1887 3034 1972 3082 est
1995 3043 2008 3077 :
2031 3019 2390 3095 Symmachus
2421 3017 2777 3080 σκολιότητας,
2800 3011 2987 3083 quinta
3012 3007 3179 3065 editio
3202 3005 3485 3084 διεστραμ-

1889 3120 2036 3190 μένα.
2061 3115 2191 3170 Cum
2214 3110 2543 3181 operantibus
2568 3108 2908 3177 iniquitatem.
2941 3102 3003 3157 lli
3025 3102 3118 3171 qui
3141 3114 3172 3154 a
3195 3097 3482 3168 praeceptis

189 3198 268 3252 bis
293 3212 313 3252 :
342 3196 484 3250 dicat
524 3210 659 3249 nunc
693 3191 881 3247 Israel.
930 3188 1173 3245 Forsitan
1210 3186 1570 3258 pertransisset
1610 3185 1783 3238 anima
1811 3211 1858 3276 ρ
1890 3185 1983 3264 'Dei
2024 3206 2327 3270 declinant,
2359 3202 2705 3257 adducuntur
2733 3211 2854 3252 cum
2884 3194 2969 3249 his
2998 3193 3088 3262 qui
3119 3189 3291 3245 Deum
3321 3188 3481 3258 ἰείη),

190 3298 371 3346 nostra
421 3304 610 3360 aquam
672 3283 1063 3341 intolerabilem.
1123 3281 1360 3338 Verbum
1418 3279 1785 3336 ἀνυπόστατον

191 3382 331 3454 apud
362 3379 583 3438 Grazcos
603 3378 913 3449 ambiguum
937 3386 1020 3432 est
1048 3393 1063 3432 :
1091 3382 1146 3431 et
1180 3380 1362 3445 potest
1386 3386 1609 3438 sonare,
1641 3369 1785 3440 quod

189 3475 476 3540 subsistat,
506 3481 563 3529 et
585 3471 730 3544 quod
763 3469 1107 3526 intolerabile
1134 3468 1226 3533 sit,
1253 3467 1356 3521 hoc
1382 3473 1487 3530 est,
1511 3462 1654 3534 quod
1684 3477 1786 3518 ne-

191 3584 285 3626 mo
314 3567 461 3624 ferre
487 3575 670 3638 queat.
705 3566 813 3622 Pro
840 3579 947 3635 quo
976 3572 1031 3618 et
1056 3559 1255 3631 Aquila
1292 3567 1350 3615 et
1389 3556 1782 3630 Symmachus,

190 3669 251 3719 et
281 3661 615 3725 Theodotio,
649 3665 705 3714 et
744 3671 934 3713 omnes
977 3656 1305 3724 interpretes
1344 3650 1459 3722 pari
1485 3663 1621 3704 voce
1655 3662 1787 3702 con-

190 3755 444 3813 sentiunt
466 3772 478 3807 :
502 3752 767 3824 superbas
786 3763 955 3821 aquas
975 3760 1028 3807 et
1051 3755 1354 3819 arrogantes
1378 3758 1475 3815 pro
1490 3744 1787 3801 ἀνυπόστα-

190 3874 284 3909 τον
310 3848 719 3907 transferentes.

265 3942 576 4000 Benedictus
600 3937 881 4003 Dominus,
903 3936 993 4009 qui
1018 3952 1120 3991 non
1148 3934 1294 3989 dedit
1316 3948 1408 3987 nos
1435 3930 1489 3986 in
1518 3939 1785 4000 capturum

193 4037 431 4094 dentibus
458 4051 654 4090 eorum.
688 4032 893 4088 Horum
925 4030 1245 4086 torrentium
1278 4027 1501 4094 dentes,
1533 4038 1790 4080 numero-

192 4133 328 4190 sitas
355 4138 439 4187 est
466 4129 743 4196 vitiorum,
773 4140 803 4181 a
835 4125 1036 4196 quibus
1056 4139 1126 4180 ue
1154 4123 1467 4194 capiamur,
1496 4120 1668 4192 gratia
1694 4118 1789 4175 Dei

195 4237 462 4281 Cl’lllmlﬂ‘.

268 4317 460 4371 Anima
479 4324 675 4382 nostra,
715 4312 850 4366 sicut
878 4326 1075 4383 passer,
1107 4315 1282 4381 erepta
1311 4315 1386 4362 est
1416 4304 1478 4360 de
1500 4305 1682 4374 laqueo
1706 4319 1793 4358 ve-

196 4410 457 4467 nantium.
489 4406 811 4463 Tenduntur
846 4402 1003 4459 nobis
1029 4401 1207 4473 laquei
1247 4402 1300 4454 in
1329 4396 1792 4468 concupiscentiis

198 4518 264 4560 ac
281 4500 512 4558 diversis
552 4496 842 4555 diabolica:
865 4495 1078 4551 astutia:
1103 4492 1280 4559 dolis;
1313 4491 1409 4549 sed
1430 4492 1669 4546 contrito
1690 4489 1792 4546 Sa-

1886 3309 2032 3366 rant,
2076 3305 2137 3352 ut
2158 3294 2326 3351 simili
2348 3292 2619 3349 sententia
2651 3287 2935 3343 feriantur.
2972 3282 3092 3337 Pax
3113 3297 3270 3353 super
3290 3277 3480 3333 Israel.

1884 3391 2134 3448 Christus
2161 3390 2423 3444 Dominus
2446 3394 2533 3442 est
2563 3399 2665 3453 pax
2696 3391 2882 3437 nostra
2910 3376 3131 3451 (Ephes.
3160 3376 3244 3444 ιι),
3270 3373 3362 3445 qui
3384 3388 3484 3427 au-

1887 3485 2066 3542 ferens
2100 3482 2395 3539 maceriam
2432 3476 2730 3534 inimicitia:
2762 3472 2833 3529 de
2871 3470 3051 3527 medio
3082 3467 3392 3524 ludasorum
3419 3478 3486 3518 ac

1884 3579 2149 3651 gentium,
2180 3574 2307 3633 fecit
2346 3583 2580 3643 utraque
2634 3582 2802 3624 unum
2822 3608 2837 3635 ,
2870 3563 3018 3636 quod
3047 3571 3165 3619 erat
3192 3567 3319 3615 ante
3345 3555 3488 3613 divi-

1887 3687 2029 3729 sum.
2390 3753 2711 3816 PSALMUS
2749 3748 2966 3808 CXXV.

1889 3879 2158 3936 Canticum
2187 3874 2467 3949 graduum.
2503 3866 2876 3949 Iste_psalmus
2904 3860 3167 3945 septimus
3192 3856 3483 3949 graduum,

1961 3927 2487 4021 profer'taca—nticum
2540 3927 2651 4021 _ve_l'
2698 3927 2988 4021 ascensum
3050 3931 3104 3986 in
3154 3927 3262 4013 quo
3294 3927 3489 4021 't‘idelis

1960 3998 2439 4077 iiiiis'anér’sus
2476 4012 2762 4068 criminum
2792 4005 3165 4078 captivitatem
3210 3999 3267 4056 in
3294 3998 3486 4054 Domi-

1962 4108 2091 4149 num
2125 4088 2382 4153 exsultat,
2411 4094 2467 4141 et
2495 4083 2626 4139 dicit
2662 4100 2673 4134 :

1965 4204 2033 4258 In
2061 4199 2400 4259 convertendo
2436 4195 2694 4251 Dominus
2721 4190 3069 4264 captivitatem
3100 4185 3254 4243 Sion.
3286 4185 3489 4241 Perva-

1894 4308 2043 4358 serat
2069 4297 2215 4355 enim
2246 4295 2563 4350 universum
2612 4287 2872 4343 mundum
2912 4293 3073 4339 vetus
3098 4280 3389 4350 captivitas
3417 4276 3498 4330 vi-
3532 4346 3541 4355 ἱ

1895 4393 2120 4453 tiornm;
2151 4388 2249 4445 sed
2278 4387 2592 4445 Iucesccute
2629 4374 2789 4436 nobis
2817 4379 2935 4434 sole
2967 4373 3221 4446 iustitiae,
3259 4370 3491 4441 effugata

1897 4497 2003 4545 est.
2018 4485 2108 4542 Sic
2126 4494 2180 4541 et
2202 4481 2472 4547 Ecclesia,
2487 4493 2607 4548 quae
2628 4473 2947 4546 specialiter
2968 4469 3102 4526 Sion
3124 4473 3496 4535 nuncupatur,

118 4658 129 4663 ,
202 4605 325 4651 tana
346 4591 449 4648 sub
471 4591 696 4662 pedibus
715 4588 943 4655 nostris,
963 4587 1103 4642 sicut
1127 4598 1314 4655 passer
1336 4599 1365 4638 a
1387 4582 1641 4652 capiente
1662 4596 1791 4636 cvo—
1817 4600 1872 4662 ι)
1895 4578 2163 4649 apparuit.
2199 4571 2358 4627 Facti
2380 4586 2555 4627 sumus
2584 4567 2716 4623 sicut
2762 4562 3033 4621 consolati.
3069 4560 3179 4615 Pro
3219 4555 3495 4624 consolati,

203 4688 377 4745 lamus
396 4685 465 4741 ab
491 4684 616 4741 illis.
644 4684 735 4740 Sic
760 4681 904 4738 enim
934 4682 1214 4752 sequitur:

273 4777 510 4849 Laqueus
530 4777 782 4832 contritus
802 4784 898 4843 est,
921 4783 969 4829 et
992 4792 1084 4830 nos
1105 4772 1307 4829 liberati
1333 4787 1529 4828 sumus.
1561 4770 1616 4827 Si
1646 4769 1791 4826 enim

206 4873 464 4930 Dominus
484 4870 692 4926 habitet
719 4870 772 4924 in
795 4868 952 4924 nobis
978 4885 992 4924 :
1016 4867 1133 4938 ipse
1155 4865 1239 4939 (ut
1256 4864 1528 4934 diximus)
1555 4862 1655 4918 hos
1683 4861 1793 4918 dis-

206 4975 416 5035 rumpet
446 4967 687 5035 laqueos,
716 4977 783 5017 ne
812 4977 913 5017 nos
941 4959 1261 5031 impediant.

274 5057 604 5129 Adjutorium
639 5062 872 5110 nostrum
910 5055 966 5109 in
1006 5054 1211 5109 nomine
1251 5048 1463 5104 Domini
1496 5063 1515 5103 :
1544 5046 1630 5117 qui
1671 5047 1793 5115 fecit

208 5151 383 5205 calum
403 5159 450 5203 et
478 5158 691 5202 terram.
726 5145 840 5201 Hoc
858 5155 944 5200 cst
966 5160 1162 5201 nomen
1180 5141 1325 5213 quod
1343 5150 1427 5196 est
1446 5154 1610 5210 super
1630 5154 1791 5195 omne

211 5257 423 5298 nomen.
457 5241 627 5312 Hujus
656 5237 892 5295 nominis
931 5237 1241 5308 adjutorio,
1283 5231 1478 5290 mortis
1507 5232 1797 5288 vincuntur

212 5336 404 5407 laquei,
431 5336 477 5392 si
506 5333 562 5390 in
585 5334 680 5389 illo
706 5346 1024 5399 maneamus
1052 5330 1226 5387 affixi.

704 5442 1025 5500 PSALMUS
1062 5439 1305 5497 CXXIV.

215 5540 473 5615 Canticum
508 5539 786 5615 graduum.
823 5536 939 5615 Iste_
966 5536 1207 5605 psalmus
1245 5541 1437 5615 sextus
1480 5531 1713 5615 habetur
1742 5531 1796 5587 in

277 5600 820 5682 canticisvgraduum,
850 5607 943 5677 qui
965 5600 1035 5662 ex
1056 5620 1194 5662 voce
1227 5606 1507 5676 prophetae
1538 5614 1637 5657 nos
1663 5600 1794 5656 hor-

1895 4686 2087 4730 onmes
2134 4669 2334 4739 pariter
2380 4663 2674 4728 editiones,
2716 4658 3032 4715 somniantes
3076 4651 3495 4707 transtulerunt.

1896 4771 1965 4827 Et
1993 4767 2219 4839 pulchre
2247 4761 2618 4826 somniantes;
2652 4755 2895 4813 nondum
2924 4761 3007 4806 est
3036 4748 3184 4806 enim
3219 4746 3377 4818 plena
3406 4745 3499 4801 lte-

1896 4865 2034 4928 titia,
2062 4862 2117 4916 in
2142 4857 2454 4930 captivitate
2481 4851 2711 4920 reliquis
2737 4843 3070 4905 constitutis.

1967 4953 2117 5009 Tunc
2154 4951 2401 5022 repletum
2441 4954 2514 5002 est
2561 4942 2755 5018 gaudio
2804 4956 2861 4995 os
2907 4943 3142 4993 nostrum
3175 4950 3192 4986 :
3224 4940 3272 4987 et
3316 4931 3499 5001 lingua

1897 5056 2075 5104 nostra
2114 5041 2480 5099 exsultatione.
2531 5036 2577 5092 A
2615 5031 2885 5105 Spirituali
2929 5039 2985 5085 et
3032 5025 3241 5082 inﬁnita
3284 5023 3498 5079 laetitia.

1905 5140 2004 5197 Vel
2030 5155 2094 5195 os
2123 5145 2388 5199 nostrum,
2414 5133 2499 5189 vel
2526 5133 2705 5201 lingua
2740 5126 2980 5196 repletur
3012 5140 3024 5174 :
3053 5123 3178 5192 quia
3209 5132 3317 5174 non
3346 5116 3501 5171 sulﬁ-

1903 5235 1978 5291 cit
2004 5241 2179 5289 tantas
2207 5228 2481 5300 explicare
2511 5222 2702 5280 Iaudes
2732 5234 2830 5291 pro
2862 5216 3032 5288 gratia
3063 5226 3170 5285 qua
3201 5210 3497 5265 salvamnr.

1973 5327 2119 5381 Tunc
2147 5324 2319 5379 dicent
2355 5321 2488 5375 inter
2513 5326 2709 5390 gentes,
2743 5307 3097 5384 Magniﬁcauit
3130 5301 3389 5358 Dominus
3417 5300 3499 5370 [a-

1848 5452 1849 5459 ι
1905 5438 2018 5476 cere
2040 5436 2153 5474 cum
2179 5417 2307 5472 illis.
2327 5415 2384 5470 Si
2412 5413 2583 5477 enim,
2611 5406 2818 5465 relictis
2842 5399 3195 5464 transitoriis,
3213 5410 3366 5466 Spem
3387 5392 3504 5448 col-

1904 5506 2148 5569 locemus
2190 5511 2244 5565 in
2277 5503 2654 5576 sempiternis,
2702 5510 2831 5555 tunc
2872 5495 3075 5552 dicitur
3100 5490 3226 5562 quia
3275 5498 3503 5557 magnos

1906 5618 2004 5661 nos
2020 5603 2140 5660 fecit
2169 5600 2455 5663 Dominus,
2476 5593 2794 5666 captivitate
2819 5588 3067 5659 depulsa,
3089 5593 3146 5639 et
3165 5582 3309 5639 sicut
3326 5591 3504 5650 quon-

279 5786 304 5815 ι
334 5773 449 5830 Hoc
475 5773 596 5827 loco
625 5785 730 5826 non
750 5766 1338 5840 potuerunteditiones
1366 5776 1581 5840 veteres
1611 5762 1899 5820 restituere
1936 5778 2094 5821 voces
2124 5763 2479 5833 interpretum
2503 5770 2825 5831 graecorum,
2859 5767 2980 5825 quas
3008 5750 3264 5821 leguntur
3286 5748 3339 5801 in
3366 5759 3501 5804 mss.

220 5845 485 5906 codicibus
509 5842 709 5899 nostris
735 5839 1006 5914 paululum
1032 5839 1345 5911 depravata.
1377 5839 1558 5897 Msa'r.
1623 5886 1635 5907 ,
