3992 6332
479 273 615 332 1211

1267 271 1615 336 APPENDIX
1652 272 1743 328 AD
1780 270 2027 327 TOMUM
2065 269 2421 329 SEPTIMUM
2463 272 2520 331 8.
2566 273 2969 345 HIERONYMI,

3639 280 3788 339 liii

481 396 608 453 dam
636 406 829 467 gentes
865 396 1063 454 timore
1088 398 1287 453 territat
1325 396 1393 451 de
1420 394 1715 451 Israelitico
1756 392 1959 464 populo
1995 391 2076 446 lo-
2103 390 2153 453 Α
2182 389 2562 449 humiliatione
2589 392 2896 464 quiescltis,
2942 393 3260 462 elevamini,
3304 410 3401 451 vos
3430 396 3524 465 qui
3553 397 3609 453 in
3647 413 3781 469 pec-

482 490 789 562 quebantur
827 489 1072 546 dicentes
1106 507 1119 544 :
1160 488 1397 546 Siccavit
1441 488 1581 545 Deus
1621 501 1790 556 aquas
1828 485 1996 541 maris
2026 495 2081 541 ct

482 580 738 638 Iordanis
763 582 829 637 ad
861 582 1162 651 ingressum
1201 580 1437 637 ﬁliorum
1472 579 1636 637 Israel
1667 577 1867 653 (Iasus
1896 576 1976 650 ιι).
2019 576 2077 632 in

482 674 588 731 hoc
607 688 737 745 ergo
759 674 955 745 gaudio
974 675 1320 730 confitemur.

560 768 692 834 Quia
723 767 1071 839 magniﬁcanit
1111 764 1365 822 Dominus
1394 768 1562 838 facere
1592 764 1864 820 nobiscum
1895 779 1915 819 :
1952 762 2083 836 facti

434 892 435 895 η
480 872 661 917 sumus
688 862 941 915 (tutantes.
969 858 1359 916 Servlebamus
1390 861 1541 932 prius
1565 857 1859 929 Pharaoni,
1895 858 1946 913 id
1972 865 2080 925 est,

479 952 885 1010 exterminatori
917 954 968 1008 in
998 952 1150 1009 duris
1174 954 1435 1023 operibus
1468 968 1482 1007 :
1512 969 1657 1009 nunc
1695 964 1879 1009 autem
1905 951 2080 1007 servi-

483 1058 607 1102 mus
647 1045 762 1117 regi
806 1046 1016 1103 ctelesli
1041 1089 1056 1115 ,
1095 1045 1255 1116 cujus
1296 1046 1481 1117 jugum
1522 1056 1686 1102 suave
1720 1054 1805 1102 est
1844 1053 1902 1101 et
1939 1057 2081 1100 onus

483 1137 605 1194 leve
635 1136 821 1210 (Matt.
856 1138 956 1207 in).

556 1229 821 1298 Converte,
862 1232 1102 1302 Domine,
1148 1233 1500 1303 captivitatem
1542 1239 1795 1285 nostram.
1824 1227 2081 1284 Commu-

486 1338 611 1379 nem
635 1335 695 1379 se
720 1324 1094 1394 captivitatem
1117 1324 1322 1380 habere
1342 1338 1465 1378 cum
1493 1321 1711 1393 reliquo
1733 1320 1934 1391 populo
1956 1333 2081 1390 pro-

481 1416 645 1489 pheta
678 1417 874 1472 fatetur
908 1434 920 1469 :
954 1417 1078 1488 quia
1102 1416 1436 1487 compatitur
1457 1429 1621 1470 unum
1646 1413 1954 1468 membrum
1976 1426 2082 1467 ctu.
2126 1404 2131 1415 ’

484 1509 618 1566 teris
660 1506 941 1565 membris.
990 1508 1139 1565 Sicut
1177 1518 1377 1562 torrens
1408 1509 1463 1561 in
1506 1514 1701 1560 austro.
1736 1503 1891 1561 Sient
1932 1502 2081 1558 enim

485 1600 652 1656 ﬂante
679 1610 864 1655 austro
894 1602 1177 1656 solventur
1204 1600 1439 1671 glacies;
1469 1610 1523 1654 et
1552 1597 1795 1668 impletis
1826 1595 2083 1652 torrenti-

484 1692 612 1761 bus,
658 1694 838 1748 omnis
896 1693 1094 1748 horror
1136 1707 1260 1747 cum
1303 1693 1503 1761 impetu
1551 1704 1656 1746 suo
1707 1688 1895 1745 deﬂuit
1947 1707 1958 1741 :
2003 1689 2082 1743 sic

2182 484 2342 546 catis.
2372 484 2457 540 vel
2506 495 2663 539 natos
2701 500 2856 549 esse.
2887 485 2970 541 vel
3010 484 3193 542 vivere
3225 487 3586 555 meministis,
3630 498 3686 545 et
3713 490 3785 546 ad

2183 578 2351 635 Deum
2390 580 2626 635 transire
2654 579 3005 636 desideratis.
3036 579 3167 647 Vel,
3199 581 3290 652 qui
3322 582 3657 637 utenducatis
3683 601 3787 657 pa-

2182 686 2297 725 nem
2322 669 2541 726 doloris.
2577 671 2682 727 Pro
2706 670 2909 738 dolore,
2943 671 3250 728 Tlteodotio
3285 683 3343 729 et
3383 675 3579 747 quinta
3611 676 3789 733 editio

2180 763 2321 817 idola
2344 764 2681 836 interpretati
2708 774 2838 821 sunt
2867 785 2879 822 :
2913 775 3072 822 sexta
3100 781 3255 834 vero,
3286 782 3543 824 errorem.
3573 771 3790 828 Sensus

2181 858 2366 928 itaque
2387 858 2541 928 juxta
2568 859 2873 930 simplicem
2907 859 3328 932 intelligentiam
3356 861 3458 916 iste
3490 873 3575 918 est
3610 879 3626 916 :
3657 862 3791 921 Sine

2181 965 2347 1006 causa
2376 951 2620 1007 diluculo
2652 952 2716 1006 ad
2752 954 3015 1023 templum
3045 953 3295 1021 curritis,
3329 964 3385 1011 et
3433 954 3613 1011 Deum
3650 956 3788 1013 ado-

2181 1060 2304 1101 rare
2336 1058 2431 1101 vos
2457 1046 2709 1115 creditis,
2739 1047 2833 1118 qui
2865 1047 3012 1103 idola
3042 1048 3250 1120 pariter
3280 1047 3556 1117 adoratis,
3599 1059 3659 1106 et
3681 1051 3785 1107 im-

2184 1137 2387 1193 mundo
2420 1139 2705 1194 vescimini
2735 1153 2902 1209 pane.

2251 1228 2381 1284 Cum
2397 1229 2597 1284 dederit
2626 1226 2829 1285 dilectis
2850 1232 2959 1286 suis
2985 1246 3227 1288 somnum
3260 1244 3276 1288 :
3305 1232 3463 1304 quasi
3484 1233 3785 1305 aliquisin-

2182 1331 2536 1394 terrogasset,
2559 1322 2778 1395 quando
2805 1325 2906 1378 hoc
2938 1323 3006 1378 sit
3038 1324 3262 1393 factum,
3295 1325 3345 1381 ei
3379 1326 3586 1381 dicitur
3617 1326 3777 1381 :Cum

2180 1413 2382 1470 dederit
2412 1412 2612 1470 dilectis
2640 1412 2746 1469 suis
2775 1431 3038 1471 somnum.
3075 1414 3274 1473 Dilecti
3305 1417 3485 1473 sancti
3518 1426 3671 1485 sunt,
3694 1419 3780 1490 qui

2183 1514 2304 1576 post
2335 1519 2587 1562 somnum
2619 1507 2908 1577 praesentis
2939 1506 3088 1575 vitae,
3123 1507 3213 1564 hic
3255 1507 3565 1565 dormitare
3595 1509 3782 1566 viden-

2182 1609 2269 1655 lth
2301 1616 2314 1655 2
2349 1609 2408 1656 ιιι
2436 1598 2488 1655 in
2518 1604 2930 1657 resurrectione
2951 1598 3018 1656 ad
3043 1600 3209 1657 vitam
3235 1609 3503 1659 aeternam
3533 1618 3785 1660 merean-

2185 1705 2270 1749 tur
2293 1692 2599 1765 pervenire.
2622 1692 2759 1749 Ecce
2778 1693 3054 1749 Iitereditas
3073 1691 3290 1750 Domini
3311 1696 3410 1765 lilii
3429 1712 3629 1752 merces
3644 1697 3784 1769 [ruc-

486 1784 652 1841 ﬂante
674 1785 876 1857 Spiritu
903 1793 1116 1851 sancto,
1142 1786 1429 1841 solvuntur
1452 1793 1668 1855 peccata
1701 1794 1887 1839 nostra
1924 1800 1936 1836 :
1969 1783 2079 1838 sci-
2108 1777 2158 1839 Β
2184 1797 2263 1841 tus
2283 1787 2493 1842 ventris.
2521 1784 2654 1843 Cum
2680 1788 2852 1842 sancti
2876 1782 2946 1842 ab
2971 1787 3073 1843 hoc
3097 1788 3304 1844 steculo
3326 1800 3556 1860 accepto
3583 1790 3785 1862 quietis

484 1881 632 1947 licet,
666 1888 745 1947 ut,
786 1888 1006 1951 accepta
1046 1879 1395 1946 remissione,
1441 1877 1535 1932 iiut
1567 1877 1726 1933 nobis
1763 1876 1899 1932 illud
1931 1874 2077 1948 quod

486 1974 749 2044 scriptum
773 1982 857 2028 est
883 1990 895 2027 :
922 1972 1076 2030 Sicut
1100 1972 1302 2044 glacies
1327 1972 1378 2026 in
1404 1984 1625 2037 sereno,
1647 1971 1930 2025 solvuntur
1954 1982 2083 2040 pec-

488 2076 608 2123 cata
640 2076 728 2122 tua
759 2066 952 2141 (Ereti.
983 2067 1089 2138 ιιι).

565 2158 667 2225 Qui
694 2160 953 2215 seminam
974 2161 1029 2215 in
1057 2160 1325 2232 lacrymis,
1348 2160 1403 2212 in
1438 2158 1629 2230 gaudio
1651 2163 1873 2222 metent;
1901 2163 2081 2209 euntes

486 2254 629 2308 ibant
655 2262 702 2306 et
738 2251 950 2323 ﬂebant.
988 2254 1246 2306 mittentes
1284 2251 1482 2305 sentina
1525 2264 1643 2303 sua.
1682 2247 1867 2304 Sancti
1918 2247 2084 2317 igitur

491 2344 589 2399 Dei
617 2344 1029 2398 seminaverunt
1050 2342 1102 2398 in
1127 2342 1385 2415 lacrymis
1412 2341 1804 2408 confeSsionis,
1834 2348 1890 2395 et
1918 2340 1972 2395 in
2000 2339 2087 2395 die

491 2436 667 2491 versis
692 2436 1046 2503 cruciatibus,
1082 2438 1132 2491 in
1171 2437 1421 2507 gentibus
1467 2436 1690 2492 verbum
1722 2435 1814 2490 Dei
1850 2453 1861 2489 :
1892 2444 2088 2490 euntes

495 2540 551 2587 et
571 2530 767 2587 ﬂentes
795 2542 961 2601 super
986 2530 1243 2585 duritiam
1284 2529 1469 2585 cordis
1493 2544 1709 2594 eorum,
1739 2528 1883 2599 quod
1916 2529 1968 2583 in
1997 2527 2085 2584 iu-

492 2630 618 2681 turo
652 2638 774 2679 cum
817 2624 1219 2694 manipulorum
1248 2623 1510 2679 fructibus
1533 2624 1847 2693 portabunt,
1871 2624 2086 2680 dicente

496 2715 564 2772 ad
594 2730 690 2772 eos
716 2716 947 2772 Domino
977 2735 988 2769 :
1019 2714 1193 2771 Amen
1222 2716 1349 2771 dico
1386 2716 1569 2782 vobis,
1596 2718 1720 2788 quia
1761 2715 1962 2772 ﬂebitis
1990 2730 2088 2773 vos

495 2820 553 2868 et
583 2810 946 2866 lamentabilis
981 2828 994 2866 :
1026 2810 1259 2865 mundus
1289 2819 1466 2866 autem
1508 2811 1790 2882 gaudebit,
1830 2809 1924 2866 sed
1955 2810 2087 2865 tt‘is-

495 2902 613 2958 titia
644 2913 822 2958 vestra
847 2901 902 2957 in
930 2902 1184 2974 gaudium
1213 2913 1568 2961 convertetur
1596 2903 1777 2976 (lacn.
1811 2906 1949 2976 avt).
1982 2904 2085 2975 lgi‘

2181 1876 2374 1936 son‘mo
2403 1879 2788 1946 discesserint,
2842 1884 2976 1936 tunc
3014 1880 3145 1935 fient
3183 1878 3482 1938 ha-reditas
3523 1880 3777 1953 Domini,

2182 1972 2307 2044 quia
2335 1974 2445 2044 jam
2495 1988 2603 2029 non
2636 1966 2929 2042 subiacent
2969 1973 3387 2030 tentationibus.
3432 1975 3541 2032 Sed
3585 1987 3642 2032 et
3668 1975 3784 2046 ipse

2184 2071 2449 2126 Dominus
2474 2081 2629 2127 natus
2652 2087 2717 2126 ex
2738 2070 2989 2142 Virgine,
3015 2072 3191 2130 iactus
3212 2082 3293 2128 est
3316 2054 3526 2128 fructus
3546 2072 3781 2127 ventris.

2184 2160 2351 2233 Cujus
2384 2173 2662 2233 assumpta
2686 2162 2996 2220 humanitas
3018 2162 3161 2220 hanc
3186 2163 3404 2235 accepit
3430 2163 3781 2220 mercedem:

2188 2263 2245 2308 ut
2274 2261 2463 2324 gentes
2486 2266 2694 2310 vocatae
2722 2254 2777 2309 in
2810 2252 2956 2323 liliis,
2987 2255 3097 2310 sint
3131 2254 3429 2311 litereditas
3454 2254 3601 2325 ejus.
3630 2253 3785 2309 Dedit

2186 2345 2286 2409 eis.
2323 2345 2518 2416 inquit,
2550 2354 2876 2417 potestatem
2911 2346 3051 2403 lilios
3083 2346 3175 2402 Dei
3208 2344 3324 2403 ﬁeri
3348 2346 3440 2419 qui
3467 2345 3707 2403 credunt
3732 2344 3783 2401 in

2188 2436 2411 2496 nomine
2441 2440 2556 2510 ejus
2586 2439 2767 2512 (Joan.
2802 2438 2869 2511 1).

2262 2530 2411 2588 Sicut
2449 2530 2649 2606 sagitta:
2683 2532 2736 2587 in
2781 2548 2938 2588 manu
2982 2535 3238 2606 potentis,
3282 2532 3356 2588 ita
3400 2533 3500 2602 ﬁlii
3544 2548 3789 2588 excusso-

2186 2639 2323 2678 rum.
2353 2625 2650 2690 Excussos,
2695 2626 2981 2696 expeditos
3027 2637 3079 2682 et
3122 2625 3404 2682 accinctos
3435 2622 3502 2681 ad
3536 2623 3787 2695 praelium

2191 2720 2371 2781 vocat,
2401 2716 2541 2787 quod
2567 2718 2790 2773 verbum
2819 2727 2875 2774 et
2902 2716 2965 2787 in
3000 2714 3194 2774 Esdrte
3234 2716 3392 2773 libris
3422 2714 3791 2790 Septuaginta

2189 2809 2515 2880 interpretes
2543 2809 2964 2865 transtulerunt.

2261 2898 2452 2955 Beatus
2495 2901 2574 2955 vir
2617 2901 2705 2974 qui
2738 2901 2975 2973 implevit
3014 2900 3329 2957 desiderium
3354 2916 3509 2956 suum
3552 2917 3619 2956 ea:
3659 2898 3788 2956 illis.

500 3008 589 3053 tur
616 3007 667 3053 et
699 3013 796 3052 nos
818 2998 872 3052 in
905 2999 1256 3056 tribulatione
1274 2999 1603 3066 clamantes,
1630 3000 1909 3057 elevemus
1935 3013 2091 3057 men-
2192 2993 2300 3051 ΡΓο
2339 2995 2595 3051 desiderio
2633 2995 2689 3051 in
2724 2994 2979 3067 Hebraea,
3011 2995 3313 3069 pharetram
3343 2994 3527 3051 habet.
3559 2992 3635 3052 Ut
3660 2994 3796 3066 quia

385 3094 396 3107 ⁶
496 3089 568 3145 tis
591 3090 780 3145 oculos
801 3090 869 3145 ad
899 3092 1285 3148 auxiliatorum
1320 3094 1506 3161 Deum,
1533 3103 1592 3148 ut
1617 3103 1775 3150 eruat
1802 3110 1900 3148 nos
1922 3110 1952 3148 a
1982 3110 2088 3150 ste-
2136 3161 2142 3162 7
2192 3091 2421 3161 Sagittas
2452 3088 2788 3162 prtemiserat
2825 3091 2876 3145 in
2926 3078 3399 3161 comparationem
3444 3095 3793 3154 sanctorum.

498 3179 582 3236 vis
612 3180 864 3237 dentibus
905 3182 1211 3239 invidorum
1251 3202 1261 3236 :
1299 3183 1510 3240 auferat
1549 3200 1578 3238 a
1616 3186 1774 3240 nobis
1804 3194 2087 3256 sceptrum
2114 3161 2162 3225 θ
2194 3161 2601 3255 consequenter
2624 3183 2938 3255 pharetram
2970 3176 3182 3254 sagittis
3215 3180 3417 3238 inierat
3439 3180 3790 3251 explendam.

497 3274 887 3331 dominationis
933 3276 1150 3347 iniqu-r,
1198 3282 1256 3331 ut
1282 3278 1438 3333 solita
1476 3280 1831 3335 miseratione
1862 3269 2089 3350 largita,

498 3368 629 3424 dum
677 3384 704 3423 ιι
745 3369 1061 3439 captivitate
1107 3371 1367 3426 vitiorum
1412 3372 1747 3428 absolvimur
1791 3390 1803 3426 :
1850 3372 2093 3431 catastis

497 3462 799 3519 Jerusalem
847 3463 1076 3519 aedilicio
1113 3474 1390 3537 tamquam
1440 3466 1547 3521 vivi
1589 3466 1803 3537 lapides
1848 3482 2089 3523 connec-

498 3563 696 3610 tamur.

992 3648 1311 3705 PSALMUS
1350 3647 1590 3706 CXXVI.

498 3761 766 3817 Canticum
816 3760 1071 3831 graduum
1124 3762 1444 3817 Salomonis.
1502 3758 1629 3817 Ideo
1685 3760 1927 3829 psalmus
1987 3761 2092 3817 iste

570 3831 881 3887 Salomonis
919 3833 1078 3888 titulo
1121 3842 1451 3902 praenotatur
1492 3850 1504 3885 :
1553 3842 1610 3888 ut
1644 3835 1759 3902 ipse
1799 3833 2092 3888 fabricator

568 3903 752 3973 templi
791 3905 984 3960 docent
1036 3920 1097 3960 se
1136 3920 1247 3976 non
1277 3907 1473 3976 valere
1510 3902 1925 3960 :cdilicationem
1969 3904 2093 3976 ejus

573 3989 955 4030 consummare
979 3977 1099 4032 sine
1131 3975 1347 4031 Domini
1380 3977 1608 4032 auxilio.

442 4182 447 4185 _
576 4106 697 4161 Nisi
725 4105 978 4162 Dominus
1001 4109 1330 4179 wdificaverit
1362 4110 1604 4178 domum,
1632 4108 1685 4164 in
1717 4127 1907 4165 vanum
1938 4109 2090 4166 labo-

501 4211 618 4257 rant
640 4203 729 4272 qui
745 4198 1005 4273 wdi/icant
1025 4216 1159 4257 eam.
1176 4202 1286 4259 Nos
1300 4216 1507 4270 sumus,
1534 4202 1833 4260 secundum
1858 4203 2094 4276 Aposto-

499 4293 634 4361 lum,
665 4288 758 4348 Dei
790 4296 1051 4363 templum
1086 4314 1096 4348 :
1129 4295 1218 4365 qui
1249 4295 1350 4350 nisi
1394 4312 1489 4364 per
1521 4296 1808 4351 Dominum
1846 4307 2091 4353 nostrum

500 4383 686 4442 Iesum
711 4384 989 4440 Christum
1014 4385 1352 4442 aediﬁcemur
1372 4402 1535 4457 super
1573 4386 1921 4444 fundamenta
1962 4400 2094 4459 apo-

2193 3272 2316 3331 Non
2343 3277 2691 3347 confundetur
2724 3292 2841 3331 cum
2864 3277 3103 3344 loquetur
3141 3274 3370 3330 inimicis
3397 3275 3508 3330 suis
3535 3275 3587 3328 in
3617 3284 3793 3346 porta.

2191 3366 2378 3438 Porta,
2402 3366 2568 3439 janua
2598 3366 2713 3423 sive
2734 3370 2972 3424 ostium:
3007 3369 3123 3439 ipse
3142 3378 3227 3424 est
3257 3366 3350 3437 qui
3377 3369 3453 3423 ait
3482 3384 3493 3421 :
3531 3364 3650 3436 Ego
3670 3381 3797 3422 sum

2192 3460 2416 3519 ostium?
2441 3476 2535 3533 per
2559 3472 2646 3518 me
2663 3463 2704 3515 si
2726 3460 3151 3533 quisintroinrit,
3178 3454 3689 3531 salvabituonan.
3714 3460 3794 3531 ι),

2196 3558 2334 3625 Ergo
2375 3552 2579 3624 qui,dc
2618 3553 2739 3609 illiis
2769 3568 3128 3609 excussorum
3165 3550 3301 3608 titus
3345 3553 3397 3608 in
3429 3550 3653 3608 Christo
3684 3560 3792 3621 est,

2194 3660 2300 3703 nOn
2339 3645 2712 3701 confundetur
2753 3638 2806 3699 In
2839 3643 2930 3699 die
2964 3642 3157 3716 judicii
3191 3660 3203 3696 :
3234 3658 3357 3699 cum
3383 3641 3801 3713 exprobraverit

2195 3737 2428 3793 inimicis
2457 3737 2618 3809 Legis
2646 3734 2740 3792 Det
2771 3734 3222 3802 inobedientiam,
3257 3742 3314 3790 ct
3341 3734 3793 3806 perersitatem,

2194 3834 2277 3888 vel
2300 3848 2513 3889 omnem.
2545 3833 2800 3888 malitiam
2833 3833 3101 3903 ipsorum.

2680 3940 3002 4001 PSALMUS
3034 3937 3291 3999 CXXVII.

2194 4034 2464 4107 Canticum
2489 4033 2769 4107 graduum.
2798 4034 2904 4090 iste
2933 4032 3171 4105 psalmus
3196 4025 3422 4107 in'nono
3443 4034 3792 4092 ascensionis

2266 4106 2458 4178 gradu,
2490 4104 2575 4162 'vei
2605 4107 2865 4179 cantico,
2885 4104 3137 4162 timorem
3175 4104 3645 4179 dilectionemque
3685 4107 3794 4162 Do-

2267 4179 2523 4235 minicam
2553 4179 2814 4246 insinuat,
2836 4178 3058 4234 dicens:

2266 4293 2415 4349 Beati
2443 4306 2618 4348 omnes
2649 4294 2740 4363 qui
2763 4295 2942 4348 timent
2971 4292 3277 4360 Dominum,
3316 4293 3405 4365 qui
3438 4293 3712 4349 ambulant
3737 4296 3791 4350 in

2193 4386 2286 4441 viis
2311 4388 2444 4460 ejus.
2470 4386 2571 4454 Qui
2596 4399 2718 4441 cum
2746 4386 2940 4440 timore
2966 4386 3263 4458 iungentes
3283 4400 3343 4442 se
3364 4385 3465 4443 Dei
3485 4387 3794 4453 dilectioni,

424 4534 431 4541 ,
501 4477 766 4534 stoiorum
796 4488 846 4533 et
881 4476 1274 4550 prophetarum
1301 4479 1366 4552 (ll
1388 4479 1508 4535 Cor.
1528 4480 1825 4552 vt),lnanis
1844 4483 1950 4538 erit
1970 4475 2092 4554 phl-
2195 4486 2523 4535 exercentur
2551 4478 2604 4532 in
2634 4478 2720 4534 his
2760 4490 2883 4548 quae
2911 4477 3212 4549 prophctte,
3253 4478 3511 4550 apostoli,
3554 4491 3795 4551 evange-

499 4571 854 4643 iosophorom
903 4582 961 4628 et
1013 4572 1348 4645 reliquorum
1396 4577 1742 4634 swcularium
1792 4578 2087 4636 doctorum
2123 4554 2333 4629 Dlistte
2359 4572 2810 4643 praedicaverunt.

437 4722 444 4728 _
499 4663 808 4722 mdiiicatio.

573 4757 694 4813 Nisi
719 4756 985 4815 Dominus
1006 4759 1307 4816 custodierit
1336 4762 1612 4831 civitatem,
1644 4763 1702 4816 in
1725 4772 1915 4816 conum
1943 4761 2093 4816 labo-

494 4860 738 4905 raverunt
763 4853 853 4920 qui
892 4851 1189 4907 custodiunt
1230 4868 1364 4908 eam.
1406 4850 1617 4909 Fidelis
1657 4854 1861 4922 anima,
1894 4853 2091 4909 civitas

498 4944 763 5014 accipitur
806 4943 997 5001 aeterni
1031 4946 1213 5017 Regis,
1244 4958 1367 5017 quae
1406 4946 1622 5001 civibus
1666 4946 1846 5012 bonis,
1888 4945 1942 4999 id
1971 4954 2087 5013 est,

499 5038 744 5094 honestis
775 5036 1018 5094 moribus
1048 5038 1445 5108 frequentatur,
1474 5052 1636 5110 quam
1666 5036 1872 5094 nullius
1902 5045 2087 5109 potest

499 5132 639 5186 tueri
662 5131 936 5200 custodia,
971 5130 1074 5188 nisi
1101 5129 1246 5186 illius
1264 5131 1355 5202 qui
1380 5144 1489 5187 non
1520 5130 1827 5187 dormimus
1852 5127 2086 5202 protegit

497 5223 689 5281 Israel.
2054 5230 2065 5244 ”

575 5315 781 5371 Vanum
804 5325 879 5371 est
897 5316 1035 5372 vobis
1060 5323 1179 5371 ante
1199 5312 1365 5371 lucem
1383 5328 1615 5389 surgere.
1640 5314 1743 5382 Qui
1765 5324 1893 5371 ante
1912 5314 2087 5370 lucem

495 5410 695 5480 surgit,
730 5418 1028 5465 necturnas
1050 5408 1309 5465 tenebras
1329 5408 1531 5480 palpat.
1566 5407 1726 5465 Sieet
1742 5407 1859 5479 qui,
1890 5406 2088 5462 relicto

492 5498 777 5573 Evangelii
808 5500 1033 5567 lumine,
1055 5498 1122 5557 ad
1154 5501 1409 5572 superius
1443 5501 1649 5556 dictum
1680 5499 1876 5571 dogma
1909 5508 2092 5556 trans-

496 5599 658 5664 ierit,
704 5596 757 5653 in
800 5598 1039 5654 tenebris
1078 5604 1495 5654 commoratur:
1526 5610 1629 5654 nee
1679 5606 1862 5668 penest
1905 5596 2088 5652 Domi-

491 5691 629 5746 nica:
660 5690 1082 5746 resurrectiOnis
1116 5691 1317 5760 perfrui
1356 5691 1645 5746 claritate:
1682 5689 1899 5762 Surgite
1946 5697 2090 5758 post-

491 5790 652 5851 quam
679 5778 933 5850 sederitis,
964 5780 1054 5854 qui
1082 5782 1409 5839 manducetis
1437 5798 1621 5855 panem
1650 5780 1869 5838 doloris.
1900 5778 2000 5849 Qui
2032 5778 2085 5836 in

2264 4664 2488 4719 Labores
2529 4669 2792 4736 fructuum
2829 4672 3038 4718 tuorum
3068 4663 3405 4720 manducabis
3434 4679 3455 4719 :
3495 4665 3677 4720 beatus
3718 4681 3794 4734 es,

2189 4765 2239 4813 et
2270 4757 2394 4812 bene
2424 4757 2512 4811 tibi
2543 4758 2658 4811 erit.
2702 4754 2948 4813 Labores
2972 4755 3244 4811 fructuum
3273 4767 3421 4825 sunt,
3461 4770 3587 4813 cum
3629 4757 3798 4815 homo

2191 4858 2476 4908 exercetur
2503 4848 2556 4904 in
2585 4849 2809 4916 mundo,
2838 4856 2899 4904 ut
2926 4848 2991 4903 ad
3026 4848 3355 4905 aeternitatis
3393 4848 3634 4904 fructum
3666 4863 3799 4919 pos-

2191 4944 2265 4999 sit
2292 4941 2572 4998 accederc.
2600 4940 2734 4996 Nam
2760 4940 3037 4997 laboriose
3067 4954 3167 5010 per
3189 4939 3291 4996 itas
3317 4941 3413 4997 Del
3437 4942 3555 4996 vias
3589 4939 3802 4997 incedi-

2194 5045 2317 5105 tur,
2371 5034 2513 5091 sicut
2560 5035 2677 5104 ipse
2725 5034 2845 5089 ait:
2890 5035 3049 5088 Arcto
3103 5041 3160 5089 et
3204 5045 3508 5087 aerumnosa
3568 5033 3656 5087 via
3712 5046 3799 5092 est

2193 5142 2314 5201 quae
2335 5126 2483 5184 ducit
2508 5125 2573 5181 ad
2597 5126 2759 5183 vitam
2789 5124 3006 5198 (Matth.
3039 5124 3155 5197 vn).
3188 5124 3296 5183 Sed
3332 5127 3419 5181 hic
3447 5124 3603 5179 labor
3629 5134 3793 5181 aeter-

2194 5222 2280 5278 nis
2322 5220 2591 5276 fructibus
2633 5218 2986 5290 adlmpletur,
3015 5231 3139 5274 cum
3181 5218 3346 5273 homo
3388 5230 3531 5289 pune
3559 5218 3656 5274 illo
3685 5232 3801 5277 cur-

2196 5316 2318 5373 lesti
2349 5315 2725 5384 locupletzitnr.
2760 5313 2874 5369 Hoc
2912 5312 3059 5369 enim
3088 5311 3386 5378 desiderio,
3418 5318 3473 5367 et
3507 5311 3601 5368 ille
3644 5326 3800 5367 com-

2200 5396 2557 5481 pungebatur,
2596 5409 2688 5479 qui
2728 5407 2988 5463 dicebat:
3020 5405 3225 5463 Beatus
3249 5406 3338 5477 qui
3381 5405 3801 5462 manducet-erit

2196 5517 2389 5575 panem
2419 5503 2472 5557 in
2492 5516 2661 5574 regno
2687 5500 2787 5558 Dei
2819 5498 2972 5573 (Luc.
3000 5499 3138 5571 ιιν).

2271 5593 2423 5651 Uxor
2455 5602 2545 5649 tua
2572 5595 2703 5649 sicut
2735 5592 2853 5647 vitis
2893 5590 3167 5646 abundans
3192 5606 3212 5645 :
3233 5590 3289 5645 in
3324 5589 3573 5647 lateribus
3610 5590 3799 5649 donius

2196 5696 2315 5741 tute.
2369 5687 2517 5743 Uxor
2543 5686 2697 5758 juxta
2726 5685 3075 5743 Salomonem
3108 5681 3311 5753 (Prov.
3337 5699 3409 5738 vn
3436 5681 3487 5755 ),
3528 5685 3798 5756 sapientia

2194 5778 2483 5853 accipitur,
2520 5796 2640 5853 qum
2673 5776 2728 5839 in
2754 5777 2951 5836 animae
2979 5776 3287 5837 emundatte
3318 5774 3484 5836 domo
3518 5785 3799 5852 tamquam
