3992 6312
215 320 365 377 iﬁlli

1093 316 1545 395 alterumue
1584 321 1649 377 lN
1690 321 2022 381 PSALMUS.
2069 322 2311 382 essm.
2354 322 2572 382 cxxx.

3369 330 3509 391 l2“

205 436 472 509 speciosa
503 434 631 492 vltis
665 435 918 502 adducta,
948 436 1004 490 in
1041 434 1301 492 lateribus
1336 448 1561 509 operum
1592 446 1795 495 nostro-
1833 432 1889 503 Α
1911 438 1957 497 si
2011 440 2237 497 multum
2276 436 2548 511 dedisset,
2594 443 2905 516 manipulos
2942 445 3111 504 refert
3139 465 3150 501 :
3183 446 3324 503 sicut
3347 441 3506 504 vidua

206 544 340 586 rum
367 529 706 585 extenditur.

287 619 425 677 Filii
451 621 528 676 tui
550 622 682 677 sicut
710 610 930 676 novella:
965 621 1241 689 olivarum,
1270 622 1324 677 in
1362 620 1585 677 circuitu
1621 634 1814 679 meust!

204 728 341 774 tum.
389 714 560 771 Actus
587 714 858 771 bonorum
902 714 958 768 in
999 716 1228 771 circuitu
1265 715 1529 772 doctrina:
1567 716 1809 774 ctelestis

200 810 556 875 assistentes,
605 823 727 863 cum
758 805 1085 878 pinguedine
1112 808 1263 879 pacis
1303 818 1357 865 et
1387 809 1808 867 obumbratione

201 903 459 960 virtutis.

288 996 427 1053 Ecce
447 998 523 1052 sic
549 998 877 1053 benedicetur
903 995 1077 1067 homo,
1095 999 1184 1070 qui
1205 998 1346 1053 timet
1376 996 1683 1053 Dominum.
1709 997 1807 1054 llis

200 1092 406 1165 utique
436 1088 801 1162 locupletatur
830 1089 1057 1145 divitiis.

288 1182 574 1239 Benedicat
601 1192 650 1238 te
678 1180 934 1236 Dominus
950 1197 1018 1236 ex
1041 1180 1193 1237 Sion.
1226 1178 1329 1248 Qui
1358 1181 1412 1236 in
1445 1178 1691 1236 Ecclesia
1723 1190 1809 1235 re-

202 1284 364 1349 gnat.
394 1274 461 1330 Et
485 1274 659 1331 videas
683 1289 800 1346 qua:
825 1274 955 1328 bona
975 1283 1097 1329 sunt
1117 1270 1408 1329 Jerusalem
1433 1273 1670 1328 omnibus
1692 1270 1810 1328 die-

202 1371 306 1426 bus
340 1368 455 1426 vita
484 1379 603 1424 tua.
642 1362 700 1423 iri
743 1369 833 1423 illa
864 1365 1073 1424 caelesti
1122 1381 1319 1436 matre,
1351 1367 1421 1423 de
1445 1382 1553 1439 qua
1601 1368 1654 1422 in
1683 1366 1807 1423 aliis

200 1463 568 1535 exposuimus
594 1462 823 1532 psalmis
851 1477 866 1518 :
902 1461 957 1515 in
978 1476 1081 1534 qua
1107 1461 1233 1517 vitae
1254 1470 1531 1533 perpetua:
1560 1461 1700 1515 bona
1726 1458 1805 1514 ria

201 1557 330 1613 suri
354 1564 482 1612 sunt
510 1557 707 1612 sancti.

284 1649 357 1705 Et
380 1648 554 1704 rideas
580 1650 720 1720 ﬁlios
740 1648 969 1720 ﬁliorum
999 1658 1228 1704 tuorum.
1249 1647 1688 1704 Retributionem
1717 1661 1808 1702 ca-

199 1753 432 1817 ptantes
452 1754 674 1813 sperum
718 1744 1010 1799 bonorum.
1054 1741 1249 1797 Pacem
1285 1758 1440 1814 super
1471 1738 1660 1796 Israel.
1693 1739 1803 1796 Pax

1910 532 1978 589 de
2003 532 2215 590 duobus
2245 535 2464 591 minutis
2495 532 2692 608 (Marc.
2728 534 2850 610 xu).

1981 623 2053 680 Et
2071 641 2174 681 non
2202 625 2444 682 dia-erunt
2472 628 2561 698 qui
2584 628 2911 700 prateribant
2932 645 2951 685 :
2970 628 3273 687 Benedictio
3299 630 3515 690 Domini

1909 737 2059 793 super
2086 739 2195 794 vos.
2220 723 2338 778 Non
2358 737 2453 779 eos
2483 723 2877 779 benedixerunt
2916 725 3088 781 sancti
3118 720 3213 781 Dei
3249 740 3261 779 :
3288 728 3379 798 qui
3411 738 3509 798 pro

1910 814 2081 870 nihilo
2121 814 2385 871 habentes
2429 810 2570 871 hunc
2620 816 2920 887 mundum,
2969 816 3397 889 pertransierunt
3439 821 3507 876 ad

1909 908 2151 963 cmlestia
2173 917 2227 964 et
2254 920 2478 963 aeterna.
2515 907 2886 967 Benediximus
2914 910 3054 966 vobis
3085 913 3140 966 in
3171 913 3373 968 nomine
3399 906 3510 969 Do-

1909 999 2056 1053 mini.
2093 996 2181 1068 Ut,
2214 998 2414 1056 relictis
2441 998 2790 1060 infructuosls
2828 1002 3106 1078 aridisque
3136 998 3411 1075 operibus,
3438 1016 3502 1060 ea

1909 1094 2102 1149 seratis
2127 1138 2142 1163 ,
2191 1110 2310 1165 quae
2336 1105 2389 1152 et
2420 1108 2719 1152 messorum
2751 1113 2966 1153 manum
2992 1141 3007 1166 ,
3045 1110 3101 1155 et
3138 1083 3504 1171 colligendum

1911 1180 2240 1260 manipulos,
2270 1189 2512 1262 repleam
2532 1191 2731 1247 sinum.

2410 1328 2724 1389 PSALMUS
2760 1330 3004 1387 CXXIX.

1912 1416 2186 1474 Canticum
2220 1422 2501 1492 graduum.
2537 1422 2655 1493 Ipse
2691 1425 2929 1493 psalmus
2965 1423 3305 1480 undecimum
3349 1423 3509 1480 nobis

1982 1493 2313 1566 ascensionis
2331 1494 2560 1566 gradum
2592 1494 2865 1564 pandit,et
2880 1498 3150 1550 canticum
3173 1514 3185 1550 :
3210 1497 3300 1566 qui
3330 1495 3505 1551 ﬁdelis

1982 1564 2175 1635 animae
2214 1574 2465 1620 conatum
2496 1564 2563 1620 ad
2598 1565 2790 1622 altiora
2829 1567 3135 1621 tendentem
3179 1564 3499 1635 proferens:

1982 1633 2109 1708 dum
2133 1648 2193 1689 se
2222 1634 2275 1688 in
2298 1635 2565 1708 profundo
2583 1638 2741 1706 quasi
2770 1638 3084 1694 immersam
3110 1633 3377 1708 queritur,
3408 1652 3511 1694 nos

1983 1704 2049 1760 ad
2072 1704 2419 1776 intelligenda
2446 1704 2689 1764 ccclesiis
2720 1717 2999 1780 provocat,
3031 1704 3218 1765 dicens
3249 1728 3261 1763 :

204 1848 430 1905 nostra,
456 1837 613 1895 Jesus
632 1838 907 1906 Christus,
932 1836 1137 1910 iugiter
1166 1852 1328 1909 super
1360 1852 1446 1893 me
1472 1844 1599 1893 :tem
1628 1852 1689 1893 se
1722 1832 1800 1892 vi~
1835 1834 1883 1898 Β
1983 1838 2061 1895 De
2106 1840 2380 1913 profundis
2438 1842 2652 1898 clamavi
2708 1842 2780 1898 ad
2824 1832 2904 1916 te,
2958 1842 3222 1902 Domine:
3252 1842 3505 1917 Domine,

202 1928 435 1987 dentem
464 1928 713 2002 aspiciat.

684 2018 1004 2080 PSALMUS
1040 2018 1330 2079 CXXVIII.

203 2137 497 2210 Canticum
510 2138 790 2210 graduum.
811 2136 918 2195 Iste
948 2140 1191 2210 psalmus
1216 2134 1488 2194 decimum
1520 2137 1677 2193 nobis
1695 2152 1811 2208 pro-

288 2208 396 2265 iert
418 2208 819 2277 vel'canticum,
846 2211 931 2265 Vel
952 2208 1265 2271 ascensum,
1297 2211 1386 2280 qui
1421 2225 1490 2265 ex
1517 2224 1654 2264 voce
1686 2224 1809 2279 pro-

292 2279 507 2351 phetica
548 2281 810 2336 inchoans
854 2282 1012 2337 docet
1060 2279 1398 2337 incessanter
1431 2283 1691 2336 resistere
1715 2295 1813 2336 ne-

285 2352 476 2424 quitiis
497 2353 962 2424 impngnautibus,
990 2367 1061 2408 ne
1092 2367 1192 2408 nos
1217 2363 1555 2422 expugnent.

289 2489 446 2562 Sttpe
472 2501 893 2563 expugnaverunt
933 2508 1012 2548 me
1040 2502 1073 2546 α
1092 2492 1364 2564 juventnte
1406 2508 1540 2547 mea.
1581 2492 1722 2548 Dicit
1750 2502 1810 2549 se

210 2578 525 2657 impugnari
550 2585 620 2640 ab
649 2582 806 2641 initio
828 2585 1003 2640 tutetis
1029 2600 1141 2639 suae
1167 2585 1402 2650 viriste;
1427 2585 1523 2641 sed
1554 2600 1583 2639 a
1614 2585 1811 2655 quibus

209 2675 584 2748 impugnetur,
612 2676 739 2732 silet
774 2694 788 2730 :
822 2686 881 2731 ut
911 2674 1248 2748 intelligatur
1274 2677 1396 2747 quia
1432 2692 1603 2747 pugna
1635 2690 1664 2732 a
1696 2674 1811 2731 dia-

209 2766 347 2823 bolo
376 2764 629 2823 mittitur.
657 2764 870 2824 Poteris
898 2769 982 2824 vel
1014 2767 1080 2823 de
1111 2768 1430 2839 probatione
1461 2766 1588 2835 Job,
1619 2769 1707 2825 vel
1740 2767 1807 2825 de

211 2862 510 2918 traditione
538 2856 738 2918 Christi
766 2876 793 2915 τι
820 2860 954 2918 Juda
984 2861 1199 2919 facilius
1226 2862 1330 2919 hoc
1357 2863 1670 2919 advertere.

295 2953 448 3010 Dicat
477 2964 611 3010 nunc
633 2952 824 3022 Israel,
840 2952 993 3028 Sarpe
1018 2964 1442 3028 expugnaverunt
1468 2972 1547 3010 me
1571 2972 1602 3009 a
1618 2959 1828 3027 juven»~

210 3059 327 3105 tute
351 3066 483 3117 mea,
514 3048 701 3102 etenim
730 3063 834 3101 non
858 3058 1134 3118 potuerunt
1162 3047 1312 3101 mihi.
1348 3048 1491 3118 Ergo
1516 3047 1606 3118 qtti
1638 3040 1809 3103 israei

209 3152 321 3209 est,
353 3139 440 3195 ille
462 3147 639 3210 poteSt
656 3138 863 3203 dicere.
893 3139 1020 3211 quia
1045 3138 1395 3211 impugnatur
1423 3136 1675 3194 omnibus
1692 3139 1809 3195 die-

1912 1934 2099 1988 ea'audi
2125 1936 2406 1989 orationem
2428 1951 2611 1989 meum.
2640 1935 2715 1991 De
2742 1934 3018 2006 profundis
3045 1939 3260 2003 clamat,
3293 1938 3384 2007 qui
3407 1938 3512 1993 scit

1911 2024 2255 2083 altitudinem
2273 2022 2582 2083 divitiarum
2607 2026 2882 2099 sapientia:
2904 2026 2999 2085 Dei
3025 2046 3038 2083 :
3065 2031 3153 2099 qui
3180 2024 3510 2099 persecutio-

1912 2134 2009 2173 nes
2041 2119 2240 2189 patitur
2268 2134 2280 2173 :
2312 2120 2402 2193 qui
2432 2135 2557 2176 eum
2583 2120 2922 2177 misericordi
2960 2121 3192 2193 suspirio
3240 2122 3503 2194 depreca-

1913 2221 2022 2268 ων.

1984 2302 2147 2360 Fiant
2168 2316 2321 2361 aures
2346 2316 2449 2362 tua:
2476 2306 2795 2364 intendentes
2820 2326 2836 2363 :
2860 2310 2913 2365 in
2945 2312 3229 2366 orationem
3248 2308 3383 2366 servi
3412 2310 3508 2368 tui.

1910 2398 2027 2456 Non
2067 2396 2155 2456 hic
2193 2403 2466 2457 carnalem
2496 2416 2682 2459 aurem
2722 2402 2985 2474 prepheta
3019 2404 3252 2476 postulat
3283 2424 3294 2457 :
3327 2400 3507 2461 sciens

1910 2494 2080 2551 Deum
2105 2497 2480 2566 incorporeum
2505 2511 2625 2552 esse
2652 2517 2663 2550 :
2685 2497 2777 2554 sed
2795 2499 3043 2554 virtutem
3070 2514 3172 2570 qua
3195 2512 3322 2555 suos
3340 2513 3505 2555 exau-

1912 2589 2027 2644 dire
2057 2589 2329 2659 dignatur,
2359 2591 2624 2661 exposcit.

1986 2682 2046 2736 Si
2077 2682 2371 2752 iniquitates
2399 2681 2740 2738 observaveris
2760 2726 2772 2748 ,
2811 2680 3030 2738 Domine
3060 2700 3079 2738 :
3113 2679 3361 2749 Domine,
3394 2683 3508 2756 quis

1911 2774 2216 2829 sustinebit?
2244 2774 2299 2829 Si
2330 2775 2472 2829 enim
2506 2774 2911 2847 transgrediens
2939 2762 3087 2847 leges
3120 2786 3264 2843 tuas,
3291 2776 3508 2849 generis

1913 2863 2130 2919 humani
2165 2864 2423 2937 fragilitas
2465 2869 2669 2925 ultione
2706 2877 2795 2924 tua
2832 2867 3074 2940 protinus
3102 2868 3347 2941 feriatur,
3385 2869 3505 2940 quis

1910 2957 2138 3012 evadere
2168 2958 2405 3029 pulerit?

1987 3046 2122 3117 Quia
2143 3049 2288 3121 apud
2312 3058 2361 3104 te
2380 3051 2680 3123 propitiatio
2701 3059 2793 3107 est.
2845 3050 2926 3107 Tu
2952 3052 3094 3108 enim
3126 3067 3223 3108 nos
3255 3050 3505 3109 reconci-

1914 3136 2066 3195 liabis
2118 3136 2261 3196 Patri
2296 3158 2389 3212 per
2414 3154 2652 3198 crucem.
2688 3136 2757 3197 Et
2785 3152 2999 3215 propter
3024 3144 3184 3215 legem
3216 3151 3355 3197 luant
3382 3160 3505 3199 sus-

209 3204 319 3290 bus
345 3204 481 3288 vitaa-
498 3244 632 3288 sum.
666 3231 775 3289 Sed
807 3204 925 3288 non-
940 3232 992 3289 ei
1016 3204 1275 3303 prce-valet
1299 3232 1414 3288 haec
1447 3246 1657 3305 pugna:
1682 3232 1806 3303 quia
1834 3204 1879 3273 δ
1913 3234 2042 3288 tinui
2084 3244 2164 3305 te,
2216 3204 2460 3291 Domine.
2507 3234 2617 3290 Lex
2646 3204 2946 3306 spiriiualis
2983 3204 3097 3299 est:
3135 3241 3190 3291 et
3218 3230 3505 3292 continens

212 3324 476 3381 Dominus
502 3335 705 3395 pugnat
738 3336 836 3394 pro
863 3334 949 3379 eo.

289 3417 466 3486 Supra
492 3416 704 3471 dorsum
731 3430 903 3470 meum
934 3415 1313 3488 fabricaverunt
1341 3424 1652 3483 peccatores,
1686 3428 1808 3484 pro-

212 3513 553 3583 longaverunt
599 3508 927 3575 iniquitatem
967 3502 1086 3563 sibi.
1126 3504 1337 3581 Jugiler
1372 3507 1438 3561 ad
1485 3502 1653 3563 Deum
1688 3522 1807 3563 cur-

211 3604 355 3663 renti
413 3612 472 3661 et
511 3603 578 3660 ad
620 3600 884 3675 ampliora
928 3603 1171 3661 tendenti
1222 3602 1557 3661 fabricantur
1594 3620 1620 3656 a
1657 3606 1807 3674 tergo

212 3697 581 3769 nequitiarnm
624 3694 910 3768 machinae,
952 3698 1074 3769 quia
1120 3696 1172 3753 in
1213 3706 1437 3769 asriectu
1468 3698 1668 3768 exponi
1700 3709 1807 3753 non

215 3799 465 3864 possunt.
498 3783 609 3847 Sed
640 3806 760 3847 cum
792 3784 857 3847 ad
888 3790 1140 3846 edoctum
1184 3804 1292 3846 non
1323 3790 1668 3861 perveniunt,
1704 3786 1806 3845 sibi

212 3883 321 3955 ipsi
352 3882 677 3955 prolongant
709 3900 723 3938 :
763 3883 834 3940 ob
863 3878 915 3937 id
948 3878 1274 3945 invidendo,
1320 3888 1606 3952 peccatum
1646 3880 1808 3936 ultio—

213 3988 453 4046 nemque
482 3973 715 4031 dit'inatn
757 3974 813 4030 In
854 3986 914 4032 se
953 3982 1270 4046 provocant.
1316 3974 1575 4045 Sequitur
1608 3974 1754 4030 enim
1791 3988 1805 4030 :

291 4067 547 4123 Dominus
572 4072 749 4142 justus
792 4068 1029 4124 concidet
1064 4069 1283 4124 cervices
1315 4076 1661 4138 peccatorum.
1702 4064 1809 4123 Pro

214 4160 499 4217 cervicibus
528 4161 579 4217 in
600 4154 829 4217 Hebraeo
855 4154 1040 4228 habet,
1068 4160 1292 4228 vincula,
1316 4160 1399 4217 vel
1428 4168 1635 4216 catenas
1660 4170 1718 4215 ut
1738 4160 1810 4215 sit

212 4266 412 4310 sensus
446 4268 459 4307 :
493 4248 577 4309 illi
608 4253 701 4325 qui
728 4266 817 4310 me
846 4252 960 4310 suis
987 4253 1223 4320 insidiis,
1257 4248 1383 4309 hinc
1413 4253 1541 4310 inde
1570 4254 1806 4309 Vallave-

211 4335 554 4416 rant,’etiam
599 4346 841 4402 vinctum
867 4346 1156 4414 tenebant;
1200 4342 1330 4417 sed,
1373 4348 1669 4405 auxiliante
1699 4347 1805 4405 Do-

211 4439 390 4505 mino,
422 4455 614 4496 omnes
644 4455 816 4497 nexus
841 4442 1005 4497 soluti
1034 4450 1180 4497 sunt.

285 4529 685 4603 Confundantur
714 4541 761 4590 et
796 4542 1157 4591 convertantur
1193 4542 1471 4591 reuersum
1502 4546 1690 4589 omnes
1722 4535 1810 4605 qui

1912 3325 2073 3380 Verba
2104 3324 2229 3381 vita:
2263 3345 2273 3379 :
2302 3340 2461 3398 qnam
2495 3326 2764 3384 suStinere
2792 3326 3081 3393 debemus,
3123 3341 3189 3382 ne
3219 3336 3504 3398 peccantes

1912 3418 1964 3472 in
1988 3434 2105 3473 eam
2137 3434 2231 3489 per
2254 3419 2427 3490 legem
2458 3419 2819 3489 dijudicemur
2849 3419 3027 3491 (Rom.
3068 3417 3188 3490 vn).

1986 3506 2247 3567 Sustinuit
2293 3513 2470 3565 anima
2512 3524 2625 3566 mea
2669 3510 2996 3581 Dominum,
3032 3523 3138 3567 etc.
3193 3512 3235 3566 Δ
3271 3515 3503 3568 custodia

1911 3607 2164 3661 matutina
2190 3620 2349 3677 usque
2379 3605 2446 3658 ad
2475 3616 2694 3662 noctem.
2721 3602 2803 3661 Ab
2831 3608 2917 3661 illa
2948 3607 3203 3662 matutina
3238 3605 3367 3661 hora
3396 3618 3501 3678 qua

1912 3698 1965 3754 in
1983 3701 2195 3754 vineam
2222 3700 2552 3754 Dominicam
2578 3706 2662 3756 est
2686 3698 2912 3765 locatus,
2937 3712 3085 3771 spent
3110 3712 3259 3755 suam
3281 3700 3333 3754 in
3356 3699 3500 3755 illam

1911 3792 2099 3850 deﬁxit
2131 3793 2319 3849 horam
2358 3812 2369 3847 :
2404 3806 2506 3864 qua
2544 3790 2827 3849 denarium
2869 3793 3135 3850 mercedis
3174 3791 3419 3863 accipiat.
3457 3791 3499 3849 Α

1910 3888 2092 3960 vigilia
2122 3890 2403 3943 matutina.
2450 3888 2636 3959 Speret
2674 3884 2842 3942 Israel
2872 3886 2923 3941 in
2967 3886 3262 3941 Dominum.
3324 3886 3406 3943 AI)
3433 3892 3504 3943 eo

1912 3979 2055 4052 quod
2081 3979 2131 4034 ei
2157 3978 2339 4035 iumen
2366 3979 2607 4035 veritatis
2638 3974 2833 4046 illuxit,
2865 3974 3239 4034 lndelicienter
3259 3978 3503 4035 ctelestia
3536 3986 3549 3999 ’

1911 4072 2325 4143 contempletur.

1987 4162 2123 4233 Quia
2148 4162 2289 4237 apud
2324 4158 2604 4218 Dominum
2638 4160 3011 4218 misericordia.
3050 4160 3185 4217 Cum
3224 4174 3320 4233 pro
3348 4156 3503 4218 nobis

1912 4254 2075 4313 homo
2103 4257 2215 4312 fieri
2235 4254 2485 4327 dignatus
2508 4262 2607 4311 est.
2633 4246 2702 4309 Et
2731 4255 2939 4329 copiosa
2958 4254 3099 4329 apud
3119 4254 3287 4309 Deum
3316 4262 3392 4309 est
3421 4266 3503 4309 re-

1912 4344 2158 4422 detnptio.
2185 4346 2319 4405 Cum
2344 4362 2450 4403 non
2483 4358 2636 4414 auro,
2656 4356 2834 4420 neque
2856 4358 3102 4420 argento,
3135 4344 3229 4403 sed
3262 4342 3503 4419 pretioso

1913 4455 2012 4497 nos
2042 4441 2300 4512 sanguine
2329 4440 2579 4497 redemit.

1985 4533 2053 4587 Et
2101 4546 2211 4606 ipse
2263 4535 2477 4589 redimet
2529 4533 2695 4589 Israel
2747 4551 2810 4589 ea:
2864 4534 3097 4589 omnibus
3153 4530 3505 4604 iniquitatibus

209 4598 432 4687 oderunt
463 4632 617 4689 Sion.
664 4635 959 4693 Ecclesia";
981 4679 996 4705 ’
1026 4650 1148 4710 qua}
1180 4645 1266 4694 est
1306 4648 1504 4709 corpus
1551 4598 1753 4694 Christi
1784 4668 1801 4703 ι
1832 4598 1887 4668 D
1909 4598 2271 4695 eorumdipse
2296 4626 2439 4680 enim
2472 4618 2664 4691 Filius,
2687 4622 2994 4682 Intrnennte
3023 4598 3352 4694 plenitudine
3371 4634 3502 4693 gen-

206 4726 366 4794 cujus
392 4741 493 4783 nos
521 4728 763 4785 membra
787 4743 997 4786 sumus.

284 4819 444 4876 Fiant
488 4824 620 4877 sicut
686 4825 861 4895 fenum
909 4825 1250 4896 tediﬁciorum
1278 4845 1297 4883 :
1323 4829 1464 4900 quod
1502 4828 1809 4902 priusquam

206 4913 482 4982 avellatur,
503 4915 711 4971 arescit.
739 4915 860 4972 Non
889 4915 1007 4972 haec
1036 4917 1106 4974 de
1132 4918 1378 4975 adiﬁciis
1410 4920 1461 4974 in
1486 4929 1634 4991 petra
1660 4919 1808 4975 ioca-

206 5008 278 5065 tis
317 5006 589 5076 dicuntur,
619 5006 714 5066 sed
747 5008 832 5065 bis
870 5024 991 5080 quae
1026 5010 1181 5081 quasi
1211 5011 1373 5068 citius
1407 5014 1613 5067 ruitura
1642 5027 1809 5082 super

203 5114 431 5157 arenam
465 5112 738 5172 ponuntur
771 5121 783 5157 :
817 5101 961 5167 quod
1008 5103 1075 5158 ad
1114 5117 1277 5171 opera
1315 5105 1495 5159 carnis
1530 5104 1754 5174 respicit
1784 5120 1801 5162 :

205 5195 260 5252 itt
292 5194 490 5264 quibus
526 5209 633 5249 non
673 5194 834 5250 modo
869 5190 1076 5252 nullum
1109 5211 1335 5266 granum
1369 5195 1629 5252 bonitatis
1656 5198 1803 5254 inve-

203 5286 353 5346 nitur
381 5306 393 5341 :
425 5302 613 5343 verum
641 5291 802 5343 etiam
834 5297 1121 5359 antequam
1163 5289 1232 5345 ad
1277 5290 1667 5346 incrementum
1697 5286 1802 5344 ali-

200 5376 348 5454 quod
376 5381 622 5449 veniant,
648 5374 1017 5437 exsiccantur.

272 5470 353 5531 De
392 5484 496 5542 quo
534 5484 639 5528 non
675 5468 905 5544 implevit
938 5486 1146 5528 manum
1185 5482 1333 5527 suam
1361 5472 1449 5543 qui
1482 5480 1655 5528 metet.
1699 5468 1802 5542 Qui

198 5566 616 5629 retributionem
654 5565 871 5638 dignam
902 5565 1083 5635 aperis
1110 5565 1195 5621 sui
1224 5564 1535 5620 mercedem
1568 5581 1674 5620 non
1712 5579 1803 5621 re-

196 5663 359 5734 cepit.
395 5660 510 5717 Ncc
533 5658 708 5716 sinum
731 5676 880 5715 suum
899 5660 987 5731 qui
1010 5659 1308 5730 manipulos
1328 5657 1555 5728 colliget.
1577 5656 1679 5725 Qui
1707 5673 1806 5729 per

1911 4716 2066 4781 tium,
2089 4712 2356 4790 reliquum
2387 4712 2573 4786 lsrael,
2607 4714 2834 4773 remissa
2858 4716 3162 4787 iniquitate,
3193 4712 3442 4772 salvabit.

2423 4856 2739 4916 PSALMUS
2775 4855 2991 4913 CXXX.

1911 4948 2182 5019 Canticum
2206 4950 2484 5021 graduum.
2519 4950 2625 5008 Iste
2646 4949 2883 5020 psalmus
2909 4947 3260 5021 duodecimus
3304 4949 3356 5003 in
3398 4948 3505 5021 hae

1981 5019 2301 5077 ascensione
2325 5063 2340 5087 ,
2389 5022 2469 5078 vel
2506 5019 2699 5077 cantici
2726 5065 2742 5089 ,
2766 5022 2860 5093 vel
2889 5021 3087 5093 gradus
3119 5019 3501 5093 habeturgqui

1982 5107 2081 5147 nos
2109 5102 2174 5164 ex
2204 5085 2433 5158 persona
2465 5085 2745 5164 prophetae
2764 5085 3120 5164 humilitatem
3152 5102 3315 5160 quam
3345 5085 3503 5148 cnn-

1979 5172 2097 5220 stus
2117 5163 2172 5219 ln
2200 5178 2367 5219 carne
2383 5161 2693 5235 gestaturus
2714 5172 2831 5220 erat
2849 5165 3060 5231 edocet,
3087 5161 3279 5217 dicens
3314 5178 3328 5216 :

1980 5273 2221 5345 Domine,
2241 5292 2342 5331 non
2372 5285 2447 5332 est
2469 5275 2751 5331 exaltatum
2772 5288 2859 5330 cor
2880 5288 3071 5331 meum.
3096 5272 3202 5331 Sed
3225 5274 3278 5330 in
3301 5270 3509 5331 contri-

1909 5372 2055 5427 tione
2083 5383 2135 5428 et
2169 5371 2547 5428 bumiliatione
2586 5371 2705 5441 ejus
2731 5367 2897 5426 obtuli
2928 5366 3026 5426 tibi
3053 5364 3375 5425 sacrificium
3415 5382 3507 5425 acd-

1908 5462 2195 5535 ceptabile.
2231 5463 2412 5536 Neque
2447 5463 2571 5518 elati
2606 5470 2727 5518 sunt
2763 5458 2899 5517 oculi
2926 5458 3045 5518 mei.
3089 5458 3157 5519 Ut
3192 5456 3503 5518 transitoria

1907 5560 2358 5630 concupiscerent
2383 5568 2439 5615 et
2464 5558 2697 5614 caduca.

1977 5646 2162 5722 Neque
2203 5650 2463 5707 ambulavi
2508 5650 2563 5708 in
2603 5651 2847 5727 magnis:
2879 5667 3039 5723 neque
3082 5646 3135 5707 in
3182 5646 3505 5713 mirabilibus

194 5753 550 5813 conscientia:
580 5753 873 5821 puritatem
897 5786 913 5817 ,
941 5760 1000 5806 et
1036 5746 1081 5805 si
1115 5750 1294 5806 minus
1324 5749 1509 5819 habet,
1558 5751 1807 5805 voluntas
1904 5748 2010 5805 tuis
2033 5760 2189 5819 super
2213 5747 2460 5816 περ.οω
2482 5756 2676 5817 magna
2701 5746 2975 5803 mirabilia
2993 5747 3315 5803 videbantur
3329 5745 3506 5804 homi-

190 5857 307 5909 tent
336 5857 520 5909 tamen
550 5844 753 5906 bonam
772 5838 1039 5907 adhibuit.
1063 5842 1298 5920 ideoque
1326 5859 1357 5904 a
1384 5838 1496 5904 Deo
1527 5852 1803 5918 tamquam

1908 5843 2088 5919 uibus,
2118 5843 2172 5906 in
2194 5841 2280 5906 bis
2301 5856 2410 5905 non
2436 5842 2660 5923 incessi,
2693 5854 2879 5926 ne_mo
2900 5843 3291 5921 opprimerent.
