3992 6324
509 254 648 317 ηιδ

573 371 635 430 Si
674 389 777 429 non
833 372 1101 428 humiliter
1129 368 1407 426 sentiebam
1433 383 1452 423 :
1475 370 1565 423 sed
1604 368 1827 425 excitavi
1873 372 2099 425 animam
2125 371 2181 433 Α

503 482 690 522 meam.
730 466 962 522 Humilis
987 463 1201 536 quidem
1231 470 1316 518 est
1343 461 1544 527 corde.
1589 463 1684 520 sed
1725 463 1974 521 excelsus
2015 472 2101 519 est

504 573 688 617 sensu.
727 558 1016 614 Hnmiliter
1052 554 1351 611 sentiebam
1384 555 1437 610 in
1464 554 1665 611 saacnlo
1698 555 1832 612 :sed
1863 555 2097 611 animam

509 665 684 709 meam
709 648 939 706 exaltavi
970 646 1022 702 in
1050 646 1209 703 cmlo.

568 743 719 798 Sicut
737 742 826 811 qui
841 740 1124 796 obluctatus
1141 748 1213 794 est
1242 757 1275 794 a
1306 747 1470 795 matre
1493 756 1589 794 sua
1617 756 1636 795 :
1665 740 1741 794 ita
1770 738 2019 795 retribues
2047 741 2100 795 in

498 833 726 889 animam
748 849 935 889 meam.
962 831 1105 887 Nihil
1127 830 1181 887 in
1209 846 1269 888 se
1296 832 1504 901 puerile
1530 832 1692 887 sentit
1723 850 1736 887 :
1770 832 1892 901 quia
1919 831 2099 887 cibum

501 929 659 985 lactis
690 929 994 995 excedens,
1036 927 1104 984 ad
1144 927 1446 999 perfectum
1483 927 1729 998 pervenit
1754 928 1930 983 virum
1959 944 1972 981 :
2006 927 2100 985 illo

502 1037 643 1079 nunc
668 1037 826 1091 pane,
855 1022 949 1092 qui
971 1021 1039 1077 de
1066 1022 1220 1079 caelis
1249 1020 1488 1089 advenit,
1523 1021 1595 1077 ali
1623 1031 1833 1078 exorat.

576 1115 758 1187 Speret
790 1113 959 1169 Israel
990 1115 1042 1168 in
1082 1113 1303 1169 Domino
1340 1129 1357 1167 :
1390 1130 1453 1168 ea:
1479 1114 1575 1168 hoc
1613 1130 1749 1168 nunc
1774 1124 1821 1168 et
1846 1129 2007 1181 usque
2042 1113 2098 1167 in

502 1209 768 1263 saeculum.
820 1207 987 1262 Docet
1027 1213 1088 1261 ut
1129 1206 1280 1260 nullo
1318 1204 1425 1261 line
1468 1206 1730 1275 temporis
1759 1219 1884 1274 spes
1916 1212 2100 1259 nostra

501 1300 784 1358 claudatur
818 1318 830 1354 :
865 1307 925 1354 ut
963 1315 1059 1370 per
1086 1314 1241 1370 spem
1281 1300 1566 1370 praesentis
1594 1299 1717 1355 vita:
1748 1299 1889 1354 bona
1932 1296 2100 1354 futuri

504 1391 689 1449 smenli
715 1391 1017 1464 capiamus.

1004 1506 1322 1565 PSALMUS
1358 1502 1599 1564 CXXXI.

502 1604 777 1661 Canticum
819 1603 1096 1674 graduum.
1127 1604 1232 1658 Iste
1272 1603 1510 1673 psalmus
1538 1602 1766 1657 habetur
1792 1602 1843 1656 in
1875 1600 2102 1660 canticis

578 1676 903 1731 tredecimus
923 1675 1185 1744 graduum
1220 1691 1232 1728 :
1266 1674 1356 1737 qui
1402 1689 1501 1744 per
1520 1675 1892 1729 ascensionem
1923 1674 2104 1742 proie-

1294 252 1640 310 APPENDIX
1679 255 1769 310 AD
1807 253 2054 312 TOMUM
2096 253 2449 315 SEPTIMUM
2489 257 2548 314 S.
2594 256 3000 316 illERONYMl.

3694 250 3886 312 sets

2202 370 2365 427 domo
2394 372 2691 439 Ecclesiae,
2725 388 2823 444 per
2850 371 3138 428 Dominum
3177 384 3562 444 aggregamur.
3602 369 3885 426 Δάοι-αα

2202 462 2370 519 bimus
2399 466 2588 520 inloco
2616 466 2704 520 ubi
2731 475 2975 520 steterunt
3002 467 3155 536 pedes
3182 469 3314 539 ejus.
3340 464 3399 521 In
3422 480 3533 536 quo
3557 464 3883 529 praedita-

2202 554 2377 610 tiones
2400 554 2725 625 Apostolicae
2752 556 3045 617 audiuntur
3072 574 3086 611 :
3115 571 3239 627 quae
3267 565 3325 611 ut
3347 556 3519 629 pedes
3540 557 3880 612 sustinent

2204 653 2376 701 totum
2406 662 2602 717 corpus
2626 648 2908 705 Ecclesiae.

2274 739 2529 813 Exsurge,
2564 742 2799 807 Domine,
2823 743 2875 796 in
2900 741 3124 814 requiem
3143 752 3307 797 tuam.
3333 742 3452 798 lam
3476 743 3736 814 expiasti
3754 743 3874 814 juo

2201 843 2506 890 ramentum
2533 876 2547 899 ,
2596 836 2880 891 reddidisti
2912 844 3095 892 votum
3132 836 3283 906 :jam
3332 836 3594 893 invenisti
3636 837 3869 893 locum

2206 924 2316 980 Deo
2335 944 2348 979 :
2361 926 2472 995 jam
2498 926 2797 997 produxisti
2820 942 2887 983 ex
2910 928 3078 983 latere
3107 937 3198 983 tuo
3219 927 3522 985 Ecclesiam
3548 947 3562 984 :
3585 944 3867 999 exsurge

2202 1033 2345 1073 nunc
2371 1020 2440 1074 ab
2470 1018 2689 1087 inferis,
2722 1029 2998 1076 revertere
3039 1021 3092 1076 in
3127 1020 3541 1077 tabernaculum
3578 1039 3593 1076 :
3626 1021 3863 1077 abiens

2202 1109 2255 1166 in
2288 1113 2527 1183 requiem
2561 1131 2574 1169 :
2605 1114 2672 1168 de
2701 1113 2896 1183 quibus
2941 1114 3191 1183 superius
3235 1129 3293 1169 es
3335 1114 3577 1168 locutus.
3610 1115 3676 1169 Et
3712 1130 3856 1171 non

2201 1204 2375 1260 solum
2410 1215 2486 1272 ttt,
2520 1206 2611 1262 sed
2631 1248 2644 1273 ,
2674 1206 2717 1261 Τ
2721 1225 2756 1262 u
2781 1217 2830 1263 et
2853 1224 2978 1262 arca
2999 1207 3434 1278 sanctiﬁcationis
3456 1216 3584 1261 tuae.
3602 1205 3852 1278 Corpus

2201 1298 2412 1353 scilicet
2445 1308 2817 1369 assumptum,
2856 1316 2966 1371 quo
2993 1300 3251 1357 divinitas
3282 1300 3593 1370 tegebatur.
3632 1298 3671 1354 Δ
3694 1315 3841 1371 quo

2200 1391 2365 1448 verba
2398 1393 2551 1458 vitae,
2583 1408 2614 1448 a
2654 1409 2759 1465 quo
2785 1395 3029 1453 ctelesds
3059 1394 3239 1466 panis,
3270 1409 3301 1449 a
3330 1409 3441 1466 quo
3472 1395 3593 1461 via,
3616 1394 3847 1450 veritas

2203 1492 2258 1540 et
2286 1485 2393 1540 vita
2427 1485 2584 1541 nobis
2609 1494 2827 1542 ostensa
2858 1498 2963 1543 est.

2276 1577 2588 1634 Sacerdotes
2609 1578 2682 1632 tui
2703 1578 2990 1633 induantur
3009 1578 3242 1652 justitia.
3275 1576 3347 1633 Ut
3379 1576 3615 1648 juslitim
3645 1576 3841 1633 lorica

2204 1670 2399 1738 induti,
2435 1686 2541 1726 non
2569 1671 2881 1727 sancientur
2902 1688 2929 1725 a
2949 1672 3148 1742 jaculis
3179 1669 3409 1727 inimici.
3444 1670 3513 1725 Et
3539 1673 3709 1726 sancti
3744 1672 3843 1727 tui

573 1757 795 1821 ctuum_,
833 1745 901 1801 de
945 1746 1177 1821 adventu
1223 1745 1346 1801 Filii
1385 1745 1477 1802 Dei
1520 1762 1586 1801 ex
1608 1760 1738 1802 voce
1778 1744 2094 1817 prophetica

2220 1763 2474 1820 rxsultent.
2504 1763 2560 1818 ln
2585 1762 2910 1821 cmlestibus
2938 1764 3115 1820 bonis.

575 1833 675 1874 nos
703 1816 917 1883 edocet,
943 1816 1134 1873 dicens
1165 1830 1180 1872 :

576 1950 858 2018 Memento,
889 1951 1127 2018 Domine,
1160 1950 1351 2007 David.
1370 1951 1540 2007 Filius
1561 1952 1950 2024 omnipotentis
1979 1952 2094 2018 Dei,

508 2054 889 2115 assumptnrus
915 2060 1132 2102 carnem
1155 2061 1254 2117 pro
1280 2046 1655 2117 redemptione
1684 2046 1906 2118 populi,
1930 2045 2098 2102 David

504 2150 564 2192 se
591 2136 762 2192 voluit
789 2136 1087 2208 nuncupari
1120 2155 1131 2189 :
1163 2137 1282 2207 ejus
1303 2138 1513 2193 scilicet
1542 2139 1763 2193 nomine
1790 2137 2060 2193 vocitatus
2082 2178 2097 2203 ,

503 2226 573 2284 de
599 2228 754 2298 cujus
779 2243 978 2299 genere
1002 2240 1380 2297 assumpturus
1407 2239 1524 2285 erat
1551 2240 1605 2285 et
1635 2243 1856 2299 corpus.
1889 2227 1959 2283 Et
1990 2245 2099 2283 om-

505 2321 587 2374 nis
618 2320 1028 2375 mansuetudinis
1052 2322 1183 2390 ejus.
1213 2320 1329 2375 Non
1352 2322 1665 2388 contendit,
1700 2337 1873 2392 neque
1900 2322 2101 2377 clama-

508 2412 629 2467 vit:
660 2412 755 2468 sed
806 2412 948 2467 sicut
990 2428 1161 2483 agnus
1212 2424 1530 2470 mansuetus
1574 2414 1841 2472 deductus
1892 2424 1976 2472 est
2030 2415 2099 2471 ad

507 2502 779 2559 victimam
816 2502 969 2573 (Isai.
995 2505 1137 2574 LIII).

427 2582 433 2589 ’
580 2595 727 2652 Sicut
753 2596 951 2669 juravit
988 2596 1212 2652 Domino
1244 2614 1263 2652 :
1290 2606 1462 2653 votum
1487 2601 1618 2654 vovit
1646 2597 1757 2656 Deo
1779 2598 1965 2657 Jacob.
2008 2599 2103 2656 Ju—

510 2697 817 2745 ramentum
862 2703 925 2743 ac
960 2699 1144 2744 votum
1196 2700 1420 2761 pr0pter
1482 2690 1790 2747 ﬁrmitatem
1849 2692 2102 2749 dictionis

513 2780 713 2851 posuit,
750 2795 818 2836 ne
847 2796 946 2835 nos
977 2781 1346 2839 dubitaremus
1375 2786 1525 2856 sequi
1558 2804 1569 2838 :
1595 2785 1691 2841 sed
1723 2785 1851 2857 quid
1884 2787 2100 2844 interim

515 2872 775 2941 voluerit,
810 2873 1031 2945 dignum
1070 2884 1154 2932 est
1198 2878 1467 2933 contueri.
1516 2876 1808 2942 Memento,
1850 2877 2097 2949 Domine,

515 2961 708 3035 David,
732 2978 780 3020 et
802 2969 966 3022 omnis
989 2971 1401 3025 mansuetudinis
1426 2971 1559 3042 ejus.
1594 2972 1743 3029 Sicut
1759 2974 1957 3045 juravit
1989 2972 2103 3029 Do-

515 3060 673 3112 mino.
692 3058 799 3113 Pro
823 3073 890 3115 eo
915 3059 1056 3131 quod
1089 3070 1194 3127 est,
1221 3062 1352 3116 sicut
1383 3077 1403 3117 :
1431 3062 1483 3116 iu
1516 3062 1741 3119 llehraao
1769 3064 1956 3133 habet,
1978 3068 2065 3136 qui
2085 3082 2104 3120 :

470 3200 473 3203 .
516 3159 574 3205 ut
602 3151 672 3205 sit
699 3167 891 3209 sensus
923 3171 934 3204 ε
967 3151 1269 3219 Memento,
1307 3153 1560 3220 Domine,
1604 3155 1771 3211 David
1792 3197 1808 3224 ,
1838 3167 1894 3214 et
1924 3158 2103 3213 omnis

515 3246 945 3303 mansuetudinis
979 3246 1129 3318 ejus,
1172 3247 1263 3318 qui
1290 3246 1756 3318 juravitDomino
1778 3289 1792 3315 ,
1832 3261 1888 3306 et
1921 3259 2104 3307 votum

514 3336 646 3392 fecit
676 3338 785 3393 Deo
810 3337 998 3394 Jacoh.

589 3428 651 3485 St
676 3431 919 3486 introiere
949 3433 1003 3487 in
1025 3432 1413 3489 tabernaculum
1441 3434 1625 3490 domus
1654 3450 1780 3491 mea:
1807 3449 1827 3490 :
1852 3436 1898 3491 si
1926 3452 2107 3491 ascen-

514 3521 642 3577 dero
681 3522 737 3578 in
776 3524 965 3579 lectum
1011 3525 1157 3579 strati
1179 3526 1279 3581 mei
1301 3541 1318 3579 :
1347 3526 1392 3581 si
1429 3527 1617 3582 dedero
1664 3544 1903 3584 somnum
1943 3527 2108 3583 oculis

517 3617 674 3684 meis,
720 3627 810 3672 aut
845 3618 1107 3691 palpebris
1144 3621 1271 3674 meis
1309 3620 1757 3688 dormitationem,
1796 3632 1845 3676 et
1884 3622 2110 3691 requiem
2148 3681 2161 3687 ρ

516 3715 825 3781 temporibus
860 3716 985 3770 meis
1016 3732 1033 3769 :
1064 3716 1225 3771 donec
1250 3717 1507 3771 inveniam
1535 3718 1705 3771 locum
1740 3715 1999 3783 Domino,
2031 3727 2109 3770 la-

516 3806 849 3863 bernaculum
896 3806 1005 3864 Deo
1058 3806 1244 3864 Jacob.
1276 3807 1695 3865 Tabernaculum
1725 3810 1907 3864 domus
1936 3808 2105 3865 cmle-

514 3910 653 3959 SIem
684 3900 870 3957 sedem
911 3902 1110 3958 indicat
1143 3922 1155 3958 :
1193 3904 1245 3958 in
1276 3911 1450 3959 strato
1482 3918 1613 3958 vero
1643 3903 1770 3959 lecti
1790 3946 1805 3972 ,
1842 3903 1895 3958 in
1924 3903 2111 3959 oculo-

516 4006 636 4047 rum
678 4009 871 4049 somno
894 4034 910 4060 ,
955 3995 1008 4049 in
1044 3995 1427 4053 dormitatione
1454 3997 1876 4067 palpebrarum,
1921 3996 2009 4052 vel
2052 3995 2105 4051 in

515 4092 821 4154 temporum
850 4086 1060 4153 requie,
1087 4095 1346 4143 aeternam
1371 4088 1634 4158 quietem,
1665 4104 1788 4159 quae
1815 4102 2107 4158 numquam

515 4178 877 4248 abrumpitur,
910 4177 1326 4235 demonstravit.
1358 4179 1416 4235 In
1449 4180 1646 4251 quibus
1677 4195 1784 4235 non
1817 4195 1876 4236 se
1907 4178 2111 4235 reditu-

513 4285 634 4327 rum
684 4270 1017 4340 pollicetur:
1049 4272 1152 4326 nisi
1197 4272 1346 4340 prius
1388 4274 1441 4345 in
1472 4272 1694 4328 homine
1734 4273 1954 4343 dignum
1999 4273 2110 4327 Deo

512 4361 665 4417 Patri
700 4363 879 4417 locum
902 4363 987 4417 vel
1015 4364 1272 4418 Ecclesiae
1296 4364 1769 4435 congregationem
1801 4378 1901 4419 sua
1930 4377 2111 4420 resur-

512 4455 755 4510 rectione
786 4462 1149 4512 construeret.

584 4543 721 4601 Ecce
746 4546 1044 4602 audivimus
1070 4563 1181 4602 eam
1217 4547 1270 4602 in
1313 4544 1572 4619 Ephrata.
1610 4547 1779 4619 Regio
1828 4547 2102 4605 Bethleem
2134 4530 2187 4591 Ῑ)

511 4653 681 4709 usque
726 4638 885 4694 hodie
928 4640 1233 4711 appellatur
1258 4639 1523 4712 Ephrata.
1575 4640 1745 4711 Hujus
1774 4641 1851 4697 rei
1889 4650 1947 4697 et
1984 4642 2107 4697 alia:

509 4730 804 4801 Scriptum
835 4740 1000 4787 testes
1040 4741 1182 4788 sunt.
1234 4733 1474 4804 Ephrata
1518 4732 1632 4804 ipsa
1675 4741 1759 4788 est
1803 4732 2101 4789 Bethleem.

512 4821 614 4880 Ubi
639 4825 869 4895 primum
903 4824 1144 4881 Ecclesia
1175 4836 1260 4881 est
1283 4825 1486 4895 audita,
1519 4825 1569 4880 id
1595 4832 1698 4891 est,
1731 4825 1782 4879 in
1812 4841 1917 4896 qua
1947 4825 2110 4881 Chri-

510 4926 626 4972 stus
673 4917 931 4974 Dominus
970 4932 1187 4973 carnem
1233 4918 1547 4989 assumpsit.
1592 4916 1651 4972 In
1679 4915 1783 4971 hac
1819 4925 1875 4971 et
1902 4917 2105 4973 Rachel

508 5018 673 5077 Israel
703 5021 900 5077 dilecta
929 5022 1160 5092 quiescit
1189 5020 1342 5094 (Gen.
1375 5021 1536 5093 xxxv)
1562 5063 1578 5089 ,
1609 5036 1731 5092 quae
1763 5032 1949 5094 typum
1980 5036 2107 5093 ges-

507 5115 578 5169 sit
609 5114 886 5172 Ecclesite.
916 5113 1213 5170 Inrenimus
1240 5130 1354 5169 eam
1383 5115 1436 5169 in
1463 5116 1659 5186 campis
1683 5113 1861 5187 sylrw.
1890 5115 1948 5171 In
1975 5130 2107 5186 gen-

510 5207 653 5264 tibus
680 5249 695 5274 ,
728 5221 848 5279 quas
873 5207 1024 5277 prius
1052 5205 1249 5263 diaboli
1276 5214 1430 5264 erant
1455 5206 1652 5264 cubilia
1686 5225 1700 5263 :
1743 5223 1887 5265 nunc
1926 5219 2106 5264 autem

509 5300 709 5371 campi,
738 5301 1022 5356 Dominum
1049 5300 1291 5357 colentes
1320 5300 1603 5357 fructiferi.

578 5393 900 5451 Intrabimus
947 5395 1002 5450 in
1045 5394 1430 5450 tabernaculum
1461 5392 1579 5451 Dei.
1618 5393 1729 5451 Nos
1775 5395 1867 5466 qui
1897 5396 1949 5451 in
2004 5410 2109 5452 una

2132 3141 2178 3207 C

576 5573 603 5603 ι
642 5561 819 5619 Verus
867 5561 1258 5635 Hieronymus,
1304 5561 1607 5635 Qmestrsin
1647 5561 1845 5635 Genes.
1874 5577 2050 5619 c.xt.v
2086 5580 2097 5614 :

503 5635 646 5723 Licet
671 5635 725 5688 in
755 5634 1015 5723 plerisque
1041 5633 1302 5723 codicibus
1332 5649 1425 5717 pro
1448 5634 1606 5723 vi'du‘a
1632 5676 1646 5697 ,
1692 5634 1791 5723 hqc
1811 5643 1954 5723 ιεειῦ
2004 5650 2099 5723 pro

506 5712 674 5790 χήρα,
706 5706 948 5788 nonnulli
970 5706 1145 5771 leqant
1170 5706 1329 5795 ρήραν
1356 5746 1371 5769 ,
1388 5705 1453 5790 ,ὶη
1478 5705 1704 5760 Hebraeo
1735 5704 1883 5759 habet
1915 5704 2058 5788 Setia
2078 5744 2097 5772 ,

502 5780 561 5832 id
589 5786 662 5831 est
688 5816 704 5844 ,
738 5775 955 5832 cibaria.
1000 5764 1068 5831 Et
1107 5797 1281 5855 χηραν
1313 5775 1531 5846 quidem
1571 5791 1694 5832 cum
1732 5776 2102 5835 Alexandrtno

2275 1856 2498 1925 Pr0pter
2546 1855 2720 1910 David
2766 1872 2969 1911 servum
3016 1865 3163 1911 tuum
3215 1873 3318 1911 non
3368 1868 3581 1911 avertas
3630 1856 3842 1926 faciens

2203 1947 2396 2004 Christi
2416 1948 2749 2018 tui.Pr0ptcr
2771 1949 2920 2004 illum
2943 1949 3035 2021 qui
3057 1964 3123 2005 ea
3149 1949 3360 2005 semine
3385 1948 3554 2004 David
3585 1948 3837 2003 formam

2201 2043 2452 2099 servilem
2496 2044 2737 2114 suscepit
2767 2060 2784 2099 :
2814 2058 2922 2098 non
2957 2051 3233 2098 avertatur
3276 2042 3503 2098 claritas
3558 2042 3836 2112 imaginis

2204 2143 2311 2190 ture
2340 2149 2370 2189 a
2401 2137 2623 2200 sanctis,
2659 2136 2712 2190 in
2743 2135 2939 2206 quibus
2968 2133 3084 2205 ipse
3110 2132 3362 2189 Christus
3390 2131 3690 2199 inhabitat,
3723 2132 3836 2189 sed

2203 2226 2478 2282 illuminet
2503 2242 2621 2283 eos.

2271 2317 2475 2373 Iuravit
2494 2318 2744 2373 Dominus
2772 2318 2940 2374 David
2961 2321 3242 2387 veritatem,
3269 2328 3318 2375 et
3342 2336 3443 2374 non
3466 2320 3831 2391 frustrabitnr

2202 2428 2340 2468 eum.
2373 2413 2487 2469 Deo
2528 2413 2737 2469 homini
2768 2415 2928 2471 Pater
2954 2415 3101 2485 jurat
3130 2417 3414 2471 veritatem
3444 2456 3459 2481 ,
3506 2429 3676 2485 quam
3710 2430 3827 2470 non

2201 2515 2428 2563 evacuat
2452 2551 2467 2575 ,
2500 2507 2592 2563 sed
2621 2506 2880 2578 adimplet
2914 2508 3103 2563 dicens
3139 2525 3152 2561 :
3182 2507 3262 2561 De
3290 2511 3465 2577 [ructu
3498 2508 3699 2581 ventris
3743 2506 3830 2563 tui

2205 2616 2399 2669 ponam
2424 2617 2583 2672 super
2609 2601 2781 2656 sedem
2814 2610 2979 2655 tuam.
3006 2599 3117 2656 Nos
3148 2614 3341 2654 sumus
3372 2597 3586 2654 fructus
3608 2600 3828 2655 ventris

2204 2691 2341 2762 ejus,
2370 2706 2507 2762 quos
2536 2692 2891 2761 Spiritualiter
2922 2702 3193 2764 tamquam
3222 2707 3292 2748 ex
3322 2700 3477 2747 utero
3507 2693 3821 2762 generavit.
3898 2706 3909 2711 ·

2203 2785 2303 2854 Qui
2328 2787 2372 2841 si
2395 2788 2678 2857 sequentia
2696 2786 3087 2852 custodiamus,
3107 2785 3418 2842 scdehimus
3439 2801 3614 2854 super
3630 2786 3827 2842 sedem

2200 2879 2324 2948 ejus
2348 2920 2364 2946 ,
2408 2890 2458 2934 et
2493 2894 2601 2933 non
2625 2878 2800 2934 solum
2829 2894 2926 2935 nos
2947 2919 2964 2946 ,
2988 2894 3175 2934 verum
3206 2880 3369 2935 etiam
3400 2886 3457 2935 et
3494 2879 3593 2935 lilii
3618 2878 3822 2935 nostri.

2208 2973 2299 3026 Ait
2327 2953 2471 3026 enim
2508 2990 2521 3026 :

2281 3063 2344 3119 Si
2367 3064 2708 3118 custodierint
2740 3063 2838 3120 lilii
2863 3065 2937 3118 tui
2959 3072 3323 3119 testamentum
3357 3080 3551 3130 meum,
3585 3074 3635 3119 et
3668 3062 3824 3121 testi-

2209 3159 2381 3212 monia
2404 3174 2516 3212 mea
2539 3157 2651 3212 haec
2677 3174 2794 3228 qua:
2822 3155 3013 3212 docebo
3043 3174 3151 3225 eos,
3186 3167 3234 3213 et
3253 3157 3353 3227 ﬁlii
3378 3174 3562 3212 eorum
3583 3158 3821 3230 usquein

2206 3252 2455 3306 steculum
2476 3250 2675 3317 saeculi,
2706 3252 2951 3306 sedebant
2973 3268 3125 3324 super
3143 3252 3313 3307 sedem
3342 3267 3532 3308 meam.
3553 3251 3613 3307 Si
3647 3260 3822 3306 testa-

2209 3352 2451 3399 mentum
2484 3344 2602 3413 ejus
2632 3340 3031 3413 custodiamus,
3068 3343 3261 3401 sedere
3290 3359 3389 3399 nos
3418 3344 3582 3399 faciet
3612 3345 3666 3399 in
3699 3360 3819 3401 co:-

2209 3437 2435 3493 leStibus
2468 3456 2480 3492 :
2514 3440 2655 3493 sicut
2693 3438 2771 3493 ait
2798 3437 3093 3510 Apostolus
3130 3437 3361 3511 (Ephes.
3396 3438 3449 3510 ι)
3482 3456 3495 3491 :
3529 3437 3824 3494 Sedcbtmt

2210 3543 2374 3599 super
2400 3530 2585 3585 sedem
2614 3529 2749 3601 ejus.
2782 3530 2887 3586 Sed
2914 3540 2971 3587 et
3000 3531 3102 3600 ipsi
3136 3531 3400 3587 sedebant
3427 3544 3592 3600 super
3614 3530 3817 3587 sedem

2210 3621 2329 3690 ejus
2366 3621 2560 3692 quibus
2610 3622 2811 3677 dictum
2854 3633 2938 3679 est
2968 3641 2982 3677 :
3012 3622 3287 3679 Sedebitis
3325 3638 3490 3692 super
3520 3622 3818 3679 duodecim

2210 3712 2395 3781 sedes,
2407 3713 2715 3783 judicantes
2734 3714 3021 3770 duodecim
3049 3715 3225 3770 tribus
3252 3716 3417 3770 Israel
3436 3704 3649 3787 (Matth.
3669 3714 3816 3784 xix).

2210 3804 2488 3864 Sedebunt
2517 3818 2574 3864 et
2612 3809 2703 3863 lilii
2748 3810 2961 3875 nostri,
3003 3808 3106 3864 hoc
3133 3817 3212 3864 est
3240 3848 3256 3875 ,
3301 3807 3822 3864 rememorabnntnr

2213 3914 2378 3969 opera
2413 3900 2551 3955 bona
2577 3941 2590 3965 ,
2621 3916 2742 3970 quae
2772 3902 2844 3957 ob
2872 3916 3113 3957 amorem
3150 3899 3294 3956 illius
3331 3902 3541 3971 Operati
3578 3915 3774 3956 sumus
3800 3942 3815 3968 ,

2213 3993 2266 4049 in
2290 4004 2581 4063 conspectu
2603 3992 2742 4063 ejus.

2289 4088 2546 4155 Quoniam
2589 4088 2739 4158 elegit
2778 4086 3035 4142 Dominus
3076 4088 3206 4143 Ston
3234 4103 3251 4141 :
3281 4088 3543 4160 praeelegit
3594 4104 3709 4142 eam
3757 4087 3815 4142 in

2213 4180 2581 4235 habitationem
2610 4178 2724 4234 sibi.
2747 4178 3181 4235 Coitcordantem
3209 4180 3313 4235 sibi
3335 4190 3613 4236 catervam
3638 4182 3819 4235 eccle-

2213 4272 2519 4337 siasticam,
2575 4272 2662 4328 vel
2700 4270 3066 4328 sanctiﬁcatas
3120 4272 3460 4327 sacramentis
3518 4271 3819 4326 caelestibus

2212 4372 2308 4429 tibi
2340 4373 2569 4427 animas.

2287 4477 2415 4535 Haec
2442 4478 2641 4549 requies
2681 4493 2794 4531 mea
2832 4478 2888 4532 in
2925 4476 3173 4533 sarculum
3212 4475 3392 4531 stecnli
3414 4493 3432 4531 :
3454 4475 3536 4530 hic
3565 4476 3815 4532 habitabo

2209 4581 2451 4650 quoniam
2484 4578 2618 4651 elegi
2651 4594 2788 4633 eam.
2816 4578 3070 4634 Animam
3097 4593 3220 4649 quae
3248 4578 3296 4633 ei
3328 4592 3425 4648 per
3455 4579 3815 4635 resurrectio-

2211 4682 2295 4737 nis
2319 4681 2547 4753 gloriam
2585 4690 2640 4736 et
2664 4679 3104 4737 emundationem
3134 4680 3362 4751 peccati,
3391 4679 3589 4736 domus
3628 4694 3694 4735 ac
3721 4695 3811 4736 re-

2209 4783 2362 4854 quies
2391 4782 2528 4836 lacta
2564 4790 2666 4837 est.

2287 4883 2512 4938 Viduam
2551 4886 2663 4955 ejus
2707 4885 3002 4940 benedicens
3042 4884 3337 4939 benedicam
3365 4901 3383 4938 :
3407 4901 3663 4959 pauperes
3703 4889 3813 4960 ejus

2207 4984 2449 5039 saturabo
2476 4984 2713 5054 panibus.
2748 4985 2854 5041 Pro
2882 4986 3059 5051 vidua,
3086 4987 3142 5040 id
3166 4996 3262 5053 est,
3294 4992 3465 5065 χήρα,
3497 4995 3554 5044 et
3582 4987 3811 5047 Hebra‘a

2209 5087 2481 5143 volumina
2507 5132 2521 5156 ,
2554 5096 2609 5143 et
2639 5095 2665 5125 οι
2692 5086 2796 5158 ipsi
2837 5086 3191 5160 Septuaginta
3231 5092 3385 5165 θήραν
3428 5090 3635 5146 habent
3665 5106 3683 5146 :
3715 5092 3810 5149 sed

2209 5179 2435 5261 propter
2454 5189 2751 5244 novitatem
2780 5187 2953 5252 verbi,
2985 5198 3038 5243 et
3072 5189 3230 5244 unius
3260 5189 3456 5245 littera:
3481 5189 3812 5248 demutatio-

2210 5307 2358 5360 ncm,
2385 5291 2649 5361 paulatim
2681 5289 2922 5358 obtinui,
2960 5298 3017 5344 ut
3046 5305 3145 5359 pro
3174 5293 3304 5369 θήρα
3331 5290 3606 5361 legeretur
3632 5298 3806 5372 χήρα,

2213 5394 2452 5451 maxime
2480 5394 2604 5464 quia
2635 5392 2688 5447 in
2717 5390 2961 5462 sequenti
2985 5392 3262 5448 versiculo
3300 5407 3572 5465 pauperes
3610 5409 3805 5466 seque-

2208 5559 2454 5629 qnmdam
2496 5556 2609 5629 alia
2641 5555 2971 5624 exemplaria
3004 5554 3247 5629 habent,
3292 5564 3347 5611 et
3378 5554 3435 5610 S.
3468 5556 3718 5629 Hilarius
3756 5562 3807 5617 in

2207 5626 2348 5688 hunc
2375 5630 2552 5684 locum
2596 5627 2881 5682 lectionem
2916 5626 3163 5681 eamdem
3195 5641 3265 5681 ex
3309 5628 3675 5683 translationis
3717 5649 3810 5688 au-

2206 5703 2440 5760 ctoritate
2490 5699 2692 5754 laudat.
2735 5697 2871 5751 Vide
2920 5696 3222 5765 Quaastion.
3277 5697 3331 5751 in
3383 5697 3629 5767 Genes.,
3687 5703 3806 5760 loco

2211 5772 2429 5833 laudato
2461 5788 2474 5825 :
2507 5779 2564 5827 et
2585 5784 2705 5842 qua:
2733 5782 2835 5824 nos
2859 5767 2932 5823 ibi
2957 5769 3336 5824 observamus.
