3982 6314
140 298 317 362 ’ΞΗ
1088 298 1518 361 BREVIARIUM
1560 299 1625 359 IN
1667 297 2006 360 PSALMOS.
2049 298 2299 360 PSALM.
2341 296 2601 359 CXXXII.
3340 299 3480 364 ωε

139 411 407 467 bantur.
451 416 581 493 θήρα
604 410 965 486 Symmachus
992 423 1046 470 ct
1075 417 1271 488 Aquila
1294 417 1491 473 cibaria
1521 418 1786 489 interpre-
1812 415 2011 479 Ales:
2058 418 2149 489 qui
2190 432 2289 473 sua
2333 417 2520 489 utique
2562 413 2877 488 negliguut,
2920 412 3021 469 alia
3064 429 3171 469 non
3211 424 3483 487 quaerunt.

141 509 264 563 tati
306 517 462 562 sunt.
1888 506 2045 564 Sicut
2075 520 2128 564 et
2162 509 2395 579 legimus
2436 510 2488 563 in
2519 506 2744 563 Actibus
2774 508 3150 579 apostolorum
3186 523 3201 560 :
3233 507 3487 578 quoidam

241 600 573 655 Sacerdotes
630 602 740 673 ejus
790 601 1006 656 induam
1049 602 1315 667 salutari,
1358 612 1406 658 et
1457 603 1621 659 sancti
1671 606 1784 677 ejus

142 693 532 748 exsultatione
563 694 911 749 exsultabant.
947 694 1067 765 Ipse
1095 697 1238 751 cnim
1269 712 1369 753 nos
1388 698 1472 754 vel
1495 697 1783 768 justitiam,

142 785 250 841 vel
280 785 530 841 salutare
560 784 733 840 induit
764 806 775 838 :
809 800 930 841 cum
965 801 1064 842 nos
1101 786 1414 844 conformes
1439 789 1653 859 corpori
1685 801 1785 843 suo

146 876 350 935 efﬁcit
380 896 395 934 :
428 879 517 949 qui
554 886 641 934 est
675 878 883 948 justitia
914 880 1171 953 salusque
1200 891 1386 937 nostra
1412 922 1429 950 ,
1470 893 1786 953 praeparans

155 971 345 1028 nobis
376 971 725 1028 tabernacula
754 972 1110 1044 sempiterna.

243 1063 396 1121 Illuc
446 1066 733 1136 producam
790 1083 952 1122 cornu
1007 1066 1197 1123 David.
1257 1069 1500 1140 Regnum
1549 1067 1784 1139 Christi,

151 1157 322 1229 quod
360 1159 413 1213 in
458 1157 567 1214 illis
606 1159 936 1227 ostenditur,
987 1160 1192 1231 quibus
1226 1160 1430 1218 dictum
1471 1170 1556 1217 est
1588 1178 1603 1216 :
1635 1161 1786 1218 Beati

152 1263 450 1323 pauperes
482 1249 675 1321 spiritu
706 1269 720 1306 :
746 1252 1003 1318 quoniam
1035 1252 1276 1321 ipsorum
1303 1264 1388 1308 est
1417 1269 1646 1323 regnum
1677 1268 1787 1309 coe-

151 1343 352 1399 lorum
409 1340 637 1414 (Matth.
696 1343 783 1413 v).
839 1344 1031 1399 Paravi
1075 1344 1342 1400 lucernam
1391 1343 1601 1401 Christo
1651 1361 1783 1401 meo.

151 1436 416 1494 Joannes
445 1436 683 1507 Baptista
737 1438 853 1493 sive
896 1454 1201 1507 praecursor
1241 1438 1462 1495 Domini
1507 1452 1561 1495 et
1586 1439 1787 1511 Salva—

158 1528 317 1583 toris
349 1527 518 1582 nostri
552 1543 580 1580 a
614 1528 723 1584 Deo
762 1528 923 1584 Patre
952 1530 1151 1584 dicitur
1177 1540 1482 1600 praeparata
1514 1530 1732 1585 lucerna
1769 1546 1780 1583 :

152 1619 263 1691 qui
292 1635 418 1676 eum
460 1620 514 1675 in
543 1618 703 1691 hujus
745 1621 933 1676 mundi
964 1622 1218 1678 tenebras
1252 1631 1541 1689 venturum
1569 1638 1783 1678 annun-

156 1710 330 1768 tiavit
366 1731 377 1764 :
411 1711 503 1768 Sic
531 1715 673 1767 enim
706 1723 760 1769 et
800 1714 919 1785 ipse
963 1714 1223 1770 Dominus
1261 1720 1463 1770 vocitat
1492 1731 1615 1771 eum
1644 1757 1659 1780 ,
1699 1715 1783 1771 di-

1884 602 2253 657 multitudinis
2293 601 2636 658 credentium
2672 609 2793 656 erat
2836 614 2932 655 cor
2977 615 3177 669 unum,
3223 611 3278 655 et
3307 599 3490 655 anima

1884 706 1991 747 una
2025 691 2164 763 (Act.
2193 692 2293 765 tv).
2333 693 2403 748 Et
2432 701 2621 758 erant,
2655 691 2861 762 inquit,
2897 690 3014 746 illis
3037 691 3222 746 omnia
3249 705 3493 746 commu-

1885 786 1995 840 nia.
2040 785 2210 841 Recte
2249 794 2411 841 erant
2455 786 2539 841 eis
2573 784 2759 842 omnia
2789 783 3133 850 communia,
3182 784 3271 853 qui
3321 798 3486 838 unum

1886 874 2166 932 Christum
2196 878 2568 947 possidebant.
2594 876 2760 933 Multa
2789 876 3043 943 diximus,
3070 876 3165 932 sed
3190 875 3257 931 ad
3282 875 3487 947 reliqua

1885 967 2229 1025 festinemus.
2812 1032 2815 1035 λ
2973 1038 2984 1051 κ

1961 1059 2444 1132 Sicutunguentum
2462 1062 2515 1115 in
2531 1063 2701 1134 capite
2717 1077 2738 1117 :
2753 1060 2891 1133 quod
2909 1060 3170 1117 descendit
3181 1062 3234 1116 in
3248 1059 3483 1131 barbam,

1889 1152 2105 1209 barbam
2131 1156 2332 1210 Aaron.
2360 1156 2404 1210 Ο
2435 1156 2482 1210 si
2509 1166 2657 1211 esset
2680 1164 2919 1226 tentpus,
2949 1165 3010 1213 ut
3031 1157 3100 1213 de
3125 1157 3352 1228 singulis
3374 1157 3485 1214 dis-

1887 1254 2238 1317 putaremus,
2283 1245 2405 1304 dies
2448 1246 2606 1302 nobis
2636 1246 2890 1304 sufﬁcere
2919 1263 3027 1304 non
3059 1259 3289 1320 poterat.
3328 1249 3485 1320 chi~

1884 1352 2006 1392 mus
2061 1340 2113 1392 in
2169 1338 2395 1407 Exodo,
2448 1338 2729 1409 quomodo
2775 1340 3099 1395 conﬁciatur
3144 1353 3479 1412 unguentum

1886 1429 2227 1485 sacerdotale
2258 1428 2459 1502 (Exod.
2497 1447 2629 1499 xxv,
2662 1430 2815 1503 xxx).
2849 1432 3060 1489 Deinde
3088 1434 3317 1505 legimus
3344 1451 3482 1506 quo-

1887 1524 2051 1579 modo
2078 1524 2226 1579 aliud
2258 1534 2594 1595 unguentum
2627 1540 2735 1595 quo
2765 1526 3112 1597 ungebautur
3139 1542 3293 1598 reges
3318 1568 3332 1593 ,
3364 1536 3486 1584 erat

1886 1615 2033 1671 aliud
2061 1624 2401 1686 unguentum
2434 1633 2541 1686 quo
2566 1617 2915 1688 ungebantur
2942 1617 3239 1690 prophetat.
3269 1620 3333 1674 Et
3354 1619 3483 1691 quid

1886 1708 2045 1778 plura
2068 1707 2298 1778 loquar?
2324 1710 2519 1764 Omnia
2544 1719 2822 1780 unguenta
2844 1709 3120 1767 habebant
3141 1712 3486 1769 diversitates

153 1817 305 1859 cens
338 1821 351 1857 :
385 1803 481 1860 Ille
511 1813 629 1859 erat
654 1804 877 1860 lucerna
904 1805 1104 1861 ardens
1130 1805 1319 1878 (Jonn.
1354 1808 1436 1878 v),
1469 1817 1523 1864 et
1549 1809 1775 1880 reliqua.
1810 1803 1859 1864 B
1884 1809 1941 1856 el
1966 1803 2223 1873 mysteria
2250 1816 2371 1857 sua.
2396 1802 2665 1859 Miramur
2685 1804 2754 1860 de
2775 1805 3018 1861 sanctis?
3042 1806 3318 1877 Leprosus
3338 1818 3489 1879 post-

242 1893 499 1950 Inimicos
530 1898 643 1968 ejus
668 1896 885 1951 induam
913 1898 1239 1969 confusione.
1273 1898 1492 1955 Judteos
1526 1915 1636 1955 non
1662 1914 1783 1956 cre-

157 1987 369 2044 dentes
419 2003 541 2044 cum
583 1988 825 2044 viderint
872 1989 1162 2046 Dominum
1212 1991 1268 2046 in
1322 1993 1608 2062 majestate
1657 2010 1778 2050 sua.

160 2080 351 2154 Super
395 2082 567 2153 ipsum
624 2094 795 2137 autem
848 2083 1052 2155 ﬂorebit
1094 2085 1442 2155 sanctiﬁcatio
1490 2104 1623 2141 mea.
1678 2088 1783 2144 Pro

161 2177 613 2247 sanctiﬁcatione,
643 2193 812 2233 mesen
834 2178 973 2250 (Ἢ)
1001 2179 1054 2234 in
1081 2179 1319 2235 llebraao
1342 2179 1574 2236 habetur
1600 2199 1611 2233 :
1639 2181 1784 2252 quod

163 2270 374 2343 Aquila
406 2280 759 2326 consecratum
791 2272 1204 2343 interpretatur,
1239 2284 1294 2330 et
1321 2275 1595 2346 signiﬁcat
1625 2277 1782 2332 lami-

166 2380 305 2423 nam
349 2380 414 2420 ex
458 2380 622 2430 auro,
663 2380 783 2436 quae
830 2364 883 2421 in
918 2367 1094 2422 fronte
1133 2367 1409 2437 pontiﬁcis
1456 2369 1728 2441 ligabatur
1767 2389 1781 2427 :

166 2460 451 2532 Sculptum
481 2458 683 2515 habens
708 2474 906 2516 nomen
932 2460 1168 2516 Domini.

674 2593 988 2653 PSALMUS
1033 2595 1295 2653 CXXXII.

689 2706 961 2764 Canticum
990 2712 1266 2782 graduum.

252 2820 391 2877 Ecce
425 2837 581 2892 quam
610 2819 799 2875 bonum
828 2830 879 2879 et
906 2837 1060 2893 quam
1089 2823 1387 2896 jucundum
1411 2825 1646 2883 habitare
1668 2828 1784 2899 fra-

176 2922 286 2970 tres
305 2916 359 2968 in
384 2930 562 2969 unum.
590 2915 706 2970 Duo
731 2916 865 2971 dicit
893 2934 908 2971 :
935 2918 1136 2973 bonum
1160 2929 1215 2974 et
1232 2920 1552 2989 jucundum.
1579 2921 1784 2977 Bonum

176 3017 272 3066 est
304 3009 655 3080 martyrium,
690 3009 784 3065 sed
816 3024 924 3065 non
956 3022 1043 3068 est
1074 3012 1371 3083 jucundum
1405 3032 1417 3067 :
1451 3014 1614 3071 habet
1638 3017 1784 3072 enim

178 3103 449 3174 supplicia
482 3111 538 3159 et
578 3117 767 3173 pmnas
791 3145 805 3171 ,
849 3114 904 3160 et
945 3120 1164 3176 semper
1194 3108 1252 3163 in
1277 3110 1604 3165 cruciatibus
1628 3110 1787 3165 dolor

183 3203 307 3263 est,
342 3206 398 3249 ct
438 3196 624 3265 utique
671 3196 726 3251 in
765 3197 961 3254 dolore
1002 3215 1110 3255 non
1151 3210 1234 3256 est
1272 3202 1606 3270 iucunditas.
1650 3202 1789 3281 Ecce

182 3303 347 3361 quam
382 3290 569 3342 bonum
611 3298 665 3343 et
690 3305 844 3360 quam
874 3290 1191 3361 jucundum.
1244 3292 1477 3349 Rursum
1537 3296 1788 3366 voluptas

179 3381 423 3454 jucunda
454 3391 562 3437 est.
596 3383 674 3437 Ac
696 3382 742 3437 si
762 3381 920 3438 dicat
950 3400 963 3437 :
996 3383 1188 3440 Cibum
1214 3385 1430 3442 dulcem
1460 3387 1786 3458 comedere,

185 3474 411 3530 videtur
436 3473 733 3545 jucundum
758 3489 903 3544 esse,
928 3478 1209 3547 compellit
1228 3479 1371 3534 enim
1395 3479 1462 3535 ad
1487 3480 1785 3537 libidinem.

187 3566 296 3625 Hic
335 3582 465 3637 ergo
509 3566 621 3643 duo.
659 3569 863 3638 posuit,
914 3576 969 3623 et
1011 3569 1154 3641 quod
1195 3570 1303 3626 sibi
1339 3570 1630 3627 videbatur
1668 3587 1791 3630 esse

190 3664 531 3721 contrarium
560 3706 575 3732 ,
611 3662 810 3718 bonum
841 3664 1056 3719 scilicet
1077 3664 1489 3736 etjucundum,
1529 3682 1636 3722 uno
1677 3681 1793 3724 ser-

192 3772 359 3815 mouc
379 3755 680 3825 conjunxit.
712 3755 844 3812 Ecce
862 3773 1018 3829 quam
1042 3756 1230 3815 bonum
1246 3766 1294 3813 et
1313 3776 1466 3831 quam
1474 3760 1789 3832 jucundum,

196 3848 432 3903 habitare
477 3850 664 3919 fratres
710 3848 763 3901 in
793 3865 977 3904 unum.
1023 3848 1241 3905 Fratres
1271 3861 1482 3917 mente,
1530 3868 1638 3908 non
1667 3867 1792 3908 cor-

194 3955 352 4015 pore.
388 3941 529 3995 Esau
559 3948 614 3996 et
648 3939 816 3997 Iacob
859 3943 1053 3997 fratres
1086 3943 1344 4010 fuerunt,
1387 3955 1441 4000 et
1478 3945 1603 4016 quia
1633 3945 1795 4001 simul

196 4033 541 4099 habitabant,
569 4034 667 4090 fuit
692 4034 774 4090 eis
794 4050 956 4091 causa
985 4036 1298 4094 discordias.
1325 4039 1471 4111 Ergo
1491 4040 1634 4111 quod
1648 4040 1796 4117 ~dixit

200 4125 317 4190 hic,
350 4124 546 4182 fratres
575 4143 590 4182 :
632 4142 740 4182 non
774 4127 970 4185 fratres
1001 4129 1133 4185 dicit
1158 4145 1392 4201 corpore
1412 4174 1427 4200 ,
1474 4132 1569 4189 sed
1598 4131 1795 4189 fratres

201 4217 532 4288 spirituales.
572 4216 797 4275 Fratres
836 4219 905 4275 de
930 4221 1134 4295 quibus
1168 4220 1490 4292 loquebatur
1513 4234 1568 4279 et
1609 4224 1798 4280 Salva-

203 4315 316 4379 tor,
355 4318 406 4367 et
437 4310 657 4367 dicebat
684 4313 751 4367 ad
781 4312 1037 4369 mulieres
1078 4328 1094 4368 :
1135 4313 1233 4381 Ite,
1263 4300 1507 4372 nuntiate
1538 4313 1797 4373 fratribus

202 4403 346 4463 meis
366 4403 582 4476 (Matth.
609 4404 821 4477 xxvnt).
854 4405 989 4463 Ecce
1016 4423 1172 4477 quam
1212 4408 1402 4463 bonum
1428 4417 1476 4463 et
1512 4426 1666 4480 quam
1698 4413 1797 4483 ju-

208 4500 455 4564 cundum,
488 4498 724 4555 habitare
764 4501 954 4572 fratres
984 4501 1035 4555 in
1075 4518 1257 4558 unum.
1303 4501 1529 4571 Pmprie
1557 4504 1799 4574 psalmus

1886 1908 2049 1964 quam
2078 1901 2342 1965 purgatus
2371 1893 2574 1961 fuerit,
2608 1906 2893 1967 postquam
2928 1897 3165 1969 hyssOpO
3204 1901 3371 1957 fuerit
3399 1916 3487 1955 as-

1885 2001 2101 2057 persus,
2125 1996 2178 2042 et
2200 1988 2464 2059 sanguine
2487 1990 2730 2060 gallinae,
2756 2000 2813 2047 et
2835 1991 3132 2048 dimittitur
3155 2007 3258 2048 una
3282 1994 3483 2066 gallina

1882 2077 1936 2133 in
1966 2094 2234 2149 eremum,
2264 2090 2322 2136 et
2347 2082 2464 2152 ipse
2488 2082 2650 2140 habet
2673 2095 3003 2154 unguentum
3033 2086 3335 2158 proprium.
3361 2087 3479 2145 Non

1884 2173 2257 2229 sanctificatur
2282 2174 2512 2244 aliquid,
2543 2177 2648 2231 nisi
2674 2191 2772 2248 per
2798 2188 3157 2246 unguentum.
3183 2180 3481 2251 Propterea

1885 2263 2079 2320 dicunt
2131 2274 2189 2321 et
2237 2265 2667 2323 adolescentulus
2719 2268 2774 2323 in
2819 2270 3045 2325 Cantica
3089 2271 3480 2327 canticorum:

1885 2359 2232 2429 Unguentum
2255 2360 2596 2418 exinanitum
2621 2378 2820 2419 nomen
2849 2375 3019 2420 tuum.
3041 2365 3171 2421 Post
3192 2376 3244 2422 te
3270 2367 3324 2423 in
3351 2367 3485 2423 odo-

1886 2468 2002 2510 rem
2026 2462 2431 2523 unguentorum
2459 2470 2744 2513 curremus
2771 2456 2952 2530 (Cant.
2983 2457 3046 2529 ι).
3078 2458 3227 2515 Sicut
3251 2477 3486 2533 unguen-

1887 2553 1998 2600 tum
2017 2549 2070 2600 in
2095 2548 2261 2619 capite
2276 2550 2416 2620 quod
2438 2550 2703 2606 descendit
2725 2554 2777 2606 in
2795 2552 3031 2622 barbam,
3055 2553 3267 2610 barbam
3285 2556 3484 2614 Aaron.

1887 2636 2123 2693 Pulchre
2156 2637 2322 2708 dixit,
2363 2641 2419 2695 in
2467 2642 2656 2714 capite,
2698 2645 2835 2713 quod
2877 2643 3140 2703 descendit
3184 2648 3240 2703 in
3278 2648 3489 2704 barbam

1886 2728 2083 2784 Aaron.
2111 2729 2285 2786 Barba
2314 2731 2590 2790 virilitatis
2616 2734 2878 2792 indicium
2901 2747 3006 2794 est.
3035 2739 3312 2797 Mulierem
3340 2744 3486 2800 enim

1886 2829 1947 2877 et
1976 2822 2156 2878 virum
2189 2822 2293 2878 hoc
2321 2823 2481 2895 signo
2523 2837 2717 2882 natura
2759 2827 3088 2901 distinguitg
3130 2813 3294 2891 barba
3330 2836 3492 2908 igitur

1888 2914 2165 2970 virilitatis
2194 2916 2454 2972 indicium
2484 2926 2591 2974 est.
2618 2918 2792 2991 Caput
2818 2937 2949 2993 ergo
2977 2922 3236 2982 divinitas
3265 2927 3486 2998 dicitur,

1891 3004 1994 3060 hoc
2021 3014 2138 3073 est,
2183 3006 2379 3065 deitas.
2422 3009 2595 3064 Barba
2624 3026 2758 3068 vero
2800 3014 2976 3069 virum
3010 3016 3234 3073 indicat.
3271 3018 3376 3090 Ut,
3411 3021 3493 3077 in-

1889 3099 2026 3169 quit,
2058 3101 2441 3170 perveniamus
2472 3101 2523 3158 in
2551 3103 2726 3159 virum
2756 3106 3083 3176 perfectum,
3106 3109 3199 3179 qui
3228 3122 3313 3166 est
3333 3111 3492 3168 Citri-

1813 3185 1858 3248 C
1891 3202 2006 3249 stus
2035 3192 2262 3266 (Coloss.
2292 3196 2356 3268 t).
2385 3195 2525 3253 Vide
2546 3212 2678 3268 ergo
2708 3200 2837 3268 quid
2860 3200 3008 3256 dicat
3038 3220 3048 3255 :
3081 3203 3232 3259 Sicut
3254 3222 3497 3278 unguen-

1892 3295 2021 3350 tum.
2053 3289 2195 3344 sicut
2216 3288 2526 3345 benedictio
2549 3292 2811 3363 unguenti
2832 3293 2901 3349 de
2927 3296 3127 3366 capite,
3159 3295 3262 3354 hoc
3281 3310 3386 3367 est,
3422 3300 3491 3356 de

1892 3380 2195 3437 divinitatis
2222 3398 2478 3438 sermone
2508 3383 2793 3441 descendit
2826 3391 2879 3442 in
2916 3386 3138 3444 barbam
3157 3431 3173 3457 ,
3204 3390 3495 3451 descendit

1893 3476 1947 3531 in
1975 3475 2147 3531 virum
2175 3476 2496 3545 perfectum,
2521 3476 2615 3548 qui
2641 3488 2725 3534 est
2745 3478 3016 3551 Christus,
3041 3494 3228 3554 postea
3266 3474 3495 3544 descen¥

1893 3568 1975 3624 dit
2008 3569 2184 3638 ipsum
2219 3578 2556 3643 unguentum
2589 3571 2641 3626 itt
2678 3587 2831 3628 oram
2872 3575 3184 3632 vestimenti
3216 3579 3355 3650 ejus.
3398 3580 3492 3639 Sic

1894 3658 2230 3728 benedictio,
2252 3672 2307 3716 et
2336 3675 2431 3716 ros
2461 3663 2662 3718 montis
2690 3663 2930 3723 Ilermon
2955 3665 3236 3725 descendit
3264 3671 3315 3725 in
3338 3687 3494 3728 mon-

1897 3762 2004 3811 tem
2051 3755 2206 3811 Sion.
2250 3754 2595 3827 Unguentum
2641 3772 2773 3814 vero
2825 3758 2916 3815 hic
2966 3775 3063 3830 pro
3107 3761 3489 3823 benedictione

1895 3848 2137 3919 ponitur.
2175 3847 2430 3905 Dilexisti
2454 3847 2746 3929 justitiam,
2777 3849 2977 3922 inquit,
3008 3861 3061 3909 et
3094 3853 3256 3910 odisti
3284 3855 3487 3929 iniqui-

1897 3948 2062 3998 tatem
2097 3960 2107 3994 :
2142 3952 2434 4011 propterea
2459 3927 2615 3996 unxit
2648 3952 2700 3998 te
2730 3941 2896 4010 Deus,
2929 3943 3070 4000 Deus
3095 3954 3218 4001 tuus
3242 3947 3365 4004 oleo
3380 3927 3489 4006 vex-

1896 4034 2205 4091 saltationis
2233 4049 2344 4105 prae
2369 4033 2730 4105 participibus
2759 4036 2866 4090 tuis
2894 4034 3065 4107 (Psal.
3096 4039 3265 4112 xuv).
3297 4041 3490 4101 Videte

1897 4126 2025 4199 quid
2055 4128 2237 4183 dicat:
2271 4126 2541 4195 Dilexisti,
2570 4125 2766 4197 inquit,
2788 4127 3080 4197 justitiam,
3113 4140 3169 4188 et
3192 4133 3358 4190 odisti
3383 4134 3489 4191 ini-

1898 4222 2184 4292 quitatem.
2215 4219 2334 4275 Non
2363 4220 2563 4277 sufﬁcit
2595 4219 2822 4292 diligere
2850 4222 3157 4296 justitiam,
3199 4229 3294 4284 sed
3327 4246 3494 4287 econ-

1901 4312 2072 4368 trario
2121 4311 2304 4367 odisse
2350 4310 2713 4383 iniquitatem.
2766 4312 2958 4371 Videte
2998 4316 3126 4386 quid
3168 4317 3312 4377 dicat
3357 4338 3373 4378 :
3424 4323 3493 4379 Et

1899 4404 2065 4462 odisti
2094 4404 2455 4473 iniquitatem.
2488 4404 2597 4460 Pro
2627 4404 2711 4461 his
2734 4404 3049 4479 virtutibus,
3081 4412 3211 4481 quid
3242 4417 3494 4488 accepit?

1902 4499 2197 4571 Propterea
2227 4498 2385 4553 unxit
2429 4506 2482 4554 te
2522 4500 2665 4555 Deus
2689 4541 2705 4565 ,
2757 4499 2906 4557 Deus
2945 4510 3067 4559 tuus
3096 4505 3220 4561 oleo
3258 4512 3496 4566 exsulta-

207 4592 316 4649 iste
338 4592 603 4649 ctenobiis
629 4602 684 4648 et
712 4593 1061 4649 monasteriis
1083 4594 1360 4651 convenit.
1388 4593 1545 4653 Licet
1572 4597 1716 4653 enim
1744 4604 1799 4652 et
1824 4586 1879 4648 D
1905 4593 2066 4648 tionis
2099 4607 2209 4661 prae
2237 4589 2600 4661 participibus
2630 4591 2759 4647 tuis.
2812 4592 2925 4650 Hoc
2952 4594 3018 4648 ad
3050 4594 3326 4653 Christum
3358 4601 3497 4659 ἀίει.

210 4679 283 4739 de
307 4683 562 4739 Ecclesiis
591 4682 948 4755 intelligatur,
972 4684 1067 4741 sed
1095 4684 1171 4740 ibi
1200 4687 1460 4758 propositi
1484 4686 1800 4745 diversitate

211 4790 322 4833 non
352 4775 562 4831 videtur
589 4790 714 4833 esse
746 4785 890 4833 tanta
922 4777 1238 4833 concordia.
1280 4778 1410 4847 Quae
1441 4789 1527 4836 est
1553 4779 1697 4837 enim
1729 4779 1802 4835 ibi

213 4869 572 4926 fraternitas?
614 4869 813 4942 Utique
857 4871 994 4928 alius
1036 4871 1101 4927 ad
1146 4872 1366 4929 domum
1412 4874 1493 4931 ire
1536 4873 1801 4930 festinat:

217 4961 356 5018 alius
381 4962 446 5017 ad
472 4963 677 5020 circum
696 5007 711 5033 ,
742 4964 882 5020 alius
911 4964 965 5020 in
996 4964 1242 5021 Ecclesia
1271 4965 1340 5023 de
1377 4967 1559 5023 usuris
1582 4967 1801 5039 cogitat.

217 5052 279 5110 In
310 5051 652 5111 monasteriis
677 5065 856 5112 autem
881 5056 1021 5111 sicut
1065 5071 1230 5112 unum
1263 5060 1603 5129 propositum
1623 5102 1636 5127 ,
1668 5074 1806 5115 unus

1906 4691 1996 4738 tur
2026 4700 2040 4739 :
2070 4681 2201 4738 Ideo
2233 4692 2289 4738 tu
2317 4691 2514 4738 unctus
2544 4696 2626 4748 es,
2659 4692 2718 4738 ut
2745 4693 2982 4740 caeteros
3010 4699 3262 4756 ungeres.
3294 4689 3503 4752 Unctus

1909 4792 1969 4835 cs
2007 4777 2131 4834 oleo
2159 4774 2547 4834 exsultationis
2572 4791 2684 4848 prae
2715 4778 3070 4850 participibus
3099 4783 3227 4848 tuis,
3258 4781 3361 4840 hoc
3392 4797 3496 4858 est,

1910 4869 2194 4940 plusquam
2244 4866 2490 4938 Apostoli
2529 4865 2627 4923 tui.
2669 4866 2751 4924 Tu
2789 4869 2933 4925 enim
2967 4872 3227 4942 unguenti
3265 4873 3502 4936 habuisti

1911 4964 2117 5020 fontem
2159 4979 2173 5016 :
2208 4962 2284 5018 illi
2315 4961 2493 5017 stillas
2530 4960 2858 5018 habuerunt.
2909 4960 3058 5019 Sicut
3091 4977 3411 5037 unguentum
3450 4972 3504 5027 in

1916 5057 2103 5128 capite.
2134 5054 2436 5111 Pratstetet
2459 5053 2616 5109 nobis
2637 5053 2897 5111 Dominus
2926 5053 3029 5111 hoc
3054 5069 3387 5130 unguentum
3419 5063 3505 5120 di-

222 5157 277 5207 et
312 5149 521 5204 animus
555 5156 658 5205 est.
692 5147 828 5227 Ecce
854 5166 1007 5221 quam
1037 5150 1226 5205 bonum
1261 5160 1310 5206 et
1342 5169 1495 5222 quam
1515 5154 1810 5222 jucundum
1915 5149 2162 5207 vinitatis
2191 5165 2205 5201 :
2256 5149 2396 5220 quod
2424 5147 2557 5202 venit
2597 5146 2655 5201 in
2683 5145 2895 5201 barbam
2915 5188 2929 5214 ,
2961 5147 3067 5202 hoc
3099 5160 3217 5217 est,
3249 5151 3302 5207 in
3332 5154 3507 5213 virum

229 5241 457 5296 habitare
496 5244 685 5313 fratres
723 5242 776 5296 in
809 5258 989 5296 unum.
1025 5242 1164 5299 Vere
1188 5243 1390 5300 bonum
1418 5289 1432 5313 ,
1467 5261 1595 5301 vere
1619 5249 1811 5317 jucun-

225 5335 370 5391 dum.
404 5332 581 5391 Unum
613 5333 835 5392 fratrem
866 5334 1206 5405 dimisimus,
1238 5346 1293 5393 et
1321 5354 1450 5395 ecce
1476 5348 1707 5409 quantos
1733 5341 1814 5397 in-

224 5429 491 5483 venimus.
521 5425 717 5483 Frater
743 5443 898 5483 meus
931 5436 955 5464 α
982 5429 1263 5486 surcularis
1286 5430 1453 5501 (quod
1485 5430 1558 5487 de
1585 5446 1708 5487 meo
1736 5432 1815 5487 lo-

227 5534 384 5591 quor,
432 5519 501 5574 de
543 5519 775 5589 singulis
819 5520 1039 5589 loquor)
1089 5535 1198 5576 non
1250 5530 1460 5576 tantum
1502 5537 1590 5579 me
1634 5533 1813 5596 amat,

232 5626 388 5685 quam
416 5612 774 5669 substantiam
805 5624 1007 5667 meam.
1040 5610 1311 5671 Caeterum
1337 5612 1535 5671 fratres
1563 5614 1817 5687 spiritua-

1924 5241 2225 5312 pertectum
2265 5241 2447 5295 Aaron
2472 5280 2488 5306 ,
2519 5238 2572 5295 in
2604 5237 2786 5296 Aaron
2817 5239 3182 5298 sacerdotem.
3210 5243 3386 5300 Aaron
3415 5262 3512 5302 au-

1920 5343 2029 5391 tem
2066 5334 2455 5404 interpretatur
2502 5339 2810 5386 montanus.
2860 5330 3069 5388 Videtis
3107 5336 3364 5405 quoniam
3409 5340 3514 5397 iste

1923 5427 2180 5485 sacerdos
2207 5442 2314 5483 non
2345 5434 2432 5482 est
2469 5424 2536 5481 de
2570 5422 2835 5493 vallibus,
2874 5424 2969 5481 sed
3005 5424 3073 5493 de
3104 5429 3376 5486 montibus
3405 5442 3512 5488 est.

1924 5521 2131 5589 Barba,
2161 5520 2365 5592 inquit,
2407 5519 2612 5576 Aaron.
2654 5517 2812 5587 Quod
2850 5530 3186 5589 unguentum
3217 5521 3272 5577 in
3303 5526 3515 5596 capite,

1925 5614 2075 5673 venit
2100 5613 2153 5671 in
2198 5613 2455 5684 barbam,
2487 5626 2518 5668 a
2565 5609 2746 5669 Verbo
2778 5612 2887 5668 Deo
2924 5613 3074 5668 venit
3108 5612 3174 5670 ad
3206 5612 3515 5691 hominem,

304 5799 330 5828 ⁸
367 5787 501 5844 Vide
541 5786 814 5858 prteﬁxam
859 5782 986 5840 huic
1031 5786 1174 5846 libro
1223 5790 1649 5850 admonitionem
1690 5805 1951 5854 nostram.
