3992 6306
497 268 638 339 ηις

1293 263 1638 331 APPENDIX
1675 265 1769 324 AD
1807 262 2050 324 TOMUM
2089 258 2442 325 SEPTIMUM
2481 260 2539 322 S.
2580 256 2982 323 HIERONYML

3654 258 3807 323 sese

501 402 662 459 quem
695 392 780 447 est
807 386 1061 459 dignatus
1086 398 1391 445 assumere.
1424 386 1494 443 Et
1525 386 1652 459 quid
1686 386 1843 442 nobis
1874 383 2092 455 prodest
2124 388 2167 453 Α
2202 390 2308 448 tur,
2339 380 2485 457 quod
2519 377 3042 443 habeatfemoralia,
3062 380 3121 433 ut
3147 373 3531 449 quodcumque
3558 372 3618 431 in
3637 376 3806 432 mltis

499 479 668 535 barba
701 482 801 536 ista
842 490 1033 549 uncta,
1066 490 1120 539 et
1164 480 1249 538 vir
1292 479 1397 537 iste
1440 478 1755 551 perfectus?
1797 476 2094 534 Videamus

497 585 641 643 quos
700 572 972 642 profectus
1028 570 1245 631 habeat.
1302 571 1457 639 Quod
1510 571 1793 631 descendit
1835 571 1888 627 in
1943 584 2093 631 urant

499 661 811 723 vestimenti
838 662 978 731 ejus.
1009 661 1122 719 Nos
1152 663 1196 721 si
1223 664 1607 721 vestimentum
1636 660 1842 723 Christi
1868 676 2055 723 sumus
2077 702 2093 731 ,

498 756 798 815 nuditatem
850 755 973 826 ejus
1014 764 1198 815 nostra
1241 756 1506 817 vestimus
1556 756 1683 813 lide.
1735 755 1875 815 Ecca
1920 753 2097 819 nudus

496 845 760 925 pependit
784 848 837 901 in
860 862 1029 909 cruce
1053 865 1068 904 :
1101 847 1416 909 scandalum
1440 847 1661 915 ludatis.
1685 847 1939 920 gentibus
1960 846 2095 907 stula

496 936 611 992 titia
640 937 697 1011 (l
729 937 851 993 Cor.
882 941 934 1010 ι)
962 980 976 1005 ,
1008 949 1063 994 ει
1087 944 1281 996 ‘tameu
1311 950 1497 996 nostra
1531 940 1636 997 [ide
1674 952 1731 996 et
1759 955 2013 999 sermone
2042 946 2098 1001 et

494 1030 843 1095 confessione
873 1032 1122 1091 vestitur.
1148 1032 1265 1091 Noe
1296 1033 1349 1095 in
1380 1033 1548 1088 domo
1575 1049 1672 1093 sua
1705 1034 1883 1089 nudus
1902 1032 2094 1101 jaeuit,

491 1131 548 1187 et
585 1125 836 1197 apparuit
865 1124 1165 1197 ignominia
1195 1125 1356 1196 ejus:
1401 1126 1577 1196 major
1623 1124 1765 1181 [ilius
1812 1123 2003 1193 irrisit,
2044 1131 2100 1189 et

496 1217 677 1277 minor
708 1217 842 1275 texit
867 1217 1022 1286 (Gen.
1062 1220 1170 1288 rx).
1201 1218 1262 1279 Et
1296 1218 1402 1279 hoc
1430 1227 1603 1277 totum
1640 1233 1809 1287 quare
1839 1216 1995 1272 dico?
2027 1214 2100 1272 Ut

494 1309 787 1373 ostendam
815 1312 1205 1369 vestimentum
1238 1326 1335 1366 nos
1375 1326 1499 1368 esse
1530 1309 1754 1367 Christi.
1798 1309 1933 1367 Rem
1974 1309 2097 1369 dico

496 1402 655 1460 vobis
685 1418 881 1458 novam
911 1420 925 1458 :
960 1404 1128 1465 immo
1158 1419 1264 1459 non
1297 1418 1516 1469 novam,
1549 1403 1646 1465 sed
1677 1404 1747 1459 de
1775 1400 2096 1471 Scripturis.

494 1495 605 1553 Nos
630 1497 1017 1558 vestimentum
1040 1496 1240 1557 ChriSti
1266 1513 1488 1563 sumus,
1504 1504 1559 1552 et
1583 1512 1705 1557 cum
1733 1497 1880 1555 illum
1909 1504 2098 1551 nostra

489 1588 832 1647 confessione
883 1584 1227 1651 vestieritnus
1256 1630 1270 1657 ,
1325 1604 1541 1645 rursum
1590 1591 1769 1658 ipsum
1820 1588 2096 1649 Christum

494 1679 791 1748 induimus.
828 1682 969 1736 Dicit
995 1680 1139 1741 enim
1167 1691 1223 1743 et
1256 1681 1554 1751 Apostolus
1576 1723 1591 1749 ,
1622 1680 1771 1751 quod
1803 1679 2099 1736 vestimen-

2198 475 2621 544 ignominiosum
2670 483 2755 529 est
2792 482 2849 527 et
2894 470 3177 527 sordidum
3203 511 3220 537 ,
3251 470 3409 540 quasi
3440 469 3547 524 hoc
3583 471 3811 539 cingulo

2197 568 2491 629 mundetur
2529 578 2585 623 et
2621 566 3003 629 mortiﬁeetnr.
3046 565 3254 627 Deinde
3294 564 3498 623 dicitur
3524 566 3676 638 quod
3702 566 3809 621 dt-

2198 660 2425 722 beamus
2474 659 2677 719 habere
2719 659 3020 731 poderem,
3070 657 3214 731 quod
3256 667 3418 717 ornet
3446 658 3603 731 quasi
3636 657 3812 729 pedes

2198 765 2447 817 nostros.
2481 754 2540 811 lu
2572 755 2690 824 ipso
2721 752 2926 825 pedere
2955 751 3155 813 diversi
3177 750 3342 811 ﬂores
3370 759 3541 811 sunt:
3574 758 3707 806 sunt
3728 749 3811 811 ibi

2198 846 2595 919 malogranata,
2626 854 2755 907 sunt
2792 844 2864 901 ibi
2887 843 3055 903 etiam
3082 842 3327 905 limbriae.
3361 842 3477 919 Ego
3497 849 3633 917 puto
3661 840 3814 914 quod

2199 937 2286 993 illa
2324 938 2520 991 mulier
2546 936 2813 1006 sanguine
2851 934 3026 997 ﬂuens
3053 934 3215 995 istam
3245 934 3514 997 ﬁmbriam
3539 934 3809 1008 tetigerit,

2200 1039 2258 1085 et
2300 1040 2490 1089 sanata
2522 1037 2607 1083 est
2654 1026 2874 1097 (Matth.
2918 1027 3019 1097 tt).
3072 1025 3279 1093 Deinde
3321 1035 3377 1087 et
3407 1029 3524 1089 hinc
3553 1027 3817 1087 conside-

2200 1129 2319 1183 rate
2350 1137 2362 1173 :
2394 1120 2650 1193 quoniam
2684 1120 2752 1177 ad
2804 1130 3085 1179 estremos
3116 1118 3318 1189 pedes,
3351 1116 3495 1175 inter
3536 1118 3817 1189 malogra-

2202 1223 2329 1271 nata
2355 1222 2512 1269 erant
2543 1222 2597 1268 et
2628 1212 2963 1277 tintinnulae,
2995 1220 3051 1271 et
3078 1228 3187 1269 non
3218 1210 3642 1282 ingrediebatur
3674 1225 3813 1282 pon-

2202 1307 2334 1365 tifex
2382 1307 2435 1362 in
2489 1316 2679 1365 sancta
2727 1315 3087 1377 sanctorum,
3136 1305 3238 1361 nisi
3296 1305 3390 1369 illa
3442 1305 3813 1365 tintinnabula

2201 1406 2576 1469 personarent.
2645 1396 3035 1455 Tintinnabula
3103 1405 3159 1454 et
3221 1396 3311 1451 illa
3378 1397 3751 1473 malegranata
3787 1437 3809 1471 ,

2201 1490 2549 1547 diversitates
2575 1491 2835 1547 virtutum
2866 1498 2996 1547 sunt
3039 1504 3160 1560 qua:
3204 1487 3410 1549 habent
3436 1489 3671 1559 singula:
3713 1505 3815 1549 νον

2200 1598 2293 1640 ces
2320 1598 2469 1651 snas,
2504 1593 2559 1639 et
2586 1596 2840 1655 egressus
2871 1582 2986 1650 ipse
3025 1581 3193 1637 sancti
3232 1589 3552 1641 sanctorum
3599 1580 3812 1641 vocalis

2201 1684 2305 1731 est.
2338 1676 2467 1731 Sive
2503 1674 2648 1733 enim
2677 1672 3108 1740 manducemus,
3142 1675 3260 1731 sive
3294 1671 3545 1730 bibamus
3573 1714 3589 1739 ,
3624 1672 3813 1735 omnia

493 1780 609 1829 tum
639 1782 909 1842 nostrum,
934 1770 1186 1827 Christus
1213 1773 1283 1828 sit
1315 1771 1522 1842 (Galat.
1547 1773 1651 1843 tu).
1688 1771 1917 1839 Quando
1945 1769 2092 1827 enim
2125 1773 2174 1837 Β
2202 1770 2254 1826 in
2281 1770 2500 1827 nomine
2526 1767 2747 1827 Domini
2774 1766 2997 1825 iacimus
3027 1764 3073 1839 (ι
3099 1763 3225 1825 Cor.
3259 1764 3339 1837 tt).
3365 1765 3577 1825 Minora
3606 1765 3815 1836 promi.

439 1853 447 1860 ’
492 1862 852 1935 baptizamur,
900 1862 1117 1921 Christo
1166 1864 1440 1923 induimur
1490 1873 1547 1921 et
1590 1865 1877 1921 vestimur.
1921 1861 2095 1918 Vultis

488 1958 631 2017 scire
659 1957 930 2028 quomodo
951 1958 1248 2019 vestiamns
1275 1958 1607 2017 Dominum?
1635 1958 1895 2028 Legimus
1924 1958 1978 2013 in
2003 1958 2096 2015 Je~

493 2048 664 2107 remia
697 2049 959 2121 :Accipc.
994 2050 1185 2120 inquit,
1214 2050 1309 2109 tibi
1335 2051 1603 2116 lumbare,
1634 2058 1690 2104 et
1715 2050 1875 2115 vade,
1900 2048 2091 2120 inquit,

494 2140 561 2197 ad
596 2140 907 2212 Euphraten
932 2183 945 2205 .
977 2152 1028 2195 et
1065 2156 1207 2210 pone
1253 2142 1385 2201 illud
1413 2144 1467 2197 in
1503 2142 1772 2197 foramine
1802 2151 1991 2212 petrae.
2028 2141 2097 2199 Et

496 2233 622 2301 feci,
653 2234 850 2305 inquit,
880 2234 1021 2303 quod
1045 2245 1381 2309 praeceperat
1404 2232 1535 2289 mihi
1567 2234 1847 2291 Dominus.
1877 2232 1943 2286 Et
1969 2241 2096 2305 post

491 2326 608 2381 dies
641 2326 856 2398 aliquos
898 2340 1153 2383 reversus
1184 2342 1304 2381 sunt
1335 2327 1402 2381 ad
1436 2324 1754 2396 Euphraten
1778 2366 1793 2392 ,
1831 2335 1885 2385 et
1923 2339 2052 2381 ecce
2074 2366 2091 2399 ,

493 2417 667 2489 inquit
694 2460 709 2485 ,
763 2428 1048 2493 putruerat
1089 2418 1363 2489 lumbare,
1407 2419 1553 2488 quod
1602 2418 1737 2475 nulli
1781 2419 1902 2475 usui
1948 2428 2095 2483 esset

492 2511 650 2565 utile.
697 2509 763 2564 Et
804 2510 1015 2567 locutus
1044 2519 1162 2577 est,
1196 2509 1401 2581 inquit,
1431 2510 1688 2565 Dominus
1720 2509 1897 2567 ad'me
1927 2526 1940 2565 :
1973 2508 2096 2565 dili-

493 2611 685 2671 genter
732 2602 1148 2663 animadvertite
1199 2620 1212 2657 :
1261 2601 1440 2673 Sicut,
1491 2601 1689 2674 inquit,
1742 2612 1795 2663 tu
1848 2603 2094 2663 lumbare

494 2693 729 2749 habuisti
763 2695 908 2749 circa
940 2695 1155 2757 lumbos
1194 2705 1317 2753 tuos
1342 2737 1358 2762 ,
1392 2695 1466 2755 ita
1496 2704 1552 2753 et
1578 2710 1678 2769 ego
1725 2694 1886 2749 habui
1919 2709 2091 2765 popu-

491 2786 602 2841 lum
631 2786 790 2841 istum
815 2788 961 2847 circa
990 2802 1096 2856 me,
1127 2787 1263 2843 dicit
1291 2788 1553 2849 Dominus
1578 2786 1793 2858 (larem.
1818 2788 1954 2857 tun).
1979 2786 2093 2843 Hoc

491 2886 667 2935 totum
706 2894 877 2949 quare
915 2879 1065 2937 dixi?
1107 2879 1175 2939 Ut
1216 2880 1560 2943 ostenderem
1601 2880 1888 2941 credentes
1928 2880 2088 2937 vesti.

493 2982 734 3035 mentum
764 2987 885 3033 esse
913 2973 1141 3033 Christi.
1173 2974 1330 3042 Quod
1356 2974 1635 3030 descendit
1668 2975 1722 3031 in
1751 2989 1903 3033 oram
1928 2973 2093 3031 vesti-

491 3067 661 3125 menti
712 3067 831 3141 ejus
889 3083 900 3118 :
957 3066 1098 3139 quod
1149 3066 1413 3127 descendit
1464 3068 1519 3127 in
1567 3065 1785 3123 barbam
1809 3108 1826 3135 ,
1880 3066 2092 3125 barbam

2199 1863 2392 1929 simus,
2415 1872 2473 1917 et
2502 1862 2707 1933 majora
2740 1859 3005 1917 diximus.

2271 1953 2424 2011 Sicut
2469 1970 2556 2009 ros
2601 1951 2833 2007 Harmon
2869 1950 2962 2025 qui
2992 1950 3258 2011 descendit
3298 1952 3353 2005 in
3380 1957 3611 2011 montem
3653 1948 3815 2013 Sion.

2203 2047 2309 2109 Bas
2334 2046 2590 2105 Hermae.
2617 2044 2874 2117 Legimus
2904 2044 2958 2103 in
2985 2044 3222 2114 quodam
3245 2043 3388 2103 libro
3417 2051 3442 2080 ⁸
3465 2044 3813 2115 apocrypha,

2198 2157 2267 2199 eo
2298 2153 2545 2212 tempore
2582 2157 2689 2211 quo
2721 2137 3134 2199 descendebant
3166 2137 3260 2197 lilii
3291 2137 3387 2197 Dei
3425 2137 3493 2197 ad
3532 2136 3677 2193 filias
3713 2134 3818 2193 hov

2199 2236 2431 2302 minnm,
2464 2235 2823 2293 descendisse
2853 2233 2975 2293 illos
3004 2233 3058 2293 in
3085 2243 3326 2291 montem
3353 2231 3618 2295 Hermon,
3646 2239 3703 2284 et
3734 2226 3812 2285 ibi

2200 2330 2370 2387 inisse
2399 2337 2636 2399 pactum,
2664 2326 2937 2403 quomodo
2961 2326 3217 2383 venirent
3238 2325 3304 2385 ad
3329 2324 3471 2385 ﬁlias
3494 2324 3813 2393 hominum,

2197 2431 2252 2477 et
2296 2422 2399 2477 sibi
2438 2436 2531 2477 eas
2576 2420 2871 2475 sociarent.
2914 2418 3392 2479 Manifestissimus
3426 2417 3568 2477 liber
3598 2428 3712 2482 est,
3752 2425 3815 2481 et

2196 2513 2343 2570 inter
2372 2513 2716 2585 apocryphos
2741 2521 3116 2585 computatur,
3146 2520 3201 2575 et
3228 2521 3445 2566 veteres
3474 2511 3812 2579 interpretes

2197 2608 2265 2664 de
2299 2608 2421 2676 ipso
2464 2606 2627 2662 locuti
2665 2613 2791 2660 sunt
2824 2622 2839 2659 :
2874 2602 3139 2660 nonnulla
3172 2611 3353 2658 autem
3386 2618 3488 2656 nos
3518 2600 3758 2656 diximus
3788 2619 3805 2655 :

2198 2714 2306 2755 non
2336 2700 2388 2754 in
2418 2700 2799 2754 auctoritatem
2818 2739 2833 2763 ,
2867 2697 2963 2752 sed
2994 2697 3052 2752 in
3079 2694 3683 2752 commemorationem.
3713 2692 3808 2747 Si-

2196 2803 2282 2851 cut
2307 2810 2394 2853 ros
2424 2792 2655 2848 Hermou
2674 2836 2688 2862 ,
2736 2792 2827 2861 qui
2851 2790 3115 2853 descmdit
3140 2790 3197 2851 in
3222 2796 3446 2849 montem
3474 2787 3626 2847 Sion.
3664 2784 3801 2855 Legi

2197 2883 2224 2922 δ
2269 2886 2322 2939 in
2364 2884 2648 2955 cujusdam
2680 2884 2856 2949 libro,
2890 2883 2963 2943 de
2992 2885 3097 2941 isto
3130 2882 3271 2945 libro
3303 2878 3620 2953 apocrypha
3648 2893 3809 2943 suam

2196 2978 2447 3041 haeresim
2485 2978 2883 3039 conﬁrmantis.
2928 2977 3071 3047 Quid
3103 2977 3251 3039 enim
3288 2976 3465 3035 dicit?
3520 2973 3677 3041 Filii,
3721 2974 3807 3033 in.

2195 3076 2357 3149 quit,
2396 3076 2490 3132 Dei
2536 3076 2627 3147 qui
2673 3075 2743 3135 de
2779 3074 2938 3137 cmlis
2965 3072 3373 3139 descendebant
3398 3112 3414 3137 ,
3449 3079 3720 3133 venerunt
3746 3069 3805 3132 in

492 3157 688 3212 Aaron.
737 3156 853 3212 Non
895 3168 978 3219 est
1031 3157 1192 3229 hujus
1246 3158 1504 3229 temporis
1550 3158 1619 3214 de
1658 3157 2092 3219 sacerdotalibus
2118 3157 2166 3225 C
2197 3167 2471 3233 Hermon,
2512 3175 2569 3225 et
2610 3166 3011 3238 concupierunt
3057 3165 3198 3227 tilias
3235 3165 3536 3225 hominum.
3581 3160 3802 3235 Angeli,

491 3250 677 3309 dicere
724 3249 1083 3309 vestimentis.
1128 3250 1408 3326 Siquidem
1460 3253 1705 3321 pontilex
1756 3261 1880 3307 octo
1928 3249 2091 3307 habet

490 3343 705 3417 species
742 3341 1211 3405 vestimentorum.
1245 3343 1489 3415 Longum
1521 3354 1603 3399 est
1635 3358 1779 3401 nunc
1811 3343 1994 3407 dicere
2019 3343 2090 3401 de

488 3435 703 3515 ephod,
736 3436 805 3499 de
851 3437 1060 3497 tunica.
1096 3435 1340 3508 Longum
1377 3444 1462 3495 est
1488 3436 1670 3497 dicere
1705 3436 1774 3495 de
1805 3436 2088 3503 rationali,

489 3528 560 3585 de
591 3527 1117 3587 manifestationihus
1136 3571 1149 3595 ,
1178 3529 1244 3584 de
1266 3529 1531 3587 catenulis
1554 3570 1569 3597 ,
1601 3528 1671 3585 de
1701 3545 1867 3597 zona,
1897 3530 1966 3586 de
2009 3529 2090 3589 fe.-

491 3621 789 3677 momlibus
815 3664 830 3691 ,
865 3620 934 3679 de
963 3619 1195 3681 ﬁmbriis
1221 3666 1235 3691 ,
1275 3620 1344 3678 de
1368 3620 1504 3677 resti
1527 3663 1541 3685 ,
1576 3622 1642 3681 de
1673 3622 2048 3684 tintinnabulis
2071 3661 2088 3691 ,

492 3714 693 3789 quibus
722 3713 1013 3770 virtutibus
1051 3714 1308 3771 sacerdos
1348 3714 1546 3775 debeat
1583 3714 1787 3794 ingredi
1826 3716 2088 3786 templum

493 3803 746 3874 Domini,
789 3814 845 3862 et
886 3806 937 3861 in
969 3815 1149 3861 sancta
1181 3816 1511 3874 sanctorum.
1543 3807 1608 3867 Et
1635 3822 1735 3871 nos
1758 3822 1894 3878 ergo
1919 3810 1966 3879 si
1996 3824 2091 3865 vo-

491 3896 673 3953 lumus
700 3897 773 3954 de
803 3898 1130 3959 vestimento
1162 3913 1285 3959 esse
1313 3881 1638 3959 sacerdotali
1662 3944 1677 3970 ,
1707 3910 1799 3955 aut
1822 3901 2091 3972 superbu-

494 3988 696 4046 merale
724 4005 937 4058 sumus,
973 3993 1119 4069 quod
1151 3992 1539 4065 interpretatur
1569 3992 1770 4067 ephod,
1803 4005 1860 4055 ut
1889 3994 2090 4055 habea-

495 4096 617 4139 mus
647 4083 785 4138 bona
818 4098 1011 4157 opera,
1042 4094 1097 4147 et
1124 4086 1177 4145 in
1207 4086 1447 4149 humeris
1474 4090 1676 4147 nostris
1706 4088 1908 4149 Christi
1938 4106 2090 4153 man-

491 4175 616 4231 data
646 4188 928 4249 portemus
951 4219 966 4245 ,
997 4186 1091 4233 aut
1117 4189 1267 4239 certe
1301 4180 1482 4241 tunica
1510 4181 1776 4243 debemus
1801 4197 1922 4240 esse
1949 4183 2090 4240 inte-

491 4268 604 4324 rior
637 4288 648 4322 :
683 4286 804 4349 quae
851 4271 1029 4327 tunica
1061 4272 1251 4331 stricta
1281 4282 1367 4330 est
1388 4314 1404 4345 ,
1449 4284 1505 4333 et
1544 4277 1785 4335 adhaeret
1825 4279 2040 4351 corpori
2070 4296 2086 4341 ξ

493 4378 601 4418 non
639 4372 726 4418 est
755 4364 872 4421 laxa
909 4383 921 4417 :
957 4381 1062 4423 non
1094 4364 1362 4434 funditur,
1394 4368 1486 4425 sed
1518 4368 1689 4431 itaret
1718 4380 1830 4426 tota
1866 4371 1933 4431 ad
1959 4388 2086 4429 cor.

495 4468 616 4523 pus.
652 4451 818 4508 Vides
843 4468 980 4525 ergo
1006 4454 1262 4525 quoniam
1293 4456 1620 4537 quicumque
1649 4457 1878 4519 interior
1902 4472 2007 4528 est.
2032 4472 2097 4538 et,

2194 3260 2409 3333 inquit,
2438 3270 2565 3319 sunt
2597 3259 2666 3319 de
2692 3259 3010 3333 cmlestibus
3038 3256 3437 3321 descendentes
3458 3296 3473 3323 .
3509 3262 3567 3311 et
3598 3256 3804 3319 animi!

2193 3369 2312 3427 qua:
2340 3351 2791 3411 desideraverunt
2816 3365 3067 3421 corpora.
3100 3347 3379 3419 Siquidem
3408 3360 3637 3417 corpora
3672 3344 3804 3407 lilia:

2194 3444 2473 3503 hominum
2503 3454 2650 3505 sunt.
2695 3444 2925 3509 Vidistis
2965 3441 3239 3512 quomodo
3286 3439 3568 3499 Mauicbai
3600 3437 3802 3508 dogma

2193 3539 2516 3611 consurgit?
2558 3538 2715 3596 Sient
2740 3539 2885 3597 enim
2919 3533 3203 3597 διεπίεὴωί
3236 3532 3429 3593 dicunt
3454 3529 3675 3589 animas
3706 3527 3803 3586 ὼν

2192 3631 2464 3693 siderasse
2492 3644 2721 3702 corpora
2747 3630 3005 3697 humana,
3030 3638 3086 3687 et
3106 3625 3346 3689 soeiatas
3375 3637 3504 3687 esse
3528 3620 3800 3692 voluptati

2191 3738 2483 3797 corporum
2520 3742 2531 3776 :
2564 3724 2644 3786 sic
2672 3732 2730 3778 et
2759 3723 2849 3781 isti
2872 3721 2964 3804 qui
2990 3720 3185 3783 dicunt
3203 3718 3431 3788 angelos
3452 3715 3803 3773 desiderasse

2191 3834 2446 3889 corpora,
2471 3818 2574 3875 hoc
2599 3827 2709 3885 est,
2731 3817 2875 3879 tilias
2898 3816 3206 3881 hominum.
3230 3827 3416 3875 nonne
3435 3810 3593 3871 vobis
3610 3809 3801 3867 videns

2193 3918 2284 3973 tur
2315 3912 2547 3981 idipsnm
2586 3910 2775 3971 dicere
2803 3908 2948 3982 quod
2985 3917 3042 3964 et
3074 3907 3361 3971 Hanichati
3386 3905 3409 3967 ἵ
3437 3904 3683 3975 Longum
3711 3909 3801 3965 est

2191 4017 2337 4065 nunc
2364 4011 2553 4060 contra
2586 4001 2711 4059 illos
2736 4000 2923 4063 dicere
2960 4018 2975 4055 :
3022 3999 3122 4061 sed
3153 3996 3525 4061 tantummodo
3548 3993 3799 4067 judicare

2191 4095 2369 4163 volui,
2400 4094 2468 4150 de
2491 4110 2607 4169 quo.
2629 4093 2909 4157 volumine
2936 4093 3088 4166 quasi
3122 4107 3219 4163 per
3242 4090 3590 4151 occasionem
3614 4086 3795 4157 istius,

2189 4200 2349 4251 suum
2389 4186 2580 4257 dogma
2608 4185 2956 4247 confirmant.
2989 4184 3229 4249 Harmon
3270 4182 3327 4245 in
3374 4182 3559 4252 lingua
3595 4189 3791 4237 nostra

2190 4280 2607 4348 interpretatur,
2642 4279 2878 4351 ἀνάθημα
2900 4319 2915 4349 ,
2962 4275 3072 4338 hoc
3097 4282 3181 4339 est
3202 4315 3219 4340 ,
3258 4274 3643 4337 condemnatio,
3684 4270 3797 4337 Bos

2190 4385 2321 4443 ergo
2370 4370 2585 4433 Domitii
2627 4378 2756 4435 ante
2797 4367 2899 4431 fuit
2938 4368 2991 4425 in
3040 4365 3249 4443 populo
3293 4364 3608 4427 Iudaeorum
3636 4405 3651 4431 .
3700 4361 3795 4440 qui

2191 4473 2376 4540 poStea
2405 4461 2893 4521 anathematizatus
2933 4470 3054 4531 eat,
3094 4468 3151 4521 et
3191 4457 3505 4519 benedictio
3544 4457 3636 4517 illa
3672 4470 3796 4527 una:

492 4544 721 4602 interior
774 4545 975 4614 tunica,
1020 4546 1249 4607 vicinius
1288 4546 1533 4619 jungitur
1582 4552 1821 4623 corpori.
1866 4553 1921 4609 Si
1959 4555 2083 4627 quis
2110 4544 2161 4613 Ι)
2186 4562 2313 4615 ante
2336 4553 2703 4619 descendebat
2736 4552 2790 4613 in
2828 4550 3031 4629 populo
3057 4549 3560 4617 anathematizato,
3608 4556 3796 4614 postea

490 4653 622 4695 vero
651 4636 916 4695 rationale
945 4648 1050 4709 est,
1072 4639 1216 4715 quod
1245 4638 1443 4701 dicitur
1467 4642 1655 4720 λογιῖον
1688 4662 1700 4696 :
1728 4644 1834 4705 iste
1865 4661 1969 4705 non
2000 4655 2085 4707 est

488 4731 592 4787 nisi
627 4731 678 4785 in
723 4741 943 4803 pectore
972 4730 1325 4793 constitutus.
1369 4733 1756 4797 Animadverte
1786 4738 2084 4813 Scriptura:

487 4826 734 4885 ordinem
770 4845 786 4887 ;
817 4827 1157 4900 Quicumque
1184 4829 1444 4891 rationale
1469 4838 1592 4901 est,
1620 4832 1836 4909 λογεῖον,
1866 4843 1921 4889 ει
1948 4834 2084 4897 ratio

487 4930 592 4989 est,
624 4928 679 4976 et
707 4919 764 4976 in
803 4930 1025 4992 pectore
1050 4920 1381 4985 constitutus
1406 4932 1506 4983 est.
1540 4921 1807 4985 Ceterum
1834 4924 1951 4985 ﬁeri
1982 4941 2083 4997 po-

488 5022 596 5077 test
619 5022 676 5068 ut
705 5012 900 5093 aliquis
923 5014 1122 5077 habeat
1144 5013 1509 5089 prudentiam.
1535 5025 1593 5077 ut
1610 5014 1808 5080 habeat
1829 5018 1995 5095 λόγον,
2026 5028 2085 5081 ut

490 5104 690 5161 habeat
732 5120 1063 5167 sermonem.
1106 5106 1446 5183 Quicumque
1483 5123 1615 5185 ergo
1655 5125 1784 5175 vere
1826 5113 2082 5169 sacerdos

488 5208 594 5265 est,
623 5199 785 5257 debet
814 5200 1020 5263 habere
1047 5198 1313 5273 δηλώσεις,
1345 5200 1447 5265 hoc
1475 5214 1588 5273 est,
1618 5205 2079 5285 manifestationes,

485 5292 590 5351 hoc
618 5302 722 5362 est,
754 5302 811 5350 ut
840 5295 1224 5369 quodcumque
1251 5304 1434 5359 mente
1462 5298 1792 5371 conceperit,
1819 5300 2079 5371 proterat,

483 5393 542 5442 et
595 5400 757 5449 omne
811 5385 1023 5445 doceat.
1074 5386 1141 5443 Et
1194 5387 1310 5451 hmo
1360 5387 1539 5451 nuntia
1589 5388 1784 5453 frustra
1830 5401 1980 5463 sunt,
2032 5393 2080 5451 si

482 5482 704 5536 castitas
738 5490 897 5537 aucta
936 5490 992 5537 et
1027 5488 1219 5545 ornate
1262 5497 1373 5544 non
1404 5481 1592 5547 fuerit.
1642 5483 1765 5545 Ideo
1794 5499 1933 5545 zona
1957 5494 2043 5553 est
2056 5527 2078 5565 ρ

485 5585 542 5631 et
566 5575 734 5647 cingit
765 5575 1003 5651 lumbos,
1034 5575 1253 5657 stringit
1281 5585 1339 5641 et
1366 5578 1682 5647 muniﬁcat.
1711 5577 1919 5645 Deinde
1946 5579 2083 5643 dici-

559 5766 585 5795 ι
623 5757 803 5813 Facile
829 5757 917 5814 hic
946 5770 1027 5816 est
1049 5760 1371 5833 Egregortan
1398 5760 1497 5817 lib.

2188 4645 2467 4705 descendit
2515 4646 2569 4705 in
2612 4656 2851 4703 montem
2880 4643 3018 4703 Sion
3040 4684 3055 4710 ,
3088 4641 3193 4701 hoc
3220 4651 3304 4703 est
3326 4682 3342 4715 ,
3370 4640 3430 4705 in
3464 4639 3792 4707 Ecclesiam,

2187 4739 2297 4799 N05
2316 4781 2333 4812 ,
2365 4738 2413 4802 si
2444 4747 2623 4799 tamen
2651 4738 2722 4801 de
2754 4737 2997 4801 Ecclesia
3027 4748 3215 4801 sumus
3244 4732 3576 4806 (Ecclesiam
3608 4741 3793 4789 autem

2187 4833 2310 4893 dico
2331 4833 2649 4903 dogmatum
2672 4830 2988 4895 veritatem.
3004 4828 3207 4891 Christi
3220 4825 3674 4897 confessionem).
3692 4837 3795 4880 n06

2187 4925 2243 4981 in
2268 4923 2555 4986 aediﬁcium
2580 4936 2791 4985 sumus.
2821 4920 2889 4983 Et
2911 4917 3108 4991 quanti
3128 4917 3301 4975 sancti
3322 4915 3379 4975 in
3395 4917 3619 4977 deserto
3641 4922 3790 4982 sunt,

2186 5019 2369 5089 quanti
2412 5017 2486 5079 de
2525 5017 2682 5079 nobis
2724 5030 2832 5077 non
2880 5022 3014 5077 sunt
3060 5014 3115 5075 in
3156 5010 3437 5085 EccleSia,
3480 5010 3652 5072 etilli
3696 5008 3793 5078 qui

2184 5131 2292 5175 non
2316 5123 2445 5177 sunt
2473 5113 2543 5177 de
2567 5112 2849 5183 Ecclesia,
2876 5117 3164 5173 versantur
3188 5108 3241 5169 in
3280 5104 3532 5173 Ecclesia
3558 5102 3790 5165 Christi,

2181 5205 2239 5273 Si
2263 5221 2395 5280 ergo
2423 5220 2614 5263 sumus
2642 5201 2697 5269 in
2732 5200 3003 5268 Ecclesia,
3038 5200 3085 5263 si
3116 5198 3378 5265 habemus
3404 5196 3565 5263 (idem
3599 5194 3793 5255 Eccle-

2182 5301 2310 5367 siae,
2355 5297 2515 5355 ﬁdem
2553 5295 2922 5367 apostolorum
2949 5336 2965 5363 ,
2994 5291 3158 5355 ﬁdem
3197 5289 3434 5361 Christi,
3470 5288 3793 5372 deputatum

2186 5395 2488 5456 veritates,
2575 5395 2786 5447 montes
2856 5398 3049 5445 sumus
3110 5383 3268 5440 Sion.
3342 5379 3609 5444 Nolumus
3666 5394 3796 5441 esse

2187 5484 2254 5547 de
2282 5483 2416 5542 Sion
2446 5480 2638 5550 vallos,
2670 5479 2765 5541 sed
2815 5486 3028 5541 montes
3074 5475 3231 5537 Sion.
3262 5472 3439 5537 liabet
3461 5472 3611 5539 enim
3651 5472 3792 5533 Sion

2190 5578 2364 5647 valles
2400 5590 2550 5651 suas,
2580 5574 2748 5637 habet
2777 5580 2832 5637 et
2855 5583 3131 5647 castrum.
3161 5566 3499 5647 calcataque
3529 5574 3794 5637 peccator

2263 5756 2292 5797 δ
2333 5756 2466 5821 Puta
2491 5754 2799 5829 Origenem.
2822 5750 3192 5817 Comment».
3222 5747 3275 5809 in
3296 5746 3422 5809 Joh.
