3992 6350
161 314 289 374 liii

999 301 1428 371 BREVIARIUM
1472 313 1536 372 ιιι
1576 309 1908 369 ιιδλιιιιυδ.
1953 308 2198 366 psmn.
2240 308 2522 367 cxxxni.

3317 313 3454 369 1222

156 443 262 497 est,
289 431 442 486 vallis
469 439 554 488 est
575 431 708 487 Sion
744 449 757 484 :
793 448 900 488 non
929 442 1012 488 est
1044 447 1200 490 mons
1251 431 1407 488 Sion.
1457 432 1609 486 Dicat
1658 428 1758 482 ali-
1791 428 1841 488 Δ
1867 425 2270 495 quodammodo
2309 440 2398 481 res
2453 425 2620 495 digito
2662 426 3087 480 demonstratur.
3137 424 3268 480 Ecce
3321 445 3458 482 ﬂuitc

155 524 332 595 quis:
380 523 456 580 De
520 533 614 579 tuo
679 540 843 581 sensu
906 525 1170 596 loqueris.
1240 523 1508 580 Voremus
1566 530 1761 579 testem

159 615 368 682 Isaiam,
398 633 466 672 eo
501 627 746 688 tempore
777 634 884 688 quo
917 628 1236 689 peccaverat
1264 616 1421 685 Sion,
1458 625 1576 686 post
1625 615 1764 670 mul-

158 718 242 764 tas
269 710 528 776 visiones,
591 712 681 766 ubi
733 711 932 767 dicitur
965 731 978 766 :
1014 711 1152 766 visio
1206 721 1393 766 contra
1425 710 1710 764 ldumcam
1746 725 1760 762 :

158 805 294 860 visio
320 815 509 860 contra
534 806 691 860 Moab
723 823 735 858 :
767 806 902 860 visio
925 814 1115 860 contra
1144 805 1313 860 Edoni
1340 813 1394 859 et
1421 803 1560 858 filios
1587 803 1763 857 Amon

160 894 332 968 (Isai.
362 912 456 951 xm
481 913 591 967 aeq.
612 897 656 966 ),
691 897 745 953 in
777 895 965 951 ultimo
994 897 1209 966 ponitur
1238 914 1252 951 :
1288 896 1428 950 visio
1458 894 1610 952 vallis
1635 893 1765 950 Sion

164 985 328 1057 (Ibid.
357 990 515 1054 nn).
544 985 812 1054 Quoniam
854 989 1000 1042 enim
1031 986 1101 1041 de
1133 986 1254 1040 fidei
1305 985 1637 1040 sublimitate
1665 983 1763 1038 de-

161 1079 448 1134 scenderat
477 1099 490 1132 :
523 1089 808 1150 propterea
865 1079 934 1134 de
988 1089 1172 1133 monte
1206 1080 1260 1132 in
1293 1078 1487 1138 vallem
1531 1074 1760 1131 corruit.

163 1172 272 1226 Nos
299 1187 429 1241 ergo
459 1172 696 1242 primum
746 1170 1012 1241 fugiamus
1043 1170 1235 1224 vallem
1268 1169 1396 1224 Sion
1433 1185 1446 1221 :
1481 1167 1765 1224 veniamus

165 1266 234 1321 ad
268 1282 538 1336 campum,
569 1265 637 1320 de
667 1280 860 1336 campo
892 1265 1171 1322 veniamus
1201 1261 1266 1316 ad
1298 1261 1471 1316 colles
1506 1277 1519 1314 :
1556 1259 1625 1314 de
1654 1258 1768 1313 col-

167 1357 306 1413 libus
333 1362 617 1412 veniamus
669 1356 734 1410 ad
782 1368 1014 1410 montes.
1061 1353 1334 1409 Christum
1366 1367 1662 1423 sequamur
1711 1351 1764 1406 in

168 1450 468 1504 antibus.
503 1449 784 1520 Siquidem
839 1447 1108 1504 fratruelis
1137 1458 1322 1506 noster
1359 1447 1512 1517 quasi
1542 1459 1760 1515 caprea,

165 1550 223 1597 et
271 1540 522 1596 hinnulus
571 1556 859 1596 cervorum
912 1539 1146 1594 transilit
1193 1539 1384 1604 colles,
1417 1546 1472 1592 et
1515 1536 1641 1591 salit
1670 1550 1768 1604 per

169 1642 380 1690 montes
412 1631 565 1704 (Coa.
594 1633 676 1702 ιι).
723 1632 875 1689 Unde
905 1641 960 1687 et
985 1631 1285 1686 secundum
1341 1643 1600 1684 ascensus
1627 1627 1768 1682 veri-

169 1736 355 1791 tatem,
405 1743 512 1782 non
550 1727 794 1782 ascendit
840 1726 890 1780 in
923 1727 1120 1781 ctelum
1151 1735 1272 1794 post
1311 1721 1764 1778 resurrectionem

1863 518 2145 573 benedicite
2176 517 2418 574 Domino.
2466 519 2570 587 Qui
2618 520 2923 575 benedieite
2976 521 3239 576 Domino?
3274 522 3462 577 Onmes

1862 612 1993 666 servi
2025 609 2238 666 Domini
2267 628 2286 665 :
2312 611 2403 681 qui
2436 627 2543 666 non
2577 611 2712 667 estis
2739 611 2885 666 servi
2928 615 3158 682 peccati,
3188 615 3286 668 sed
3318 614 3462 669 servi

1867 701 2098 756 Domini.
2133 702 2392 758 Putamus
2438 717 2629 773 parum
2678 719 2800 758 esse
2852 706 2994 774 quod
3037 704 3280 760 dicitur:
3319 707 3462 778 Ergo

1864 809 2056 850 servus
2087 794 2293 867 Domini
2333 796 2491 850 sunt?
2517 794 2740 850 Summa
2787 799 2960 850 virtus
2990 805 3074 852 est
3103 797 3207 852 hoc
3237 800 3462 855 mereri.

1865 889 2190 957 Quomodo?
2237 890 2402 956 Quasi
2447 891 2768 961 dignitatem
2819 892 3086 961 vindicat,
3136 895 3225 963 qui
3282 893 3459 950 dicit:

1867 981 2010 1052 Ergo
2039 998 2231 1038 servus
2264 985 2614 1054 imperatoris
2640 1001 2783 1051 sum,
2813 994 2870 1046 et
2897 1002 3060 1042 nemo
3103 988 3266 1044 audet
3310 1001 3466 1045 acce-

1867 1073 2002 1128 dere
2023 1075 2091 1128 ad
2123 1089 2345 1131 servum
2371 1079 2721 1147 imperatoris
2751 1097 2766 1134 :
2801 1079 2878 1135 sic
2902 1080 3111 1136 infinita
3141 1081 3377 1155 dignitas
3403 1101 3464 1141 se

1865 1167 2050 1223 dicere
2092 1183 2219 1224 esse
2257 1185 2472 1225 servum
2522 1173 2759 1228 Domini.
2802 1172 2960 1230 Unde
2989 1183 3042 1229 et
3074 1177 3368 1246 Apostolus
3399 1178 3466 1233 de

1867 1261 2130 1314 servitute
2177 1260 2390 1316 Domini
2436 1263 2723 1332 gloriatur,
2756 1273 2810 1318 et
2859 1266 3048 1321 scribit
3099 1270 3152 1321 in
3198 1270 3467 1339 principio

1873 1351 2236 1420 Epistolarum
2287 1369 2506 1410 suorum
2543 1374 2555 1410 :
2589 1356 2787 1411 Paulus
2827 1373 3018 1414 servus
3048 1359 3266 1415 Christi.
3306 1363 3371 1417 Et
3400 1365 3470 1420 de

1869 1441 2053 1514 Iloyse
2078 1444 2279 1499 dicitur
2305 1462 2319 1501 :
2353 1446 2422 1501 Et
2450 1463 2554 1501 non
2587 1449 2727 1504 sicut
2763 1450 2978 1520 Moyses
3007 1452 3242 1508 famulus
3270 1470 3421 1510 meus
3453 1473 3467 1510 :

1868 1534 1954 1589 eui
1983 1534 2194 1591 locutus
2221 1553 2339 1592 smn
2371 1540 2508 1594 facio
2535 1539 2601 1594 ad
2632 1540 2824 1596 faciem
2871 1541 3071 1613 (Exod.
3118 1545 3331 1618 xum).
3375 1547 3469 1602 Vi-

1868 1624 1994 1682 dete
2031 1627 2158 1696 quid
2191 1629 2335 1683 dicat
2365 1646 2378 1684 :
2412 1632 2640 1686 Cameris
2675 1633 2887 1690 locutus
2919 1650 3038 1690 sum
3094 1639 3146 1691 in
3182 1641 3388 1696 visione
3418 1648 3475 1696 et

1872 1718 1924 1771 in
1953 1720 2246 1788 aenigmate
2282 1740 2293 1774 :
2331 1722 2424 1777 sed
2458 1739 2565 1776 non
2595 1724 2739 1778 sicut
2773 1725 2941 1796 Moysi
2971 1728 3172 1783 famulo
3211 1746 3354 1792 meo.
3387 1733 3473 1787 cui

169 1819 238 1875 de
267 1819 426 1883 valle,
456 1819 552 1874 sed
573 1819 642 1873 de
663 1828 865 1873 mente.
896 1817 999 1872 Nos
1029 1819 1129 1872 nisi
1159 1818 1209 1871 in
1235 1817 1526 1871 virtutibus
1551 1823 1763 1868 montes
1797 1812 1844 1871 Β
1870 1810 2081 1867 locutus
2112 1829 2231 1868 sum
2285 1815 2421 1871 faeie
2475 1818 2540 1871 ad
2594 1817 2784 1873 faciem
2837 1819 3024 1889 (Hebr.
3061 1825 3166 1894 ιιι).
3202 1825 3474 1883 Pouamus

172 1910 457 1976 fuerimus,
489 1912 557 1966 ad
599 1911 795 1966 cmlum
828 1925 932 1966 non
969 1926 1256 1980 possumus
1293 1909 1609 1964 ascendere.
1657 1907 1774 1962 Illic

169 2005 346 2067 enim,
383 2003 486 2058 hoc
513 2013 620 2068 est,
670 2004 726 2058 in
783 2004 1052 2058 montibus
1080 2002 1206 2058 Sion
1228 2046 1242 2068 ,
1289 2002 1342 2056 in
1375 2000 1686 2065 virtutibus,
1719 2000 1772 2053 in

177 2096 308 2162 fide,
338 2097 392 2151 in
423 2097 802 2162 confessioiie,
836 2095 892 2151 in
923 2096 1237 2166 dogmatuin
1267 2093 1518 2156 veritate,
1552 2093 1664 2148 illic
1690 2100 1774 2147 est

179 2189 510 2248 benedictio.

247 2281 315 2338 Et
345 2284 498 2338 vitam
525 2299 682 2352 usque
727 2284 782 2337 in
823 2292 1094 2338 atomum.
1133 2280 1250 2338 Vita
1280 2289 1492 2341 nostra.
1520 2276 1775 2335 Christus

174 2389 281 2434 est.
311 2378 412 2446 Qui
444 2380 736 2433 confitetur
774 2374 1074 2443 Christum,
1111 2375 1274 2430 vitam
1309 2372 1542 2442 accipiet
1574 2372 1629 2426 in
1675 2385 1778 2426 sae-

174 2470 294 2526 cula
329 2469 676 2524 saeculorum.
713 2453 907 2523 Ai‘ncn.

644 2558 966 2616 PSALMUS
1007 2559 1096 2614 CX
1111 2555 1299 2613 XXIII.

254 2651 387 2707 Ecce
414 2669 551 2708 nunc
579 2653 860 2708 benedicite
890 2650 1134 2716 Domino,
1169 2665 1345 2704 oritura
1380 2664 1512 2702 seret
1546 2645 1774 2701 Domini.

178 2745 467 2800 Extremus
492 2747 731 2816 psalmus
755 2746 948 2800 cantici
967 2744 1247 2814 graduum.
1277 2743 1490 2799 Primus
1511 2740 1778 2811 graduum

179 2841 418 2909 psalmus
431 2839 636 2896 fuerat:
659 2839 737 2893 Ad
760 2839 1045 2895 Dominum
1068 2855 1189 2892 cum
1213 2836 1500 2892 tribularer
1523 2835 1773 2904 clamavi,

185 2945 236 2989 et
258 2933 529 2988 exaudivit
552 2949 659 2997 me;
679 2934 732 2986 in
748 2931 988 2988 secundo
999 2932 1391 2986 conscenderet
1412 2947 1422 2981 :
1443 2928 1780 2984 Levaviocu-

186 3028 269 3084 los
299 3042 447 3083 meos
472 3029 526 3080 in
556 3037 790 3082 montes.
808 3025 865 3082 in
883 3027 1075 3081 tertio:
1096 3023 1462 3079 Lmtatussnm
1481 3023 1534 3077 in
1559 3021 1642 3076 his
1660 3036 1780 3090 qua

178 3121 318 3176 dicta
343 3131 470 3176 sunt
491 3119 655 3186 mihi;
691 3119 743 3174 in
764 3128 987 3188 quarto:
1011 3117 1088 3172 Ad
1114 3127 1164 3173 te
1184 3114 1359 3173 levavi
1382 3117 1571 3170 oculos
1602 3127 1775 3180 meos,

182 3215 276 3286 qui
300 3213 513 3268 habitas
536 3212 761 3268 increta.
785 3211 972 3267 Videte
988 3210 1256 3280 quomodo
1271 3205 1786 3279 paulatimascendit
1811 3198 1856 3261 C

191 3323 289 3376 per
317 3305 542 3377 gradus,
568 3315 623 3360 et
652 3305 718 3359 ad
747 3304 1067 3359 sublimiora
1099 3302 1369 3372 pervenit.
1405 3298 1651 3367 Longum
1676 3305 1779 3364 est,

180 3400 229 3455 si
255 3400 487 3454 velimus
517 3399 856 3470 singulorum
905 3397 1237 3467 psalmorum
1288 3395 1478 3448 horum
1519 3391 1784 3462 graduum

184 3495 448 3566 principia
493 3494 704 3549 dicere.
742 3493 900 3548 Venit
943 3491 1010 3548 ad
1059 3491 1278 3546 tertium
1321 3487 1593 3554 decimum
1639 3484 1785 3553 psal-

183 3605 356 3652 mum,
391 3589 560 3644 immo
593 3589 741 3644 venit
769 3588 835 3642 ad
867 3586 1272 3648 duodecimum,
1311 3593 1368 3638 et
1416 3589 1538 3652 post
1565 3592 1786 3636 omnem

186 3683 468 3748 virtutem,
513 3680 878 3738 humilitatem
919 3679 1119 3751 posuit.
1165 3678 1389 3736 Frustra
1421 3677 1567 3732 enim
1617 3673 1788 3730 hahe-

183 3792 304 3832 mus
346 3778 600 3841 virtutes,
649 3775 697 3832 si
743 3792 851 3830 non
887 3776 1018 3843 ipsa:
1051 3773 1280 3828 virtutes
1331 3770 1638 3826 humilitate
1677 3767 1786 3822 Do-

183 3869 316 3926 mini
347 3878 704 3925 coronentur.
735 3867 876 3935 Quid
907 3869 1052 3922 eoim
1085 3865 1255 3921 dixit?
1284 3864 1530 3927 Domine,
1568 3876 1678 3917 non
1705 3869 1792 3916 est

185 3965 484 4020 exaltatum
518 3979 616 4018 cor
645 3979 826 4018 meum
862 3981 874 4017 :
920 3976 1096 4032 neque
1128 3960 1255 4015 elati
1305 3966 1432 4012 sunt
1469 3955 1611 4012 oeuli
1662 3955 1790 4008 mei.

184 4054 452 4122 Quoniam
494 4070 628 4125 ergo
684 4053 942 4110 humilem
995 4067 1056 4107 se
1113 4054 1546 4116 monstraverat,
1588 4045 1791 4100 Christi

184 4149 479 4204 adventum
505 4148 761 4218 postulat.
789 4148 854 4202 Et
874 4147 999 4218 quid
1033 4144 1199 4200 dicit?
1225 4143 1521 4207 Memento,
1543 4141 1796 4206 Domine,

184 4241 357 4296 David
379 4250 437 4296 et
460 4241 640 4295 omnis
661 4239 1097 4296 mansuetudinis
1116 4237 1256 4308 ejus.
1284 4238 1352 4291 Et
1372 4250 1586 4290 rursum
1611 4235 1664 4289 in
1692 4233 1800 4289 alio

185 4335 309 4389 loco
325 4353 338 4388 :
354 4333 582 4403 Propter
610 4335 777 4389 David
801 4348 1015 4389 seri-um
1042 4341 1214 4398 tuum,
1234 4346 1340 4386 non
1364 4338 1580 4385 avertas
1607 4329 1799 4384 faciem

183 4426 389 4483 Christi
419 4427 495 4482 tui
518 4427 690 4498 (Pani.
727 4425 939 4496 cxxu).
971 4424 1237 4494 Quoniam
1261 4423 1470 4491 accepit
1499 4419 1796 4488 Christum,

183 4528 312 4590 post
331 4518 492 4574 fidem
516 4518 716 4574 Christi
737 4517 1040 4574 Ecclesiam
1065 4523 1381 4586 congregat.
1402 4513 1470 4568 Et
1486 4512 1614 4584 quid
1635 4511 1801 4567 dicit?

1876 1906 2183 1975 exemplum
2225 1926 2236 1960 :
2286 1907 2540 1963 Dicamus
2585 1925 2705 1966 esse
2734 1913 2968 1981 aliquem
3007 1913 3283 1970 dominum
3315 1918 3475 1972 ditis-

1876 1997 2092 2053 simum.
2141 1999 2248 2056 iste
2279 2000 2454 2088 habet,
2491 2001 2752 2058 familiam
2790 2022 2803 2058 :
2835 2005 3000 2060 habet
3045 2017 3096 2060 et
3144 2022 3337 2064 servos
3382 2011 3474 2078 qui
3561 2011 3568 2015 ’

1877 2091 1980 2146 sibi
2029 2093 2358 2150 ministrent.
2389 2094 2656 2165 Numquid
2710 2107 2910 2152 tantum
2967 2099 3169 2154 habent
3223 2101 3472 2156 fiduciam

1877 2187 2021 2240 servi
2051 2187 2142 2255 qui
2178 2187 2228 2238 in
2263 2186 2405 2246 villis
2455 2197 2626 2242 sunt:
2672 2201 2926 2258 quautam
2977 2192 3051 2245 illi
3097 2192 3188 2260 qui
3235 2194 3476 2261 quotidie

1879 2278 2222 2334 ministrant?
2246 2280 2359 2334 Illis
2386 2295 2578 2352 magna
2613 2281 2856 2351 dignitas
2885 2293 2991 2349 est,
3025 2287 3114 2354 qui
3165 2288 3360 2341 faciem
3392 2288 3475 2342 vi-

1877 2369 2008 2426 dent
2038 2371 2266 2438 domini,
2291 2382 2348 2435 et
2375 2375 2686 2430 ministrant
2717 2377 2789 2430 ei.
2841 2377 3079 2447 Denique
3101 2382 3285 2435 caeteri
3310 2383 3474 2449 servi,

1879 2467 1968 2536 qui
2013 2465 2207 2522 faciem
2255 2485 2364 2524 non
2398 2469 2583 2525 vident
2609 2471 2817 2526 domini
2841 2473 2949 2539 sui,
2994 2475 3037 2527 si
3073 2476 3346 2530 voluerint
3384 2479 3478 2530 ali-

1879 2562 2004 2632 quid
2035 2563 2350 2632 impetrare,
2383 2580 2678 2620 conservos
2708 2575 2924 2636 petunt.
2968 2568 3080 2624 lioe
3113 2579 3285 2625 totum
3316 2587 3485 2641 quare

1879 2651 2030 2706 dixi?
2072 2653 2339 2709 Dominus
2367 2665 2558 2711 noster
2586 2657 2747 2712 .Iesus
2777 2659 2941 2714 habet
2987 2673 3044 2716 et
3094 2662 3212 2731 ipse
3259 2665 3482 2720 multam

1885 2744 2141 2801 familiam
2170 2763 2186 2800 ι
2220 2748 2387 2804 habet
2414 2751 2568 2819 quasi
2595 2750 2660 2804 ad
2694 2751 2889 2805 faciem
2917 2770 3094 2820 suam,
3127 2757 3216 2825 qui
3249 2756 3350 2810 sibi
3385 2758 3486 2811 mi-

1883 2842 2154 2896 nistrant:
2199 2841 2360 2896 habet
2393 2843 2530 2897 alios
2554 2844 2607 2897 iu
2639 2845 2806 2912 agris.
2834 2846 3126 2902 Monachus
3157 2859 3210 2904 et
3248 2850 3484 2919 virgines

1883 2949 1984 3005 ego
2016 2946 2144 3004 puto
2173 2934 2298 2989 illos
2324 2950 2467 3000 esse,
2500 2935 2591 3003 qui
2613 2937 2681 2989 ad
2708 2938 2899 2992 faciem
2923 2939 3235 2994 ministrant
3263 2942 3485 2996 domino

1882 3043 1985 3083 suo
2015 3046 2030 3085 :
2059 3027 2355 3082 amculares
2384 3037 2591 3093 autem,
2643 3030 2735 3098 qui
2767 3041 2894 3084 sunt
2920 3032 3074 3099 quasi
3121 3033 3172 3092 in
3216 3051 3366 3103 agro,
3416 3037 3486 3092 de

1887 3121 2088 3176 familia
2118 3136 2233 3176 sua.
2265 3121 2504 3191 Denique
2536 3122 2614 3176 illi
2643 3124 2732 3192 qui
2778 3134 2903 3177 sunt
2945 3124 2999 3178 in
3029 3125 3191 3194 agris,
3223 3127 3357 3182 istos
3391 3144 3459 3196 po

1889 3213 2095 3268 stulant
2123 3224 2179 3267 ut
2214 3223 2404 3283 rogent
2427 3212 2730 3279 dominum,
2760 3214 2804 3268 si
2835 3215 2964 3285 quid
2991 3217 3365 3272 necessarium
3400 3218 3467 3272 ha

1888 3307 2035 3361 bent.
2061 3306 2332 3372 Quantam
2367 3303 2568 3362 habent
2599 3321 2730 3376 ergo
2761 3305 3101 3376 dignitatem,
3127 3309 3217 3378 qui
3246 3309 3488 3376 qutitidic

1887 3398 2079 3454 vident
2127 3398 2322 3454 faciem
2351 3399 2603 3456 domini;
2639 3409 2840 3454 tantam
2887 3399 3088 3456 habent
3126 3417 3367 3472 ponam,
3397 3403 3490 3473 qui

1889 3491 2164 3561 negligunt
2217 3491 2578 3545 ministerium
2634 3490 2862 3546 domini.
2917 3493 3106 3548 Solent
3163 3495 3310 3550 enim
3360 3495 3491 3550 mali

1887 3585 2056 3650 servi,
2087 3584 2303 3654 quando
2324 3594 2451 3638 sunt
2481 3586 2534 3638 in
2563 3585 2728 3656 agris,
2758 3587 2931 3656 magis
2959 3587 3154 3643 timere
3174 3589 3486 3645 dominum:

1891 3677 2017 3744 quia
2051 3692 2156 3729 non
2190 3675 2399 3732 vident.
2421 3676 2478 3731 Si
2509 3687 2687 3732 autem
2718 3678 2963 3747 quotidie
2990 3681 3256 3750 cmperint
3279 3680 3520 3751 videre,

1892 3778 2271 3839 contemnunt,
2300 3779 2355 3824 et
2385 3770 2726 3824 familiaritas
2765 3771 3079 3840 superbiam
3114 3773 3256 3826 facit.
3296 3773 3363 3827 Et
3392 3789 3491 3830 nos

1894 3864 2060 3935 igitur
2113 3880 2223 3919 non
2272 3864 2534 3919 debemus
2579 3864 2648 3919 de
2699 3865 3095 3922 consuetudine
3139 3877 3494 3925 contemnere

1896 3958 2191 4014 bonitatem
2246 3958 2338 4013 Dei
2396 3958 2590 4012 nostri.
2636 3958 2947 4014 Benedicite
2999 3975 3131 4031 ergo
3179 3962 3492 4028 Dominum,

1898 4066 2088 4108 omnes
2135 4052 2276 4106 servi
2311 4051 2561 4110 Domini:
2591 4052 2715 4121 quia
2761 4067 2869 4108 non
2912 4055 3047 4109 estis
3086 4056 3231 4110 servi
3264 4059 3496 4127 peccati,

1899 4142 1997 4198 sed
2055 4142 2201 4198 servi
2249 4143 2481 4197 Domini.
2519 4142 2705 4198 Omnes
2753 4145 2885 4198 servi
2934 4143 3161 4209 Domini,
3195 4151 3285 4217 qui
3315 4149 3498 4204 solum

1902 4237 2188 4292 Dominum
2215 4237 2424 4293 habetis
2448 4237 2640 4292 Deum.
2668 4238 2857 4292 Omnes
2889 4241 3022 4293 servi
3048 4240 3276 4305 Domini,
3305 4229 3530 4313 quibus.

1901 4329 1983 4384 ira
2016 4344 2126 4384 non
2170 4330 2403 4399 imperat
2436 4347 2449 4383 :
2484 4329 2537 4384 in
2567 4329 2764 4399 quibus
2809 4330 2980 4387 libido
3023 4347 3134 4387 non
3185 4344 3418 4404 regnat:
3447 4334 3500 4391 in

1902 4423 2102 4494 quibus
2130 4423 2235 4477 alia
2262 4433 2478 4492 peccata
2512 4438 2616 4478 non
2651 4435 2882 4494 regnant
2918 4441 2930 4478 :
2963 4426 3160 4496 quibus
3191 4443 3297 4482 non
3328 4428 3504 4484 domi-

1910 4525 2108 4570 nantur
2135 4515 2286 4580 vitia,
2319 4513 2401 4568 illi
2423 4515 2772 4569 dominantur
2800 4531 2829 4568 a
2864 4517 3114 4572 Domino.
3151 4518 3344 4574 Omnes
3373 4522 3507 4575 serui

186 4582 337 4679 liceo
355 4639 514 4694 quam
535 4625 820 4684 bonum,et
836 4582 1330 4691 quamjucundum,
1350 4582 1596 4670 habitare
1609 4612 1806 4668 fratres
1835 4582 1884 4642 θ
1915 4605 2143 4659 Domini.
2173 4604 2401 4660 Videtur
2428 4605 2712 4673 hucusque
2737 4607 2977 4662 stetisse.
3005 4607 3111 4662 Sed
3158 4611 3336 4664 videte
3374 4627 3506 4681 aug-

186 4719 244 4772 in
271 4733 462 4774 unum.
487 4715 733 4772 Ecclesia
759 4715 972 4770 Domini
1000 4722 1326 4784 congregata
1347 4719 1446 4764 est.
1471 4707 1806 4762 Novissimus

193 4819 444 4889 psalmus
495 4817 626 4888 quid
657 4817 828 4872 dicit?
854 4815 991 4870 Ecce
1015 4831 1152 4868 nunc
1197 4811 1476 4867 trencdicite
1505 4809 1804 4873 Dominum,

184 4937 368 4975 omnes
398 4922 534 4973 servi
565 4917 801 4974 Domini.
833 4919 1102 4986 Quoniam
1141 4916 1343 4970 bonmn
1387 4922 1491 4981 est,
1526 4923 1576 4967 et
1606 4911 1805 4983 jucun-

183 5021 317 5077 dum
351 5020 600 5076 habitare
629 5019 824 5074 fratres
851 5019 908 5073 in
942 5032 1132 5084 unum,
1175 5025 1231 5071 et
1261 5017 1394 5069 eStis
1439 5015 1643 5083 pariter
1671 5027 1802 5067 con-

181 5126 396 5197 gregati
438 5143 449 5176 :
487 5124 619 5178 Ecce
651 5141 788 5178 nunc
820 5122 1100 5178 benedicile
1131 5120 1428 5174 Dominum.
1462 5116 1514 5170 Ν
1524 5133 1620 5170 nuc
1648 5117 1801 5170 bene-

185 5227 353 5280 dicite
385 5225 690 5292 Dominum,
726 5235 845 5295 post
897 5223 1185 5279 adventum
1228 5221 1432 5276 Christi
1469 5238 1480 5274 :
1518 5221 1639 5291 quia
1671 5235 1802 5273 con-

184 5326 558 5398 gregatiestis
604 5326 655 5380 in
707 5340 792 5380 en.
846 5323 1000 5378 Nunc
1027 5321 1336 5379 benedicite
1365 5320 1420 5375 in
1461 5321 1650 5374 ultimo
1679 5334 1803 5388 gra—

185 5429 356 5492 duum
401 5429 618 5502 psalmo
643 5427 820 5503 :Mquia
854 5427 906 5483 in
939 5425 1255 5481 summitate
1287 5425 1547 5480 virtutum
1577 5435 1805 5491 congre-

185 5531 300 5604 gati
325 5531 489 5590 estis.
543 5530 852 5599 Antequam
894 5543 1024 5598 ergo
1070 5525 1432 5598 perveneritis
1459 5523 1526 5582 ad.
1558 5523 1802 5599 quintum

187 5633 471 5696 decimum
523 5630 822 5703 graduum,
871 5630 974 5691 hoc
1005 5638 1109 5695 est,
1140 5627 1208 5686 ad
1240 5628 1539 5690 excelsum,
1572 5638 1680 5680 non
1711 5638 1806 5693 po.

179 5741 381 5798 teratis
428 5733 771 5794 benedicere
816 5732 1064 5793 Domino.
1100 5729 1246 5800 Ergo
1272 5740 1416 5785 nuuc
1450 5724 1573 5785 dico
1601 5722 1761 5784 vobis
1792 5737 1808 5777 :

170 5837 318 5899 Ecce
345 5854 496 5898 ιιιιιισ
525 5832 815 5892 benedici“
847 5830 1092 5888 Domino.
1141 5827 1372 5898 Quando
1393 5825 1616 5893 dicitur,
1645 5839 1763 5880 ecce
1792 5836 1810 5876 :

1910 4711 2173 4755 mentum.
2199 4698 2315 4753 Non
2348 4697 2553 4751 sufficit
2575 4697 2751 4752 solum
2775 4713 2967 4752 servos
2992 4715 3114 4754 esse
3141 4702 3376 4766 Domini,
3401 4704 3505 4758 nisi

1910 4802 1966 4847 et
1992 4792 2094 4860 ipsi
2127 4790 2270 4846 servi
2294 4796 2456 4843 stent.
2489 4788 2596 4842 Alii
2629 4790 2776 4843 enim
2799 4799 2930 4846 sunt
2955 4790 3048 4860 qui
3077 4800 3260 4846 stant:
3292 4792 3386 4846 alii
3411 4797 3505 4864 qui

1908 4884 2106 4944 cadunt
2145 4901 2160 4936 :
2194 4883 2284 4937 alii
2316 4881 2410 4953 qui
2437 4881 2674 4936 sedent:
2717 4881 2807 4936 alii
2853 4883 2943 4952 qui
2990 4883 3193 4952 jacent.
3229 4885 3370 4953 Ergo
3412 4888 3507 4953 qui

1908 4975 2138 5038 cadunt,
2168 4974 2260 5044 qui
2288 4974 2503 5039 sedent,
2533 4974 2622 5042 qni
2652 4972 2858 5040 jacent,
2888 4972 2966 5027 illi
2992 4988 3100 5028 non
3131 4986 3356 5043 possunt
3387 4975 3507 5031 lau-

1911 5068 2042 5125 dare
2066 5066 2370 5123 Dominum.
2399 5066 2508 5122 Vos
2537 5065 2752 5122 laudate
2783 5066 2872 5136 qui
2904 5067 3086 5120 statis.
3111 5067 3220 5122 Sed
3241 5068 3386 5124 dicat
3413 5068 3513 5126 ali-

1911 5162 2074 5232 quis;
2120 5161 2280 5216 Stant
2327 5167 2386 5218 et
2429 5158 2545 5212 alii.
2600 5158 2779 5219 Multa:
2825 5167 2953 5214 sunt
2999 5159 3294 5218 Ecclesiae:
3329 5163 3512 5218 multa:

1912 5268 2038 5311 sunt
2067 5254 2544 5324 congregationes.
2579 5251 2683 5320 Qui
2739 5267 2868 5321 ergo
2912 5253 3092 5307 stant?
3121 5253 3306 5315 Ariani
3333 5255 3512 5314 stant?

1913 5346 2210 5406 Nominant
2235 5343 2512 5406 Christum
2541 5353 2596 5398 et
2629 5343 2978 5408 Eunomia-ni,
3011 5355 3064 5398 et
3095 5354 3311 5402 cetera:
3339 5344 3516 5402 luere.

1915 5455 2006 5500 ses
2031 5459 2042 5492 :
2071 5453 2202 5508 ergo
2240 5435 2424 5492 stant?
2454 5435 2532 5496 Ne
2580 5435 2859 5495 videretur
2888 5451 3019 5505 ergo
3051 5437 3156 5491 illis
3183 5437 3313 5497 dare
3341 5436 3514 5497 licen-

1916 5533 2047 5592 tiam
2080 5527 2337 5588 laudandi
2368 5527 2682 5594 Dominum,
2708 5526 2887 5587 videte
2916 5527 3046 5595 quid
3079 5527 3222 5584 dicat
3249 5547 3260 5581 :

1991 5623 2092 5689 Qui
2115 5621 2260 5680 statis
2289 5620 2342 5674 in
2365 5619 2517 5680 deum
2544 5618 2774 5686 Βοηιὶαἱ,
2808 5619 2859 5672 in
2890 5619 3044 5676 atriis
3069 5619 3253 5680 domus
3281 5619 3379 5678 οτι
3416 5638 3515 5678 no-

1853 5731 1856 5734 ·
1919 5717 2034 5771 stri.
2062 5713 2130 5772 Ut
2157 5710 2460 5773 secundum
2507 5710 2653 5782 quod
2705 5710 2782 5766 ait
2828 5708 3122 5780 Apostolus
3150 5711 3391 5781 :Donec,
3421 5714 3516 5770 iu—

1924 5811 2063 5882 quit,
2096 5807 2280 5875 venio,
2306 5813 2366 5868 ut
2396 5806 2540 5870 scias
2561 5802 2838 5876 quomodo
2861 5804 3118 5876 disponas
3145 5805 3366 5872 domum
3398 5807 3513 5875 Dei,
