3992 6338
558 307 699 370 ίεὲδ

1342 300 1689 363 APPENDIX
1727 299 1821 362 ΔΙ)
1860 297 2103 360 ΤΟΜυΜ
2143 298 2500 360 SEPTIMUM
2540 299 2598 359 S.
2642 297 3039 361 HIEBONYMI.

3713 298 3866 362 l9.”

551 435 674 490 qua:
718 428 805 474 est
857 418 1103 474 Ecclesia
1135 415 1181 487 (l
1213 416 1346 470 Tim.
1377 417 1484 488 ιιι).
1519 417 1764 472 Ecclesia
1812 431 1919 470 non
1972 416 2148 484 parie-
2178 417 2229 477 A
2264 415 2442 471 citur:
2481 414 2534 468 In
2566 429 2730 470 manu
2761 415 2993 485 lingum,
3028 424 3176 468 mors
3220 418 3275 468 et
3319 409 3464 468 vita?
3502 411 3700 468 Videte
3732 414 3870 484 quid

553 510 696 565 tibus
725 511 998 571 consistit,
1051 509 1146 563 sed
1179 509 1231 561 in
1264 509 1578 577 dogmatuni
1625 508 1876 564 veritate.
1911 507 2153 561 Ecclesia

553 600 628 658 ibi
654 613 736 657 est
766 601 855 656 ubi
887 599 1021 655 ﬁdes
1054 615 1185 655 vera
1217 609 1321 655 cst.
1356 602 1622 655 Ceterum
1653 609 1776 656 ante
1809 615 1979 655 annos
2001 601 2154 670 quiti-

551 693 728 750 decim
761 705 852 748 aut
881 693 1095 764 viginti,
1142 696 1603 764 parietesomnes
1646 694 1732 748 hic
1787 691 2151 749 Ecclesiarum

548 784 794 841 haeretici
823 785 1200 854 possidebant.
1241 788 1380 840 Ante
1409 785 1602 856 viginti
1633 785 1778 840 enim
1821 800 2012 847 annos,
2039 799 2154 838 om-

545 892 646 934 nes
677 878 950 933 Ecclesias
978 876 1078 932 has
1111 876 1355 933 lueretici
1379 876 1752 947 possidebant.
1788 875 2030 930 Ecclesia
2058 890 2150 929 au-

549 978 660 1028 tem
688 988 812 1026 vera
843 970 956 1026 illic
987 980 1128 1038 erat,
1160 971 1248 1025 ubi
1277 985 1404 1026 vera
1434 970 1568 1024 ﬁdes
1591 978 1727 1024 erat.
1763 969 1904 1038 Ergo
1933 981 2028 1020 vos
2054 968 2150 1021 bc-

547 1065 786 1121 nedicite
816 1064 1070 1130 Domino,
1097 1063 1188 1134 qui
1210 1063 1343 1119 estis
1360 1062 1504 1118 servi
1531 1061 1764 1116 Domini.
1783 1060 1900 1114 Non
1920 1069 2004 1114 est
2033 1059 2153 1129 pttl-

547 1157 677 1214 chra
699 1158 936 1213 laudatio
951 1158 1004 1212 in
1019 1172 1116 1212 ore
1138 1158 1438 1226 peccatoris
1454 1153 1626 1226 (Eccl.
1644 1152 1755 1225 xv).
1771 1152 1913 1224 Ergo
1928 1168 2024 1207 vos
2038 1153 2151 1207 lau-

556 1253 702 1321 date,
721 1254 809 1323 qui
824 1252 956 1306 estis
971 1252 1116 1306 servi
1135 1251 1369 1318 Domini,
1386 1250 1540 1320 etqui
1558 1249 1688 1303 estis
1715 1249 1883 1315 servi,
1902 1257 1956 1302 et
1970 1247 2144 1302 statis.

545 1349 646 1414 Qui
677 1347 870 1402 statis?
897 1347 1118 1412 Statuit,
1145 1344 1336 1413 inquit,
1371 1358 1535 1413 supra
1565 1351 1771 1412 petram
1801 1341 1967 1412 pedes
1999 1355 2149 1395 meos

545 1438 722 1511 (Paul.
759 1438 969 1509 xxxix).
1003 1436 1071 1492 Et
1113 1435 1179 1491 ad
1225 1437 1446 1508 Moysen
1482 1453 1493 1488 :
1521 1435 1602 1489 Tu
1641 1450 1774 1489 vero
1807 1433 1892 1488 hic
1921 1443 2005 1487 sta
2029 1448 2145 1488 me-

543 1547 664 1589 cum
695 1530 894 1604 (Exod.
920 1528 1138 1600 xxxnv).
1170 1529 1318 1584 Deus
1344 1529 1494 1584 stetit
1520 1529 1572 1582 in
1595 1542 1866 1599 synagoga
1893 1513 2143 1580 deorum.

543 1624 614 1681 Et
653 1625 743 1696 qui
769 1624 943 1690 statis,
968 1638 1075 1678 non
1111 1622 1485 1691 ubicumque:
1515 1618 1635 1686 sed,
1669 1621 1720 1672 in
1753 1618 1907 1671 domo
1930 1617 2049 1683 Dei,
2094 1617 2147 1670 in

541 1718 688 1771 atriis
734 1717 917 1770 domus
967 1714 1063 1769 Dei
1111 1713 1295 1768 nostri.
1343 1712 1402 1768 in
1451 1699 1732 1767 Hebraicis
1777 1710 2145 1766 voluminibus

2264 507 2452 561 dicat:
2500 508 2642 563 Deus
2691 522 2800 562 non
2851 506 3003 561 audit
3055 505 3316 575 linguam,
3365 521 3476 560 non
3525 505 3723 571 verba,
3767 505 3873 561 sed

2261 615 2467 670 opera:
2501 611 2559 655 ut
2606 615 2937 671 quicumque
2977 598 3184 670 aliquid
3234 599 3504 668 IOquitur,
3549 607 3607 653 et
3672 597 3870 653 faciat.

2257 695 2575 765 Prmcipitur
2628 710 2759 766 ergo
2810 695 2966 749 nobis
3013 694 3065 747 in
3109 695 3408 748 novissimo
3447 693 3668 763 psalmo
3734 706 3869 762 gra-

2255 790 2418 845 duum
2456 809 2466 842 :
2505 789 2568 843 In
2601 791 2835 843 noctibus
2867 786 3100 842 extollite
3130 804 3313 840 manus
3342 797 3540 842 vestras
3567 787 3623 839 in
3652 797 3866 841 sancta.

2256 882 2485 946 Levate,
2514 881 2712 951 inquit,
2749 894 2940 935 manus
2971 891 3182 934 ve5tras
3211 895 3226 934 :
3255 878 3379 948 quia
3411 878 3574 934 .lesus
3594 894 3691 933 eas
3716 878 3866 932 leva-

2255 976 2329 1029 vit
2355 978 2405 1028 in
2438 989 2626 1029 cruce.
2662 971 2726 1026 In
2774 973 3010 1026 noctibus
3053 972 3286 1026 extollite
3326 987 3514 1026 manus
3558 979 3764 1026 vestras
3810 973 3866 1025 in

2253 1076 2457 1121 sancta.
2490 1066 2670 1134 Quare
2715 1065 2887 1119 voluit
2918 1063 3125 1121 addere
3169 1074 3223 1121 et
3265 1064 3481 1133 dicere,
3525 1064 3579 1118 in
3626 1063 3863 1119 sancta?

2254 1159 2323 1214 Et
2349 1158 2594 1214 haeretici
2623 1157 2877 1212 videntur
2927 1157 3111 1212 levare
3143 1172 3366 1224 manus,
3409 1168 3466 1212 et
3503 1156 3748 1227 gentiles
3774 1157 3858 1210 vi-

2255 1250 2456 1306 dentur
2485 1251 2667 1305 levare
2696 1263 2909 1314 manus,
2941 1256 2988 1303 et
3040 1248 3218 1303 Judmi
3249 1248 3503 1303 videntur
3531 1248 3718 1304 levare
3745 1264 3856 1303 ma-

2251 1357 2354 1397 nus
2397 1359 2406 1394 :
2450 1342 2681 1396 Faciunt
2727 1342 2872 1396 enim
2911 1350 2970 1395 et
3016 1341 3115 1410 ipsi
3168 1340 3556 1412 eleemosynas
3584 1359 3596 1392 :
3625 1341 3670 1394 si
3702 1340 3857 1396 vide—

2253 1437 2364 1490 rint
2397 1450 2718 1504 pauperem,
2753 1450 2972 1489 nianum
3017 1433 3322 1504 porrigunt.
3366 1434 3602 1500 Quando
3630 1433 3852 1489 Judzrus

2251 1526 2464 1582 dederit
2493 1526 2919 1598 eleemosynam,
2939 1541 3118 1581 nonne
3153 1526 3251 1580 tibi
3282 1525 3504 1581 videtur
3532 1526 3720 1581 levare
3739 1541 3852 1580 ma-

2253 1620 2419 1674 num?
2449 1620 2618 1674 Levat
2646 1620 2863 1687 quidem
2895 1634 3141 1686 manum,
3174 1620 3269 1674 sed
3312 1635 3421 1676 non
3457 1620 3611 1676 levat
3639 1624 3694 1676 in
3725 1635 3851 1675 san-

2252 1722 2338 1767 cta
2369 1729 2383 1773 ;
2416 1713 2539 1782 quia
2569 1711 2844 1766 Christum
2897 1727 3004 1766 non
3054 1711 3363 1767 conﬁtetur.
3401 1712 3509 1767 Vos
3540 1723 3729 1768 autem
3758 1713 3848 1781 qui

542 1825 650 1866 non
709 1809 967 1876 habetur,
1011 1805 1106 1863 sed
1152 1808 1205 1861 in
1264 1804 1512 1876 sequenti
1566 1803 1778 1873 psalmo
1844 1812 1946 1858 est.
1999 1802 2145 1869 Quo-
2177 1794 2227 1854 B
2257 1807 2390 1860 estis
2425 1805 2479 1860 in
2508 1805 2671 1859 domo
2701 1805 2937 1872 Domini,
2991 1805 3082 1873 qui
3127 1805 3284 1860 statis
3313 1803 3368 1859 in
3400 1804 3568 1860 domo
3603 1805 3843 1872 Domini,

539 1905 702 1960 modo
731 1904 876 1958 enim
906 1902 1154 1973 sequitur
1185 1902 1238 1956 in
1273 1902 1390 1970 ipso
1424 1898 1669 1970 psalmo?
1695 1896 1928 1951 Laudate
1959 1912 2140 1950 nomen

539 1999 775 2069 Domini,
828 1998 1042 2052 laudate
1081 1996 1214 2052 servi
1264 1995 1566 2049 Dominum.
1603 1993 1705 2061 Qui
1732 1993 1878 2046 statis
1907 1993 1958 2045 in
1989 1993 2141 2044 domo

537 2088 774 2157 Domini,
826 2092 878 2144 in
929 2089 1077 2144 atriis
1126 2087 1310 2141 domus
1359 2086 1456 2139 Dei
1485 2085 1650 2139 nostri
1702 2083 1873 2154 (Psal.
1926 2080 2136 2154 LxxXI).

537 2183 805 2251 Quoniam
828 2195 959 2252 ergo
986 2181 1089 2236 iste
1113 2180 1352 2250 psalmus
1375 2178 1538 2233 habet
1569 2197 1583 2233 :
1619 2177 1722 2244 Qui
1743 2177 1889 2229 statis
1911 2176 1965 2229 in
1987 2176 2140 2228 domo

537 2273 774 2338 Domini,
803 2276 858 2327 in
889 2273 1038 2328 atriis
1065 2273 1249 2326 domus
1284 2270 1378 2324 Dei
1435 2269 1602 2323 nostri
1634 2284 1652 2323 :
1693 2267 1986 2337 Propterea
2017 2266 2137 2338 qui-

537 2365 663 2421 dam
693 2366 902 2436 putavit
945 2375 1001 2420 et
1044 2363 1100 2417 in
1153 2365 1274 2432 ipso
1320 2362 1530 2432 psalmo
1561 2361 1651 2430 qui
1684 2359 2004 2429 princeSsit:
2038 2359 2140 2423 Qui

534 2459 685 2514 statis
712 2460 765 2511 in
789 2457 941 2511 domo
973 2455 1184 2511 Domini
1215 2471 1234 2509 :
1273 2455 1475 2510 debere
1501 2453 1700 2508 addere
1731 2470 1743 2506 :
1776 2455 1829 2506 in
1867 2453 2015 2506 atriis
2045 2453 2134 2506 do-

535 2568 650 2606 nius
680 2550 774 2605 Dei
803 2551 988 2605 nostri.
1019 2548 1158 2616 Quid
1189 2556 1367 2602 autem
1396 2547 1684 2615 signiﬁcet,
1707 2547 1761 2600 in
1781 2546 1927 2600 atriis
1953 2546 2136 2600 domus

531 2643 633 2700 Dei
655 2645 842 2711 nostri,
873 2653 929 2700 et
955 2659 1075 2714 quas
1104 2643 1176 2698 sit
1205 2641 1514 2698 differentia
1537 2641 1733 2697 domus
1760 2650 1814 2696 et
1842 2640 2132 2709 atriorum,

533 2739 587 2794 in
616 2741 861 2809 sequenti
891 2737 1105 2808 psalmo
1126 2753 1250 2792 cum
1281 2737 1453 2791 lectus
1481 2733 1667 2801 fuerit,
1699 2734 2017 2790 disseretur.

608 2833 678 2888 In
705 2832 939 2888 noctibus
971 2832 1202 2887 extollite
1231 2847 1414 2884 manus
1443 2840 1634 2884 vestras
1663 2830 1719 2883 in
1747 2837 1950 2883 sancta.
1980 2827 2134 2883 Mun-

537 2927 639 2984 dus
669 2929 775 2982 iste
806 2929 856 2981 in
890 2926 1133 2996 maligno
1180 2925 1392 2994 positus
1441 2932 1524 2977 est
1564 2922 1609 2994 (l
1637 2921 1799 2977 Joan.
1823 2923 1902 2992 v),
1933 2932 1988 2978 et
2025 2939 2132 2977 non

527 3030 616 3079 est
639 3019 798 3076 nobis
824 3035 1000 3090 pugna
1025 3019 1290 3073 adversus
1315 3031 1534 3073 carnem
1565 3025 1622 3071 et
1651 3016 1992 3087 sanguinem,
2038 3016 2132 3070 sed

528 3114 789 3168 adversus
820 3123 1063 3166 rectores
1110 3110 1460 3164 tenebrarum
1510 3108 1733 3161 istarum
1777 3105 1999 3178 (Ep/tes.
2031 3107 2127 3176 vi).

2248 1900 2300 1953 in
2331 1899 2485 1953 atriis
2516 1898 2713 1953 domus
2757 1898 2848 1953 Dei
2881 1899 3051 1952 nostri
3087 1916 3097 1950 ε
3131 1898 3222 1968 qui
3255 1899 3389 1953 estis
3412 1899 3558 1954 servi
3592 1899 3846 1966 Domini,

2249 1991 2444 2061 quibus
2473 1990 2689 2045 dixerat
2721 2010 2731 2043 :
2767 1991 2908 2046 Ecce
2935 2005 3096 2061 quam
3126 1991 3328 2046 bonum
3360 2001 3414 2045 et
3447 2007 3614 2060 quam
3647 1992 3845 2062 quun-

2245 2085 2371 2140 dum
2405 2083 2652 2139 habitare
2684 2083 2888 2140 fratres
2933 2086 2986 2138 in
3039 2100 3206 2139 unum
3268 2083 3442 2157 (Paul.
3472 2087 3684 2157 cxxxu)
3721 2106 3734 2141 :
3769 2089 3843 2144 sic

2246 2177 2421 2232 levate
2450 2192 2665 2243 manus,
2697 2188 2754 2231 ut
2787 2178 2840 2232 in
2871 2187 3060 2231 sancto
3088 2178 3306 2244 levetis,
3341 2177 3445 2233 hoc
3482 2188 3589 2244 est,
3624 2188 3686 2234 ut
3713 2195 3844 2235 con-

2247 2271 2509 2326 ﬁteamini
2533 2269 2813 2326 Christum
2834 2315 2848 2340 ,
2885 2281 2940 2326 et
2965 2269 3223 2342 quidquid
3250 2270 3453 2339 facitis,
3487 2288 3590 2342 pro
3619 2272 3837 2328 Christo

2244 2361 2474 2416 faciatis.
2511 2360 2776 2427 Virtutes,
2811 2376 2909 2430 pro
2959 2360 3222 2432 qualitate
3262 2360 3552 2427 facientis,
3603 2363 3839 2419 diversa:

2243 2463 2390 2510 sunt.
2419 2453 2499 2509 Ac
2529 2455 2573 2508 si
2595 2453 2744 2509 dicat
2779 2471 2790 2506 :
2822 2452 2972 2508 Facit
3001 2453 3412 2525 eleemosynam
3441 2452 3791 2511 Christianus
3823 2474 3839 2513 :

2243 2546 2370 2601 facit
2401 2554 2455 2600 et
2483 2544 2727 2614 gentilis,
2752 2544 2882 2600 facit
2903 2555 2958 2600 et
2983 2546 3225 2608 Judteus,
3255 2545 3384 2600 facit
3423 2553 3480 2601 et
3509 2548 3648 2602 alius
3677 2547 3837 2602 Chri-

2243 2641 2451 2695 stianus
2492 2641 2574 2694 vir
2603 2648 2845 2694 sanctus.
2895 2638 3143 2694 Invenies
3165 2639 3380 2708 aliquos
3408 2639 3476 2694 de
3505 2638 3834 2694 Christianis

2239 2731 2366 2788 idco
2396 2732 2525 2786 dare
2554 2731 2986 2802 eleemosynam,
3011 2741 3065 2785 ut
3096 2731 3392 2786 laudentur
3431 2747 3462 2785 a
3510 2731 3750 2801 populis.
3775 2731 3832 2786 Si

2236 2826 2452 2897 quando
2477 2842 2681 2896 pauper
2705 2833 2860 2896 rogat
2877 2825 3198 2892 buccellam,
3217 2826 3319 2880 huc
3338 2826 3576 2898 illucque
3593 2828 3832 2882 circum-

2237 2918 2563 2988 Spiciunt,et
2593 2919 2693 2973 nisi
2719 2925 2913 2973 testem
2935 2917 3196 2983 viderint,
3226 2919 3507 2988 pecuniam
3541 2933 3650 2974 non
3676 2921 3824 2975 dant.

2238 3013 2292 3070 Si
2321 3013 2472 3068 solus
2494 3013 2675 3078 fuerit,
2701 3027 2891 3067 manus
2909 3013 3186 3068 contrahit
3210 3032 3222 3064 :
3245 3029 3356 3068 non
3381 3013 3475 3068 dat
3503 3013 3761 3069 lubenter.
3786 3013 3828 3070 0

2237 3115 2312 3168 tu,
2337 3103 2668 3172 Christiane,
2698 3115 2851 3175 rogat
2875 3114 2928 3160 te
2959 3119 3165 3175 pauper
3190 3113 3248 3159 ut
3278 3105 3374 3160 des
3417 3105 3469 3160 ei
3503 3107 3823 3176 pecuniam:

528 3205 682 3262 Unde
705 3205 908 3260 dicitet
929 3203 1222 3274 Apostolus
1254 3220 1268 3256 :
1300 3201 1420 3257 Nox
1452 3201 1734 3271 praeceSsit
1761 3217 1773 3253 :
1805 3200 1920 3255 dies
1947 3207 2126 3256 autem
2156 3181 2202 3246 C
2233 3213 2406 3269 quare
2431 3214 2536 3253 non
2565 3197 2664 3252 das
2685 3197 2739 3252 in
2778 3199 3015 3265 occulto,
3049 3197 3144 3255 sed
3176 3197 3276 3253 das
3307 3198 3360 3252 in
3387 3198 3650 3268 publico?
3672 3198 3730 3254 Si
3752 3209 3830 3255 ιε·

531 3299 993 3370 appropinquavit
1022 3296 1202 3367 (Rom.
1234 3293 1375 3366 xui).
1407 3294 1548 3364 Ergo
1577 3296 1679 3350 hoc
1707 3293 1986 3357 smculum,
2021 3308 2126 3347 nox

526 3403 631 3450 est.
662 3391 937 3448 Saeculum
968 3404 1100 3444 vero
1154 3387 1416 3451 futurum,
1447 3386 1568 3442 dies
1597 3395 1699 3441 est.
1733 3384 1888 3441 Unde
1915 3384 2045 3440 dicit
2074 3392 2129 3439 et

524 3483 820 3555 Apostolus
850 3500 865 3537 :
909 3481 1061 3536 Sicut
1089 3482 1141 3535 in
1170 3480 1280 3542 die,
1312 3479 1504 3549 inquit,
1539 3480 1764 3534 honeste
1787 3478 2148 3541 ambulemus,

526 3576 721 3649 (Ibid.)
751 3573 1036 3643 Quomodo
1065 3572 1260 3628 victuri
1294 3585 1480 3626 sumus
1535 3572 1587 3625 in
1641 3571 1753 3636 die,
1803 3571 1906 3626 hoc
1937 3580 2040 3635 est,
2071 3571 2124 3626 in

522 3670 706 3726 futuro
736 3666 936 3722 saeculo
967 3681 980 3719 :
1013 3665 1057 3720 si
1084 3679 1227 3719 nunc
1253 3664 1516 3717 vivamus.
1543 3660 1610 3715 In
1635 3663 1870 3716 noctibus
1898 3661 2128 3716 extollite

525 3777 710 3816 manus
739 3767 933 3814 vestras
960 3759 1015 3811 in
1036 3765 1234 3812 sancta.
1272 3754 1531 3819 Velitnus,
1555 3754 1810 3821 nolimus,
1852 3755 1906 3810 in
1950 3754 2118 3809 nocti-

523 3854 624 3909 bus
651 3868 861 3909 sumus.
889 3848 1160 3919 Quamdiu
1188 3849 1241 3904 in
1272 3848 1376 3904 isto
1399 3847 1597 3903 sacculo
1619 3862 1827 3915 sumus,
1871 3849 1923 3902 in
1953 3850 2126 3904 nocti-

523 3945 626 4000 bus
654 3959 865 4000 sumus.
894 3943 1008 3998 Nox
1045 3941 1300 3998 tenebras
1331 3940 1514 3995 habet.
1547 3939 1746 3996 Noctes
1769 3950 1946 3996 autem
1995 3941 2125 3996 ista-

525 4052 644 4092 rum
665 4035 1036 4097 tenebrarum,
1063 4044 1280 4103 peccata
1303 4043 1430 4088 sunt
1453 4032 1759 4087 hominum.
1779 4032 1971 4088 Videte
1993 4049 2122 4104 ergo

521 4125 651 4198 quid
665 4125 840 4181 dicat:
867 4123 933 4178 In
947 4125 1180 4177 noctibus
1193 4122 1423 4177 extollite
1441 4139 1620 4177 manus
1635 4133 1822 4178 vestras
1843 4125 1896 4176 in
1919 4134 2118 4178 sancta.

471 4216 496 4238 '
524 4220 685 4287 Dum,
712 4217 906 4288 inquit,
935 4214 1069 4271 eStis
1093 4216 1146 4270 in
1166 4214 1272 4269 isto
1293 4215 1514 4281 saiculo,
1538 4223 1591 4270 et
1615 4215 1668 4270 in
1699 4217 1817 4271 istis
1846 4217 2116 4285 noctibus,

526 4313 706 4368 levate
749 4324 940 4366 manus
966 4318 1195 4363 vestras.
1238 4307 1419 4363 Nolite
1459 4308 1766 4375 demittere,
1794 4309 1887 4364 sed
1919 4310 2114 4366 levate.

523 4406 730 4462 Levate
754 4418 877 4458 cum
898 4401 1081 4472 Moyse
1105 4399 1305 4472 (Exod.
1334 4403 1489 4471 χιιι).
1515 4401 1573 4456 Si
1592 4402 1904 4457 levaveritis
1929 4418 2118 4458 manus

521 4507 764 4564 vestras,
794 4495 1032 4550 vincitur
1061 4492 1305 4548 Amalec.
1338 4491 1399 4548 Si
1430 4501 1612 4548 autem
1643 4493 1990 4560 demiseritis,
2021 4511 2116 4551 su-

2235 3302 2372 3347 stcm
2400 3292 2568 3346 Deum
2595 3293 2797 3362 quieris
2833 3311 2844 3345 :
2881 3292 3147 3347 humanos
3175 3291 3366 3346 oculos
3391 3290 3521 3360 quid
3555 3291 3826 3364 requiris?

2233 3384 2593 3456 Eleemosyna
2615 3391 2704 3438 tua
2731 3384 2873 3456 apud
2903 3383 3188 3454 imperitos
3208 3382 3423 3438 videtur
3440 3399 3567 3440 esse
3587 3386 3803 3441 eleemo
3817 3413 3829 3425 ο

2229 3494 2364 3551 syna
2401 3498 2411 3532 :
2445 3489 2704 3538 ca‘terum
2754 3478 2897 3550 apud
2948 3478 3117 3534 Deum
3165 3478 3357 3548 injuria
3408 3488 3513 3534 est.
3564 3478 3824 3548 lnjuriam

2234 3574 2380 3629 enim
2403 3573 2538 3627 facis
2560 3572 2716 3627 fratri
2736 3572 2948 3628 tuo.Vis
2969 3572 3112 3628 enim
3129 3571 3442 3627 videntibus
3457 3571 3580 3625 aliis
3609 3572 3824 3628 mendi-

2230 3680 2352 3719 cum
2375 3663 2690 3720 ostendere.
2708 3663 2936 3732 Quando
2955 3679 3084 3735 ergo
3099 3663 3312 3730 damus,
3331 3678 3436 3718 non
3451 3663 3652 3720 demus
3668 3665 3823 3736 quasi

2228 3757 2298 3813 dc
2323 3766 2532 3820 nostro,
2561 3757 2654 3812 sed
2682 3756 2750 3812 de
2779 3755 2926 3811 dono
2954 3755 3180 3811 Christi.
3233 3756 3348 3811 Non
3397 3755 3664 3812 debemus
3689 3757 3823 3812 dare

2229 3850 2384 3920 quasi
2406 3848 2680 3916 mendico,
2705 3849 2800 3904 sed
2826 3849 2978 3918 quasi
3005 3847 3178 3903 fratri.
3204 3848 3311 3904 Nos
3329 3848 3524 3904 damus
3545 3851 3818 3911 carnalia;

2233 3943 2323 3997 ille
2353 3941 2770 4013 datspiritualia
2805 3959 2817 3994 :
2853 3941 2972 4010 plus
2999 3939 3091 3996 dat
3121 3956 3347 4012 pauper,
3385 3957 3550 4012 quam
3596 3943 3817 4010 accipit.

2225 4037 2338 4092 Nos
2359 4037 2555 4091 damus
2591 4051 2810 4107 panem,
2847 4035 2940 4104 qui
2971 4035 3025 4090 in
3059 4034 3173 4106 ipsa
3203 4034 3294 4090 die
3321 4036 3697 4099 consumitur;
3724 4036 3821 4092 ille

2224 4146 2322 4202 pro
2355 4145 2495 4201 pane
2542 4128 2737 4185 reddet
2790 4129 2950 4184 nobis
2999 4144 3163 4200 regna
3203 4129 3486 4185 caelorum.
3521 4128 3668 4200 Ergo
3710 4127 3818 4183 hoc

2222 4221 2380 4291 dico,
2415 4233 2473 4277 ut
2517 4222 2659 4294 quod
2708 4220 2974 4290 facimus,
3032 4221 3298 4278 faciamus
3349 4222 3402 4276 in
3455 4229 3648 4277 sancto
3681 4241 3694 4274 :
3725 4232 3818 4277 aut

2220 4316 2364 4387 quod
2417 4315 2675 4382 facimus,
2729 4314 2932 4371 Christi
2991 4330 3154 4370 causa
3203 4314 3484 4370 faciamus.
3539 4315 3814 4372 Caeterum

2220 4409 2373 4464 multi
2419 4409 2652 4479 gentiles
2677 4408 2769 4479 qui
2795 4409 2999 4463 faciunt
3025 4409 3451 4478 eleemosynam,
3488 4407 3534 4462 si
3575 4407 3816 4464 viderint

2218 4501 2450 4572 aliquem
2475 4501 2760 4570 prmcisam
2786 4517 3004 4556 manum
3031 4501 3233 4556 habere
3257 4518 3270 4555 :
3290 4501 3335 4554 si
3359 4499 3597 4556 viderint
3621 4500 3815 4569 pedem

522 4601 746 4664 peratur
778 4587 957 4644 Jesus.
992 4585 1273 4654 Simulque
1304 4583 1648 4641 considerate
1678 4588 2018 4656 mysterium.
2051 4587 2108 4644 Si
2137 4561 2192 4623 D
2217 4561 2422 4653 habere
2449 4611 2770 4653 cancrosum
2817 4605 2872 4652 et
2911 4594 3213 4666 putridum,
3244 4595 3426 4650 statim
3453 4594 3671 4650 animus
3701 4595 3813 4651 illis

518 4699 623 4741 nos
648 4683 888 4738 levamus
913 4693 1126 4742 manus,
1144 4676 1320 4733 vincit
1337 4677 1516 4734 Jesus.
1532 4679 1588 4734 Si
1609 4680 1967 4736 levaverimus
1997 4697 2110 4734 ma-

525 4794 629 4835 nus
645 4787 861 4834 nostras
888 4774 944 4830 in
967 4772 1124 4829 bonis
1147 4770 1538 4843 operibus,per
1563 4770 1704 4828 bona
1734 4787 1899 4842 Opera
1923 4788 2107 4830 nostra

519 4874 774 4932 Christus
793 4880 1018 4943 superat
1047 4868 1345 4925 diabolum.
1378 4867 1570 4924 Manus
1604 4877 1784 4924 autem
1831 4868 2104 4941 interpre-

515 4983 698 5029 tantur
747 4965 1140 5036 in-operibus.
1197 4962 1356 5020 Unde
1409 4962 1672 5018 scribitur
1718 4981 1730 5016 :
1777 4962 1978 5021 Factus
2021 4975 2107 5020 est

515 5080 701 5126 sermo
727 5062 946 5119 Domini
979 5061 1031 5116 in
1056 5074 1221 5116 manu
1251 5058 1437 5129 Λαεεεί
1473 5077 1482 5110 ;
1514 5057 1707 5113 Sermo
1737 5057 1914 5115 factus
1938 5069 2022 5115 est
2049 5059 2105 5115 in

513 5182 683 5226 manu
714 5164 968 5221 Jeremiae
1005 5160 1309 5232 prophetae.
1336 5158 1536 5229 Utique
1567 5173 1750 5214 sermo
1781 5158 1877 5214 Dei
1909 5173 2016 5214 non
2049 5158 2108 5213 ﬁt

508 5261 566 5318 in
603 5273 773 5315 manu
793 5298 810 5322 ,
842 5255 939 5310 sed
972 5255 1026 5309 in
1057 5269 1150 5310 ore
1173 5251 1251 5306 ﬁt.
1283 5250 1391 5307 Sed
1421 5249 1604 5306 videte
1645 5251 1941 5322 Scriptura:
1981 5267 2102 5323 my-

509 5351 676 5408 steria
715 5347 900 5404 :Deus
942 5361 1050 5400 non
1098 5344 1247 5400 venit
1293 5343 1360 5397 ad
1405 5357 1719 5398 sermonem
1770 5343 1890 5398 sine
1934 5357 2100 5415 opere

509 5445 677 5501 bono.
709 5440 982 5497 Cancrum
1032 5448 1086 5494 et
1141 5435 1418 5492 homicida
1469 5433 1747 5491 Christum
1788 5429 2098 5503 confitetur,

506 5547 564 5596 et
595 5553 704 5594 non
727 5535 882 5591 venit
911 5535 980 5588 ad
1013 5531 1163 5586 illum
1194 5531 1461 5587 Dominus
1490 5548 1501 5582 :
1534 5531 1660 5601 quia
1704 5545 1897 5586 manus
1931 5532 2101 5601 ipsius

508 5631 724 5688 Domini
761 5629 1056 5685 adventum
1087 5641 1197 5682 non
1220 5631 1521 5681 merentur.
1555 5623 1710 5681 Unde
1736 5627 1997 5696 scriptum
2018 5634 2101 5681 est

507 5725 560 5779 in
597 5722 706 5776 alio
734 5721 856 5776 loco
884 5738 894 5770 :
927 5717 984 5772 In
1030 5733 1196 5772 manu
1228 5715 1458 5786 linguae,
1490 5731 1640 5772 mors
1675 5724 1730 5772 et
1767 5717 1872 5771 vita
1914 5715 2094 5786 (Prov.

509 5815 692 5883 xvttt).
725 5815 866 5885 Ergo
900 5813 1085 5882 lingua
1122 5823 1317 5867 manus
1363 5808 1561 5865 habet?
1596 5808 1793 5877 Dicite,
1825 5823 1994 5879 quare
2013 5809 2096 5866 di-

2215 4691 2387 4746 dolet.
2404 4690 2654 4746 Vincitur
2676 4691 2911 4745 humana
2934 4688 3116 4744 anima
3142 4689 3373 4743 naturali
3394 4687 3809 4744 misericordia.

2215 4783 2284 4838 Et
2323 4782 2450 4853 quid
2505 4781 2669 4836 dicit?
2701 4781 2843 4837 Ecce
2882 4797 2982 4852 ego
3010 4781 3057 4836 si
3091 4780 3212 4836 talis
3240 4795 3440 4848 essem,
3475 4781 3608 4850 quid
3636 4781 3812 4838 miser

2213 4875 2490 4932 facerem?
2516 4874 2584 4930 Et
2613 4875 2732 4931 ﬁeri
2770 4883 2952 4947 potest
2979 4885 3035 4930 ut
3063 4876 3189 4930 talis
3221 4875 3324 4930 sim
3345 4916 3360 4938 .
3393 4875 3517 4945 quis
3550 4874 3682 4930 mihi
3709 4876 3812 4932 da-

2218 4971 2333 5025 bit?
2367 4971 2434 5026 Et
2465 4985 2567 5042 ego
2608 4969 2780 5026 debeo
2811 4985 2943 5041 ergo
2968 4969 3093 5025 huic
3124 4970 3256 5026 dare
3287 4989 3301 5025 :
3339 4978 3399 5025 ut
3442 4979 3499 5025 et
3545 4969 3680 5026 mihi
3711 4970 3813 5026 det

2211 5065 2436 5136 aliquis,
2483 5065 2526 5118 si
2560 5064 2685 5119 talis
2711 5064 2883 5119 fuero.
2917 5064 3023 5120 lste
3049 5064 3270 5134 quidem
3317 5063 3412 5119 dat
3449 5068 3677 5135 pauperi
3709 5080 3810 5136 pa-

2210 5174 2368 5224 nem;
2403 5157 2498 5213 sed
2526 5157 2580 5214 in
2614 5173 2856 5229 paupere
2894 5159 2978 5212 sui
3011 5159 3326 5225 miseretur,
3362 5175 3470 5214 non
3501 5157 3673 5214 illius.
3694 5159 3808 5216 Ista

2207 5249 2610 5321 misericordia,
2646 5265 2754 5305 non
2787 5250 2988 5306 Christi
3019 5250 3430 5314 misericordia;
3462 5251 3557 5308 sed
3581 5251 3670 5308 sui
3700 5253 3810 5308 mi-

2209 5345 2513 5402 sericordia
2559 5355 2668 5400 est.
2714 5345 2890 5401 Omne
2947 5360 3081 5417 ergo
3133 5344 3278 5415 quod
3325 5345 3575 5412 facimus,
3600 5344 3810 5402 Christi

2207 5453 2368 5495 causa
2393 5437 2690 5506 faciamus,
2724 5437 2985 5493 faciamus
3015 5438 3068 5492 in
3098 5445 3310 5492 sancto.
3340 5436 3471 5493 Sive
3500 5437 3805 5493 manduca-

2210 5549 2354 5602 mus,
2386 5533 2501 5588 sive
2533 5531 2795 5598 bibimus,
2829 5532 3008 5585 omnia
3039 5531 3091 5584 in
3127 5528 3348 5585 nomine
3375 5528 3584 5585 Christi
3633 5529 3809 5584 facia-

2208 5641 2330 5683 mus
2361 5626 2404 5696 (l
2430 5624 2552 5680 Cor.
2584 5623 2665 5694 ι).
2688 5623 2999 5694 Scripturas
3033 5622 3286 5693 legimus.
3319 5621 3571 5678 Psalmos
3599 5621 3812 5679 edisci-

2207 5733 2355 5784 mus,
2388 5717 2681 5789 Evangelia
2729 5725 3007 5783 tenemus,
3059 5715 3354 5786 praphetas
3395 5715 3806 5774 edisserimus:

2208 5827 2322 5870 non
2353 5810 2621 5869 debemus
2649 5809 2754 5866 hoc
2781 5807 2855 5864 ita
2883 5809 3059 5864 facere
3087 5816 3143 5864 ut
3167 5806 3467 5879 gloriemur
3505 5809 3654 5880 apud
3694 5811 3811 5867 fra-
