3992 6312
178 330 326 386 1225

1007 345 1009 350 ·
1070 319 1500 402 BREVIARIUM
1537 319 1604 377 IN
1643 316 1981 378 PSALMOS.
2021 317 2264 375 PSALM.
2308 316 2594 374 CXXXIII.

3345 318 3486 375 I226

177 455 297 501 tres
320 486 336 510 ,
371 442 472 500 sed
505 449 563 498 ut
593 439 813 498 Christo
846 441 1159 512 placeamus
1194 459 1208 498 :
1243 453 1300 499 ut
1324 457 1508 498 sermo
1536 442 1707 512 ipsius
1728 441 1783 496 in
1809 443 1858 504 Α
1888 456 2046 512 quam
2076 439 2303 512 grandis
2326 438 2398 495 sit
2430 455 2442 492 :
2470 438 2746 494 Christum
2773 437 2940 507 capit,
2963 451 3128 506 quem
3152 436 3349 493 coelum
3378 453 3487 493 non

179 553 279 596 ore
303 549 502 593 nostro
527 544 775 592 resonet.
803 535 995 592 Solent
1041 547 1098 591 et
1143 535 1279 601 viri,
1313 535 1493 591 solent
1513 545 1567 590 et
1593 550 1784 590 mona-

177 631 297 697 chi,
330 631 521 686 solent
552 637 608 686 et
629 629 970 684 muliercula:
1002 627 1107 683 hoc
1134 628 1280 683 inter
1300 642 1359 682 se
1377 628 1582 682 habere
1611 635 1786 682 certa-

179 739 310 781 men
341 742 352 776 :
385 733 448 778 ut
477 723 666 794 plures
697 721 947 778 ediscant
972 721 1300 791 Scripturas;
1339 729 1394 775 et
1419 720 1474 775 in
1505 735 1571 775 eo
1599 734 1658 775 se
1688 735 1787 788 pu-

179 825 302 872 tant
329 829 458 871 esse
487 814 765 878 meliores,
807 813 856 868 si
903 813 1092 883 plures
1137 811 1484 868 edidicerint.
1522 811 1620 866 Ille
1663 811 1785 880 plus

185 907 442 972 edidicit,
465 906 558 976 qui
591 905 712 976 plus
738 904 884 960 facit.
909 901 1186 960 Caeterum
1217 903 1266 960 si
1298 903 1441 973 quod
1473 912 1530 958 tu
1559 901 1783 970 ediscis,

181 1015 291 1072 ego
315 999 456 1055 facio
483 1017 496 1052 :
522 999 694 1070 magis
716 1013 837 1054 mea
858 1012 1032 1067 Opera
1058 995 1373 1066 Scripturas
1395 1003 1604 1061 tenent,
1619 1009 1785 1066 quam

183 1102 320 1149 tuus
348 1105 529 1147 sermo
569 1090 661 1161 qui
701 1105 840 1147 vane
870 1096 1114 1145 resonat.
1156 1087 1224 1142 In
1279 1087 1512 1142 noctibus
1556 1085 1788 1141 extollite

182 1199 376 1238 manus
402 1191 595 1238 vestras
615 1184 670 1237 in
700 1193 901 1236 sancta.
949 1181 1152 1238 Levate
1188 1195 1383 1236 manus
1435 1180 1492 1235 in
1521 1194 1740 1235 crucem
1767 1196 1780 1231 :

186 1276 372 1332 levate
402 1274 685 1330 vexillum.
715 1272 780 1327 In
811 1273 1046 1329 noctibus
1079 1274 1243 1328 levate
1273 1289 1456 1327 manus
1498 1282 1691 1326 vestras
1733 1271 1788 1324 in

182 1377 395 1422 sancta.
420 1366 633 1421 Etcum
661 1365 973 1420 Ievaveritis
996 1364 1054 1419 in
1075 1373 1284 1431 sancta,
1316 1370 1372 1418 et
1397 1361 1638 1418 feceritis
1663 1375 1787 1431 qua:

185 1465 382 1515 sancta
413 1466 561 1526 sunt,
589 1457 744 1528 quasi
785 1456 1237 1511 medicamentum
1265 1455 1534 1509 honorum
1558 1466 1785 1524 operum

186 1561 510 1606 vestrorum
525 1547 776 1605 Christus
794 1549 882 1603 sit.
903 1547 969 1602 Et
995 1547 1278 1602 benedicite
1300 1544 1549 1601 Domino.
1565 1544 1721 1601 Unde
1734 1552 1790 1601 et

185 1642 490 1714 Apostolus
503 1641 635 1696 dicit
649 1660 664 1697 :
679 1640 739 1696 In
753 1640 907 1696 omni
921 1639 1042 1695 loco
1059 1640 1304 1694 levantes
1321 1653 1512 1694 manus
1528 1638 1790 1692 immacu-

187 1736 339 1792 latas
367 1733 414 1808 (l
438 1733 577 1789 Tim.
611 1733 673 1806 ιι)
697 1750 711 1787 :
735 1743 781 1788 et
809 1733 1094 1788 benedicitc
1121 1731 1366 1787 Domino.
1399 1730 1790 1800 Quodcumque

1890 537 2058 606 capit.
2092 535 2231 590 Vide
2261 533 2390 604 quid
2432 532 2580 588 dicat
2620 550 2631 584 :
2665 529 3010 596 Inhabitabo,
3060 530 3236 600 inquit
3268 530 3486 601 (Ibid.).

1891 629 1998 686 Sed
2032 629 2148 685 fieri
2181 635 2394 697 potest,
2418 634 2478 681 ut
2520 625 2722 695 aliquis
2756 633 2985 694 anguste
3009 621 3299 680 inhabitet.
3328 622 3488 678 Inha-

1888 722 2071 778 bitabo
2102 730 2158 778 et
2198 721 2488 777 ambulabo
2527 719 2580 774 in
2613 719 2715 774 eis.
2747 716 3092 789 Ubicumque
3132 717 3482 786 deambulat,

1889 815 2076 884 utique
2105 814 2210 869 lata
2236 813 2431 869 domus
2459 821 2560 868 est.
2579 809 2678 867 Ubi
2701 809 3045 866 deambulat?
3071 809 3177 866 Vos
3191 812 3324 866 estis
3346 851 3361 876 ,
3400 811 3490 865 in-

1889 908 2028 979 quit,
2063 907 2323 978 templum
2366 906 2497 974 Dei,
2530 913 2586 960 et
2610 903 2847 974 Spiritus
2897 913 3115 960 sanctus
3164 902 3374 959 habitat
3423 901 3482 956 in

1889 999 2068 1055 vobis.
2102 999 2479 1069 Praeparemus
2511 996 2778 1067 templum
2823 1003 3105 1062 nostrum,
3139 1004 3198 1049 ut
3231 992 3489 1048 Christus

1891 1091 2076 1148 veniat
2100 1100 2156 1146 et
2182 1090 2392 1146 habitet
2412 1090 2466 1145 in
2495 1089 2658 1145 nobis
2686 1095 2786 1144 :ut
2814 1087 2994 1142 anima
3020 1096 3208 1142 nostra
3233 1085 3362 1142 Sion
3396 1087 3490 1153 sit,
3537 1110 3544 1124 -

1890 1184 1964 1240 sit
1992 1185 2236 1254 specula,
2262 1192 2321 1238 ut
2341 1183 2413 1238 sit
2450 1182 2506 1236 in
2539 1179 2948 1236 summitatibus
2973 1180 3271 1235 constituta
3296 1196 3309 1232 :
3335 1187 3393 1234 ut
3421 1177 3496 1233 sit

1889 1290 2131 1344 sursum,
2180 1291 2288 1330 non
2343 1274 2620 1330 deorsum.
2674 1272 2929 1342 Legimus
2968 1273 3022 1326 in
3067 1272 3330 1328 Zacharia
3363 1287 3495 1341 pro-

1892 1369 2053 1440 pheta
2083 1384 2097 1423 :
2123 1368 2188 1422 Et
2210 1367 2460 1438 angelus,
2493 1365 2692 1436 inquit,
2723 1364 2817 1434 qui
2841 1364 3170 1435 loquebatur
3190 1367 3242 1418 in
3268 1380 3380 1433 me,
3405 1364 3492 1418 di-

1894 1460 1974 1514 xit
1995 1458 2063 1514 ad
2095 1473 2182 1514 me
2215 1457 2402 1529 (Zach.
2435 1455 2497 1530 ι).
2553 1457 2610 1512 Si
2658 1455 2887 1525 angelus
2919 1455 3248 1524 loquebatur
3278 1456 3331 1510 in
3364 1473 3492 1526 pro-

1892 1551 2088 1622 pheta,
2147 1559 2353 1622 quanto
2407 1549 2580 1620 magis
2633 1547 2846 1603 habitat
2891 1546 2948 1600 in
3002 1545 3189 1600 nobis!
3227 1545 3350 1616 Ipse
3389 1563 3492 1602 nos

1893 1645 2060 1702 habet
2082 1651 2136 1700 et
2165 1645 2380 1711 domos,
2410 1651 2466 1698 et
2493 1640 2958 1696 eonfahulatores.
2991 1636 3273 1692 Benedicat
3303 1649 3350 1692 te
3375 1637 3494 1692 Do-

1895 1737 2064 1791 minus
2093 1753 2158 1792 ea:
2195 1735 2346 1801 Sion,
2377 1734 2466 1805 qui
2494 1734 2615 1802 fecit
2643 1730 2828 1786 malum
2855 1739 2901 1784 et
2931 1740 3142 1784 terram.
3180 1729 3239 1786 Si
3268 1731 3493 1786 sanctus

185 1827 395 1894 facitis,
437 1825 638 1882 referte
688 1825 759 1881 ad
800 1825 1110 1881 Dominum.
1144 1825 1338 1881 Manus
1382 1825 1639 1880 leventur
1672 1842 1685 1877 :
1728 1839 1790 1880 os
1823 1837 1868 1897 Β
1895 1847 1979 1898 es,
2007 1829 2132 1886 audi
2162 1828 2305 1900 quod
2335 1827 2492 1895 dicit,
2523 1826 2610 1897 qui
2642 1825 2764 1896 fecit
2799 1823 3005 1877 caelum.
3038 1822 3095 1879 Si
3122 1833 3382 1892 peccator
3411 1839 3495 1892 es,

186 1917 475 1976 Christum
508 1926 753 1974 resonet.
780 1917 848 1972 Et
870 1917 925 1971 in
954 1916 1209 1972 noctibus
1239 1916 1419 1972 levate
1449 1931 1643 1971 manus
1664 1929 1793 1971 ves-

190 2021 332 2068 tras.
371 2011 445 2065 Da
483 2009 815 2082 pauperibus
851 2010 1292 2082 eleemosynam,
1327 2019 1383 2066 et
1419 2009 1653 2066 benedic
1682 2008 1792 2064 Do-

188 2104 350 2161 mino
384 2122 398 2157 :
431 2104 638 2175 gratias
667 2119 766 2175 age
790 2103 1045 2172 Domino,
1085 2105 1213 2173 quia
1242 2102 1344 2158 tibi
1372 2102 1613 2169 dederit,
1646 2101 1790 2157 unde

188 2197 297 2254 des
328 2197 507 2252 fratri.
535 2197 704 2269 Magis
739 2207 795 2252 tu
823 2199 968 2269 agito
987 2197 1189 2268 gratias
1214 2197 1433 2252 Christo
1454 2196 1672 2268 quando
1701 2196 1797 2253 de-

191 2289 371 2356 deris,
404 2304 567 2360 quam
595 2288 766 2344 frater
790 2291 883 2360 qui
914 2305 944 2344 a
975 2299 1026 2344 te
1050 2289 1349 2360 acceperit,
1394 2289 1488 2345 tibi
1518 2298 1644 2360 agat
1667 2303 1792 2360 gra-

188 2383 324 2438 tias.
376 2380 599 2438 Grande
645 2381 810 2438 nobis
841 2382 1170 2438 beneficium
1216 2392 1480 2453 praestant
1505 2398 1794 2454 pauperes.

188 2477 451 2545 Peccata,
477 2493 596 2546 quae
605 2477 716 2547 jam
742 2477 900 2533 aliter
924 2477 1104 2532 lavare
1119 2492 1224 2533 non
1254 2492 1562 2547 possumus,
1590 2476 1795 2532 exstin-

187 2572 315 2644 guit
345 2571 714 2642 eleemosyna.
746 2570 885 2636 Quid
929 2571 1188 2639 scriptum
1221 2570 1339 2625 est?
1374 2570 1514 2626 sicut
1542 2583 1680 2639 aqua
1705 2583 1798 2624 ex-

193 2663 436 2735 Stinguit
483 2663 661 2734 ignem
694 2679 708 2716 :
739 2661 819 2717 sic
859 2663 1206 2734 eleemosyna
1251 2662 1547 2733 exstinguit
1578 2669 1797 2732 peccata

189 2755 391 2829 (Eccli.
426 2754 531 2826 ιιι).
584 2755 698 2810 Hoc
742 2764 965 2822 prtestat
1008 2755 1391 2827 elcemosyna,
1427 2755 1570 2825 quod
1601 2762 1657 2809 et
1693 2753 1796 2808 ba-

191 2850 426 2922 ptisma.
466 2848 756 2917 Quomodo
783 2847 1054 2918 baptisma
1085 2847 1243 2903 nobis
1272 2855 1491 2918 peccata
1521 2845 1746 2901 dimittit
1781 2863 1793 2899 :

190 2943 277 3000 ita
308 2949 365 2997 et
393 2942 743 3014 electuosyna
775 2941 932 2996 nobis
962 2951 1180 3011 peccata
1203 2941 1449 2997 dimittit.
1475 2939 1630 2996 Sicut
1659 2953 1798 3011 aqua

190 3035 504 3106 exstinguit
546 3036 765 3105 ignem,
811 3035 890 3091 sic
928 3034 1275 3104 eleemosyna
1318 3031 1618 3104 exstinguit
1666 3045 1798 3101 pec.

188 3138 344 3187 cata.
379 3127 622 3183 I‘eccatis
649 3127 796 3183 enim
828 3126 1097 3198 gehennae
1137 3125 1292 3198 ignes
1333 3125 1623 3197 praeparati
1650 3131 1795 3180 sunt.

194 3222 316 3278 llos
342 3228 523 3274 autem
550 3218 845 3289 exstinguit
869 3218 1242 3289 eleemosyna.

273 3313 562 3369 Benedicat
594 3322 640 3366 te
667 3311 923 3367 Dominus
952 3328 1018 3366 ea:
1052 3311 1184 3368 Sion
1215 3327 1232 3366 :
1263 3313 1350 3382 qui
1381 3310 1501 3384 fecit
1527 3311 1708 3366 caelum
1747 3319 1798 3363 et

195 3415 418 3462 terram.
452 3405 534 3461 Tu
563 3405 844 3461 benedicis
879 3403 1205 3472 Dominum,
1245 3415 1301 3460 et
1332 3405 1594 3460 Dominus
1625 3411 1679 3459 te
1706 3403 1800 3460 be-

194 3499 438 3557 nedicit.
470 3497 556 3553 Ea:
583 3498 746 3567 Sion,
777 3498 846 3554 de
886 3499 1132 3570 specula,
1161 3498 1229 3554 de
1257 3498 1531 3566 Ecclesia,
1557 3498 1625 3553 de
1653 3498 1800 3554 veris

193 3591 558 3662 dogmatibus
581 3634 596 3659 ,
648 3590 717 3646 de
760 3589 868 3646 ﬁde
899 3590 1006 3661 pia.
1034 3590 1311 3660 Benedicat
1355 3600 1403 3644 te
1433 3588 1686 3644 Dominus
1736 3605 1800 3644 ea:

193 3687 364 3748 Sion.
411 3684 580 3742 Istum
619 3685 952 3742 versiculum
992 3685 1227 3755 Spiritus
1270 3692 1492 3740 sanctus
1534 3683 1798 3753 loquitur,

195 3779 326 3837 sive
349 3787 498 3836 certe
532 3780 802 3850 propheta
832 3779 890 3834 in
930 3778 1128 3849 spiritu
1156 3778 1424 3847 loquitur.
1457 3777 1523 3831 Et
1551 3775 1681 3846 quid
1711 3773 1798 3829 di-

192 3873 318 3930 cit?
369 3870 414 3927 Ο
462 3883 520 3927 ιιι
566 3873 660 3944 qui
711 3887 808 3942 per
845 3870 1159 3942 quindecim
1206 3871 1408 3943 gradus
1452 3869 1520 3925 ad
1550 3869 1798 3924 ultimum

195 3967 602 4035 conscendisti,
633 3966 726 4038 qui
755 3964 930 4021 fecisti
956 3964 1095 4030 haec,
1125 3975 1178 4021 et
1209 3963 1327 4020 hinc
1354 3981 1368 4018 ε
1397 3963 1490 4034 qui
1519 3961 1800 4019 benedieis

194 4061 502 4118 Dominum
535 4076 547 4112 :
571 4058 664 4129 qui
685 4057 742 4113 in
764 4058 1016 4114 noctibus
1041 4057 1258 4113 extollis
1284 4072 1474 4112 manus
1503 4064 1642 4119 tuas,
1664 4062 1797 4122 etc.,

193 4160 264 4209 et
283 4149 570 4207 benedicis
596 4148 854 4219 Domino,
884 4150 1070 4219 recipe
1095 4158 1151 4205 et
1182 4157 1238 4203 tu
1268 4147 1602 4203 mercedem.
1629 4145 1800 4200 Bene-

195 4246 354 4301 dicat
385 4255 431 4299 te
462 4243 718 4299 Dominus
747 4260 812 4298 ea:
859 4244 1010 4299 Sion.
1044 4242 1200 4310 Quod
1230 4241 1454 4306 dedisti,
1484 4242 1690 4310 recipe.
1721 4239 1800 4294 Τιι

199 4339 414 4397 dedisti
454 4339 862 4410 eleemosynam
902 4353 917 4393 :
965 4346 1023 4393 tu
1066 4337 1242 4393 fecisti
1292 4337 1556 4404 virtutes,
1602 4352 1632 4391 a
1690 4335 1802 4392 Deo

190 4435 492 4510 praemium
511 4443 567 4489 et
591 4431 1026 4489 benedictionem
1056 4432 1426 4502 consequeris.
1445 4429 1725 4484 Benedicat
1753 4436 1803 4482 te

197 4526 468 4583 Dominus
501 4542 564 4581 ex
597 4525 748 4580 Sion.
782 4523 917 4580 Sion
942 4523 1010 4580 de
1038 4523 1249 4580 coalein
1278 4522 1584 4579 Jerusalem
1613 4522 1665 4576 in
1687 4535 1803 4576 ma-

1897 1924 1986 1994 qui
2011 1923 2133 1992 fecit
2152 1931 2365 1976 terram.
2399 1919 2470 1974 Et
2498 1919 2698 1974 cmlum
2731 1914 2861 1971 fecit
2896 1922 2950 1969 et
2994 1921 3216 1972 terram.
3266 1915 3498 1972 Interim

1898 2016 2146 2072 dicamus
2170 2012 2472 2070 secundum
2503 2012 2764 2067 litteram.
2795 2008 2911 2063 lloc
2933 2005 3067 2061 dicit
3095 2007 3162 2062 ad
3187 2007 3501 2064 distinctio-

1900 2123 2023 2164 nem
2053 2106 2354 2162 idolorum.
2392 2106 2498 2174 Dii,
2532 2104 2726 2174 inquit,
2753 2105 2845 2173 qui
2874 2119 2982 2161 non
3014 2104 3264 2160 fecerunt
3292 2101 3494 2157 cmlum

1897 2209 1955 2257 et
1983 2210 2206 2265 terram,
2234 2205 2462 2268 pereant
2487 2196 2555 2252 de
2582 2206 2750 2252 terra.
2785 2196 3045 2251 Dominus
3075 2203 3262 2250 autem
3314 2195 3493 2251 coelos

1899 2293 2045 2350 fecit.
2071 2293 2156 2348 Ad
2177 2291 2591 2348 distinctionem
2619 2290 2724 2345 hoc
2749 2289 2880 2345 dicit
2908 2289 3200 2345 idolorum.
3253 2288 3369 2344 lloe
3401 2289 3492 2344 in-

1900 2389 2060 2445 terim
2093 2387 2394 2444 secundum
2424 2386 2686 2441 litteram.
2716 2383 2992 2440 Caeterum
3013 2430 3027 2452 ,
3063 2382 3367 2440 secundum
3412 2383 3500 2437 in-

1902 2482 2262 2552 telligentiam
2281 2478 2650 2550 spiritualem,
2668 2477 2947 2546 quomodo
2970 2476 3167 2531 dicitur
3189 2475 3497 2546 peccaturi:

1903 2584 2046 2630 terra
2077 2589 2160 2641 es,
2185 2584 2240 2630 et
2268 2573 2323 2627 in
2349 2580 2552 2628 terram
2578 2570 2682 2626 ibis
2711 2570 2830 2626 :sic
2852 2578 2909 2626 et
2930 2579 3122 2644 sancto
3146 2569 3365 2636 dicitur,
3392 2583 3505 2624 cm-

1900 2666 2014 2721 lum
2045 2680 2130 2734 es,
2153 2676 2203 2722 et
2235 2663 2291 2719 in
2320 2665 2525 2720 ccelum
2559 2662 2685 2718 ibis.
2716 2661 2831 2718 Hoc
2863 2671 3035 2718 totum
3058 2676 3228 2732 quare
3256 2661 3405 2716 dixi?
3432 2659 3504 2716 Ut

1901 2768 2122 2816 sanctos
2177 2758 2378 2814 etelum
2431 2757 2745 2827 probarem.
2793 2757 2931 2811 Coeli
2977 2765 3238 2812 euarrnnt
3270 2755 3497 2825 gloriam

1900 2849 2020 2918 Dei,
2053 2857 2110 2906 et
2133 2864 2300 2919 opera
2334 2864 2592 2904 manuum
2621 2849 2743 2918 ejus
2767 2847 3054 2902 annuntiat
3097 2848 3499 2904 ﬁrmamentum

1901 2943 2076 3017 (Psat.
2129 2941 2303 3014 xvm).
2364 2943 2430 2997 Et
2479 2958 2633 3013 aquae
2659 2957 2781 3012 quaa
2811 2957 2977 3011 super
3006 2939 3174 2998 etelos
3199 2951 3358 3008 sunt,
3385 2943 3501 2997 lau-

1900 3035 2039 3092 dent
2068 3050 2272 3095 nomen
2301 3035 2518 3090 Domini
2551 3033 2724 3105 (Psal.
2767 3032 3012 3104 cxcvm).
3046 3035 3184 3089 Coeli
3229 3035 3496 3090 caelorum

1903 3130 2135 3186 Domino
2169 3146 2182 3184 :
2212 3128 2306 3199 qui
2343 3127 2477 3183 fecit
2520 3126 2718 3182 caelum
2769 3134 2826 3182 et
2873 3135 3077 3182 terram
3123 3124 3297 3197 (Psal.
3323 3123 3498 3194 cxttt).

1825 3231 1871 3294 ρ
1903 3220 2055 3292 Licet
2083 3220 2286 3276 terreni
2316 3220 2510 3287 simus,
2543 3219 2673 3275 licet
2697 3218 3043 3274 ambulemus
3089 3219 3143 3272 in
3199 3226 3342 3273 terra
3371 3264 3384 3287 ,
3415 3227 3498 3272 ta-

1901 3332 2028 3372 men
2055 3315 2400 3372 conversatio
2449 3323 2635 3369 nostra
2682 3313 2736 3367 in
2792 3313 2948 3369 coctis
2974 3320 3078 3369 est.
3111 3310 3189 3365 lbi
3235 3312 3500 3368 habemus

1902 3406 2358 3478 municipationes
2389 3415 2629 3478 nostras.
2669 3404 2772 3472 Qui
2815 3405 2934 3475 fecit
2987 3404 3170 3458 caelum
3199 3413 3248 3458 et
3280 3413 3491 3460 terram.

1901 3501 2053 3558 Licet
2077 3511 2334 3572 peccator
2355 3516 2436 3567 es,
2464 3499 2579 3555 noli
2613 3499 2911 3570 desperare
2955 3517 2968 3552 :
3015 3499 3281 3554 Dominus
3319 3501 3500 3556 omnia

1901 3605 2101 3665 potest.
2135 3594 2291 3650 Multi
2320 3593 2390 3649 de
2422 3603 2587 3662 terra,
2615 3591 2738 3648 cmli
2771 3592 2940 3659 ﬁunt;
2967 3601 3023 3648 et
3049 3592 3205 3647 multi
3234 3593 3304 3649 de
3330 3593 3495 3660 cmlo,

1901 3694 2072 3742 terra.
2104 3684 2298 3742 Infelix
2327 3684 2497 3742 Judas
2524 3684 2724 3741 caelum
2758 3683 2885 3750 fuit,
2926 3693 2980 3740 et
3011 3683 3185 3740 factus
3215 3695 3300 3741 est
3331 3694 3495 3741 terra.

1902 3778 2102 3834 Paulus
2123 3777 2408 3849 apostolus
2435 3791 2503 3833 eo
2531 3785 2777 3846 tempore
2805 3790 2912 3844 quo
2941 3776 3369 3847 persequebatur
3392 3776 3498 3834 Ec-

1901 3870 2122 3927 clesiam
2139 3869 2276 3942 (Act.
2299 3871 2414 3940 vn),
2440 3879 2587 3926 terra
2607 3876 2744 3925 erat.
2769 3867 3060 3924 Confessus
3087 3877 3192 3935 est,
3217 3877 3272 3924 et
3297 3869 3496 3926 coelum

1901 3965 2078 4045 factus
2103 3972 2209 4021 est.
2238 3964 2351 4021 Nec
2375 3965 2469 4036 qui
2498 3965 2694 4020 coelum
2726 3970 2810 4018 est
2830 4006 2846 4032 ,
2868 3961 3030 4017 debet
3054 3976 3179 4018 esse
3219 3976 3447 4019 securus
3479 3981 3492 4017 :

1903 4073 2005 4115 nec
2036 4057 2129 4129 qui
2161 4066 2309 4114 terra
2337 4063 2443 4124 est,
2469 4055 2634 4113 debet
2652 4054 2952 4125 desperare
2975 4053 3045 4108 de
3079 4053 3212 4109 vita.
3236 4053 3405 4111 Iacob
3429 4069 3498 4110 eo

1903 4162 2153 4225 tempore
2173 4152 2392 4225 quando
2419 4151 2660 4223 fugiebat
2689 4151 2744 4206 in
2772 4148 3219 4218 Mesopotamiam
3266 4148 3496 4205 fratrem

1903 4261 2084 4317 suum,
2116 4246 2262 4302 venit
2291 4245 2358 4301 ad
2388 4245 2588 4300 Luzam
2625 4262 2639 4298 :
2671 4252 2728 4299 et
2756 4241 2864 4308 ibi,
2893 4241 3098 4313 inquit,
3129 4242 3306 4312 posuit
3350 4241 3492 4312 lapi-

1903 4336 2028 4394 dem
2057 4337 2124 4394 ad
2147 4348 2305 4408 caput
2333 4334 2489 4411 (Gen.
2517 4334 2715 4406 xxxv).
2748 4333 2863 4391 Sub
2900 4334 3082 4404 capite
3127 4333 3302 4404 ipsius
3333 4333 3492 4406 lapis,

1903 4441 2021 4487 erat
2047 4430 2316 4487 Christus.
2351 4429 2657 4500 Numquam
2694 4428 2798 4485 sibi
2824 4427 3008 4500 posuit
3029 4427 3266 4498 lapidem
3306 4427 3375 4484 ad
3397 4443 3490 4483 ca-

1904 4535 2036 4596 put;
2066 4525 2171 4580 nisi
2201 4539 2267 4579 eo
2297 4532 2578 4593 tempore,
2620 4523 2840 4593 quando
2879 4532 3292 4593 persecutorem
3334 4522 3492 4592 fugit.

198 4629 296 4676 tre
330 4618 753 4688 primitivorum,
807 4615 897 4671 ubi
939 4626 1067 4671 sunt
1095 4615 1275 4670 futura
1307 4614 1530 4685 gaudia,
1557 4612 1647 4668 ubi
1673 4619 1802 4667 sunt

1905 4618 2171 4689 Quamdiu
2197 4626 2316 4673 erat
2336 4617 2391 4671 in
2412 4616 2576 4671 domo
2599 4617 2769 4685 patris
2800 4616 2909 4682 sui,
2932 4625 2990 4671 et
3017 4615 3250 4670 habebat
3272 4615 3495 4685 refrige-

193 4709 571 4781 archangeli,
605 4708 694 4764 ubi
725 4707 953 4763 Viﬂmes
975 4719 1191 4763 canem
1213 4752 1227 4775 ,
1259 4705 1353 4762 ubi
1399 4704 1668 4776 θροδιοὶὶν
1711 4703 1803 4758 Ubi
1906 4712 1984 4768 ria
2016 4711 2217 4776 carnis,
2261 4707 2494 4778 lapidem
2536 4721 2644 4762 non
2670 4706 2906 4762 habebat
2933 4705 3001 4761 ad
3033 4715 3215 4776 caput.
3247 4705 3497 4762 Recessit

191 4805 514 4877 prophetae,
541 4799 635 4854 ubi
661 4801 831 4857 sancti
853 4800 1141 4872 Martyres,
1172 4799 1264 4855 ubi
1296 4807 1600 4868 sequuntur
1624 4797 1805 4868 Ange—
1907 4803 1975 4859 de
2001 4802 2165 4858 domo
2197 4800 2398 4866 nudus,
2422 4799 2653 4854 recessit
2700 4799 2754 4853 in
2783 4798 2959 4867 virga,
2991 4805 3050 4853 et
3079 4797 3260 4852 statim
3294 4797 3348 4850 in
3375 4798 3493 4868 ipsa

193 4897 390 4954 lorum
413 4892 794 4949 multitudines
815 4902 872 4949 et
895 4893 1240 4960 Sanctorum,
1262 4907 1606 4963 quocumque
1621 4893 1806 4962 Agnus
1907 4902 2071 4951 nocte
2100 4893 2306 4949 invenit
2325 4890 2583 4962 lapidem,
2608 4899 2661 4946 et
2687 4889 2870 4962 posuit
2900 4889 2968 4945 ad
2992 4898 3157 4961 caput
3183 4904 3358 4974 suum.
3389 4889 3495 4958 Qui

191 4987 361 5045 vadit
385 4985 573 5059 (Apoc.
601 4984 743 5056 nt).
768 4986 1013 5058 Denique
1038 4986 1170 5041 vidit
1194 4993 1251 5041 et
1267 4984 1507 5040 Joannes
1528 4985 1804 5042 civitatem
1901 4987 2066 5044 talem
2099 4986 2334 5043 habebat
2364 4984 2643 5056 pulvillum
2669 4983 2725 5038 in
2753 4999 2862 5055 quo
2886 4983 3251 5055 refrigerabat
3268 5025 3282 5050 ,
3306 4984 3494 5041 videte

194 5091 459 5140 sanctam
477 5080 546 5136 de
569 5079 710 5136 coelo
729 5079 1055 5151 depositam,
1072 5080 1303 5151 gemmis
1325 5089 1654 5135 exstructam
1672 5079 1808 5134 duo-
1909 5081 2176 5137 visionem
2197 5079 2335 5150 ejus.
2363 5077 2526 5146 Vidit,
2561 5078 2754 5148 inquit,
2784 5079 2986 5132 scalam
3017 5076 3084 5133 de
3110 5085 3252 5133 terra
3279 5079 3494 5149 pertin-

197 5174 393 5231 decim
428 5171 634 5228 habere
665 5181 872 5242 portas.
902 5171 1036 5228 Tota
1068 5186 1236 5227 aurea
1265 5178 1403 5239 erat,
1436 5186 1621 5226 muros
1642 5170 1807 5227 habe-
1909 5182 2122 5246 gentem
2143 5172 2208 5229 ad
2231 5173 2448 5239 coelum,
2467 5170 2690 5234 etvidit,
2713 5169 2907 5238 inquit,
2926 5170 3147 5240 angelos
3162 5169 3497 5227 descenden-

197 5267 304 5322 bat
329 5278 533 5319 aureos
561 5281 572 5317 :
611 5263 844 5318 habebat
872 5271 926 5318 et
955 5262 1165 5333 plateas
1194 5261 1264 5318 de
1297 5261 1527 5319 diversis
1555 5262 1805 5333 gemmis.
1915 5277 1994 5324 tes
2022 5275 2077 5323 et
2100 5265 2481 5322 ascendentes.
2511 5262 2892 5334 Viditangelos
2930 5263 3000 5318 de
3039 5262 3180 5318 coelo
3221 5264 3409 5319 venire
3430 5265 3501 5320 ad

200 5359 270 5417 In
300 5359 411 5413 hac
437 5357 663 5412 civitate
687 5353 937 5411 Christus
960 5363 1156 5428 regnat
1181 5374 1195 5413 :
1227 5356 1280 5412 in
1327 5356 1430 5412 hac
1459 5356 1679 5412 Civilale
1705 5355 1806 5411 11³-
1916 5372 2139 5427 terram,
2171 5369 2227 5416 et
2255 5359 2392 5414 alios
2420 5357 2489 5414 de
2517 5366 2661 5412 terra
2690 5357 2757 5412 ad
2778 5356 2952 5413 caelos
2979 5357 3294 5413 ascendere.
3330 5357 3503 5413 Vultis

204 5452 456 5508 bitantes
482 5448 588 5520 ipsi
610 5458 760 5516 sunt,
793 5455 850 5502 et
876 5447 1222 5504 habitatores
1253 5457 1309 5503 et
1337 5457 1510 5519 portae
1537 5466 1552 5516 ;
1598 5448 1701 5519 ipsi
1757 5456 1813 5504 et
1921 5454 2064 5511 scire
2089 5451 2214 5523 quia
2245 5451 2388 5521 lapis
2414 5449 2511 5505 ille
2555 5448 2646 5519 qui
2675 5459 2794 5505 erat
2822 5448 2890 5504 ad
2934 5457 3094 5519 caput
3123 5448 3314 5520 Jacob,
3346 5448 3510 5505 Chri-

203 5544 409 5602 domus
437 5551 597 5609 sunt,
638 5551 693 5598 et
723 5540 1084 5598 habitatores.
1113 5541 1312 5599 Vultis
1362 5541 1506 5598 scire
1556 5542 1811 5613 quoniam
1923 5555 2038 5605 stus
2069 5553 2186 5602 erat
2209 5545 2347 5615 lapis
2371 5541 2681 5613 angularia?
2709 5541 2871 5613 Lapis
2898 5532 3060 5613 quem
3077 5543 3514 5612 reprohaverunt

204 5637 415 5695 domus
444 5634 615 5691 sunt?
641 5632 895 5690 Christus
934 5633 1142 5690 habitat
1181 5635 1237 5689 in
1278 5633 1358 5690 eis
1395 5650 1408 5686 :
1440 5631 1690 5689 Christus
1719 5632 1816 5688 de-
1924 5638 2286 5706 mdiﬁcantes,
2330 5635 2421 5692 hic
2476 5633 2649 5692 factus
2678 5643 2758 5691 est
2788 5634 2842 5689 in
2881 5643 3044 5705 caput
3089 5633 3273 5706 anguli
3319 5633 3512 5706 (Psal.

212 5730 474 5787 ambulat
505 5729 561 5784 in
594 5729 694 5783 eis.
726 5725 1078 5798 Inhabitabo,
1117 5727 1323 5798 inquit,
1356 5727 1410 5782 in
1438 5727 1519 5784 eis
1547 5735 1603 5783 et
1629 5727 1817 5784 deam-
1929 5730 2129 5804 ωιτη).
2171 5730 2334 5802 Lapis
2381 5729 2473 5786 ille
2513 5729 2605 5799 qui
2647 5727 2884 5797 scriptus
2914 5735 2998 5784 est
3028 5727 3082 5782 in
3111 5726 3426 5800 Regnorum
3455 5729 3520 5784 li-

210 5826 432 5889 bulabo
468 5822 658 5897 (Leuit.
687 5838 846 5888 xxvr;
877 5823 924 5878 ll
951 5821 1076 5878 Cor.
1103 5821 1206 5893 vr).
1250 5820 1383 5881 Vide
1411 5821 1592 5880 anima
1637 5830 1823 5880 sancta
1930 5825 2030 5883 bro
2053 5871 2066 5898 ,
2101 5824 2388 5884 Abenczer
2417 5819 2499 5894 (II
2527 5819 2658 5892 Reg.
2707 5818 2829 5895 vn).
2884 5819 3047 5892 Lapis
3096 5821 3229 5891 iste,
3276 5818 3526 5879 Christus

511 5919 786 5980 ΡΑΤιιοι..
843 5916 1054 5980 XXVI
1063 5960 1076 5977 .
2976 5913 3054 5974 39
