  <div class='ocr_page' id='page_1' title='image "/cluster/home/n/w/nwhite01/storage/ocr_20150623/26/uva.x000826568/621.png"; bbox 0 0 3992 6312; ppageno 0'>
   <div class='ocr_carea' id='block_1_1' title="bbox 549 310 687 364">
    <p class='ocr_par' dir='ltr' id='par_1_1' title="bbox 549 310 687 364">
     <span class='ocr_line' id='line_1_1' title="bbox 549 310 687 364; baseline -0.007 0"><span class='ocrx_word' id='word_1_1' title='bbox 549 310 687 364; x_wconf 70' lang='grc'><strong>1227</strong></span> 
     </span>
    </p>
   </div>
   <div class='ocr_carea' id='block_1_2' title="bbox 1338 282 3039 359">
    <p class='ocr_par' dir='ltr' id='par_1_2' title="bbox 1338 282 3039 359">
     <span class='ocr_line' id='line_1_2' title="bbox 1338 282 3039 359; baseline -0.012 0"><span class='ocrx_word' id='word_1_2' title='bbox 1338 298 1691 359; x_wconf 73' lang='lat' dir='ltr'><strong>APPENDIX</strong></span> <span class='ocrx_word' id='word_1_3' title='bbox 1729 296 1820 353; x_wconf 86' lang='lat' dir='ltr'><strong>AD</strong></span> <span class='ocrx_word' id='word_1_4' title='bbox 1858 291 2105 353; x_wconf 74' lang='lat' dir='ltr'><strong>TOMUM</strong></span> <span class='ocrx_word' id='word_1_5' title='bbox 2144 283 2494 345; x_wconf 77' lang='lat' dir='ltr'><strong>SEPTIMUM</strong></span> <span class='ocrx_word' id='word_1_6' title='bbox 2530 282 2589 341; x_wconf 91' lang='lat' dir='ltr'><strong>S.</strong></span> <span class='ocrx_word' id='word_1_7' title='bbox 2633 282 3039 341; x_wconf 77' lang='lat' dir='ltr'><strong>HIERUNYMI.</strong></span> 
     </span>
    </p>
   </div>
   <div class='ocr_carea' id='block_1_3' title="bbox 3706 236 3937 343">
    <p class='ocr_par' dir='ltr' id='par_1_3' title="bbox 3706 236 3937 343">
     <span class='ocr_line' id='line_1_3' title="bbox 3706 236 3937 343; baseline 0.009 -2"><span class='ocrx_word' id='word_1_8' title='bbox 3706 286 3840 343; x_wconf 55' lang='lat'><strong>{2&amp;8</strong></span> 
     </span>
    </p>
   </div>
   <div class='ocr_carea' id='block_1_4' title="bbox 549 396 2135 489">
    <p class='ocr_par' dir='ltr' id='par_1_4' title="bbox 549 411 2135 489">
     <span class='ocr_line' id='line_1_4' title="bbox 549 411 2135 489; baseline -0.014 -5"><span class='ocrx_word' id='word_1_9' title='bbox 549 438 654 484; x_wconf 69' lang='grc' dir='ltr'><strong>εει.</strong></span> <span class='ocrx_word' id='word_1_10' title='bbox 682 424 965 482; x_wconf 80' lang='lat' dir='ltr'><strong>Abenezer</strong></span> <span class='ocrx_word' id='word_1_11' title='bbox 989 431 1170 478; x_wconf 87' lang='lat' dir='ltr'><strong>autem</strong></span> <span class='ocrx_word' id='word_1_12' title='bbox 1222 420 1632 489; x_wconf 73' lang='lat' dir='ltr'><strong>interpretatur,</strong></span> <span class='ocrx_word' id='word_1_13' title='bbox 1680 414 1813 487; x_wconf 87' lang='lat' dir='ltr'><strong>lapis</strong></span> <span class='ocrx_word' id='word_1_14' title='bbox 1859 411 2135 485; x_wconf 75' lang='lat' dir='ltr'><strong>adjutorii;</strong></span> 
     </span>
    </p>
   </div>
   <div class='ocr_carea' id='block_1_5' title="bbox 2260 396 3838 489">
    <p class='ocr_par' dir='ltr' id='par_1_5' title="bbox 2313 396 3838 456">
     <span class='ocr_line' id='line_1_5' title="bbox 2313 396 3838 456; baseline 0.001 -2"><span class='ocrx_word' id='word_1_15' title='bbox 2313 400 2382 455; x_wconf 87' lang='lat' dir='ltr'><strong>Et</strong></span> <span class='ocrx_word' id='word_1_16' title='bbox 2413 400 2552 456; x_wconf 87' lang='lat' dir='ltr'><strong>dedit</strong></span> <span class='ocrx_word' id='word_1_17' title='bbox 2581 410 2776 455; x_wconf 76' lang='lat' dir='ltr'><strong>(errant</strong></span> <span class='ocrx_word' id='word_1_18' title='bbox 2805 416 2986 455; x_wconf 87' lang='lat' dir='ltr'><strong>eorum</strong></span> <span class='ocrx_word' id='word_1_19' title='bbox 3034 396 3386 456; x_wconf 61' lang='lat' dir='ltr'><strong>haereditalent</strong></span> <span class='ocrx_word' id='word_1_20' title='bbox 3424 414 3445 454; x_wconf 89' lang='lat'><strong><em>:</em></strong></span> <span class='ocrx_word' id='word_1_21' title='bbox 3485 396 3838 455; x_wconf 61' lang='lat' dir='ltr'><strong>hereditatem</strong></span> 
     </span>
    </p>
   </div>
   <div class='ocr_carea' id='block_1_6' title="bbox 544 502 2139 584">
    <p class='ocr_par' dir='ltr' id='par_1_6' title="bbox 544 502 2139 584">
     <span class='ocr_line' id='line_1_6' title="bbox 544 502 2139 584; baseline -0.01 -11"><span class='ocrx_word' id='word_1_22' title='bbox 544 517 943 583; x_wconf 82' lang='lat' dir='ltr'><strong>Consurrexit,</strong></span> <span class='ocrx_word' id='word_1_23' title='bbox 998 513 1206 584; x_wconf 90' lang='lat' dir='ltr'><strong>inquit,</strong></span> <span class='ocrx_word' id='word_1_24' title='bbox 1249 510 1418 568; x_wconf 88' lang='lat' dir='ltr'><strong>Jacob</strong></span> <span class='ocrx_word' id='word_1_25' title='bbox 1463 524 1646 566; x_wconf 90' lang='lat' dir='ltr'><strong>mane.</strong></span> <span class='ocrx_word' id='word_1_26' title='bbox 1674 504 1917 576; x_wconf 67' lang='lat' dir='ltr'><strong>Et&#39;quid</strong></span> <span class='ocrx_word' id='word_1_27' title='bbox 1962 502 2139 559; x_wconf 76' lang='lat' dir='ltr'><strong>dixit?</strong></span> 
     </span>
    </p>
   </div>
   <div class='ocr_carea' id='block_1_7' title="bbox 552 596 2137 679">
    <p class='ocr_par' dir='ltr' id='par_1_7' title="bbox 552 596 2137 679">
     <span class='ocr_line' id='line_1_7' title="bbox 552 596 2137 679; baseline -0.008 -16"><span class='ocrx_word' id='word_1_28' title='bbox 552 609 703 675; x_wconf 21' lang='lat' dir='ltr'><strong>Irlmc,</strong></span> <span class='ocrx_word' id='word_1_29' title='bbox 730 606 1158 679; x_wconf 86' lang='lat' dir='ltr'><strong>inquit,domus</strong></span> <span class='ocrx_word' id='word_1_30' title='bbox 1185 605 1281 660; x_wconf 91' lang='lat' dir='ltr'><strong>Dei</strong></span> <span class='ocrx_word' id='word_1_31' title='bbox 1310 614 1415 661; x_wconf 82' lang='lat' dir='ltr'><strong>est.</strong></span> <span class='ocrx_word' id='word_1_32' title='bbox 1468 602 1535 659; x_wconf 88' lang='lat' dir='ltr'><strong>Et</strong></span> <span class='ocrx_word' id='word_1_33' title='bbox 1582 602 1713 673; x_wconf 90' lang='lat' dir='ltr'><strong>quid</strong></span> <span class='ocrx_word' id='word_1_34' title='bbox 1759 598 1923 656; x_wconf 79' lang='lat' dir='ltr'><strong>fecit?</strong></span> <span class='ocrx_word' id='word_1_35' title='bbox 1954 596 2137 663; x_wconf 88' lang='lat' dir='ltr'><strong>Tulit,</strong></span> 
     </span>
    </p>
   </div>
   <div class='ocr_carea' id='block_1_8' title="bbox 551 688 2142 772">
    <p class='ocr_par' dir='ltr' id='par_1_8' title="bbox 551 688 2142 772">
     <span class='ocr_line' id='line_1_8' title="bbox 551 688 2142 772; baseline -0.008 -16"><span class='ocrx_word' id='word_1_36' title='bbox 551 700 747 772; x_wconf 87' lang='lat' dir='ltr'><strong>inquit,</strong></span> <span class='ocrx_word' id='word_1_37' title='bbox 772 701 953 756; x_wconf 88' lang='lat' dir='ltr'><strong>oleum</strong></span> <span class='ocrx_word' id='word_1_38' title='bbox 983 708 1038 755; x_wconf 92' lang='lat' dir='ltr'><strong>et</strong></span> <span class='ocrx_word' id='word_1_39' title='bbox 1065 697 1218 755; x_wconf 79' lang='lat' dir='ltr'><strong>unxit</strong></span> <span class='ocrx_word' id='word_1_40' title='bbox 1247 695 1505 768; x_wconf 86' lang='lat' dir='ltr'><strong>lapidem.</strong></span> <span class='ocrx_word' id='word_1_41' title='bbox 1539 693 1655 751; x_wconf 80' lang='lat' dir='ltr'><strong>Nisi</strong></span> <span class='ocrx_word' id='word_1_42' title='bbox 1688 690 1946 764; x_wconf 85' lang='lat' dir='ltr'><strong>mysteria</strong></span> <span class='ocrx_word' id='word_1_43' title='bbox 1978 688 2142 745; x_wconf 89' lang='lat' dir='ltr'><strong>intel-</strong></span> 
     </span>
    </p>
   </div>
   <div class='ocr_carea' id='block_1_9' title="bbox 554 786 2140 861">
    <p class='ocr_par' dir='ltr' id='par_1_9' title="bbox 554 786 2140 861">
     <span class='ocr_line' id='line_1_9' title="bbox 554 786 2140 861; baseline -0.007 -13"><span class='ocrx_word' id='word_1_44' title='bbox 554 793 850 851; x_wconf 78' lang='lat' dir='ltr'><strong>lexerimus</strong></span> <span class='ocrx_word' id='word_1_45' title='bbox 878 791 1316 861; x_wconf 87' lang='lat' dir='ltr'><strong>Scripturarum;</strong></span> <span class='ocrx_word' id='word_1_46' title='bbox 1343 790 1500 859; x_wconf 86' lang='lat' dir='ltr'><strong>cujus</strong></span> <span class='ocrx_word' id='word_1_47' title='bbox 1528 786 1758 844; x_wconf 83' lang='lat' dir='ltr'><strong>rationis</strong></span> <span class='ocrx_word' id='word_1_48' title='bbox 1777 791 1915 852; x_wconf 85' lang='lat' dir='ltr'><strong>erat,</strong></span> <span class='ocrx_word' id='word_1_49' title='bbox 1950 793 2007 838; x_wconf 90' lang='lat' dir='ltr'><strong>ut</strong></span> <span class='ocrx_word' id='word_1_50' title='bbox 2043 798 2140 838; x_wconf 83' lang='lat' dir='ltr'><strong>un-</strong></span> 
     </span>
    </p>
   </div>
   <div class='ocr_carea' id='block_1_10' title="bbox 546 876 2136 958">
    <p class='ocr_par' dir='ltr' id='par_1_10' title="bbox 546 876 2136 958">
     <span class='ocr_line' id='line_1_10' title="bbox 546 876 2136 958; baseline -0.009 -14"><span class='ocrx_word' id='word_1_51' title='bbox 546 896 703 958; x_wconf 83' lang='lat' dir='ltr'><strong>geret</strong></span> <span class='ocrx_word' id='word_1_52' title='bbox 725 885 963 958; x_wconf 88' lang='lat' dir='ltr'><strong>lapidem</strong></span> <span class='ocrx_word' id='word_1_53' title='bbox 1002 884 1165 941; x_wconf 80' lang='lat' dir='ltr'><strong>oleo?</strong></span> <span class='ocrx_word' id='word_1_54' title='bbox 1194 882 1475 939; x_wconf 86' lang='lat' dir='ltr'><strong>Benedicat</strong></span> <span class='ocrx_word' id='word_1_55' title='bbox 1505 890 1553 936; x_wconf 91' lang='lat' dir='ltr'><strong>te</strong></span> <span class='ocrx_word' id='word_1_56' title='bbox 1578 878 1831 936; x_wconf 88' lang='lat' dir='ltr'><strong>Dominus</strong></span> <span class='ocrx_word' id='word_1_57' title='bbox 1858 893 1924 933; x_wconf 79' lang='lat' dir='ltr'><strong>ea:</strong></span> <span class='ocrx_word' id='word_1_58' title='bbox 1961 876 2094 932; x_wconf 83' lang='lat' dir='ltr'><strong>Sion</strong></span> <span class='ocrx_word' id='word_1_59' title='bbox 2117 890 2136 929; x_wconf 89' lang='lat'><strong>:</strong></span> 
     </span>
    </p>
   </div>
   <div class='ocr_carea' id='block_1_11' title="bbox 547 970 2134 1051">
    <p class='ocr_par' dir='ltr' id='par_1_11' title="bbox 547 970 2134 1051">
     <span class='ocr_line' id='line_1_11' title="bbox 547 970 2134 1051; baseline -0.009 -15"><span class='ocrx_word' id='word_1_60' title='bbox 547 982 637 1051; x_wconf 85' lang='lat' dir='ltr'><strong>qui</strong></span> <span class='ocrx_word' id='word_1_61' title='bbox 665 980 784 1050; x_wconf 75' lang='lat' dir='ltr'><strong>fecit</strong></span> <span class='ocrx_word' id='word_1_62' title='bbox 809 978 996 1035; x_wconf 64' lang='lat' dir='ltr'><strong>coitum</strong></span> <span class='ocrx_word' id='word_1_63' title='bbox 1027 990 1075 1035; x_wconf 89' lang='lat' dir='ltr'><strong>et</strong></span> <span class='ocrx_word' id='word_1_64' title='bbox 1124 988 1333 1034; x_wconf 85' lang='lat' dir='ltr'><strong>terram.</strong></span> <span class='ocrx_word' id='word_1_65' title='bbox 1365 976 1531 1032; x_wconf 89' lang='lat' dir='ltr'><strong>Denis</strong></span> <span class='ocrx_word' id='word_1_66' title='bbox 1561 971 1742 1045; x_wconf 76' lang='lat' dir='ltr'><strong>quintis</strong></span> <span class='ocrx_word' id='word_1_67' title='bbox 1766 970 1979 1028; x_wconf 87' lang='lat' dir='ltr'><strong>cantica</strong></span> <span class='ocrx_word' id='word_1_68' title='bbox 2008 984 2134 1039; x_wconf 88' lang='lat' dir='ltr'><strong>gra-</strong></span> 
     </span>
    </p>
   </div>
   <div class='ocr_carea' id='block_1_12' title="bbox 543 1066 2140 1145">
    <p class='ocr_par' dir='ltr' id='par_1_12' title="bbox 543 1066 2140 1145">
     <span class='ocr_line' id='line_1_12' title="bbox 543 1066 2140 1145; baseline -0.007 -13"><span class='ocrx_word' id='word_1_69' title='bbox 543 1075 709 1133; x_wconf 92' lang='lat' dir='ltr'><strong>duum</strong></span> <span class='ocrx_word' id='word_1_70' title='bbox 740 1074 968 1145; x_wconf 86' lang='lat' dir='ltr'><strong>psalmis</strong></span> <span class='ocrx_word' id='word_1_71' title='bbox 1015 1074 1069 1129; x_wconf 89' lang='lat' dir='ltr'><strong>in</strong></span> <span class='ocrx_word' id='word_1_72' title='bbox 1113 1070 1497 1129; x_wconf 86' lang='lat' dir='ltr'><strong>benedictione</strong></span> <span class='ocrx_word' id='word_1_73' title='bbox 1532 1066 1872 1125; x_wconf 90' lang='lat' dir='ltr'><strong>concludens</strong></span> <span class='ocrx_word' id='word_1_74' title='bbox 1901 1079 1973 1120; x_wconf 78' lang='lat' dir='ltr'><strong>ex</strong></span> <span class='ocrx_word' id='word_1_75' title='bbox 2005 1075 2140 1121; x_wconf 76' lang='lat' dir='ltr'><strong>voce</strong></span> 
     </span>
    </p>
   </div>
   <div class='ocr_carea' id='block_1_13' title="bbox 545 1162 1540 1238">
    <p class='ocr_par' dir='ltr' id='par_1_13' title="bbox 545 1162 1540 1238">
     <span class='ocr_line' id='line_1_13' title="bbox 545 1162 1540 1238; baseline -0.007 -15"><span class='ocrx_word' id='word_1_76' title='bbox 545 1166 863 1238; x_wconf 87' lang='lat' dir='ltr'><strong>prophetica</strong></span> <span class='ocrx_word' id='word_1_77' title='bbox 894 1181 993 1223; x_wconf 87' lang='lat' dir='ltr'><strong>nos</strong></span> <span class='ocrx_word' id='word_1_78' title='bbox 1015 1165 1276 1221; x_wconf 89' lang='lat' dir='ltr'><strong>admonet</strong></span> <span class='ocrx_word' id='word_1_79' title='bbox 1304 1162 1495 1219; x_wconf 88' lang='lat' dir='ltr'><strong>dicens</strong></span> <span class='ocrx_word' id='word_1_80' title='bbox 1525 1177 1540 1216; x_wconf 87' lang='lat'><strong>:</strong></span> 
     </span>
    </p>
   </div>
   <div class='ocr_carea' id='block_1_14' title="bbox 1007 1251 1654 1315">
    <p class='ocr_par' dir='ltr' id='par_1_14' title="bbox 1007 1251 1654 1315">
     <span class='ocr_line' id='line_1_14' title="bbox 1007 1251 1654 1315; baseline -0.015 0"><span class='ocrx_word' id='word_1_81' title='bbox 1007 1255 1324 1315; x_wconf 79' lang='lat' dir='ltr'><strong>PSALMUS</strong></span> <span class='ocrx_word' id='word_1_82' title='bbox 1362 1251 1654 1311; x_wconf 76' lang='lat' dir='ltr'><strong>CXXXIV.</strong></span> 
     </span>
    </p>
   </div>
   <div class='ocr_carea' id='block_1_15' title="bbox 612 1342 2139 1415">
    <p class='ocr_par' dir='ltr' id='par_1_15' title="bbox 612 1342 2139 1415">
     <span class='ocr_line' id='line_1_15' title="bbox 612 1342 2139 1415; baseline -0.004 -11"><span class='ocrx_word' id='word_1_83' title='bbox 612 1349 851 1413; x_wconf 83' lang='lat' dir='ltr'><strong>Laudate</strong></span> <span class='ocrx_word' id='word_1_84' title='bbox 877 1365 1064 1404; x_wconf 86' lang='lat' dir='ltr'><strong>nomen</strong></span> <span class='ocrx_word' id='word_1_85' title='bbox 1087 1347 1324 1403; x_wconf 84' lang='lat' dir='ltr'><strong>Domini.</strong></span> <span class='ocrx_word' id='word_1_86' title='bbox 1353 1344 1508 1415; x_wconf 86' lang='lat' dir='ltr'><strong>Quod</strong></span> <span class='ocrx_word' id='word_1_87' title='bbox 1542 1361 1636 1415; x_wconf 90' lang='lat' dir='ltr'><strong>per</strong></span> <span class='ocrx_word' id='word_1_88' title='bbox 1667 1344 1825 1399; x_wconf 89' lang='lat' dir='ltr'><strong>tidem</strong></span> <span class='ocrx_word' id='word_1_89' title='bbox 1854 1342 2139 1413; x_wconf 88' lang='lat' dir='ltr'><strong>cognovis-</strong></span> 
     </span>
    </p>
   </div>
   <div class='ocr_carea' id='block_1_16' title="bbox 515 1432 2141 1511">
    <p class='ocr_par' dir='ltr' id='par_1_16' title="bbox 515 1432 2141 1511">
     <span class='ocr_line' id='line_1_16' title="bbox 515 1432 2141 1511; baseline -0.007 -14"><span class='ocrx_word' id='word_1_90' title='bbox 515 1440 613 1497; x_wconf 59' lang='lat' dir='ltr'><strong>&#39;tis</strong></span> <span class='ocrx_word' id='word_1_91' title='bbox 642 1455 767 1497; x_wconf 85' lang='lat' dir='ltr'><strong>esse</strong></span> <span class='ocrx_word' id='word_1_92' title='bbox 795 1456 955 1511; x_wconf 82' lang='lat' dir='ltr'><strong>super</strong></span> <span class='ocrx_word' id='word_1_93' title='bbox 993 1454 1157 1496; x_wconf 88' lang='lat' dir='ltr'><strong>omne</strong></span> <span class='ocrx_word' id='word_1_94' title='bbox 1187 1455 1403 1495; x_wconf 87' lang='lat' dir='ltr'><strong>nomen.</strong></span> <span class='ocrx_word' id='word_1_95' title='bbox 1437 1436 1707 1501; x_wconf 85' lang='lat' dir='ltr'><strong>Laudate,</strong></span> <span class='ocrx_word' id='word_1_96' title='bbox 1757 1435 1889 1493; x_wconf 85' lang='lat' dir='ltr'><strong>servi</strong></span> <span class='ocrx_word' id='word_1_97' title='bbox 1909 1476 1923 1500; x_wconf 90' lang='lat'><strong>,</strong></span> <span class='ocrx_word' id='word_1_98' title='bbox 1956 1432 2141 1490; x_wconf 82' lang='lat' dir='ltr'><strong>Domi-</strong></span> 
     </span>
    </p>
   </div>
   <div class='ocr_carea' id='block_1_17' title="bbox 541 1529 1692 1604">
    <p class='ocr_par' dir='ltr' id='par_1_17' title="bbox 541 1529 1692 1604">
     <span class='ocr_line' id='line_1_17' title="bbox 541 1529 1692 1604; baseline -0.008 -14"><span class='ocrx_word' id='word_1_99' title='bbox 541 1551 685 1590; x_wconf 88' lang='lat' dir='ltr'><strong>num.</strong></span> <span class='ocrx_word' id='word_1_100' title='bbox 711 1533 817 1601; x_wconf 90' lang='lat' dir='ltr'><strong>Qui</strong></span> <span class='ocrx_word' id='word_1_101' title='bbox 837 1534 1048 1604; x_wconf 82' lang='lat' dir='ltr'><strong>peccati</strong></span> <span class='ocrx_word' id='word_1_102' title='bbox 1076 1532 1261 1588; x_wconf 79' lang='lat' dir='ltr'><strong>famuli</strong></span> <span class='ocrx_word' id='word_1_103' title='bbox 1291 1545 1415 1587; x_wconf 91' lang='lat' dir='ltr'><strong>esse</strong></span> <span class='ocrx_word' id='word_1_104' title='bbox 1433 1529 1692 1585; x_wconf 71' lang='lat' dir='ltr'><strong>desiistis.</strong></span> 
     </span>
    </p>
   </div>
   <div class='ocr_carea' id='block_1_18' title="bbox 616 1616 2139 1694">
    <p class='ocr_par' dir='ltr' id='par_1_18' title="bbox 616 1616 2139 1694">
     <span class='ocr_line' id='line_1_18' title="bbox 616 1616 2139 1694; baseline -0.008 -11"><span class='ocrx_word' id='word_1_105' title='bbox 616 1628 720 1694; x_wconf 90' lang='lat' dir='ltr'><strong>Qui</strong></span> <span class='ocrx_word' id='word_1_106' title='bbox 742 1627 894 1681; x_wconf 81' lang='lat' dir='ltr'><strong>statis</strong></span> <span class='ocrx_word' id='word_1_107' title='bbox 911 1627 966 1680; x_wconf 91' lang='lat' dir='ltr'><strong>in</strong></span> <span class='ocrx_word' id='word_1_108' title='bbox 987 1625 1145 1679; x_wconf 82' lang='lat' dir='ltr'><strong>donto</strong></span> <span class='ocrx_word' id='word_1_109' title='bbox 1168 1624 1381 1678; x_wconf 81' lang='lat' dir='ltr'><strong>Domini</strong></span> <span class='ocrx_word' id='word_1_110' title='bbox 1404 1638 1423 1678; x_wconf 88' lang='lat'><strong>:</strong></span> <span class='ocrx_word' id='word_1_111' title='bbox 1444 1623 1498 1677; x_wconf 92' lang='lat' dir='ltr'><strong>in</strong></span> <span class='ocrx_word' id='word_1_112' title='bbox 1518 1620 1676 1675; x_wconf 83' lang='lat' dir='ltr'><strong>atriis</strong></span> <span class='ocrx_word' id='word_1_113' title='bbox 1696 1618 1878 1677; x_wconf 83' lang='lat' dir='ltr'><strong>domus</strong></span> <span class='ocrx_word' id='word_1_114' title='bbox 1894 1616 1994 1674; x_wconf 86' lang='lat' dir='ltr'><strong>Dei</strong></span> <span class='ocrx_word' id='word_1_115' title='bbox 2015 1632 2139 1672; x_wconf 87' lang='lat' dir='ltr'><strong>nos-</strong></span> 
     </span>
    </p>
   </div>
   <div class='ocr_carea' id='block_1_19' title="bbox 545 1714 1751 1788">
    <p class='ocr_par' dir='ltr' id='par_1_19' title="bbox 545 1714 1751 1788">
     <span class='ocr_line' id='line_1_19' title="bbox 545 1714 1751 1788; baseline -0.007 -13"><span class='ocrx_word' id='word_1_116' title='bbox 545 1721 635 1775; x_wconf 88' lang='lat' dir='ltr'><strong>tri.</strong></span> <span class='ocrx_word' id='word_1_117' title='bbox 666 1720 768 1788; x_wconf 85' lang='lat' dir='ltr'><strong>Qui</strong></span> <span class='ocrx_word' id='word_1_118' title='bbox 800 1720 1151 1774; x_wconf 85' lang='lat' dir='ltr'><strong>immobiliter</strong></span> <span class='ocrx_word' id='word_1_119' title='bbox 1177 1718 1229 1773; x_wconf 92' lang='lat' dir='ltr'><strong>in</strong></span> <span class='ocrx_word' id='word_1_120' title='bbox 1255 1732 1321 1772; x_wconf 90' lang='lat' dir='ltr'><strong>eo</strong></span> <span class='ocrx_word' id='word_1_121' title='bbox 1343 1714 1566 1786; x_wconf 85' lang='lat' dir='ltr'><strong>plantati</strong></span> <span class='ocrx_word' id='word_1_122' title='bbox 1594 1714 1751 1770; x_wconf 84' lang='lat' dir='ltr'><strong>estis.</strong></span> 
     </span>
    </p>
   </div>
   <div class='ocr_carea' id='block_1_20' title="bbox 2242 488 3838 564">
    <p class='ocr_par' dir='ltr' id='par_1_20' title="bbox 2242 488 3838 564">
     <span class='ocr_line' id='line_1_20' title="bbox 2242 488 3838 564; baseline -0.001 -17"><span class='ocrx_word' id='word_1_123' title='bbox 2242 491 2409 548; x_wconf 89' lang='lat' dir='ltr'><strong>Israel</strong></span> <span class='ocrx_word' id='word_1_124' title='bbox 2464 492 2657 564; x_wconf 88' lang='lat' dir='ltr'><strong>papula</strong></span> <span class='ocrx_word' id='word_1_125' title='bbox 2694 509 2806 547; x_wconf 89' lang='lat' dir='ltr'><strong>suo.</strong></span> <span class='ocrx_word' id='word_1_126' title='bbox 2843 491 2972 547; x_wconf 69' lang='grc' dir='ltr'><strong>11ιιό</strong></span> <span class='ocrx_word' id='word_1_127' title='bbox 3016 490 3197 546; x_wconf 86' lang='lat' dir='ltr'><strong>omnia</strong></span> <span class='ocrx_word' id='word_1_128' title='bbox 3231 488 3438 546; x_wconf 82' lang='lat' dir='ltr'><strong>delevit</strong></span> <span class='ocrx_word' id='word_1_129' title='bbox 3487 489 3635 547; x_wconf 90' lang='lat' dir='ltr'><strong>Deus</strong></span> <span class='ocrx_word' id='word_1_130' title='bbox 3687 505 3838 561; x_wconf 88' lang='lat' dir='ltr'><strong>atque</strong></span> 
     </span>
    </p>
   </div>
   <div class='ocr_carea' id='block_1_21' title="bbox 2240 581 3837 657">
    <p class='ocr_par' dir='ltr' id='par_1_21' title="bbox 2240 581 3837 657">
     <span class='ocr_line' id='line_1_21' title="bbox 2240 581 3837 657; baseline -0.001 -16"><span class='ocrx_word' id='word_1_131' title='bbox 2240 585 2508 641; x_wconf 83' lang='lat' dir='ltr'><strong>subvertit</strong></span> <span class='ocrx_word' id='word_1_132' title='bbox 2539 601 2552 639; x_wconf 92' lang='lat'><strong>:</strong></span> <span class='ocrx_word' id='word_1_133' title='bbox 2582 599 2789 657; x_wconf 89' lang='lat' dir='ltr'><strong>nosque</strong></span> <span class='ocrx_word' id='word_1_134' title='bbox 2814 598 2912 654; x_wconf 88' lang='lat' dir='ltr'><strong>per</strong></span> <span class='ocrx_word' id='word_1_135' title='bbox 2942 581 3307 655; x_wconf 69' lang='lat' dir='ltr'><strong>cognitionem</strong></span> <span class='ocrx_word' id='word_1_136' title='bbox 3332 595 3487 638; x_wconf 88' lang='lat' dir='ltr'><strong>suam</strong></span> <span class='ocrx_word' id='word_1_137' title='bbox 3521 582 3576 638; x_wconf 86' lang='lat' dir='ltr'><strong>in</strong></span> <span class='ocrx_word' id='word_1_138' title='bbox 3610 581 3837 640; x_wconf 56' lang='lat' dir='ltr'><strong>haeredic</strong></span> 
     </span>
    </p>
   </div>
   <div class='ocr_carea' id='block_1_22' title="bbox 2243 673 3838 747">
    <p class='ocr_par' dir='ltr' id='par_1_22' title="bbox 2243 673 3838 747">
     <span class='ocr_line' id='line_1_22' title="bbox 2243 673 3838 747; baseline -0.001 -15"><span class='ocrx_word' id='word_1_139' title='bbox 2243 685 2407 734; x_wconf 84' lang='lat' dir='ltr'><strong>tatem</strong></span> <span class='ocrx_word' id='word_1_140' title='bbox 2452 676 2677 744; x_wconf 82' lang='lat' dir='ltr'><strong>ascivit,</strong></span> <span class='ocrx_word' id='word_1_141' title='bbox 2712 685 2771 731; x_wconf 90' lang='lat' dir='ltr'><strong>ut</strong></span> <span class='ocrx_word' id='word_1_142' title='bbox 2798 675 2931 746; x_wconf 68' lang='lat' dir='ltr'><strong>ipsis</strong></span> <span class='ocrx_word' id='word_1_143' title='bbox 2975 675 3069 747; x_wconf 92' lang='lat' dir='ltr'><strong>qui</strong></span> <span class='ocrx_word' id='word_1_144' title='bbox 3111 690 3219 731; x_wconf 92' lang='lat' dir='ltr'><strong>non</strong></span> <span class='ocrx_word' id='word_1_145' title='bbox 3249 673 3567 731; x_wconf 78' lang='lat' dir='ltr'><strong>alllixerant</strong></span> <span class='ocrx_word' id='word_1_146' title='bbox 3599 673 3838 733; x_wconf 87' lang='lat' dir='ltr'><strong>domina-</strong></span> 
     </span>
    </p>
   </div>
   <div class='ocr_carea' id='block_1_23' title="bbox 2238 766 2730 842">
    <p class='ocr_par' dir='ltr' id='par_1_23' title="bbox 2238 766 2730 842">
     <span class='ocr_line' id='line_1_23' title="bbox 2238 766 2730 842; baseline -0.006 -19"><span class='ocrx_word' id='word_1_147' title='bbox 2238 783 2447 842; x_wconf 80' lang='lat' dir='ltr'><strong>remur,</strong></span> <span class='ocrx_word' id='word_1_148' title='bbox 2479 766 2730 825; x_wconf 82' lang='lat' dir='ltr'><strong>indulsit.</strong></span> 
     </span>
    </p>
   </div>
   <div class='ocr_carea' id='block_1_24' title="bbox 2312 856 3833 931">
    <p class='ocr_par' dir='ltr' id='par_1_24' title="bbox 2312 856 3833 931">
     <span class='ocr_line' id='line_1_24' title="bbox 2312 856 3833 931; baseline -0.001 -17"><span class='ocrx_word' id='word_1_149' title='bbox 2312 858 2571 931; x_wconf 86' lang='lat' dir='ltr'><strong>Domine,</strong></span> <span class='ocrx_word' id='word_1_150' title='bbox 2605 875 2793 915; x_wconf 84' lang='lat' dir='ltr'><strong>nomen</strong></span> <span class='ocrx_word' id='word_1_151' title='bbox 2836 868 2985 915; x_wconf 88' lang='lat' dir='ltr'><strong>tuum</strong></span> <span class='ocrx_word' id='word_1_152' title='bbox 3015 859 3069 913; x_wconf 90' lang='lat' dir='ltr'><strong>in</strong></span> <span class='ocrx_word' id='word_1_153' title='bbox 3095 866 3367 915; x_wconf 62' lang='lat' dir='ltr'><strong>aeternum.</strong></span> <span class='ocrx_word' id='word_1_154' title='bbox 3413 856 3509 912; x_wconf 93' lang='lat' dir='ltr'><strong>lllo</strong></span> <span class='ocrx_word' id='word_1_155' title='bbox 3548 856 3602 913; x_wconf 90' lang='lat' dir='ltr'><strong>in</strong></span> <span class='ocrx_word' id='word_1_156' title='bbox 3647 872 3833 929; x_wconf 87' lang='lat' dir='ltr'><strong>perpe-</strong></span> 
     </span>
    </p>
   </div>
   <div class='ocr_carea' id='block_1_25' title="bbox 2242 949 3835 1023">
    <p class='ocr_par' dir='ltr' id='par_1_25' title="bbox 2242 949 3835 1023">
     <span class='ocr_line' id='line_1_25' title="bbox 2242 949 3835 1023; baseline 0 -16"><span class='ocrx_word' id='word_1_157' title='bbox 2242 960 2392 1007; x_wconf 91' lang='lat' dir='ltr'><strong>tuum</strong></span> <span class='ocrx_word' id='word_1_158' title='bbox 2436 959 2791 1021; x_wconf 86' lang='lat' dir='ltr'><strong>permanente</strong></span> <span class='ocrx_word' id='word_1_159' title='bbox 2812 995 2826 1020; x_wconf 95' lang='lat'><strong>,</strong></span> <span class='ocrx_word' id='word_1_160' title='bbox 2876 951 2981 1006; x_wconf 83' lang='lat' dir='ltr'><strong>hoc</strong></span> <span class='ocrx_word' id='word_1_161' title='bbox 3019 949 3178 1006; x_wconf 91' lang='lat' dir='ltr'><strong>nobis</strong></span> <span class='ocrx_word' id='word_1_162' title='bbox 3210 951 3283 1006; x_wconf 91' lang='lat' dir='ltr'><strong>sit</strong></span> <span class='ocrx_word' id='word_1_163' title='bbox 3314 949 3611 1006; x_wconf 78' lang='lat' dir='ltr'><strong>lia-reditas</strong></span> <span class='ocrx_word' id='word_1_164' title='bbox 3644 951 3835 1023; x_wconf 88' lang='lat' dir='ltr'><strong>sempi-</strong></span> 
     </span>
    </p>
   </div>
   <div class='ocr_carea' id='block_1_26' title="bbox 2242 1043 3830 1112">
    <p class='ocr_par' dir='ltr' id='par_1_26' title="bbox 2242 1043 3830 1112">
     <span class='ocr_line' id='line_1_26' title="bbox 2242 1043 3830 1112; baseline -0.002 -9"><span class='ocrx_word' id='word_1_165' title='bbox 2242 1056 2416 1103; x_wconf 88' lang='lat' dir='ltr'><strong>terna.</strong></span> <span class='ocrx_word' id='word_1_166' title='bbox 2464 1045 2685 1102; x_wconf 81' lang='lat' dir='ltr'><strong>Domine</strong></span> <span class='ocrx_word' id='word_1_167' title='bbox 2706 1087 2721 1112; x_wconf 91' lang='lat'><strong>,</strong></span> <span class='ocrx_word' id='word_1_168' title='bbox 2753 1045 3052 1100; x_wconf 89' lang='lat' dir='ltr'><strong>memoriale</strong></span> <span class='ocrx_word' id='word_1_169' title='bbox 3083 1055 3229 1101; x_wconf 89' lang='lat' dir='ltr'><strong>tuum</strong></span> <span class='ocrx_word' id='word_1_170' title='bbox 3258 1046 3312 1100; x_wconf 91' lang='lat' dir='ltr'><strong>in</strong></span> <span class='ocrx_word' id='word_1_171' title='bbox 3352 1043 3607 1101; x_wconf 78' lang='lat' dir='ltr'><strong>steculum</strong></span> <span class='ocrx_word' id='word_1_172' title='bbox 3647 1045 3830 1102; x_wconf 67' lang='lat' dir='ltr'><strong>seaculi.</strong></span> 
     </span>
    </p>
   </div>
   <div class='ocr_carea' id='block_1_27' title="bbox 2239 1136 3830 1213">
    <p class='ocr_par' dir='ltr' id='par_1_27' title="bbox 2239 1136 3830 1213">
     <span class='ocr_line' id='line_1_27' title="bbox 2239 1136 3830 1213; baseline -0.001 -18"><span class='ocrx_word' id='word_1_173' title='bbox 2239 1137 2310 1195; x_wconf 92' lang='lat' dir='ltr'><strong>Ut</strong></span> <span class='ocrx_word' id='word_1_174' title='bbox 2331 1138 2475 1211; x_wconf 90' lang='lat' dir='ltr'><strong>quod</strong></span> <span class='ocrx_word' id='word_1_175' title='bbox 2504 1138 2665 1211; x_wconf 89' lang='lat' dir='ltr'><strong>Legis</strong></span> <span class='ocrx_word' id='word_1_176' title='bbox 2696 1138 2897 1195; x_wconf 86' lang='lat' dir='ltr'><strong>veteris</strong></span> <span class='ocrx_word' id='word_1_177' title='bbox 2924 1137 3114 1193; x_wconf 90' lang='lat' dir='ltr'><strong>umbra</strong></span> <span class='ocrx_word' id='word_1_178' title='bbox 3144 1136 3517 1213; x_wconf 69' lang='lat' dir='ltr'><strong>prmiiguravit</strong></span> <span class='ocrx_word' id='word_1_179' title='bbox 3543 1154 3555 1190; x_wconf 74' lang='grc' dir='ltr'>ε</span> <span class='ocrx_word' id='word_1_180' title='bbox 3589 1136 3648 1193; x_wconf 91' lang='lat' dir='ltr'><strong>in</strong></span> <span class='ocrx_word' id='word_1_181' title='bbox 3674 1137 3830 1193; x_wconf 85' lang='lat' dir='ltr'><strong>altera</strong></span> 
     </span>
    </p>
   </div>
   <div class='ocr_carea' id='block_1_28' title="bbox 2241 1229 3497 1303">
    <p class='ocr_par' dir='ltr' id='par_1_28' title="bbox 2241 1229 3497 1303">
     <span class='ocr_line' id='line_1_28' title="bbox 2241 1229 3497 1303; baseline -0.002 -16"><span class='ocrx_word' id='word_1_182' title='bbox 2241 1232 2467 1298; x_wconf 69' lang='lat' dir='ltr'><strong>smculo,</strong></span> <span class='ocrx_word' id='word_1_183' title='bbox 2501 1231 2552 1286; x_wconf 93' lang='lat' dir='ltr'><strong>id</strong></span> <span class='ocrx_word' id='word_1_184' title='bbox 2584 1241 2696 1299; x_wconf 87' lang='lat' dir='ltr'><strong>est,</strong></span> <span class='ocrx_word' id='word_1_185' title='bbox 2729 1230 2780 1285; x_wconf 89' lang='lat' dir='ltr'><strong>in</strong></span> <span class='ocrx_word' id='word_1_186' title='bbox 2816 1229 3123 1301; x_wconf 84' lang='lat' dir='ltr'><strong>Evangeliis</strong></span> <span class='ocrx_word' id='word_1_187' title='bbox 3146 1240 3497 1303; x_wconf 76' lang='lat' dir='ltr'><strong>agnoscatur.</strong></span> 
     </span>
    </p>
   </div>
   <div class='ocr_carea' id='block_1_29' title="bbox 2317 1323 3829 1399">
    <p class='ocr_par' dir='ltr' id='par_1_29' title="bbox 2317 1323 3829 1399">
     <span class='ocr_line' id='line_1_29' title="bbox 2317 1323 3829 1399; baseline -0.001 -18"><span class='ocrx_word' id='word_1_188' title='bbox 2317 1326 2455 1395; x_wconf 84' lang='lat' dir='ltr'><strong>Quia</strong></span> <span class='ocrx_word' id='word_1_189' title='bbox 2490 1327 2753 1399; x_wconf 77' lang='lat' dir='ltr'><strong>judicavit</strong></span> <span class='ocrx_word' id='word_1_190' title='bbox 2797 1325 3057 1381; x_wconf 76' lang='lat' dir='ltr'><strong>Dominus</strong></span> <span class='ocrx_word' id='word_1_191' title='bbox 3103 1325 3355 1399; x_wconf 82' lang='lat' dir='ltr'><strong>populum</strong></span> <span class='ocrx_word' id='word_1_192' title='bbox 3402 1342 3579 1381; x_wconf 88' lang='lat' dir='ltr'><strong>suum.</strong></span> <span class='ocrx_word' id='word_1_193' title='bbox 3627 1323 3829 1381; x_wconf 67' lang='lat' dir='ltr'><strong>Judaeos</strong></span> 
     </span>
    </p>
   </div>
   <div class='ocr_carea' id='block_1_30' title="bbox 2240 1417 3827 1492">
    <p class='ocr_par' dir='ltr' id='par_1_30' title="bbox 2240 1417 3827 1492">
     <span class='ocr_line' id='line_1_30' title="bbox 2240 1417 3827 1492; baseline -0.003 -15"><span class='ocrx_word' id='word_1_194' title='bbox 2240 1435 2350 1477; x_wconf 92' lang='lat' dir='ltr'><strong>non</strong></span> <span class='ocrx_word' id='word_1_195' title='bbox 2374 1419 2667 1476; x_wconf 88' lang='lat' dir='ltr'><strong>credentes</strong></span> <span class='ocrx_word' id='word_1_196' title='bbox 2697 1436 2710 1474; x_wconf 90' lang='lat'><strong>:</strong></span> <span class='ocrx_word' id='word_1_197' title='bbox 2739 1418 2828 1492; x_wconf 90' lang='lat' dir='ltr'><strong>qui</strong></span> <span class='ocrx_word' id='word_1_198' title='bbox 2859 1433 3001 1474; x_wconf 90' lang='lat' dir='ltr'><strong>nunc</strong></span> <span class='ocrx_word' id='word_1_199' title='bbox 3026 1418 3138 1489; x_wconf 88' lang='lat' dir='ltr'><strong>jam</strong></span> <span class='ocrx_word' id='word_1_200' title='bbox 3164 1417 3397 1489; x_wconf 75' lang='lat' dir='ltr'><strong>iudicati</strong></span> <span class='ocrx_word' id='word_1_201' title='bbox 3416 1429 3567 1487; x_wconf 88' lang='lat' dir='ltr'><strong>sunt,</strong></span> <span class='ocrx_word' id='word_1_202' title='bbox 3588 1433 3713 1473; x_wconf 90' lang='lat' dir='ltr'><strong>cum</strong></span> <span class='ocrx_word' id='word_1_203' title='bbox 3734 1434 3827 1475; x_wconf 89' lang='lat' dir='ltr'><strong>non</strong></span> 
     </span>
    </p>
   </div>
   <div class='ocr_carea' id='block_1_31' title="bbox 2240 1508 3829 1568">
    <p class='ocr_par' dir='ltr' id='par_1_31' title="bbox 2240 1508 3829 1568">
     <span class='ocr_line' id='line_1_31' title="bbox 2240 1508 3829 1568; baseline -0.001 0"><span class='ocrx_word' id='word_1_204' title='bbox 2240 1510 2598 1568; x_wconf 86' lang='lat' dir='ltr'><strong>crediderint.</strong></span> <span class='ocrx_word' id='word_1_205' title='bbox 2632 1509 2695 1566; x_wconf 88' lang='lat' dir='ltr'><strong>Et</strong></span> <span class='ocrx_word' id='word_1_206' title='bbox 2724 1511 2778 1566; x_wconf 88' lang='lat' dir='ltr'><strong>in</strong></span> <span class='ocrx_word' id='word_1_207' title='bbox 2806 1508 2967 1566; x_wconf 83' lang='lat' dir='ltr'><strong>servis</strong></span> <span class='ocrx_word' id='word_1_208' title='bbox 2990 1510 3091 1565; x_wconf 87' lang='lat' dir='ltr'><strong>tuis</strong></span> <span class='ocrx_word' id='word_1_209' title='bbox 3123 1510 3500 1567; x_wconf 80' lang='lat' dir='ltr'><strong>consolabitur.</strong></span> <span class='ocrx_word' id='word_1_210' title='bbox 3531 1509 3590 1567; x_wconf 86' lang='lat' dir='ltr'><strong>In</strong></span> <span class='ocrx_word' id='word_1_211' title='bbox 3619 1511 3829 1567; x_wconf 82' lang='lat' dir='ltr'><strong>creden-</strong></span> 
     </span>
    </p>
   </div>
   <div class='ocr_carea' id='block_1_32' title="bbox 2228 1603 2627 1675">
    <p class='ocr_par' dir='ltr' id='par_1_32' title="bbox 2228 1603 2627 1675">
     <span class='ocr_line' id='line_1_32' title="bbox 2228 1603 2627 1675; baseline -0.005 -14"><span class='ocrx_word' id='word_1_212' title='bbox 2228 1603 2388 1663; x_wconf 70' lang='lat' dir='ltr'><strong>tibus</strong></span> <span class='ocrx_word' id='word_1_213' title='bbox 2419 1604 2627 1675; x_wconf 87' lang='lat' dir='ltr'><strong>utique.</strong></span> 
     </span>
    </p>
   </div>
   <div class='ocr_carea' id='block_1_33' title="bbox 2315 1694 3829 1771">
    <p class='ocr_par' dir='ltr' id='par_1_33' title="bbox 2315 1694 3829 1771">
     <span class='ocr_line' id='line_1_33' title="bbox 2315 1694 3829 1771; baseline 0.001 -19"><span class='ocrx_word' id='word_1_214' title='bbox 2315 1694 2616 1752; x_wconf 88' lang='lat' dir='ltr'><strong>Simulacra</strong></span> <span class='ocrx_word' id='word_1_215' title='bbox 2641 1696 2868 1767; x_wconf 82' lang='lat' dir='ltr'><strong>gentium</strong></span> <span class='ocrx_word' id='word_1_216' title='bbox 2895 1705 3168 1768; x_wconf 82' lang='lat' dir='ltr'><strong>argentum</strong></span> <span class='ocrx_word' id='word_1_217' title='bbox 3203 1707 3253 1752; x_wconf 80' lang='lat' dir='ltr'><strong>et</strong></span> <span class='ocrx_word' id='word_1_218' title='bbox 3290 1713 3480 1752; x_wconf 87' lang='lat' dir='ltr'><strong>aurum</strong></span> <span class='ocrx_word' id='word_1_219' title='bbox 3501 1742 3518 1768; x_wconf 90' lang='lat'><strong>,</strong></span> <span class='ocrx_word' id='word_1_220' title='bbox 3552 1714 3708 1771; x_wconf 81' lang='lat' dir='ltr'><strong>opera</strong></span> <span class='ocrx_word' id='word_1_221' title='bbox 3733 1714 3829 1753; x_wconf 83' lang='lat' dir='ltr'><strong>nta-</strong></span> 
     </span>
    </p>
   </div>
   <div class='ocr_carea' id='block_1_34' title="bbox 612 1789 3826 1879">
    <p class='ocr_par' dir='ltr' id='par_1_34' title="bbox 612 1789 3826 1879">
     <span class='ocr_line' id='line_1_34' title="bbox 612 1789 3826 1879; baseline -0.007 -15"><span class='ocrx_word' id='word_1_222' title='bbox 612 1809 854 1865; x_wconf 76' lang='lat' dir='ltr'><strong>Laudata</strong></span> <span class='ocrx_word' id='word_1_223' title='bbox 876 1808 1183 1875; x_wconf 88' lang='lat' dir='ltr'><strong>Dominum,</strong></span> <span class='ocrx_word' id='word_1_224' title='bbox 1206 1808 1327 1879; x_wconf 87' lang='lat' dir='ltr'><strong>quia</strong></span> <span class='ocrx_word' id='word_1_225' title='bbox 1345 1806 1592 1878; x_wconf 86' lang='lat' dir='ltr'><strong>benignus</strong></span> <span class='ocrx_word' id='word_1_226' title='bbox 1617 1814 1694 1860; x_wconf 86' lang='lat' dir='ltr'><strong>est</strong></span> <span class='ocrx_word' id='word_1_227' title='bbox 1716 1804 1992 1865; x_wconf 82' lang='lat' dir='ltr'><strong>Dominus.</strong></span> <span class='ocrx_word' id='word_1_228' title='bbox 2017 1803 2140 1859; x_wconf 87' lang='lat' dir='ltr'><strong>Cito</strong></span> <span class='ocrx_word' id='word_1_229' title='bbox 2175 1793 2220 1852; x_wconf 90' lang='grc' dir='ltr'><strong>Β</strong></span> <span class='ocrx_word' id='word_1_230' title='bbox 2245 1805 2407 1844; x_wconf 74' lang='lat' dir='ltr'><strong>nullm</strong></span> <span class='ocrx_word' id='word_1_231' title='bbox 2459 1789 2758 1861; x_wconf 73' lang='lat' dir='ltr'><strong>hominum,</strong></span> <span class='ocrx_word' id='word_1_232' title='bbox 2816 1805 2874 1844; x_wconf 79' lang='lat' dir='ltr'><strong>os</strong></span> <span class='ocrx_word' id='word_1_233' title='bbox 2921 1789 3107 1845; x_wconf 80' lang='lat' dir='ltr'><strong>habent</strong></span> <span class='ocrx_word' id='word_1_234' title='bbox 3154 1799 3203 1847; x_wconf 87' lang='lat' dir='ltr'><strong>et</strong></span> <span class='ocrx_word' id='word_1_235' title='bbox 3251 1807 3354 1845; x_wconf 90' lang='lat' dir='ltr'><strong>non</strong></span> <span class='ocrx_word' id='word_1_236' title='bbox 3388 1792 3689 1862; x_wconf 79' lang='lat' dir='ltr'><strong>loquentur,</strong></span> <span class='ocrx_word' id='word_1_237' title='bbox 3733 1801 3826 1848; x_wconf 83' lang='lat' dir='ltr'><strong>etc.</strong></span> 
     </span>
    </p>
   </div>
   <div class='ocr_carea' id='block_1_35' title="bbox 537 1898 2140 1974">
    <p class='ocr_par' dir='ltr' id='par_1_35' title="bbox 537 1898 2140 1974">
     <span class='ocr_line' id='line_1_35' title="bbox 537 1898 2140 1974; baseline -0.007 -15"><span class='ocrx_word' id='word_1_238' title='bbox 537 1904 686 1959; x_wconf 85' lang='lat' dir='ltr'><strong>enim</strong></span> <span class='ocrx_word' id='word_1_239' title='bbox 710 1901 1103 1974; x_wconf 67' lang='lat' dir='ltr'><strong>penitentibus</strong></span> <span class='ocrx_word' id='word_1_240' title='bbox 1123 1901 1335 1956; x_wconf 84' lang='lat' dir='ltr'><strong>veniam</strong></span> <span class='ocrx_word' id='word_1_241' title='bbox 1362 1908 1622 1970; x_wconf 61' lang='lat' dir='ltr'><strong>praestat:</strong></span> <span class='ocrx_word' id='word_1_242' title='bbox 1652 1914 1803 1969; x_wconf 91' lang='lat' dir='ltr'><strong>spem</strong></span> <span class='ocrx_word' id='word_1_243' title='bbox 1826 1898 1989 1954; x_wconf 84' lang='lat' dir='ltr'><strong>etiam</strong></span> <span class='ocrx_word' id='word_1_244' title='bbox 2012 1912 2140 1951; x_wconf 87' lang='lat' dir='ltr'><strong>nos-</strong></span> 
     </span>
    </p>
   </div>
   <div class='ocr_carea' id='block_1_36' title="bbox 551 1989 2141 2063">
    <p class='ocr_par' dir='ltr' id='par_1_36' title="bbox 551 1989 2141 2063">
     <span class='ocr_line' id='line_1_36' title="bbox 551 1989 2141 2063; baseline -0.004 -14"><span class='ocrx_word' id='word_1_245' title='bbox 551 2005 720 2061; x_wconf 86' lang='lat' dir='ltr'><strong>tram,</strong></span> <span class='ocrx_word' id='word_1_246' title='bbox 772 2008 870 2050; x_wconf 88' lang='lat' dir='ltr'><strong>sua</strong></span> <span class='ocrx_word' id='word_1_247' title='bbox 916 1993 1220 2063; x_wconf 86' lang='lat' dir='ltr'><strong>adimplens</strong></span> <span class='ocrx_word' id='word_1_248' title='bbox 1272 1992 1626 2063; x_wconf 89' lang='lat' dir='ltr'><strong>benignitate.</strong></span> <span class='ocrx_word' id='word_1_249' title='bbox 1673 1989 1895 2045; x_wconf 87' lang='lat' dir='ltr'><strong>Psallite</strong></span> <span class='ocrx_word' id='word_1_250' title='bbox 1942 1990 2141 2044; x_wconf 88' lang='lat' dir='ltr'><strong>nomini</strong></span> 
     </span>
    </p>
   </div>
   <div class='ocr_carea' id='block_1_37' title="bbox 548 2082 2140 2157">
    <p class='ocr_par' dir='ltr' id='par_1_37' title="bbox 548 2082 2140 2157">
     <span class='ocr_line' id='line_1_37' title="bbox 548 2082 2140 2157; baseline -0.003 -16"><span class='ocrx_word' id='word_1_251' title='bbox 548 2087 683 2157; x_wconf 84' lang='lat' dir='ltr'><strong>ejus,</strong></span> <span class='ocrx_word' id='word_1_252' title='bbox 711 2087 838 2156; x_wconf 82' lang='lat' dir='ltr'><strong>quia</strong></span> <span class='ocrx_word' id='word_1_253' title='bbox 862 2101 1019 2141; x_wconf 79' lang='lat' dir='ltr'><strong>suave</strong></span> <span class='ocrx_word' id='word_1_254' title='bbox 1045 2094 1139 2141; x_wconf 83' lang='lat' dir='ltr'><strong>est.</strong></span> <span class='ocrx_word' id='word_1_255' title='bbox 1171 2084 1287 2140; x_wconf 88' lang='lat' dir='ltr'><strong>Non</strong></span> <span class='ocrx_word' id='word_1_256' title='bbox 1306 2085 1451 2140; x_wconf 91' lang='lat' dir='ltr'><strong>enim</strong></span> <span class='ocrx_word' id='word_1_257' title='bbox 1477 2084 1740 2154; x_wconf 76' lang='lat' dir='ltr'><strong>processit</strong></span> <span class='ocrx_word' id='word_1_258' title='bbox 1761 2082 1830 2139; x_wconf 88' lang='lat' dir='ltr'><strong>ab</strong></span> <span class='ocrx_word' id='word_1_259' title='bbox 1851 2098 1921 2138; x_wconf 93' lang='lat' dir='ltr'><strong>eo</strong></span> <span class='ocrx_word' id='word_1_260' title='bbox 1944 2096 2140 2151; x_wconf 83' lang='lat' dir='ltr'><strong>aspera</strong></span> 
     </span>
    </p>
   </div>
   <div class='ocr_carea' id='block_1_38' title="bbox 550 2175 2137 2248">
    <p class='ocr_par' dir='ltr' id='par_1_38' title="bbox 550 2175 2137 2248">
     <span class='ocr_line' id='line_1_38' title="bbox 550 2175 2137 2248; baseline -0.003 -15"><span class='ocrx_word' id='word_1_261' title='bbox 550 2178 929 2235; x_wconf 80' lang='lat' dir='ltr'><strong>luereticorum</strong></span> <span class='ocrx_word' id='word_1_262' title='bbox 960 2179 1320 2248; x_wconf 79' lang='lat' dir='ltr'><strong>perversitas;</strong></span> <span class='ocrx_word' id='word_1_263' title='bbox 1352 2175 1449 2233; x_wconf 85' lang='lat' dir='ltr'><strong>sed</strong></span> <span class='ocrx_word' id='word_1_264' title='bbox 1482 2191 1576 2244; x_wconf 90' lang='lat' dir='ltr'><strong>per</strong></span> <span class='ocrx_word' id='word_1_265' title='bbox 1603 2176 1773 2246; x_wconf 84' lang='lat' dir='ltr'><strong>ipsam</strong></span> <span class='ocrx_word' id='word_1_266' title='bbox 1812 2175 2137 2230; x_wconf 78' lang='lat' dir='ltr'><strong>suavitatem</strong></span> 
     </span>
    </p>
   </div>
   <div class='ocr_carea' id='block_1_39' title="bbox 546 2267 1612 2339">
    <p class='ocr_par' dir='ltr' id='par_1_39' title="bbox 546 2267 1612 2339">
     <span class='ocr_line' id='line_1_39' title="bbox 546 2267 1612 2339; baseline -0.003 -16"><span class='ocrx_word' id='word_1_267' title='bbox 546 2284 577 2323; x_wconf 92' lang='lat' dir='ltr'><strong>a</strong></span> <span class='ocrx_word' id='word_1_268' title='bbox 609 2268 863 2339; x_wconf 85' lang='lat' dir='ltr'><strong>squalore</strong></span> <span class='ocrx_word' id='word_1_269' title='bbox 885 2268 1206 2339; x_wconf 78' lang='lat' dir='ltr'><strong>gentilitatis</strong></span> <span class='ocrx_word' id='word_1_270' title='bbox 1229 2267 1372 2324; x_wconf 88' lang='lat' dir='ltr'><strong>eruti</strong></span> <span class='ocrx_word' id='word_1_271' title='bbox 1402 2281 1612 2323; x_wconf 90' lang='lat' dir='ltr'><strong>sumus.</strong></span> 
     </span>
    </p>
   </div>
   <div class='ocr_carea' id='block_1_40' title="bbox 617 2357 2137 2431">
    <p class='ocr_par' dir='ltr' id='par_1_40' title="bbox 617 2357 2137 2431">
     <span class='ocr_line' id='line_1_40' title="bbox 617 2357 2137 2431; baseline -0.004 -15"><span class='ocrx_word' id='word_1_272' title='bbox 617 2363 878 2428; x_wconf 78' lang='lat' dir='ltr'><strong>Quoniam</strong></span> <span class='ocrx_word' id='word_1_273' title='bbox 915 2360 1081 2416; x_wconf 74' lang='lat' dir='ltr'><strong>Iacob</strong></span> <span class='ocrx_word' id='word_1_274' title='bbox 1109 2360 1261 2431; x_wconf 80' lang='lat' dir='ltr'><strong>elegit</strong></span> <span class='ocrx_word' id='word_1_275' title='bbox 1296 2361 1395 2415; x_wconf 84' lang='lat' dir='ltr'><strong>sibi</strong></span> <span class='ocrx_word' id='word_1_276' title='bbox 1438 2358 1715 2414; x_wconf 82' lang='lat' dir='ltr'><strong>Dominus.</strong></span> <span class='ocrx_word' id='word_1_277' title='bbox 1751 2357 1888 2413; x_wconf 85' lang='lat' dir='ltr'><strong>Eum</strong></span> <span class='ocrx_word' id='word_1_278' title='bbox 1906 2357 2137 2423; x_wconf 88' lang='lat' dir='ltr'><strong>scilicet,</strong></span> 
     </span>
    </p>
   </div>
   <div class='ocr_carea' id='block_1_41' title="bbox 545 2451 2134 2524">
    <p class='ocr_par' dir='ltr' id='par_1_41' title="bbox 545 2451 2134 2524">
     <span class='ocr_line' id='line_1_41' title="bbox 545 2451 2134 2524; baseline -0.004 -14"><span class='ocrx_word' id='word_1_279' title='bbox 545 2456 637 2523; x_wconf 84' lang='lat' dir='ltr'><strong>qui</strong></span> <span class='ocrx_word' id='word_1_280' title='bbox 668 2454 1014 2524; x_wconf 87' lang='lat' dir='ltr'><strong>supplantato</strong></span> <span class='ocrx_word' id='word_1_281' title='bbox 1038 2457 1257 2524; x_wconf 88' lang='lat' dir='ltr'><strong>populo,</strong></span> <span class='ocrx_word' id='word_1_282' title='bbox 1288 2451 1972 2523; x_wconf 87' lang='lat' dir='ltr'><strong>arripuitbenedictionem</strong></span> <span class='ocrx_word' id='word_1_283' title='bbox 1996 2451 2134 2520; x_wconf 86' lang='lat' dir='ltr'><strong>ejus.</strong></span> 
     </span>
    </p>
   </div>
   <div class='ocr_carea' id='block_1_42' title="bbox 541 2544 2135 2617">
    <p class='ocr_par' dir='ltr' id='par_1_42' title="bbox 541 2544 2135 2617">
     <span class='ocr_line' id='line_1_42' title="bbox 541 2544 2135 2617; baseline -0.003 -14"><span class='ocrx_word' id='word_1_284' title='bbox 541 2546 713 2604; x_wconf 87' lang='lat' dir='ltr'><strong>Israel</strong></span> <span class='ocrx_word' id='word_1_285' title='bbox 752 2549 806 2602; x_wconf 89' lang='lat' dir='ltr'><strong>in</strong></span> <span class='ocrx_word' id='word_1_286' title='bbox 848 2548 1221 2617; x_wconf 83' lang='lat' dir='ltr'><strong>possessionem</strong></span> <span class='ocrx_word' id='word_1_287' title='bbox 1255 2546 1372 2601; x_wconf 87' lang='lat' dir='ltr'><strong>sibi.</strong></span> <span class='ocrx_word' id='word_1_288' title='bbox 1401 2544 1505 2613; x_wconf 88' lang='lat' dir='ltr'><strong>Qui</strong></span> <span class='ocrx_word' id='word_1_289' title='bbox 1533 2554 1653 2616; x_wconf 91' lang='lat' dir='ltr'><strong>post</strong></span> <span class='ocrx_word' id='word_1_290' title='bbox 1692 2544 1889 2601; x_wconf 86' lang='lat' dir='ltr'><strong>multas</strong></span> <span class='ocrx_word' id='word_1_291' title='bbox 1928 2544 2135 2610; x_wconf 86' lang='lat' dir='ltr'><strong>luctas,</strong></span> 
     </span>
    </p>
   </div>
   <div class='ocr_carea' id='block_1_43' title="bbox 544 2638 1387 2699">
    <p class='ocr_par' dir='ltr' id='par_1_43' title="bbox 544 2638 1387 2699">
     <span class='ocr_line' id='line_1_43' title="bbox 544 2638 1387 2699; baseline -0.007 0"><span class='ocrx_word' id='word_1_292' title='bbox 544 2643 717 2699; x_wconf 90' lang='lat' dir='ltr'><strong>Deum</strong></span> <span class='ocrx_word' id='word_1_293' title='bbox 746 2651 930 2697; x_wconf 86' lang='lat' dir='ltr'><strong>mente</strong></span> <span class='ocrx_word' id='word_1_294' title='bbox 952 2640 1148 2696; x_wconf 86' lang='lat' dir='ltr'><strong>meruit</strong></span> <span class='ocrx_word' id='word_1_295' title='bbox 1180 2638 1387 2696; x_wconf 88' lang='lat' dir='ltr'><strong>videre.</strong></span> 
     </span>
    </p>
   </div>
   <div class='ocr_carea' id='block_1_44' title="bbox 618 2729 2136 2803">
    <p class='ocr_par' dir='ltr' id='par_1_44' title="bbox 618 2729 2136 2803">
     <span class='ocr_line' id='line_1_44' title="bbox 618 2729 2136 2803; baseline -0.001 -16"><span class='ocrx_word' id='word_1_296' title='bbox 618 2733 756 2801; x_wconf 85' lang='lat' dir='ltr'><strong>Quia</strong></span> <span class='ocrx_word' id='word_1_297' title='bbox 781 2748 874 2803; x_wconf 86' lang='lat' dir='ltr'><strong>ego</strong></span> <span class='ocrx_word' id='word_1_298' title='bbox 900 2731 1112 2803; x_wconf 84' lang='lat' dir='ltr'><strong>cognovi</strong></span> <span class='ocrx_word' id='word_1_299' title='bbox 1133 2730 1269 2800; x_wconf 88' lang='lat' dir='ltr'><strong>quod</strong></span> <span class='ocrx_word' id='word_1_300' title='bbox 1297 2745 1515 2802; x_wconf 86' lang='lat' dir='ltr'><strong>magnus</strong></span> <span class='ocrx_word' id='word_1_301' title='bbox 1545 2738 1619 2785; x_wconf 90' lang='lat' dir='ltr'><strong>est</strong></span> <span class='ocrx_word' id='word_1_302' title='bbox 1646 2729 1924 2785; x_wconf 85' lang='lat' dir='ltr'><strong>Dominus.</strong></span> <span class='ocrx_word' id='word_1_303' title='bbox 1956 2729 2136 2785; x_wconf 81' lang='lat' dir='ltr'><strong>Reve-</strong></span> 
     </span>
    </p>
   </div>
   <div class='ocr_carea' id='block_1_45' title="bbox 546 2823 2138 2897">
    <p class='ocr_par' dir='ltr' id='par_1_45' title="bbox 546 2823 2138 2897">
     <span class='ocr_line' id='line_1_45' title="bbox 546 2823 2138 2897; baseline -0.004 -13"><span class='ocrx_word' id='word_1_304' title='bbox 546 2828 692 2885; x_wconf 79' lang='lat' dir='ltr'><strong>laute</strong></span> <span class='ocrx_word' id='word_1_305' title='bbox 717 2826 879 2894; x_wconf 89' lang='lat' dir='ltr'><strong>Filio,</strong></span> <span class='ocrx_word' id='word_1_306' title='bbox 895 2825 1272 2897; x_wconf 80' lang='lat' dir='ltr'><strong>cognoscimus</strong></span> <span class='ocrx_word' id='word_1_307' title='bbox 1294 2824 1531 2894; x_wconf 85' lang='lat' dir='ltr'><strong>Patrem,</strong></span> <span class='ocrx_word' id='word_1_308' title='bbox 1552 2825 1671 2894; x_wconf 87' lang='lat' dir='ltr'><strong>ipso</strong></span> <span class='ocrx_word' id='word_1_309' title='bbox 1691 2824 1943 2885; x_wconf 90' lang='lat' dir='ltr'><strong>dicente:</strong></span> <span class='ocrx_word' id='word_1_310' title='bbox 1966 2823 2138 2878; x_wconf 81' lang='lat' dir='ltr'><strong>Nemo</strong></span> 
     </span>
    </p>
   </div>
   <div class='ocr_carea' id='block_1_46' title="bbox 544 2915 2139 2984">
    <p class='ocr_par' dir='ltr' id='par_1_46' title="bbox 544 2915 2139 2984">
     <span class='ocr_line' id='line_1_46' title="bbox 544 2915 2139 2984; baseline -0.003 -8"><span class='ocrx_word' id='word_1_311' title='bbox 544 2922 695 2978; x_wconf 89' lang='lat' dir='ltr'><strong>novit</strong></span> <span class='ocrx_word' id='word_1_312' title='bbox 748 2919 1011 2984; x_wconf 87' lang='lat' dir='ltr'><strong>Patrem,</strong></span> <span class='ocrx_word' id='word_1_313' title='bbox 1070 2917 1170 2972; x_wconf 86' lang='lat' dir='ltr'><strong>nisi</strong></span> <span class='ocrx_word' id='word_1_314' title='bbox 1224 2918 1310 2972; x_wconf 78' lang='lat' dir='ltr'><strong>cui</strong></span> <span class='ocrx_word' id='word_1_315' title='bbox 1373 2916 1607 2972; x_wconf 88' lang='lat' dir='ltr'><strong>voluerit</strong></span> <span class='ocrx_word' id='word_1_316' title='bbox 1666 2915 1837 2972; x_wconf 81' lang='lat' dir='ltr'><strong>Filius</strong></span> <span class='ocrx_word' id='word_1_317' title='bbox 1892 2916 2139 2973; x_wconf 80' lang='lat' dir='ltr'><strong>revelare</strong></span> 
     </span>
    </p>
   </div>
   <div class='ocr_carea' id='block_1_47' title="bbox 546 3005 2136 3082">
    <p class='ocr_par' dir='ltr' id='par_1_47' title="bbox 546 3005 2136 3082">
     <span class='ocr_line' id='line_1_47' title="bbox 546 3005 2136 3082; baseline -0.003 -16"><span class='ocrx_word' id='word_1_318' title='bbox 546 3011 700 3082; x_wconf 86' lang='lat' dir='ltr'><strong>(Luc.</strong></span> <span class='ocrx_word' id='word_1_319' title='bbox 727 3011 809 3080; x_wconf 66' lang='grc' dir='ltr'><strong>ι).</strong></span> <span class='ocrx_word' id='word_1_320' title='bbox 851 3008 920 3063; x_wconf 87' lang='lat' dir='ltr'><strong>Et</strong></span> <span class='ocrx_word' id='word_1_321' title='bbox 967 3007 1113 3064; x_wconf 88' lang='lat' dir='ltr'><strong>Deus</strong></span> <span class='ocrx_word' id='word_1_322' title='bbox 1152 3018 1325 3063; x_wconf 87' lang='lat' dir='ltr'><strong>noster</strong></span> <span class='ocrx_word' id='word_1_323' title='bbox 1366 3024 1479 3078; x_wconf 77' lang='lat' dir='ltr'><strong>prce</strong></span> <span class='ocrx_word' id='word_1_324' title='bbox 1520 3007 1753 3066; x_wconf 85' lang='lat' dir='ltr'><strong>omnibus</strong></span> <span class='ocrx_word' id='word_1_325' title='bbox 1792 3006 1916 3061; x_wconf 86' lang='lat' dir='ltr'><strong>diis.</strong></span> <span class='ocrx_word' id='word_1_326' title='bbox 1961 3005 2136 3076; x_wconf 87' lang='lat' dir='ltr'><strong>Super</strong></span> 
     </span>
    </p>
   </div>
   <div class='ocr_carea' id='block_1_48' title="bbox 542 3100 2131 3172">
    <p class='ocr_par' dir='ltr' id='par_1_48' title="bbox 542 3100 2131 3172">
     <span class='ocr_line' id='line_1_48' title="bbox 542 3100 2131 3172; baseline -0.004 -12"><span class='ocrx_word' id='word_1_327' title='bbox 542 3118 735 3160; x_wconf 90' lang='lat' dir='ltr'><strong>omnes</strong></span> <span class='ocrx_word' id='word_1_328' title='bbox 760 3112 980 3158; x_wconf 86' lang='lat' dir='ltr'><strong>sanctos</strong></span> <span class='ocrx_word' id='word_1_329' title='bbox 1009 3102 1361 3172; x_wconf 86' lang='lat' dir='ltr'><strong>angelosqne,</strong></span> <span class='ocrx_word' id='word_1_330' title='bbox 1384 3101 1476 3170; x_wconf 92' lang='lat' dir='ltr'><strong>qui</strong></span> <span class='ocrx_word' id='word_1_331' title='bbox 1499 3100 1573 3155; x_wconf 90' lang='lat' dir='ltr'><strong>dii</strong></span> <span class='ocrx_word' id='word_1_332' title='bbox 1600 3100 1745 3171; x_wconf 87' lang='lat' dir='ltr'><strong>digni</strong></span> <span class='ocrx_word' id='word_1_333' title='bbox 1773 3110 1897 3154; x_wconf 74' lang='lat' dir='ltr'><strong>sunt</strong></span> <span class='ocrx_word' id='word_1_334' title='bbox 1926 3101 2131 3155; x_wconf 89' lang='lat' dir='ltr'><strong>vocari.</strong></span> 
     </span>
    </p>
   </div>
   <div class='ocr_carea' id='block_1_49' title="bbox 619 3190 2137 3265">
    <p class='ocr_par' dir='ltr' id='par_1_49' title="bbox 619 3190 2137 3265">
     <span class='ocr_line' id='line_1_49' title="bbox 619 3190 2137 3265; baseline -0.003 -16"><span class='ocrx_word' id='word_1_335' title='bbox 619 3194 810 3249; x_wconf 82' lang='lat' dir='ltr'><strong>Omnia</strong></span> <span class='ocrx_word' id='word_1_336' title='bbox 836 3208 1175 3265; x_wconf 65' lang='lat' dir='ltr'><strong>quaecumque</strong></span> <span class='ocrx_word' id='word_1_337' title='bbox 1201 3192 1363 3248; x_wconf 83' lang='lat' dir='ltr'><strong>uoluit</strong></span> <span class='ocrx_word' id='word_1_338' title='bbox 1391 3190 1676 3257; x_wconf 87' lang='lat' dir='ltr'><strong>Dominus,</strong></span> <span class='ocrx_word' id='word_1_339' title='bbox 1707 3192 1823 3262; x_wconf 75' lang='lat' dir='ltr'><strong>fecit</strong></span> <span class='ocrx_word' id='word_1_340' title='bbox 1852 3192 1906 3245; x_wconf 92' lang='lat' dir='ltr'><strong>in</strong></span> <span class='ocrx_word' id='word_1_341' title='bbox 1936 3192 2064 3247; x_wconf 72' lang='lat' dir='ltr'><strong>cwlo</strong></span> <span class='ocrx_word' id='word_1_342' title='bbox 2087 3200 2137 3246; x_wconf 90' lang='lat' dir='ltr'><strong>et</strong></span> 
     </span>
    </p>
   </div>
   <div class='ocr_carea' id='block_1_50' title="bbox 542 3283 2137 3356">
    <p class='ocr_par' dir='ltr' id='par_1_50' title="bbox 542 3283 2137 3356">
     <span class='ocr_line' id='line_1_50' title="bbox 542 3283 2137 3356; baseline -0.003 -14"><span class='ocrx_word' id='word_1_343' title='bbox 542 3291 596 3342; x_wconf 91' lang='lat' dir='ltr'><strong>in</strong></span> <span class='ocrx_word' id='word_1_344' title='bbox 617 3299 789 3356; x_wconf 84' lang='lat' dir='ltr'><strong>terra,</strong></span> <span class='ocrx_word' id='word_1_345' title='bbox 822 3288 877 3342; x_wconf 88' lang='lat' dir='ltr'><strong>in</strong></span> <span class='ocrx_word' id='word_1_346' title='bbox 914 3286 1069 3354; x_wconf 84' lang='lat' dir='ltr'><strong>mari,</strong></span> <span class='ocrx_word' id='word_1_347' title='bbox 1110 3294 1157 3340; x_wconf 90' lang='lat' dir='ltr'><strong>et</strong></span> <span class='ocrx_word' id='word_1_348' title='bbox 1194 3286 1249 3339; x_wconf 87' lang='lat' dir='ltr'><strong>in</strong></span> <span class='ocrx_word' id='word_1_349' title='bbox 1292 3284 1530 3339; x_wconf 88' lang='lat' dir='ltr'><strong>omnibus</strong></span> <span class='ocrx_word' id='word_1_350' title='bbox 1559 3283 1780 3354; x_wconf 83' lang='lat' dir='ltr'><strong>abyssis.</strong></span> <span class='ocrx_word' id='word_1_351' title='bbox 1812 3284 1916 3339; x_wconf 87' lang='lat' dir='ltr'><strong>Pro</strong></span> <span class='ocrx_word' id='word_1_352' title='bbox 1944 3283 2137 3339; x_wconf 87' lang='lat' dir='ltr'><strong>volun-</strong></span> 
     </span>
    </p>
   </div>
   <div class='ocr_carea' id='block_1_51' title="bbox 544 3376 2135 3449">
    <p class='ocr_par' dir='ltr' id='par_1_51' title="bbox 544 3376 2135 3449">
     <span class='ocr_line' id='line_1_51' title="bbox 544 3376 2135 3449; baseline -0.004 -11"><span class='ocrx_word' id='word_1_353' title='bbox 544 3391 654 3438; x_wconf 87' lang='lat' dir='ltr'><strong>tate</strong></span> <span class='ocrx_word' id='word_1_354' title='bbox 680 3379 941 3439; x_wconf 89' lang='lat' dir='ltr'><strong>bonitatis</strong></span> <span class='ocrx_word' id='word_1_355' title='bbox 969 3378 1172 3449; x_wconf 84' lang='lat' dir='ltr'><strong>placuit</strong></span> <span class='ocrx_word' id='word_1_356' title='bbox 1215 3378 1326 3433; x_wconf 75' lang='lat' dir='ltr'><strong>Dco</strong></span> <span class='ocrx_word' id='word_1_357' title='bbox 1356 3378 1410 3431; x_wconf 91' lang='lat' dir='ltr'><strong>in</strong></span> <span class='ocrx_word' id='word_1_358' title='bbox 1458 3376 1688 3432; x_wconf 74' lang='lat' dir='ltr'><strong>excelsis</strong></span> <span class='ocrx_word' id='word_1_359' title='bbox 1718 3376 1999 3432; x_wconf 84' lang='lat' dir='ltr'><strong>animabus</strong></span> <span class='ocrx_word' id='word_1_360' title='bbox 2019 3419 2033 3443; x_wconf 93' lang='lat'><strong>,</strong></span> <span class='ocrx_word' id='word_1_361' title='bbox 2078 3376 2135 3431; x_wconf 91' lang='lat' dir='ltr'><strong>in</strong></span> 
     </span>
    </p>
   </div>
   <div class='ocr_carea' id='block_1_52' title="bbox 542 3468 2138 3540">
    <p class='ocr_par' dir='ltr' id='par_1_52' title="bbox 542 3468 2138 3540">
     <span class='ocr_line' id='line_1_52' title="bbox 542 3468 2138 3540; baseline -0.002 -12"><span class='ocrx_word' id='word_1_362' title='bbox 542 3474 714 3529; x_wconf 85' lang='lat' dir='ltr'><strong>aridis</strong></span> <span class='ocrx_word' id='word_1_363' title='bbox 742 3471 1045 3540; x_wconf 89' lang='lat' dir='ltr'><strong>mentibus,</strong></span> <span class='ocrx_word' id='word_1_364' title='bbox 1076 3471 1129 3524; x_wconf 91' lang='lat' dir='ltr'><strong>in</strong></span> <span class='ocrx_word' id='word_1_365' title='bbox 1156 3469 1343 3529; x_wconf 76' lang='lat' dir='ltr'><strong>szrculi</strong></span> <span class='ocrx_word' id='word_1_366' title='bbox 1372 3469 1652 3533; x_wconf 81' lang='lat' dir='ltr'><strong>ﬂuctibus,</strong></span> <span class='ocrx_word' id='word_1_367' title='bbox 1686 3470 1740 3524; x_wconf 94' lang='lat' dir='ltr'><strong>in</strong></span> <span class='ocrx_word' id='word_1_368' title='bbox 1771 3468 2138 3540; x_wconf 84' lang='lat' dir='ltr'><strong>profunditate</strong></span> 
     </span>
    </p>
   </div>
   <div class='ocr_carea' id='block_1_53' title="bbox 546 3559 1768 3631">
    <p class='ocr_par' dir='ltr' id='par_1_53' title="bbox 546 3559 1768 3631">
     <span class='ocr_line' id='line_1_53' title="bbox 546 3559 1768 3631; baseline -0.004 -12"><span class='ocrx_word' id='word_1_369' title='bbox 546 3564 769 3619; x_wconf 64' lang='lat' dir='ltr'><strong>malitiae</strong></span> <span class='ocrx_word' id='word_1_370' title='bbox 794 3563 974 3618; x_wconf 78' lang='lat' dir='ltr'><strong>facere</strong></span> <span class='ocrx_word' id='word_1_371' title='bbox 1001 3559 1265 3616; x_wconf 86' lang='lat' dir='ltr'><strong>mirabilia</strong></span> <span class='ocrx_word' id='word_1_372' title='bbox 1287 3600 1303 3625; x_wconf 88' lang='lat'><strong>,</strong></span> <span class='ocrx_word' id='word_1_373' title='bbox 1337 3560 1477 3615; x_wconf 88' lang='lat' dir='ltr'><strong>sicut</strong></span> <span class='ocrx_word' id='word_1_374' title='bbox 1504 3561 1768 3631; x_wconf 88' lang='lat' dir='ltr'><strong>sequitur.</strong></span> 
     </span>
    </p>
   </div>
   <div class='ocr_carea' id='block_1_54' title="bbox 614 3652 2137 3711">
    <p class='ocr_par' dir='ltr' id='par_1_54' title="bbox 614 3652 2137 3711">
     <span class='ocr_line' id='line_1_54' title="bbox 614 3652 2137 3711; baseline -0.001 0"><span class='ocrx_word' id='word_1_375' title='bbox 614 3655 858 3711; x_wconf 85' lang='lat' dir='ltr'><strong>Educens</strong></span> <span class='ocrx_word' id='word_1_376' title='bbox 907 3656 1064 3710; x_wconf 84' lang='lat' dir='ltr'><strong>nubes</strong></span> <span class='ocrx_word' id='word_1_377' title='bbox 1112 3653 1176 3709; x_wconf 89' lang='lat' dir='ltr'><strong>ab</strong></span> <span class='ocrx_word' id='word_1_378' title='bbox 1221 3664 1446 3709; x_wconf 65' lang='lat' dir='ltr'><strong>extremo</strong></span> <span class='ocrx_word' id='word_1_379' title='bbox 1490 3662 1660 3709; x_wconf 64' lang='lat' dir='ltr'><strong>terrai.</strong></span> <span class='ocrx_word' id='word_1_380' title='bbox 1709 3652 1794 3706; x_wconf 85' lang='lat' dir='ltr'><strong>Ab</strong></span> <span class='ocrx_word' id='word_1_381' title='bbox 1831 3653 2137 3711; x_wconf 83' lang='lat' dir='ltr'><strong>humilitate</strong></span> 
     </span>
    </p>
   </div>
   <div class='ocr_carea' id='block_1_55' title="bbox 544 3744 2136 3820">
    <p class='ocr_par' dir='ltr' id='par_1_55' title="bbox 544 3744 2136 3820">
     <span class='ocr_line' id='line_1_55' title="bbox 544 3744 2136 3820; baseline -0.003 -13"><span class='ocrx_word' id='word_1_382' title='bbox 544 3758 760 3807; x_wconf 88' lang='lat' dir='ltr'><strong>terrena</strong></span> <span class='ocrx_word' id='word_1_383' title='bbox 792 3750 1016 3806; x_wconf 87' lang='lat' dir='ltr'><strong>elevans</strong></span> <span class='ocrx_word' id='word_1_384' title='bbox 1052 3746 1329 3820; x_wconf 89' lang='lat' dir='ltr'><strong>apostolos</strong></span> <span class='ocrx_word' id='word_1_385' title='bbox 1355 3760 1420 3802; x_wconf 85' lang='lat' dir='ltr'><strong>ac</strong></span> <span class='ocrx_word' id='word_1_386' title='bbox 1451 3748 1763 3817; x_wconf 82' lang='lat' dir='ltr'><strong>prophetas.</strong></span> <span class='ocrx_word' id='word_1_387' title='bbox 1806 3744 2050 3817; x_wconf 84' lang='lat' dir='ltr'><strong>Fulgura</strong></span> <span class='ocrx_word' id='word_1_388' title='bbox 2078 3748 2136 3802; x_wconf 90' lang='lat' dir='ltr'><strong>in</strong></span> 
     </span>
    </p>
   </div>
   <div class='ocr_carea' id='block_1_56' title="bbox 542 3838 2133 3915">
    <p class='ocr_par' dir='ltr' id='par_1_56' title="bbox 542 3838 2133 3915">
     <span class='ocr_line' id='line_1_56' title="bbox 542 3838 2133 3915; baseline -0.001 -19"><span class='ocrx_word' id='word_1_389' title='bbox 542 3843 771 3912; x_wconf 84' lang='lat' dir='ltr'><strong>pluviam</strong></span> <span class='ocrx_word' id='word_1_390' title='bbox 817 3842 958 3915; x_wconf 79' lang='lat' dir='ltr'><strong>fecit.</strong></span> <span class='ocrx_word' id='word_1_391' title='bbox 994 3840 1070 3897; x_wconf 87' lang='lat' dir='ltr'><strong>Ut</strong></span> <span class='ocrx_word' id='word_1_392' title='bbox 1120 3841 1352 3911; x_wconf 89' lang='lat' dir='ltr'><strong>primum</strong></span> <span class='ocrx_word' id='word_1_393' title='bbox 1405 3838 1588 3895; x_wconf 90' lang='lat' dir='ltr'><strong>lumen</strong></span> <span class='ocrx_word' id='word_1_394' title='bbox 1631 3838 1958 3909; x_wconf 83' lang='lat' dir='ltr'><strong>cognitionis</strong></span> <span class='ocrx_word' id='word_1_395' title='bbox 1998 3838 2133 3907; x_wconf 90' lang='lat' dir='ltr'><strong>Dei,</strong></span> 
     </span>
    </p>
   </div>
   <div class='ocr_carea' id='block_1_57' title="bbox 544 3930 1794 3992">
    <p class='ocr_par' dir='ltr' id='par_1_57' title="bbox 544 3930 1794 3992">
     <span class='ocr_line' id='line_1_57' title="bbox 544 3930 1794 3992; baseline -0.004 -1"><span class='ocrx_word' id='word_1_396' title='bbox 544 3934 744 3992; x_wconf 84' lang='lat' dir='ltr'><strong>deinde</strong></span> <span class='ocrx_word' id='word_1_397' title='bbox 768 3935 999 3991; x_wconf 89' lang='lat' dir='ltr'><strong>imbrem</strong></span> <span class='ocrx_word' id='word_1_398' title='bbox 1031 3933 1401 3989; x_wconf 85' lang='lat' dir='ltr'><strong>doctrinarum</strong></span> <span class='ocrx_word' id='word_1_399' title='bbox 1426 3930 1794 3988; x_wconf 83' lang='lat' dir='ltr'><strong>infunderent.</strong></span> 
     </span>
    </p>
   </div>
   <div class='ocr_carea' id='block_1_58' title="bbox 621 4023 2137 4097">
    <p class='ocr_par' dir='ltr' id='par_1_58' title="bbox 621 4023 2137 4097">
     <span class='ocr_line' id='line_1_58' title="bbox 621 4023 2137 4097; baseline 0.002 -19"><span class='ocrx_word' id='word_1_400' title='bbox 621 4025 722 4092; x_wconf 90' lang='lat' dir='ltr'><strong>Qui</strong></span> <span class='ocrx_word' id='word_1_401' title='bbox 771 4025 1013 4096; x_wconf 83' lang='lat' dir='ltr'><strong>producit</strong></span> <span class='ocrx_word' id='word_1_402' title='bbox 1068 4036 1241 4081; x_wconf 82' lang='lat' dir='ltr'><strong>ventos</strong></span> <span class='ocrx_word' id='word_1_403' title='bbox 1297 4025 1361 4081; x_wconf 85' lang='lat' dir='ltr'><strong>de</strong></span> <span class='ocrx_word' id='word_1_404' title='bbox 1413 4023 1668 4081; x_wconf 83' lang='lat' dir='ltr'><strong>thesauris</strong></span> <span class='ocrx_word' id='word_1_405' title='bbox 1717 4025 1846 4079; x_wconf 85' lang='lat' dir='ltr'><strong>suis.</strong></span> <span class='ocrx_word' id='word_1_406' title='bbox 1899 4025 2137 4097; x_wconf 83' lang='lat' dir='ltr'><strong>Angelos</strong></span> 
     </span>
    </p>
   </div>
   <div class='ocr_carea' id='block_1_59' title="bbox 542 4115 2136 4187">
    <p class='ocr_par' dir='ltr' id='par_1_59' title="bbox 542 4115 2136 4187">
     <span class='ocr_line' id='line_1_59' title="bbox 542 4115 2136 4187; baseline 0.001 -16"><span class='ocrx_word' id='word_1_407' title='bbox 542 4125 767 4172; x_wconf 84' lang='lat' dir='ltr'><strong>sanctos</strong></span> <span class='ocrx_word' id='word_1_408' title='bbox 811 4116 881 4171; x_wconf 91' lang='lat' dir='ltr'><strong>de</strong></span> <span class='ocrx_word' id='word_1_409' title='bbox 910 4115 1124 4170; x_wconf 79' lang='lat' dir='ltr'><strong>arcanis</strong></span> <span class='ocrx_word' id='word_1_410' title='bbox 1154 4115 1471 4171; x_wconf 80' lang='lat' dir='ltr'><strong>ctelestibus</strong></span> <span class='ocrx_word' id='word_1_411' title='bbox 1509 4115 1794 4187; x_wconf 85' lang='lat' dir='ltr'><strong>dirigens:</strong></span> <span class='ocrx_word' id='word_1_412' title='bbox 1838 4115 1929 4186; x_wconf 92' lang='lat' dir='ltr'><strong>qui</strong></span> <span class='ocrx_word' id='word_1_413' title='bbox 1959 4116 2044 4172; x_wconf 86' lang='lat' dir='ltr'><strong>his</strong></span> <span class='ocrx_word' id='word_1_414' title='bbox 2081 4118 2136 4173; x_wconf 89' lang='lat' dir='ltr'><strong>in</strong></span> 
     </span>
    </p>
   </div>
   <div class='ocr_carea' id='block_1_60' title="bbox 546 4206 2135 4278">
    <p class='ocr_par' dir='ltr' id='par_1_60' title="bbox 546 4206 2135 4278">
     <span class='ocr_line' id='line_1_60' title="bbox 546 4206 2135 4278; baseline 0.002 -14"><span class='ocrx_word' id='word_1_415' title='bbox 546 4207 786 4264; x_wconf 87' lang='lat' dir='ltr'><strong>nubibus</strong></span> <span class='ocrx_word' id='word_1_416' title='bbox 844 4206 1256 4276; x_wconf 84' lang='lat' dir='ltr'><strong>imbribusque,</strong></span> <span class='ocrx_word' id='word_1_417' title='bbox 1310 4207 1480 4261; x_wconf 89' lang='lat' dir='ltr'><strong>robur</strong></span> <span class='ocrx_word' id='word_1_418' title='bbox 1531 4214 1694 4278; x_wconf 87' lang='lat' dir='ltr'><strong>atque</strong></span> <span class='ocrx_word' id='word_1_419' title='bbox 1741 4207 2135 4267; x_wconf 86' lang='lat' dir='ltr'><strong>incrementum</strong></span> 
     </span>
    </p>
   </div>
   <div class='ocr_carea' id='block_1_61' title="bbox 543 4298 2136 4372">
    <p class='ocr_par' dir='ltr' id='par_1_61' title="bbox 543 4298 2136 4372">
     <span class='ocr_line' id='line_1_61' title="bbox 543 4298 2136 4372; baseline 0.002 -18"><span class='ocrx_word' id='word_1_420' title='bbox 543 4299 768 4357; x_wconf 77' lang='lat' dir='ltr'><strong>ferrent.</strong></span> <span class='ocrx_word' id='word_1_421' title='bbox 796 4300 898 4369; x_wconf 88' lang='lat' dir='ltr'><strong>Qui</strong></span> <span class='ocrx_word' id='word_1_422' title='bbox 919 4299 1168 4371; x_wconf 85' lang='lat' dir='ltr'><strong>percussit</strong></span> <span class='ocrx_word' id='word_1_423' title='bbox 1190 4300 1534 4370; x_wconf 85' lang='lat' dir='ltr'><strong>primogenita</strong></span> <span class='ocrx_word' id='word_1_424' title='bbox 1558 4298 1779 4372; x_wconf 52' lang='lat' dir='ltr'><strong>(Egypti</strong></span> <span class='ocrx_word' id='word_1_425' title='bbox 1800 4315 1820 4354; x_wconf 86' lang='lat'><strong><em>:</em></strong></span> <span class='ocrx_word' id='word_1_426' title='bbox 1840 4299 1904 4354; x_wconf 90' lang='lat' dir='ltr'><strong>ab</strong></span> <span class='ocrx_word' id='word_1_427' title='bbox 1932 4300 2136 4358; x_wconf 76' lang='lat' dir='ltr'><strong>homine</strong></span> 
     </span>
    </p>
   </div>
   <div class='ocr_carea' id='block_1_62' title="bbox 544 4389 2135 4463">
    <p class='ocr_par' dir='ltr' id='par_1_62' title="bbox 544 4389 2135 4463">
     <span class='ocr_line' id='line_1_62' title="bbox 544 4389 2135 4463; baseline 0.001 -17"><span class='ocrx_word' id='word_1_428' title='bbox 544 4408 706 4461; x_wconf 81' lang='lat' dir='ltr'><strong>usque</strong></span> <span class='ocrx_word' id='word_1_429' title='bbox 758 4391 828 4445; x_wconf 88' lang='lat' dir='ltr'><strong>ad</strong></span> <span class='ocrx_word' id='word_1_430' title='bbox 878 4407 1055 4463; x_wconf 83' lang='lat' dir='ltr'><strong>pecus.</strong></span> <span class='ocrx_word' id='word_1_431' title='bbox 1126 4390 1453 4461; x_wconf 86' lang='lat' dir='ltr'><strong>Principalia</strong></span> <span class='ocrx_word' id='word_1_432' title='bbox 1511 4389 1639 4445; x_wconf 86' lang='lat' dir='ltr'><strong>vitia</strong></span> <span class='ocrx_word' id='word_1_433' title='bbox 1695 4398 1861 4463; x_wconf 89' lang='lat' dir='ltr'><strong>atque</strong></span> <span class='ocrx_word' id='word_1_434' title='bbox 1907 4392 2135 4448; x_wconf 87' lang='lat' dir='ltr'><strong>crimina</strong></span> 
     </span>
    </p>
   </div>
   <div class='ocr_carea' id='block_1_63' title="bbox 546 4482 755 4537">
    <p class='ocr_par' dir='ltr' id='par_1_63' title="bbox 546 4482 755 4537">
     <span class='ocr_line' id='line_1_63' title="bbox 546 4482 755 4537; baseline 0 0"><span class='ocrx_word' id='word_1_435' title='bbox 546 4482 755 4537; x_wconf 88' lang='lat' dir='ltr'><strong>mundi.</strong></span> 
     </span>
    </p>
   </div>
   <div class='ocr_carea' id='block_1_64' title="bbox 2245 1879 3830 1955">
    <p class='ocr_par' dir='ltr' id='par_1_64' title="bbox 2245 1879 3830 1955">
     <span class='ocr_line' id='line_1_64' title="bbox 2245 1879 3830 1955; baseline 0.002 -19"><span class='ocrx_word' id='word_1_436' title='bbox 2245 1879 2538 1936; x_wconf 87' lang='lat' dir='ltr'><strong>Gentilium</strong></span> <span class='ocrx_word' id='word_1_437' title='bbox 2580 1880 2914 1936; x_wconf 80' lang='lat' dir='ltr'><strong>exsecranda</strong></span> <span class='ocrx_word' id='word_1_438' title='bbox 2958 1892 3351 1939; x_wconf 88' lang='lat' dir='ltr'><strong>commemorat</strong></span> <span class='ocrx_word' id='word_1_439' title='bbox 3390 1882 3669 1939; x_wconf 87' lang='lat' dir='ltr'><strong>irridens:</strong></span> <span class='ocrx_word' id='word_1_440' title='bbox 3717 1884 3830 1955; x_wconf 81' lang='lat' dir='ltr'><strong>quia</strong></span> 
     </span>
    </p>
   </div>
   <div class='ocr_carea' id='block_1_65' title="bbox 2244 1971 3828 2045">
    <p class='ocr_par' dir='ltr' id='par_1_65' title="bbox 2244 1971 3828 2045">
     <span class='ocr_line' id='line_1_65' title="bbox 2244 1971 3828 2045; baseline 0.002 -18"><span class='ocrx_word' id='word_1_441' title='bbox 2244 1986 2367 2027; x_wconf 90' lang='lat' dir='ltr'><strong>cum</strong></span> <span class='ocrx_word' id='word_1_442' title='bbox 2416 1971 2617 2026; x_wconf 90' lang='lat' dir='ltr'><strong>nullius</strong></span> <span class='ocrx_word' id='word_1_443' title='bbox 2663 1971 2897 2027; x_wconf 89' lang='lat' dir='ltr'><strong>membri</strong></span> <span class='ocrx_word' id='word_1_444' title='bbox 2945 1973 3341 2043; x_wconf 86' lang='lat' dir='ltr'><strong>vegetationem</strong></span> <span class='ocrx_word' id='word_1_445' title='bbox 3398 1974 3676 2045; x_wconf 78' lang='lat' dir='ltr'><strong>habeant,</strong></span> <span class='ocrx_word' id='word_1_446' title='bbox 3723 1973 3828 2030; x_wconf 83' lang='lat' dir='ltr'><strong>auri</strong></span> 
     </span>
    </p>
   </div>
   <div class='ocr_carea' id='block_1_66' title="bbox 2243 2065 3829 2142">
    <p class='ocr_par' dir='ltr' id='par_1_66' title="bbox 2243 2065 3829 2142">
     <span class='ocr_line' id='line_1_66' title="bbox 2243 2065 3829 2142; baseline 0.004 -22"><span class='ocrx_word' id='word_1_447' title='bbox 2243 2066 2567 2139; x_wconf 89' lang='lat' dir='ltr'><strong>argentique</strong></span> <span class='ocrx_word' id='word_1_448' title='bbox 2585 2065 2830 2134; x_wconf 84' lang='lat' dir='ltr'><strong>metallo,</strong></span> <span class='ocrx_word' id='word_1_449' title='bbox 2851 2065 2973 2123; x_wconf 90' lang='lat' dir='ltr'><strong>illos</strong></span> <span class='ocrx_word' id='word_1_450' title='bbox 2992 2067 3282 2126; x_wconf 88' lang='lat' dir='ltr'><strong>nobilitare</strong></span> <span class='ocrx_word' id='word_1_451' title='bbox 3299 2069 3593 2126; x_wconf 87' lang='lat' dir='ltr'><strong>voluerint.</strong></span> <span class='ocrx_word' id='word_1_452' title='bbox 3611 2069 3829 2142; x_wconf 77' lang='lat' dir='ltr'><strong>Ideoque</strong></span> 
     </span>
    </p>
   </div>
   <div class='ocr_carea' id='block_1_67' title="bbox 2243 2156 2492 2226">
    <p class='ocr_par' dir='ltr' id='par_1_67' title="bbox 2243 2156 2492 2226">
     <span class='ocr_line' id='line_1_67' title="bbox 2243 2156 2492 2226; baseline -0.012 -14"><span class='ocrx_word' id='word_1_453' title='bbox 2243 2156 2445 2226; x_wconf 83' lang='lat' dir='ltr'><strong>adjecit</strong></span> <span class='ocrx_word' id='word_1_454' title='bbox 2482 2175 2492 2209; x_wconf 92' lang='lat'><strong>:</strong></span> 
     </span>
    </p>
   </div>
   <div class='ocr_carea' id='block_1_68' title="bbox 2317 2248 3826 2328">
    <p class='ocr_par' dir='ltr' id='par_1_68' title="bbox 2317 2248 3826 2328">
     <span class='ocr_line' id='line_1_68' title="bbox 2317 2248 3826 2328; baseline 0.003 -21"><span class='ocrx_word' id='word_1_455' title='bbox 2317 2248 2529 2307; x_wconf 87' lang='lat' dir='ltr'><strong>Similes</strong></span> <span class='ocrx_word' id='word_1_456' title='bbox 2559 2251 2667 2306; x_wconf 83' lang='lat' dir='ltr'><strong>illis</strong></span> <span class='ocrx_word' id='word_1_457' title='bbox 2691 2252 2818 2322; x_wconf 87' lang='lat' dir='ltr'><strong>[iant</strong></span> <span class='ocrx_word' id='word_1_458' title='bbox 2839 2254 2929 2325; x_wconf 87' lang='lat' dir='ltr'><strong>qui</strong></span> <span class='ocrx_word' id='word_1_459' title='bbox 2958 2253 3156 2324; x_wconf 83' lang='lat' dir='ltr'><strong>faciunt</strong></span> <span class='ocrx_word' id='word_1_460' title='bbox 3186 2272 3271 2324; x_wconf 83' lang='lat' dir='ltr'><strong>ea,</strong></span> <span class='ocrx_word' id='word_1_461' title='bbox 3289 2264 3339 2310; x_wconf 87' lang='lat' dir='ltr'><strong>et</strong></span> <span class='ocrx_word' id='word_1_462' title='bbox 3369 2272 3546 2312; x_wconf 83' lang='lat' dir='ltr'><strong>omnes</strong></span> <span class='ocrx_word' id='word_1_463' title='bbox 3566 2256 3656 2328; x_wconf 83' lang='lat' dir='ltr'><strong>qui</strong></span> <span class='ocrx_word' id='word_1_464' title='bbox 3681 2256 3826 2327; x_wconf 71' lang='lat' dir='ltr'><strong>conﬁ-</strong></span> 
     </span>
    </p>
   </div>
   <div class='ocr_carea' id='block_1_69' title="bbox 2244 2341 3822 2418">
    <p class='ocr_par' dir='ltr' id='par_1_69' title="bbox 2244 2341 3822 2418">
     <span class='ocr_line' id='line_1_69' title="bbox 2244 2341 3822 2418; baseline 0.003 -23"><span class='ocrx_word' id='word_1_465' title='bbox 2244 2341 2374 2396; x_wconf 88' lang='lat' dir='ltr'><strong>dunt</strong></span> <span class='ocrx_word' id='word_1_466' title='bbox 2411 2343 2466 2395; x_wconf 89' lang='lat' dir='ltr'><strong>in</strong></span> <span class='ocrx_word' id='word_1_467' title='bbox 2508 2342 2603 2397; x_wconf 84' lang='lat' dir='ltr'><strong>eis.</strong></span> <span class='ocrx_word' id='word_1_468' title='bbox 2654 2343 2736 2398; x_wconf 84' lang='lat' dir='ltr'><strong>illi</strong></span> <span class='ocrx_word' id='word_1_469' title='bbox 2775 2343 3180 2401; x_wconf 79' lang='lat' dir='ltr'><strong>confundantur</strong></span> <span class='ocrx_word' id='word_1_470' title='bbox 3217 2346 3271 2400; x_wconf 91' lang='lat' dir='ltr'><strong>in</strong></span> <span class='ocrx_word' id='word_1_471' title='bbox 3311 2345 3398 2405; x_wconf 72' lang='lat' dir='ltr'><strong>bis</strong></span> <span class='ocrx_word' id='word_1_472' title='bbox 3424 2347 3518 2418; x_wconf 89' lang='lat' dir='ltr'><strong>qui</strong></span> <span class='ocrx_word' id='word_1_473' title='bbox 3557 2346 3775 2402; x_wconf 88' lang='lat' dir='ltr'><strong>credunt</strong></span> <span class='ocrx_word' id='word_1_474' title='bbox 3810 2364 3822 2399; x_wconf 85' lang='lat'><strong>:</strong></span> 
     </span>
    </p>
   </div>
   <div class='ocr_carea' id='block_1_70' title="bbox 2244 2436 3823 2517">
    <p class='ocr_par' dir='ltr' id='par_1_70' title="bbox 2244 2436 3823 2517">
     <span class='ocr_line' id='line_1_70' title="bbox 2244 2436 3823 2517; baseline 0.004 -30"><span class='ocrx_word' id='word_1_475' title='bbox 2244 2447 2344 2488; x_wconf 91' lang='lat' dir='ltr'><strong>nos</strong></span> <span class='ocrx_word' id='word_1_476' title='bbox 2373 2448 2505 2489; x_wconf 83' lang='lat' dir='ltr'><strong>vero</strong></span> <span class='ocrx_word' id='word_1_477' title='bbox 2532 2436 2903 2505; x_wconf 87' lang='lat' dir='ltr'><strong>consolemur,</strong></span> <span class='ocrx_word' id='word_1_478' title='bbox 2932 2438 3024 2509; x_wconf 93' lang='lat' dir='ltr'><strong>qui</strong></span> <span class='ocrx_word' id='word_1_479' title='bbox 3054 2437 3123 2493; x_wconf 88' lang='lat' dir='ltr'><strong>ad</strong></span> <span class='ocrx_word' id='word_1_480' title='bbox 3154 2437 3446 2511; x_wconf 82' lang='lat' dir='ltr'><strong>imaginem</strong></span> <span class='ocrx_word' id='word_1_481' title='bbox 3483 2439 3578 2496; x_wconf 88' lang='lat' dir='ltr'><strong>Dei</strong></span> <span class='ocrx_word' id='word_1_482' title='bbox 3606 2438 3727 2517; x_wconf 82' lang='lat' dir='ltr'><strong>lacti</strong></span> <span class='ocrx_word' id='word_1_483' title='bbox 3752 2438 3823 2510; x_wconf 81' lang='lat' dir='ltr'><strong>ip-</strong></span> 
     </span>
    </p>
   </div>
   <div class='ocr_carea' id='block_1_71' title="bbox 2242 2525 2707 2582">
    <p class='ocr_par' dir='ltr' id='par_1_71' title="bbox 2242 2525 2707 2582">
     <span class='ocr_line' id='line_1_71' title="bbox 2242 2525 2707 2582; baseline 0.006 -3"><span class='ocrx_word' id='word_1_484' title='bbox 2242 2540 2362 2580; x_wconf 90' lang='lat' dir='ltr'><strong>sum</strong></span> <span class='ocrx_word' id='word_1_485' title='bbox 2395 2525 2707 2582; x_wconf 83' lang='lat' dir='ltr'><strong>adoramus.</strong></span> 
     </span>
    </p>
   </div>
   <div class='ocr_carea' id='block_1_72' title="bbox 2318 2613 3819 2693">
    <p class='ocr_par' dir='ltr' id='par_1_72' title="bbox 2318 2613 3819 2693">
     <span class='ocr_line' id='line_1_72' title="bbox 2318 2613 3819 2693; baseline 0.005 -24"><span class='ocrx_word' id='word_1_486' title='bbox 2318 2613 2516 2670; x_wconf 86' lang='lat' dir='ltr'><strong>Domus</strong></span> <span class='ocrx_word' id='word_1_487' title='bbox 2569 2614 2742 2673; x_wconf 86' lang='lat' dir='ltr'><strong>Israel</strong></span> <span class='ocrx_word' id='word_1_488' title='bbox 2765 2658 2781 2684; x_wconf 95' lang='lat'><strong>,</strong></span> <span class='ocrx_word' id='word_1_489' title='bbox 2832 2617 3115 2675; x_wconf 87' lang='lat' dir='ltr'><strong>benedicite</strong></span> <span class='ocrx_word' id='word_1_490' title='bbox 3164 2617 3471 2675; x_wconf 88' lang='lat' dir='ltr'><strong>Dominum.</strong></span> <span class='ocrx_word' id='word_1_491' title='bbox 3528 2620 3819 2693; x_wconf 82' lang='lat' dir='ltr'><strong>Congrega-</strong></span> 
     </span>
    </p>
   </div>
   <div class='ocr_carea' id='block_1_73' title="bbox 2244 2708 3819 2783">
    <p class='ocr_par' dir='ltr' id='par_1_73' title="bbox 2244 2708 3819 2783">
     <span class='ocr_line' id='line_1_73' title="bbox 2244 2708 3819 2783; baseline 0.004 -22"><span class='ocrx_word' id='word_1_492' title='bbox 2244 2708 2419 2764; x_wconf 88' lang='lat' dir='ltr'><strong>tiones</strong></span> <span class='ocrx_word' id='word_1_493' title='bbox 2450 2717 2765 2766; x_wconf 79' lang='lat' dir='ltr'><strong>sanctorum</strong></span> <span class='ocrx_word' id='word_1_494' title='bbox 2802 2727 2815 2765; x_wconf 92' lang='lat'><strong>:</strong></span> <span class='ocrx_word' id='word_1_495' title='bbox 2846 2710 3013 2766; x_wconf 88' lang='lat' dir='ltr'><strong>Deum</strong></span> <span class='ocrx_word' id='word_1_496' title='bbox 3044 2710 3217 2767; x_wconf 85' lang='lat' dir='ltr'><strong>oculis</strong></span> <span class='ocrx_word' id='word_1_497' title='bbox 3243 2711 3443 2768; x_wconf 86' lang='lat' dir='ltr'><strong>mentis</strong></span> <span class='ocrx_word' id='word_1_498' title='bbox 3471 2713 3819 2783; x_wconf 77' lang='lat' dir='ltr'><strong>inSpicicntvs.</strong></span> 
     </span>
    </p>
   </div>
   <div class='ocr_carea' id='block_1_74' title="bbox 2242 2797 3822 2869">
    <p class='ocr_par' dir='ltr' id='par_1_74' title="bbox 2242 2797 3822 2869">
     <span class='ocr_line' id='line_1_74' title="bbox 2242 2797 3822 2869; baseline 0.005 -18"><span class='ocrx_word' id='word_1_499' title='bbox 2242 2797 2444 2861; x_wconf 84' lang='lat' dir='ltr'><strong>Domus</strong></span> <span class='ocrx_word' id='word_1_500' title='bbox 2495 2800 2711 2869; x_wconf 79' lang='lat' dir='ltr'><strong>Aaron,</strong></span> <span class='ocrx_word' id='word_1_501' title='bbox 2770 2801 3052 2857; x_wconf 86' lang='lat' dir='ltr'><strong>benedicite</strong></span> <span class='ocrx_word' id='word_1_502' title='bbox 3109 2802 3412 2863; x_wconf 85' lang='lat' dir='ltr'><strong>Dominum.</strong></span> <span class='ocrx_word' id='word_1_503' title='bbox 3469 2804 3822 2862; x_wconf 80' lang='lat' dir='ltr'><strong>Ministrorutu</strong></span> 
     </span>
    </p>
   </div>
   <div class='ocr_carea' id='block_1_75' title="bbox 2240 2878 2912 2962">
    <p class='ocr_par' dir='ltr' id='par_1_75' title="bbox 2240 2878 2912 2962">
     <span class='ocr_line' id='line_1_75' title="bbox 2240 2878 2912 2962; baseline 0.01 -17"><span class='ocrx_word' id='word_1_504' title='bbox 2240 2890 2376 2947; x_wconf 90' lang='lat' dir='ltr'><strong>ordo</strong></span> <span class='ocrx_word' id='word_1_505' title='bbox 2400 2893 2699 2962; x_wconf 83' lang='lat' dir='ltr'><strong>perlectus.</strong></span> <span class='ocrx_word' id='word_1_506' title='bbox 2906 2878 2912 2883; x_wconf 61' lang='grc'><em>’</em></span> 
     </span>
    </p>
   </div>
   <div class='ocr_carea' id='block_1_76' title="bbox 2315 2982 3820 3054">
    <p class='ocr_par' dir='ltr' id='par_1_76' title="bbox 2315 2982 3820 3054">
     <span class='ocr_line' id='line_1_76' title="bbox 2315 2982 3820 3054; baseline 0.004 -17"><span class='ocrx_word' id='word_1_507' title='bbox 2315 2982 2415 3052; x_wconf 88' lang='lat' dir='ltr'><strong>Qui</strong></span> <span class='ocrx_word' id='word_1_508' title='bbox 2456 2987 2646 3041; x_wconf 89' lang='lat' dir='ltr'><strong>timetis</strong></span> <span class='ocrx_word' id='word_1_509' title='bbox 2696 2984 3013 3054; x_wconf 89' lang='lat' dir='ltr'><strong>Dominum,</strong></span> <span class='ocrx_word' id='word_1_510' title='bbox 3068 2988 3346 3043; x_wconf 87' lang='lat' dir='ltr'><strong>benedicite</strong></span> <span class='ocrx_word' id='word_1_511' title='bbox 3393 2987 3671 3045; x_wconf 87' lang='lat' dir='ltr'><strong>Dominum</strong></span> <span class='ocrx_word' id='word_1_512' title='bbox 3707 3005 3725 3042; x_wconf 89' lang='lat'><strong>:</strong></span> <span class='ocrx_word' id='word_1_513' title='bbox 3772 2996 3820 3043; x_wconf 90' lang='lat' dir='ltr'><strong>ut</strong></span> 
     </span>
    </p>
   </div>
   <div class='ocr_carea' id='block_1_77' title="bbox 2239 3074 3818 3148">
    <p class='ocr_par' dir='ltr' id='par_1_77' title="bbox 2239 3074 3818 3148">
     <span class='ocr_line' id='line_1_77' title="bbox 2239 3074 3818 3148; baseline 0.005 -20"><span class='ocrx_word' id='word_1_514' title='bbox 2239 3074 2381 3133; x_wconf 89' lang='lat' dir='ltr'><strong>sicut</strong></span> <span class='ocrx_word' id='word_1_515' title='bbox 2431 3077 2767 3148; x_wconf 72' lang='lat' dir='ltr'><strong>maiestatem</strong></span> <span class='ocrx_word' id='word_1_516' title='bbox 2811 3080 3078 3147; x_wconf 87' lang='lat' dir='ltr'><strong>metuitis,</strong></span> <span class='ocrx_word' id='word_1_517' title='bbox 3122 3078 3194 3136; x_wconf 89' lang='lat' dir='ltr'><strong>ita</strong></span> <span class='ocrx_word' id='word_1_518' title='bbox 3241 3096 3364 3139; x_wconf 87' lang='lat' dir='ltr'><strong>cum</strong></span> <span class='ocrx_word' id='word_1_519' title='bbox 3416 3080 3679 3137; x_wconf 87' lang='lat' dir='ltr'><strong>cbaritate</strong></span> <span class='ocrx_word' id='word_1_520' title='bbox 3721 3080 3818 3136; x_wconf 89' lang='lat' dir='ltr'><strong>lau-</strong></span> 
     </span>
    </p>
   </div>
   <div class='ocr_carea' id='block_1_78' title="bbox 2163 3163 2401 3243">
    <p class='ocr_par' dir='ltr' id='par_1_78' title="bbox 2163 3163 2401 3243">
     <span class='ocr_line' id='line_1_78' title="bbox 2163 3163 2401 3243; baseline 0.004 -24"><span class='ocrx_word' id='word_1_521' title='bbox 2163 3178 2211 3243; x_wconf 71' lang='grc' dir='ltr'>ο</span> <span class='ocrx_word' id='word_1_522' title='bbox 2240 3163 2401 3221; x_wconf 88' lang='lat' dir='ltr'><strong>detis.</strong></span> 
     </span>
    </p>
   </div>
   <div class='ocr_carea' id='block_1_79' title="bbox 2311 3257 3813 3337">
    <p class='ocr_par' dir='ltr' id='par_1_79' title="bbox 2311 3257 3813 3337">
     <span class='ocr_line' id='line_1_79' title="bbox 2311 3257 3813 3337; baseline 0.003 -25"><span class='ocrx_word' id='word_1_523' title='bbox 2311 3257 2622 3315; x_wconf 83' lang='lat' dir='ltr'><strong>Benedictus</strong></span> <span class='ocrx_word' id='word_1_524' title='bbox 2655 3261 2912 3319; x_wconf 83' lang='lat' dir='ltr'><strong>Dominus</strong></span> <span class='ocrx_word' id='word_1_525' title='bbox 2942 3262 3079 3319; x_wconf 87' lang='lat' dir='ltr'><strong>Deus</strong></span> <span class='ocrx_word' id='word_1_526' title='bbox 3105 3280 3168 3320; x_wconf 76' lang='lat' dir='ltr'><strong>ex</strong></span> <span class='ocrx_word' id='word_1_527' title='bbox 3200 3262 3335 3320; x_wconf 83' lang='lat' dir='ltr'><strong>Sion</strong></span> <span class='ocrx_word' id='word_1_528' title='bbox 3362 3280 3382 3318; x_wconf 90' lang='lat'><strong>:</strong></span> <span class='ocrx_word' id='word_1_529' title='bbox 3410 3265 3502 3337; x_wconf 90' lang='lat' dir='ltr'><strong>qui</strong></span> <span class='ocrx_word' id='word_1_530' title='bbox 3544 3265 3728 3320; x_wconf 85' lang='lat' dir='ltr'><strong>habitat</strong></span> <span class='ocrx_word' id='word_1_531' title='bbox 3769 3263 3813 3317; x_wconf 87' lang='lat' dir='ltr'><strong>in</strong></span> 
     </span>
    </p>
   </div>
   <div class='ocr_carea' id='block_1_80' title="bbox 2237 3347 3811 3422">
    <p class='ocr_par' dir='ltr' id='par_1_80' title="bbox 2237 3347 3811 3422">
     <span class='ocr_line' id='line_1_80' title="bbox 2237 3347 3811 3422; baseline 0.005 -19"><span class='ocrx_word' id='word_1_532' title='bbox 2237 3347 2550 3405; x_wconf 81' lang='lat' dir='ltr'><strong>Jerusalem.</strong></span> <span class='ocrx_word' id='word_1_533' title='bbox 2602 3351 2760 3422; x_wconf 68' lang='lat' dir='ltr'><strong>ipse,</strong></span> <span class='ocrx_word' id='word_1_534' title='bbox 2815 3355 3078 3411; x_wconf 90' lang='lat' dir='ltr'><strong>Dominus</strong></span> <span class='ocrx_word' id='word_1_535' title='bbox 3127 3364 3315 3413; x_wconf 88' lang='lat' dir='ltr'><strong>noster</strong></span> <span class='ocrx_word' id='word_1_536' title='bbox 3352 3356 3512 3413; x_wconf 87' lang='lat' dir='ltr'><strong>Jesus</strong></span> <span class='ocrx_word' id='word_1_537' title='bbox 3552 3356 3811 3415; x_wconf 83' lang='lat' dir='ltr'><strong>Christus:</strong></span> 
     </span>
    </p>
   </div>
   <div class='ocr_carea' id='block_1_81' title="bbox 2238 3440 3813 3518">
    <p class='ocr_par' dir='ltr' id='par_1_81' title="bbox 2238 3440 3813 3518">
     <span class='ocr_line' id='line_1_81' title="bbox 2238 3440 3813 3518; baseline 0.003 -22"><span class='ocrx_word' id='word_1_538' title='bbox 2238 3440 2326 3496; x_wconf 92' lang='lat' dir='ltr'><strong>cui</strong></span> <span class='ocrx_word' id='word_1_539' title='bbox 2351 3451 2433 3496; x_wconf 91' lang='lat' dir='ltr'><strong>est</strong></span> <span class='ocrx_word' id='word_1_540' title='bbox 2463 3458 2586 3497; x_wconf 90' lang='lat' dir='ltr'><strong>cum</strong></span> <span class='ocrx_word' id='word_1_541' title='bbox 2617 3454 2822 3500; x_wconf 81' lang='lat' dir='ltr'><strong>a-teruo</strong></span> <span class='ocrx_word' id='word_1_542' title='bbox 2861 3445 3019 3501; x_wconf 86' lang='lat' dir='ltr'><strong>Patre</strong></span> <span class='ocrx_word' id='word_1_543' title='bbox 3047 3456 3103 3503; x_wconf 90' lang='lat' dir='ltr'><strong>et</strong></span> <span class='ocrx_word' id='word_1_544' title='bbox 3134 3447 3343 3518; x_wconf 88' lang='lat' dir='ltr'><strong>Spiritu</strong></span> <span class='ocrx_word' id='word_1_545' title='bbox 3370 3457 3564 3505; x_wconf 88' lang='lat' dir='ltr'><strong>sancto</strong></span> <span class='ocrx_word' id='word_1_546' title='bbox 3590 3447 3749 3504; x_wconf 86' lang='lat' dir='ltr'><strong>honor</strong></span> <span class='ocrx_word' id='word_1_547' title='bbox 3765 3454 3813 3501; x_wconf 85' lang='lat' dir='ltr'><strong>et</strong></span> 
     </span>
    </p>
   </div>
   <div class='ocr_carea' id='block_1_82' title="bbox 2238 3531 3337 3603">
    <p class='ocr_par' dir='ltr' id='par_1_82' title="bbox 2238 3531 3337 3603">
     <span class='ocr_line' id='line_1_82' title="bbox 2238 3531 3337 3603; baseline 0.006 -18"><span class='ocrx_word' id='word_1_548' title='bbox 2238 3531 2410 3603; x_wconf 87' lang='lat' dir='ltr'><strong>gloria</strong></span> <span class='ocrx_word' id='word_1_549' title='bbox 2442 3533 2493 3587; x_wconf 88' lang='lat' dir='ltr'><strong>in</strong></span> <span class='ocrx_word' id='word_1_550' title='bbox 2526 3535 2730 3591; x_wconf 64' lang='lat' dir='ltr'><strong>saecula</strong></span> <span class='ocrx_word' id='word_1_551' title='bbox 2757 3539 3106 3593; x_wconf 61' lang='lat' dir='ltr'><strong>sagculorum.</strong></span> <span class='ocrx_word' id='word_1_552' title='bbox 3138 3540 3337 3595; x_wconf 74' lang='lat' dir='ltr'><strong>Amen.</strong></span> 
     </span>
    </p>
   </div>
   <div class='ocr_carea' id='block_1_83' title="bbox 2722 3627 3345 3685">
    <p class='ocr_par' dir='ltr' id='par_1_83' title="bbox 2722 3627 3345 3685">
     <span class='ocr_line' id='line_1_83' title="bbox 2722 3627 3345 3685; baseline 0.006 -4"><span class='ocrx_word' id='word_1_553' title='bbox 2722 3627 3040 3684; x_wconf 82' lang='lat' dir='ltr'><strong>PSALMUS</strong></span> <span class='ocrx_word' id='word_1_554' title='bbox 3077 3628 3345 3685; x_wconf 80' lang='lat' dir='ltr'><strong>CXXXV.</strong></span> 
     </span>
    </p>
   </div>
   <div class='ocr_carea' id='block_1_84' title="bbox 2237 3692 3812 3767">
    <p class='ocr_par' dir='ltr' id='par_1_84' title="bbox 2237 3692 3812 3767">
     <span class='ocr_line' id='line_1_84' title="bbox 2237 3692 3812 3767; baseline 0.004 -21"><span class='ocrx_word' id='word_1_555' title='bbox 2237 3692 2489 3749; x_wconf 83' lang='lat' dir='ltr'><strong>Alleluia.</strong></span> <span class='ocrx_word' id='word_1_556' title='bbox 2539 3694 2650 3751; x_wconf 82' lang='lat' dir='ltr'><strong>[Ste</strong></span> <span class='ocrx_word' id='word_1_557' title='bbox 2699 3699 2938 3767; x_wconf 79' lang='lat' dir='ltr'><strong>pSaImus</strong></span> <span class='ocrx_word' id='word_1_558' title='bbox 2982 3699 3197 3755; x_wconf 84' lang='lat' dir='ltr'><strong>Domini</strong></span> <span class='ocrx_word' id='word_1_559' title='bbox 3240 3699 3643 3757; x_wconf 84' lang='lat' dir='ltr'><strong>misericordias</strong></span> <span class='ocrx_word' id='word_1_560' title='bbox 3669 3701 3717 3755; x_wconf 91' lang='lat' dir='ltr'><strong>in</strong></span> <span class='ocrx_word' id='word_1_561' title='bbox 3740 3699 3812 3754; x_wconf 85' lang='lat' dir='ltr'><strong>di-</strong></span> 
     </span>
    </p>
   </div>
   <div class='ocr_carea' id='block_1_85' title="bbox 2310 3767 3806 3844">
    <p class='ocr_par' dir='ltr' id='par_1_85' title="bbox 2310 3767 3806 3844">
     <span class='ocr_line' id='line_1_85' title="bbox 2310 3767 3806 3844; baseline 0.003 -24"><span class='ocrx_word' id='word_1_562' title='bbox 2310 3767 2490 3844; x_wconf 70' lang='lat' dir='ltr'><strong>versis</strong></span> <span class='ocrx_word' id='word_1_563' title='bbox 2541 3771 2961 3844; x_wconf 72' lang='lat' dir='ltr'><strong>necessitatibus</strong></span> <span class='ocrx_word' id='word_1_564' title='bbox 3009 3772 3248 3827; x_wconf 80' lang='lat' dir='ltr'><strong>human</strong></span> <span class='ocrx_word' id='word_1_565' title='bbox 3295 3775 3489 3842; x_wconf 76' lang='lat' dir='ltr'><strong>generi</strong></span> <span class='ocrx_word' id='word_1_566' title='bbox 3534 3774 3806 3844; x_wconf 64' lang='lat' dir='ltr'><strong>prmstitas,</strong></span> 
     </span>
    </p>
   </div>
   <div class='ocr_carea' id='block_1_86' title="bbox 2309 3837 2794 3906">
    <p class='ocr_par' dir='ltr' id='par_1_86' title="bbox 2309 3837 2794 3906">
     <span class='ocr_line' id='line_1_86' title="bbox 2309 3837 2794 3906; baseline 0.008 -15"><span class='ocrx_word' id='word_1_567' title='bbox 2309 3837 2527 3906; x_wconf 89' lang='lat' dir='ltr'><strong>pandit,</strong></span> <span class='ocrx_word' id='word_1_568' title='bbox 2561 3839 2751 3895; x_wconf 90' lang='lat' dir='ltr'><strong>dicens</strong></span> <span class='ocrx_word' id='word_1_569' title='bbox 2780 3858 2794 3894; x_wconf 91' lang='lat'><strong>:</strong></span> 
     </span>
    </p>
   </div>
   <div class='ocr_carea' id='block_1_87' title="bbox 2311 3926 3813 4007">
    <p class='ocr_par' dir='ltr' id='par_1_87' title="bbox 2311 3926 3813 4007">
     <span class='ocr_line' id='line_1_87' title="bbox 2311 3926 3813 4007; baseline 0.009 -25"><span class='ocrx_word' id='word_1_570' title='bbox 2311 3926 2639 3998; x_wconf 76' lang='lat' dir='ltr'><strong>Canﬁtemini</strong></span> <span class='ocrx_word' id='word_1_571' title='bbox 2667 3928 2896 3987; x_wconf 87' lang='lat' dir='ltr'><strong>Domino</strong></span> <span class='ocrx_word' id='word_1_572' title='bbox 2915 3970 2935 4001; x_wconf 84' lang='lat'><strong>,</strong></span> <span class='ocrx_word' id='word_1_573' title='bbox 2966 3934 3215 4003; x_wconf 85' lang='lat' dir='ltr'><strong>quoniam</strong></span> <span class='ocrx_word' id='word_1_574' title='bbox 3252 3933 3419 4001; x_wconf 73' lang='lat' dir='ltr'><strong>bonus</strong></span> <span class='ocrx_word' id='word_1_575' title='bbox 3452 3952 3473 3991; x_wconf 89' lang='lat'><em>:</em></span> <span class='ocrx_word' id='word_1_576' title='bbox 3508 3935 3741 4007; x_wconf 76' lang='lat' dir='ltr'><strong>quoniam</strong></span> <span class='ocrx_word' id='word_1_577' title='bbox 3767 3932 3813 3995; x_wconf 70' lang='lat' dir='ltr'><strong>is</strong></span> 
     </span>
    </p>
   </div>
   <div class='ocr_carea' id='block_1_88' title="bbox 2238 4022 3812 4099">
    <p class='ocr_par' dir='ltr' id='par_1_88' title="bbox 2238 4022 3812 4099">
     <span class='ocr_line' id='line_1_88' title="bbox 2238 4022 3812 4099; baseline 0.004 -24"><span class='ocrx_word' id='word_1_578' title='bbox 2238 4022 2488 4077; x_wconf 69' lang='lat' dir='ltr'><strong>siccatum</strong></span> <span class='ocrx_word' id='word_1_579' title='bbox 2513 4023 2875 4079; x_wconf 81' lang='lat' dir='ltr'><strong>misericordia</strong></span> <span class='ocrx_word' id='word_1_580' title='bbox 2903 4028 3037 4098; x_wconf 86' lang='lat' dir='ltr'><strong>ejus.</strong></span> <span class='ocrx_word' id='word_1_581' title='bbox 3071 4027 3422 4089; x_wconf 81' lang='lat' dir='ltr'><strong>Conﬁtemini</strong></span> <span class='ocrx_word' id='word_1_582' title='bbox 3472 4037 3686 4099; x_wconf 86' lang='lat' dir='ltr'><strong>peccata</strong></span> <span class='ocrx_word' id='word_1_583' title='bbox 3708 4041 3812 4083; x_wconf 82' lang='lat' dir='ltr'><strong>ves-</strong></span> 
     </span>
    </p>
   </div>
   <div class='ocr_carea' id='block_1_89' title="bbox 2239 4115 3811 4190">
    <p class='ocr_par' dir='ltr' id='par_1_89' title="bbox 2239 4115 3811 4190">
     <span class='ocr_line' id='line_1_89' title="bbox 2239 4115 3811 4190; baseline 0.005 -21"><span class='ocrx_word' id='word_1_584' title='bbox 2239 4122 2344 4181; x_wconf 90' lang='lat' dir='ltr'><strong>tra,</strong></span> <span class='ocrx_word' id='word_1_585' title='bbox 2376 4125 2430 4170; x_wconf 89' lang='lat' dir='ltr'><strong>et</strong></span> <span class='ocrx_word' id='word_1_586' title='bbox 2460 4115 2678 4171; x_wconf 90' lang='lat' dir='ltr'><strong>laudate</strong></span> <span class='ocrx_word' id='word_1_587' title='bbox 2703 4131 2828 4173; x_wconf 90' lang='lat' dir='ltr'><strong>eum</strong></span> <span class='ocrx_word' id='word_1_588' title='bbox 2855 4119 2950 4189; x_wconf 88' lang='lat' dir='ltr'><strong>qui</strong></span> <span class='ocrx_word' id='word_1_589' title='bbox 2982 4134 3081 4190; x_wconf 84' lang='lat' dir='ltr'><strong>per</strong></span> <span class='ocrx_word' id='word_1_590' title='bbox 3101 4120 3539 4185; x_wconf 69' lang='lat' dir='ltr'><strong>illisei‘iCOI&#39;diilm</strong></span> <span class='ocrx_word' id='word_1_591' title='bbox 3564 4120 3617 4179; x_wconf 89' lang='lat' dir='ltr'><strong>in</strong></span> <span class='ocrx_word' id='word_1_592' title='bbox 3639 4135 3695 4178; x_wconf 82' lang='lat' dir='ltr'><strong>se</strong></span> <span class='ocrx_word' id='word_1_593' title='bbox 3716 4135 3811 4177; x_wconf 60' lang='lat' dir='ltr'><strong>Inaa</strong></span> 
     </span>
    </p>
   </div>
   <div class='ocr_carea' id='block_1_90' title="bbox 2240 4202 2687 4276">
    <p class='ocr_par' dir='ltr' id='par_1_90' title="bbox 2240 4202 2687 4276">
     <span class='ocr_line' id='line_1_90' title="bbox 2240 4202 2687 4276; baseline 0.007 -18"><span class='ocrx_word' id='word_1_594' title='bbox 2240 4202 2391 4260; x_wconf 76' lang='lat' dir='ltr'><strong>nen&#39;ti</strong></span> <span class='ocrx_word' id='word_1_595' title='bbox 2422 4204 2687 4276; x_wconf 86' lang='lat' dir='ltr'><strong>indulget.</strong></span> 
     </span>
    </p>
   </div>
   <div class='ocr_carea' id='block_1_91' title="bbox 2311 4295 3814 4373">
    <p class='ocr_par' dir='ltr' id='par_1_91' title="bbox 2311 4295 3814 4373">
     <span class='ocr_line' id='line_1_91' title="bbox 2311 4295 3814 4373; baseline 0.005 -22"><span class='ocrx_word' id='word_1_596' title='bbox 2311 4295 2642 4368; x_wconf 76' lang='lat' dir='ltr'><strong>Conﬁtemini</strong></span> <span class='ocrx_word' id='word_1_597' title='bbox 2669 4296 2783 4353; x_wconf 89' lang='lat' dir='ltr'><strong>Deo</strong></span> <span class='ocrx_word' id='word_1_598' title='bbox 2810 4298 3048 4356; x_wconf 87' lang='lat' dir='ltr'><strong>deorum.</strong></span> <span class='ocrx_word' id='word_1_599' title='bbox 3090 4299 3169 4354; x_wconf 83' lang='lat' dir='ltr'><strong>Illi</strong></span> <span class='ocrx_word' id='word_1_600' title='bbox 3196 4300 3289 4373; x_wconf 89' lang='lat' dir='ltr'><strong>qui</strong></span> <span class='ocrx_word' id='word_1_601' title='bbox 3315 4301 3662 4367; x_wconf 81' lang='lat' dir='ltr'><strong>credentibus</strong></span> <span class='ocrx_word' id='word_1_602' title='bbox 3694 4302 3741 4357; x_wconf 89' lang='lat' dir='ltr'><strong>in</strong></span> <span class='ocrx_word' id='word_1_603' title='bbox 3762 4316 3814 4359; x_wconf 79' lang='lat' dir='ltr'><strong>sc</strong></span> 
     </span>
    </p>
   </div>
   <div class='ocr_carea' id='block_1_92' title="bbox 2239 4386 3219 4461">
    <p class='ocr_par' dir='ltr' id='par_1_92' title="bbox 2239 4386 3219 4461">
     <span class='ocr_line' id='line_1_92' title="bbox 2239 4386 3219 4461; baseline 0 -16"><span class='ocrx_word' id='word_1_604' title='bbox 2239 4386 2395 4446; x_wconf 86' lang='lat' dir='ltr'><strong>dedit</strong></span> <span class='ocrx_word' id='word_1_605' title='bbox 2419 4396 2747 4461; x_wconf 88' lang='lat' dir='ltr'><strong>potestatem</strong></span> <span class='ocrx_word' id='word_1_606' title='bbox 2779 4390 2922 4447; x_wconf 81' lang='lat' dir='ltr'><strong>ﬁlios</strong></span> <span class='ocrx_word' id='word_1_607' title='bbox 2952 4390 3049 4447; x_wconf 90' lang='lat' dir='ltr'><strong>Dei</strong></span> <span class='ocrx_word' id='word_1_608' title='bbox 3080 4392 3219 4449; x_wconf 80' lang='lat' dir='ltr'><strong>ﬁeri.</strong></span> 
     </span>
    </p>
   </div>
   <div class='ocr_carea' id='block_1_93' title="bbox 2312 4483 3813 4555">
    <p class='ocr_par' dir='ltr' id='par_1_93' title="bbox 2312 4483 3813 4555">
     <span class='ocr_line' id='line_1_93' title="bbox 2312 4483 3813 4555; baseline 0.007 -16"><span class='ocrx_word' id='word_1_609' title='bbox 2312 4483 2645 4555; x_wconf 79' lang='lat' dir='ltr'><strong>Con/itemini</strong></span> <span class='ocrx_word' id='word_1_610' title='bbox 2696 4483 2923 4540; x_wconf 91' lang='lat' dir='ltr'><strong>Domino</strong></span> <span class='ocrx_word' id='word_1_611' title='bbox 2960 4486 3309 4543; x_wconf 81' lang='lat' dir='ltr'><strong>dominorum.</strong></span> <span class='ocrx_word' id='word_1_612' title='bbox 3340 4488 3459 4546; x_wconf 82' lang='lat' dir='ltr'><strong>Hoc</strong></span> <span class='ocrx_word' id='word_1_613' title='bbox 3497 4487 3722 4546; x_wconf 77' lang='lat' dir='ltr'><strong>refertur</strong></span> <span class='ocrx_word' id='word_1_614' title='bbox 3755 4485 3813 4550; x_wconf 64' lang='lat' dir='ltr'><strong>3d.</strong></span> 
     </span>
    </p>
   </div>
   <div class='ocr_carea' id='block_1_94' title="bbox 614 4564 3817 4651">
    <p class='ocr_par' dir='ltr' id='par_1_94' title="bbox 614 4564 3817 4651">
     <span class='ocr_line' id='line_1_94' title="bbox 614 4564 3817 4651; baseline 0.001 -22"><span class='ocrx_word' id='word_1_615' title='bbox 614 4572 685 4629; x_wconf 88' lang='lat' dir='ltr'><strong>Et</strong></span> <span class='ocrx_word' id='word_1_616' title='bbox 721 4575 867 4631; x_wconf 87' lang='lat' dir='ltr'><strong>misit</strong></span> <span class='ocrx_word' id='word_1_617' title='bbox 902 4575 1053 4648; x_wconf 86' lang='lat' dir='ltr'><strong>signa</strong></span> <span class='ocrx_word' id='word_1_618' title='bbox 1079 4583 1128 4629; x_wconf 87' lang='lat' dir='ltr'><strong>et</strong></span> <span class='ocrx_word' id='word_1_619' title='bbox 1168 4574 1409 4645; x_wconf 87' lang='lat' dir='ltr'><strong>prodigia</strong></span> <span class='ocrx_word' id='word_1_620' title='bbox 1446 4573 1500 4629; x_wconf 93' lang='lat' dir='ltr'><strong>in</strong></span> <span class='ocrx_word' id='word_1_621' title='bbox 1537 4574 1709 4630; x_wconf 85' lang='lat' dir='ltr'><strong>medio</strong></span> <span class='ocrx_word' id='word_1_622' title='bbox 1747 4576 1853 4644; x_wconf 88' lang='lat' dir='ltr'><strong>tui,</strong></span> <span class='ocrx_word' id='word_1_623' title='bbox 1882 4575 2134 4649; x_wconf 82' lang='lat' dir='ltr'><strong>/Egypte.</strong></span> <span class='ocrx_word' id='word_1_624' title='bbox 2165 4564 2214 4627; x_wconf 86' lang='lat' dir='ltr'><strong>D</strong></span> <span class='ocrx_word' id='word_1_625' title='bbox 2242 4572 2440 4630; x_wconf 88' lang='lat' dir='ltr'><strong>Filium</strong></span> <span class='ocrx_word' id='word_1_626' title='bbox 2463 4616 2478 4642; x_wconf 91' lang='lat'><strong>,</strong></span> <span class='ocrx_word' id='word_1_627' title='bbox 2510 4585 2564 4631; x_wconf 89' lang='lat' dir='ltr'><strong>et</strong></span> <span class='ocrx_word' id='word_1_628' title='bbox 2607 4576 2718 4633; x_wconf 92' lang='lat' dir='ltr'><strong>Deo</strong></span> <span class='ocrx_word' id='word_1_629' title='bbox 2747 4575 2973 4632; x_wconf 88' lang='lat' dir='ltr'><strong>deorum</strong></span> <span class='ocrx_word' id='word_1_630' title='bbox 2993 4617 3017 4651; x_wconf 15' lang='grc' dir='ltr'><strong>,ν</strong></span> <span class='ocrx_word' id='word_1_631' title='bbox 3040 4577 3109 4633; x_wconf 90' lang='lat' dir='ltr'><strong>ad</strong></span> <span class='ocrx_word' id='word_1_632' title='bbox 3155 4578 3397 4636; x_wconf 87' lang='lat' dir='ltr'><strong>Patrem.</strong></span> <span class='ocrx_word' id='word_1_633' title='bbox 3426 4579 3577 4637; x_wconf 83' lang='lat' dir='ltr'><strong>Patri</strong></span> <span class='ocrx_word' id='word_1_634' title='bbox 3615 4594 3737 4651; x_wconf 81' lang='lat' dir='ltr'><strong>ergo</strong></span> <span class='ocrx_word' id='word_1_635' title='bbox 3767 4585 3817 4634; x_wconf 85' lang='lat' dir='ltr'><strong>et</strong></span> 
     </span>
    </p>
   </div>
   <div class='ocr_carea' id='block_1_95' title="bbox 545 4666 2132 4737">
    <p class='ocr_par' dir='ltr' id='par_1_95' title="bbox 545 4666 2132 4737">
     <span class='ocr_line' id='line_1_95' title="bbox 545 4666 2132 4737; baseline 0.001 -14"><span class='ocrx_word' id='word_1_636' title='bbox 545 4666 781 4723; x_wconf 84' lang='lat' dir='ltr'><strong>Terrens</strong></span> <span class='ocrx_word' id='word_1_637' title='bbox 804 4667 1062 4722; x_wconf 90' lang='lat' dir='ltr'><strong>mundum</strong></span> <span class='ocrx_word' id='word_1_638' title='bbox 1090 4667 1145 4721; x_wconf 92' lang='lat' dir='ltr'><strong>in</strong></span> <span class='ocrx_word' id='word_1_639' title='bbox 1172 4668 1451 4737; x_wconf 84' lang='lat' dir='ltr'><strong>passione,</strong></span> <span class='ocrx_word' id='word_1_640' title='bbox 1475 4668 1560 4720; x_wconf 88' lang='lat' dir='ltr'><strong>vel</strong></span> <span class='ocrx_word' id='word_1_641' title='bbox 1592 4672 1641 4721; x_wconf 91' lang='lat' dir='ltr'><strong>in</strong></span> <span class='ocrx_word' id='word_1_642' title='bbox 1675 4669 1933 4733; x_wconf 86' lang='lat' dir='ltr'><strong>tenebris,</strong></span> <span class='ocrx_word' id='word_1_643' title='bbox 1965 4669 2051 4723; x_wconf 84' lang='lat' dir='ltr'><strong>vel</strong></span> <span class='ocrx_word' id='word_1_644' title='bbox 2076 4668 2132 4724; x_wconf 90' lang='lat' dir='ltr'><strong>in</strong></span> 
     </span>
    </p>
   </div>
   <div class='ocr_carea' id='block_1_96' title="bbox 541 4758 2137 4826">
    <p class='ocr_par' dir='ltr' id='par_1_96' title="bbox 541 4758 2137 4826">
     <span class='ocr_line' id='line_1_96' title="bbox 541 4758 2137 4826; baseline -0.002 -9"><span class='ocrx_word' id='word_1_645' title='bbox 541 4762 907 4817; x_wconf 88' lang='lat' dir='ltr'><strong>commotione</strong></span> <span class='ocrx_word' id='word_1_646' title='bbox 936 4770 1115 4816; x_wconf 71' lang='lat' dir='ltr'><strong>terrae.</strong></span> <span class='ocrx_word' id='word_1_647' title='bbox 1144 4758 1211 4815; x_wconf 89' lang='lat' dir='ltr'><strong>In</strong></span> <span class='ocrx_word' id='word_1_648' title='bbox 1251 4758 1580 4814; x_wconf 83' lang='lat' dir='ltr'><strong>Pharaonem</strong></span> <span class='ocrx_word' id='word_1_649' title='bbox 1604 4802 1619 4826; x_wconf 91' lang='lat'><strong>,</strong></span> <span class='ocrx_word' id='word_1_650' title='bbox 1659 4770 1706 4813; x_wconf 89' lang='lat' dir='ltr'><strong>et</strong></span> <span class='ocrx_word' id='word_1_651' title='bbox 1742 4761 1796 4814; x_wconf 89' lang='lat' dir='ltr'><strong>in</strong></span> <span class='ocrx_word' id='word_1_652' title='bbox 1825 4777 1996 4815; x_wconf 88' lang='lat' dir='ltr'><strong>omnes</strong></span> <span class='ocrx_word' id='word_1_653' title='bbox 2023 4777 2137 4814; x_wconf 86' lang='lat' dir='ltr'><strong>ser-</strong></span> 
     </span>
    </p>
   </div>
   <div class='ocr_carea' id='block_1_97' title="bbox 543 4851 2131 4925">
    <p class='ocr_par' dir='ltr' id='par_1_97' title="bbox 543 4851 2131 4925">
     <span class='ocr_line' id='line_1_97' title="bbox 543 4851 2131 4925; baseline 0.001 -18"><span class='ocrx_word' id='word_1_654' title='bbox 543 4869 632 4911; x_wconf 82' lang='lat' dir='ltr'><strong>uos</strong></span> <span class='ocrx_word' id='word_1_655' title='bbox 656 4857 789 4925; x_wconf 83' lang='lat' dir='ltr'><strong>ejus.</strong></span> <span class='ocrx_word' id='word_1_656' title='bbox 818 4851 1061 4925; x_wconf 82' lang='lat' dir='ltr'><strong>Afllgcns</strong></span> <span class='ocrx_word' id='word_1_657' title='bbox 1082 4851 1358 4908; x_wconf 87' lang='lat' dir='ltr'><strong>diabolum</strong></span> <span class='ocrx_word' id='word_1_658' title='bbox 1380 4852 1466 4908; x_wconf 87' lang='lat' dir='ltr'><strong>vel</strong></span> <span class='ocrx_word' id='word_1_659' title='bbox 1489 4868 1538 4922; x_wconf 77' lang='lat' dir='ltr'><strong>pi</strong></span> <span class='ocrx_word' id='word_1_660' title='bbox 1554 4851 1818 4923; x_wconf 83' lang='lat' dir='ltr'><strong>incipatus</strong></span> <span class='ocrx_word' id='word_1_661' title='bbox 1845 4852 1962 4923; x_wconf 91' lang='lat' dir='ltr'><strong>ejus</strong></span> <span class='ocrx_word' id='word_1_662' title='bbox 1983 4854 2131 4909; x_wconf 91' lang='lat' dir='ltr'><strong>cruci</strong></span> 
     </span>
    </p>
   </div>
   <div class='ocr_carea' id='block_1_98' title="bbox 539 4960 673 5001">
    <p class='ocr_par' dir='ltr' id='par_1_98' title="bbox 539 4960 673 5001">
     <span class='ocr_line' id='line_1_98' title="bbox 539 4960 673 5001; baseline -0.007 -1"><span class='ocrx_word' id='word_1_663' title='bbox 539 4960 673 5001; x_wconf 70' lang='lat' dir='ltr'><strong>sum.</strong></span> 
     </span>
    </p>
   </div>
   <div class='ocr_carea' id='block_1_99' title="bbox 614 5036 2127 5110">
    <p class='ocr_par' dir='ltr' id='par_1_99' title="bbox 614 5036 2127 5110">
     <span class='ocr_line' id='line_1_99' title="bbox 614 5036 2127 5110; baseline -0.001 -17"><span class='ocrx_word' id='word_1_664' title='bbox 614 5037 716 5104; x_wconf 85' lang='lat' dir='ltr'><strong>Qui</strong></span> <span class='ocrx_word' id='word_1_665' title='bbox 743 5038 992 5110; x_wconf 81' lang='lat' dir='ltr'><strong>percussit</strong></span> <span class='ocrx_word' id='word_1_666' title='bbox 1027 5053 1171 5108; x_wconf 86' lang='lat' dir='ltr'><strong>reges</strong></span> <span class='ocrx_word' id='word_1_667' title='bbox 1201 5053 1448 5108; x_wconf 88' lang='lat' dir='ltr'><strong>magnos,</strong></span> <span class='ocrx_word' id='word_1_668' title='bbox 1480 5045 1528 5090; x_wconf 89' lang='lat' dir='ltr'><strong>et</strong></span> <span class='ocrx_word' id='word_1_669' title='bbox 1556 5036 1745 5091; x_wconf 89' lang='lat' dir='ltr'><strong>occidit</strong></span> <span class='ocrx_word' id='word_1_670' title='bbox 1775 5052 1916 5108; x_wconf 87' lang='lat' dir='ltr'><strong>reges</strong></span> <span class='ocrx_word' id='word_1_671' title='bbox 1947 5040 2127 5106; x_wconf 78' lang='lat' dir='ltr'><strong>fortes.</strong></span> 
     </span>
    </p>
   </div>
   <div class='ocr_carea' id='block_1_100' title="bbox 539 5128 1904 5199">
    <p class='ocr_par' dir='ltr' id='par_1_100' title="bbox 539 5128 1904 5199">
     <span class='ocr_line' id='line_1_100' title="bbox 539 5128 1904 5199; baseline 0 -13"><span class='ocrx_word' id='word_1_672' title='bbox 539 5128 825 5186; x_wconf 84' lang='lat' dir='ltr'><strong>innumera</strong></span> <span class='ocrx_word' id='word_1_673' title='bbox 861 5130 1018 5195; x_wconf 70' lang='lat' dir='ltr'><strong>vitia,</strong></span> <span class='ocrx_word' id='word_1_674' title='bbox 1054 5146 1174 5199; x_wconf 77' lang='lat' dir='ltr'><strong>quae</strong></span> <span class='ocrx_word' id='word_1_675' title='bbox 1204 5130 1465 5184; x_wconf 90' lang='lat' dir='ltr'><strong>mundum</strong></span> <span class='ocrx_word' id='word_1_676' title='bbox 1494 5141 1904 5199; x_wconf 80' lang='lat' dir='ltr'><strong>Oppresserant.</strong></span> 
     </span>
    </p>
   </div>
   <div class='ocr_carea' id='block_1_101' title="bbox 611 5220 2130 5294">
    <p class='ocr_par' dir='ltr' id='par_1_101' title="bbox 611 5220 2130 5294">
     <span class='ocr_line' id='line_1_101' title="bbox 611 5220 2130 5294; baseline 0.001 -15"><span class='ocrx_word' id='word_1_677' title='bbox 611 5224 749 5280; x_wconf 87' lang='lat' dir='ltr'><strong>Seon</strong></span> <span class='ocrx_word' id='word_1_678' title='bbox 770 5239 938 5294; x_wconf 86' lang='lat' dir='ltr'><strong>regem</strong></span> <span class='ocrx_word' id='word_1_679' title='bbox 969 5221 1412 5278; x_wconf 73' lang='lat' dir='ltr'><strong>Amorrhworum.</strong></span> <span class='ocrx_word' id='word_1_680' title='bbox 1441 5220 1709 5278; x_wconf 86' lang='lat' dir='ltr'><strong>Arborem</strong></span> <span class='ocrx_word' id='word_1_681' title='bbox 1741 5222 2130 5283; x_wconf 80' lang='lat' dir='ltr'><strong>infructuosam</strong></span> 
     </span>
    </p>
   </div>
   <div class='ocr_carea' id='block_1_102' title="bbox 538 5315 2126 5389">
    <p class='ocr_par' dir='ltr' id='par_1_102' title="bbox 538 5315 2126 5389">
     <span class='ocr_line' id='line_1_102' title="bbox 538 5315 2126 5389; baseline 0.002 -15"><span class='ocrx_word' id='word_1_682' title='bbox 538 5315 740 5377; x_wconf 84' lang='lat' dir='ltr'><strong>habent</strong></span> <span class='ocrx_word' id='word_1_683' title='bbox 777 5333 962 5375; x_wconf 91' lang='lat' dir='ltr'><strong>secum</strong></span> <span class='ocrx_word' id='word_1_684' title='bbox 1003 5331 1375 5373; x_wconf 72' lang='lat' dir='ltr'><strong>exsecratores</strong></span> <span class='ocrx_word' id='word_1_685' title='bbox 1425 5316 1524 5373; x_wconf 91' lang='lat' dir='ltr'><strong>Dei</strong></span> <span class='ocrx_word' id='word_1_686' title='bbox 1572 5334 1587 5372; x_wconf 90' lang='lat'><strong>:</strong></span> <span class='ocrx_word' id='word_1_687' title='bbox 1643 5318 1734 5389; x_wconf 88' lang='lat' dir='ltr'><strong>qui</strong></span> <span class='ocrx_word' id='word_1_688' title='bbox 1790 5319 1951 5374; x_wconf 89' lang='lat' dir='ltr'><strong>simul</strong></span> <span class='ocrx_word' id='word_1_689' title='bbox 2002 5334 2126 5389; x_wconf 89' lang='lat' dir='ltr'><strong>per-</strong></span> 
     </span>
    </p>
   </div>
   <div class='ocr_carea' id='block_1_103' title="bbox 537 5408 2127 5485">
    <p class='ocr_par' dir='ltr' id='par_1_103' title="bbox 537 5408 2127 5485">
     <span class='ocr_line' id='line_1_103' title="bbox 537 5408 2127 5485; baseline -0.001 -17"><span class='ocrx_word' id='word_1_690' title='bbox 537 5411 712 5477; x_wconf 86' lang='lat' dir='ltr'><strong>cussi,</strong></span> <span class='ocrx_word' id='word_1_691' title='bbox 749 5411 802 5465; x_wconf 91' lang='lat' dir='ltr'><strong>iu</strong></span> <span class='ocrx_word' id='word_1_692' title='bbox 831 5412 1009 5481; x_wconf 85' lang='lat' dir='ltr'><strong>ignem</strong></span> <span class='ocrx_word' id='word_1_693' title='bbox 1048 5410 1407 5479; x_wconf 81' lang='lat' dir='ltr'><strong>projiciuntur</strong></span> <span class='ocrx_word' id='word_1_694' title='bbox 1436 5418 1728 5465; x_wconf 73' lang='lat' dir='ltr'><strong>mternum.</strong></span> <span class='ocrx_word' id='word_1_695' title='bbox 1760 5408 1829 5465; x_wconf 84' lang='lat' dir='ltr'><strong>Et</strong></span> <span class='ocrx_word' id='word_1_696' title='bbox 1859 5410 1937 5484; x_wconf 85' lang='lat' dir='ltr'><strong>Og</strong></span> <span class='ocrx_word' id='word_1_697' title='bbox 1959 5427 2127 5485; x_wconf 86' lang='lat' dir='ltr'><strong>regem</strong></span> 
     </span>
    </p>
   </div>
   <div class='ocr_carea' id='block_1_104' title="bbox 535 5500 2126 5571">
    <p class='ocr_par' dir='ltr' id='par_1_104' title="bbox 535 5500 2126 5571">
     <span class='ocr_line' id='line_1_104' title="bbox 535 5500 2126 5571; baseline 0.001 -13"><span class='ocrx_word' id='word_1_698' title='bbox 535 5502 729 5558; x_wconf 81' lang='lat' dir='ltr'><strong>Busan.</strong></span> <span class='ocrx_word' id='word_1_699' title='bbox 776 5502 1063 5558; x_wconf 84' lang='lat' dir='ltr'><strong>Maccriam</strong></span> <span class='ocrx_word' id='word_1_700' title='bbox 1096 5500 1463 5563; x_wconf 78' lang='lat' dir='ltr'><strong>confusionis.</strong></span> <span class='ocrx_word' id='word_1_701' title='bbox 1499 5517 1618 5571; x_wconf 74' lang='lat' dir='ltr'><strong>qum</strong></span> <span class='ocrx_word' id='word_1_702' title='bbox 1651 5502 1809 5557; x_wconf 86' lang='lat' dir='ltr'><strong>nobis</strong></span> <span class='ocrx_word' id='word_1_703' title='bbox 1834 5518 1905 5558; x_wconf 91' lang='lat' dir='ltr'><strong>ne</strong></span> <span class='ocrx_word' id='word_1_704' title='bbox 1955 5503 2126 5559; x_wconf 86' lang='lat' dir='ltr'><strong>Deum</strong></span> 
     </span>
    </p>
   </div>
   <div class='ocr_carea' id='block_1_105' title="bbox 531 5592 2120 5667">
    <p class='ocr_par' dir='ltr' id='par_1_105' title="bbox 531 5592 2120 5667">
     <span class='ocr_line' id='line_1_105' title="bbox 531 5592 2120 5667; baseline 0 -17"><span class='ocrx_word' id='word_1_705' title='bbox 531 5608 987 5664; x_wconf 67' lang='lat' dir='ltr'><strong>agnosceremus,</strong></span> <span class='ocrx_word' id='word_1_706' title='bbox 1032 5593 1299 5648; x_wconf 79' lang='lat' dir='ltr'><strong>obstabat.</strong></span> <span class='ocrx_word' id='word_1_707' title='bbox 1334 5592 1397 5646; x_wconf 83' lang='lat' dir='ltr'><strong>Et</strong></span> <span class='ocrx_word' id='word_1_708' title='bbox 1435 5594 1609 5647; x_wconf 86' lang='lat' dir='ltr'><strong>omnia</strong></span> <span class='ocrx_word' id='word_1_709' title='bbox 1647 5609 1806 5667; x_wconf 85' lang='lat' dir='ltr'><strong>regna</strong></span> <span class='ocrx_word' id='word_1_710' title='bbox 1846 5592 2120 5650; x_wconf 86' lang='lat' dir='ltr'><strong>Chanaan.</strong></span> 
     </span>
    </p>
   </div>
   <div class='ocr_carea' id='block_1_106' title="bbox 2242 4665 3814 4742">
    <p class='ocr_par' dir='ltr' id='par_1_106' title="bbox 2242 4665 3814 4742">
     <span class='ocr_line' id='line_1_106' title="bbox 2242 4665 3814 4742; baseline 0.004 -20"><span class='ocrx_word' id='word_1_711' title='bbox 2242 4665 2383 4724; x_wconf 83' lang='lat' dir='ltr'><strong>Filio</strong></span> <span class='ocrx_word' id='word_1_712' title='bbox 2428 4668 2776 4726; x_wconf 82' lang='lat' dir='ltr'><strong>conﬁtemur.</strong></span> <span class='ocrx_word' id='word_1_713' title='bbox 2810 4669 2979 4727; x_wconf 86' lang='lat' dir='ltr'><strong>Pater</strong></span> <span class='ocrx_word' id='word_1_714' title='bbox 3015 4672 3163 4728; x_wconf 91' lang='lat' dir='ltr'><strong>enim</strong></span> <span class='ocrx_word' id='word_1_715' title='bbox 3203 4671 3258 4729; x_wconf 91' lang='lat' dir='ltr'><strong>in</strong></span> <span class='ocrx_word' id='word_1_716' title='bbox 3296 4673 3462 4742; x_wconf 84' lang='lat' dir='ltr'><strong>Filio,</strong></span> <span class='ocrx_word' id='word_1_717' title='bbox 3493 4684 3551 4732; x_wconf 89' lang='lat' dir='ltr'><strong>et</strong></span> <span class='ocrx_word' id='word_1_718' title='bbox 3584 4674 3741 4732; x_wconf 81' lang='lat' dir='ltr'><strong>Filius</strong></span> <span class='ocrx_word' id='word_1_719' title='bbox 3766 4672 3814 4729; x_wconf 87' lang='lat' dir='ltr'><strong>ia</strong></span> 
     </span>
    </p>
   </div>
   <div class='ocr_carea' id='block_1_107' title="bbox 2244 4760 2422 4817">
    <p class='ocr_par' dir='ltr' id='par_1_107' title="bbox 2244 4760 2422 4817">
     <span class='ocr_line' id='line_1_107' title="bbox 2244 4760 2422 4817; baseline 0.011 -2"><span class='ocrx_word' id='word_1_720' title='bbox 2244 4760 2422 4817; x_wconf 81' lang='lat' dir='ltr'><strong>Patre.</strong></span> 
     </span>
    </p>
   </div>
   <div class='ocr_carea' id='block_1_108' title="bbox 2314 4853 3812 4933">
    <p class='ocr_par' dir='ltr' id='par_1_108' title="bbox 2314 4853 3812 4933">
     <span class='ocr_line' id='line_1_108' title="bbox 2314 4853 3812 4933; baseline 0.007 -28"><span class='ocrx_word' id='word_1_721' title='bbox 2314 4853 2415 4920; x_wconf 88' lang='lat' dir='ltr'><strong>Qui</strong></span> <span class='ocrx_word' id='word_1_722' title='bbox 2437 4855 2563 4924; x_wconf 80' lang='lat' dir='ltr'><strong>facit</strong></span> <span class='ocrx_word' id='word_1_723' title='bbox 2594 4855 2855 4913; x_wconf 87' lang='lat' dir='ltr'><strong>mirabilia</strong></span> <span class='ocrx_word' id='word_1_724' title='bbox 2872 4875 3062 4933; x_wconf 84' lang='lat' dir='ltr'><strong>magna</strong></span> <span class='ocrx_word' id='word_1_725' title='bbox 3081 4858 3247 4914; x_wconf 87' lang='lat' dir='ltr'><strong>solus.</strong></span> <span class='ocrx_word' id='word_1_726' title='bbox 3278 4857 3440 4916; x_wconf 83' lang='lat' dir='ltr'><strong>Prius</strong></span> <span class='ocrx_word' id='word_1_727' title='bbox 3464 4858 3623 4928; x_wconf 78' lang='lat' dir='ltr'><strong>dixit,</strong></span> <span class='ocrx_word' id='word_1_728' title='bbox 3650 4856 3812 4927; x_wconf 69' lang='lat' dir='ltr'><strong>Con/i-</strong></span> 
     </span>
    </p>
   </div>
   <div class='ocr_carea' id='block_1_109' title="bbox 2240 4945 3811 5020">
    <p class='ocr_par' dir='ltr' id='par_1_109' title="bbox 2240 4945 3811 5020">
     <span class='ocr_line' id='line_1_109' title="bbox 2240 4945 3811 5020; baseline 0.004 -20"><span class='ocrx_word' id='word_1_729' title='bbox 2240 4946 2419 5001; x_wconf 85' lang='lat' dir='ltr'><strong>temini</strong></span> <span class='ocrx_word' id='word_1_730' title='bbox 2446 4945 2555 5002; x_wconf 81' lang='lat' dir='ltr'><strong>Deo</strong></span> <span class='ocrx_word' id='word_1_731' title='bbox 2581 4950 2815 5020; x_wconf 85' lang='lat' dir='ltr'><strong>deorum,</strong></span> <span class='ocrx_word' id='word_1_732' title='bbox 2849 4961 2903 5009; x_wconf 91' lang='lat' dir='ltr'><strong>et</strong></span> <span class='ocrx_word' id='word_1_733' title='bbox 2932 4952 3130 5008; x_wconf 88' lang='lat' dir='ltr'><strong>iterum</strong></span> <span class='ocrx_word' id='word_1_734' title='bbox 3158 4991 3173 5017; x_wconf 88' lang='lat'><strong>,</strong></span> <span class='ocrx_word' id='word_1_735' title='bbox 3204 4949 3428 5007; x_wconf 86' lang='lat' dir='ltr'><strong>Domino</strong></span> <span class='ocrx_word' id='word_1_736' title='bbox 3457 4952 3811 5011; x_wconf 64' lang='lat' dir='ltr'><strong>demitterent:</strong></span> 
     </span>
    </p>
   </div>
   <div class='ocr_carea' id='block_1_110' title="bbox 2238 5042 3808 5116">
    <p class='ocr_par' dir='ltr' id='par_1_110' title="bbox 2238 5042 3808 5116">
     <span class='ocr_line' id='line_1_110' title="bbox 2238 5042 3808 5116; baseline 0.008 -23"><span class='ocrx_word' id='word_1_737' title='bbox 2238 5050 2295 5096; x_wconf 92' lang='lat' dir='ltr'><strong>et</strong></span> <span class='ocrx_word' id='word_1_738' title='bbox 2325 5045 2582 5111; x_wconf 88' lang='lat' dir='ltr'><strong>quoniam</strong></span> <span class='ocrx_word' id='word_1_739' title='bbox 2608 5042 2746 5099; x_wconf 80' lang='lat' dir='ltr'><strong>dixit</strong></span> <span class='ocrx_word' id='word_1_740' title='bbox 2773 5044 2911 5101; x_wconf 87' lang='lat' dir='ltr'><strong>duas</strong></span> <span class='ocrx_word' id='word_1_741' title='bbox 2928 5060 3230 5116; x_wconf 84' lang='lat' dir='ltr'><strong>personas:</strong></span> <span class='ocrx_word' id='word_1_742' title='bbox 3262 5059 3407 5102; x_wconf 88' lang='lat' dir='ltr'><strong>nunc</strong></span> <span class='ocrx_word' id='word_1_743' title='bbox 3435 5045 3585 5110; x_wconf 78' lang='lat' dir='ltr'><strong>dicit.</strong></span> <span class='ocrx_word' id='word_1_744' title='bbox 3615 5045 3709 5115; x_wconf 74' lang='lat' dir='ltr'><strong>Qui</strong></span> <span class='ocrx_word' id='word_1_745' title='bbox 3731 5044 3808 5115; x_wconf 68' lang='lat' dir='ltr'><strong>la-</strong></span> 
     </span>
    </p>
   </div>
   <div class='ocr_carea' id='block_1_111' title="bbox 2237 5130 3805 5207">
    <p class='ocr_par' dir='ltr' id='par_1_111' title="bbox 2237 5130 3805 5207">
     <span class='ocr_line' id='line_1_111' title="bbox 2237 5130 3805 5207; baseline 0.005 -25"><span class='ocrx_word' id='word_1_746' title='bbox 2237 5131 2305 5184; x_wconf 87' lang='lat' dir='ltr'><strong>cit</strong></span> <span class='ocrx_word' id='word_1_747' title='bbox 2349 5130 2608 5186; x_wconf 84' lang='lat' dir='ltr'><strong>mirabilia</strong></span> <span class='ocrx_word' id='word_1_748' title='bbox 2649 5149 2840 5207; x_wconf 90' lang='lat' dir='ltr'><strong>magna</strong></span> <span class='ocrx_word' id='word_1_749' title='bbox 2866 5136 3041 5203; x_wconf 83' lang='lat' dir='ltr'><strong>solus,</strong></span> <span class='ocrx_word' id='word_1_750' title='bbox 3092 5144 3154 5191; x_wconf 91' lang='lat' dir='ltr'><strong>ut</strong></span> <span class='ocrx_word' id='word_1_751' title='bbox 3180 5150 3289 5191; x_wconf 85' lang='lat' dir='ltr'><strong>non</strong></span> <span class='ocrx_word' id='word_1_752' title='bbox 3328 5135 3479 5192; x_wconf 87' lang='lat' dir='ltr'><strong>dicat</strong></span> <span class='ocrx_word' id='word_1_753' title='bbox 3511 5137 3642 5193; x_wconf 84' lang='lat' dir='ltr'><strong>ducs</strong></span> <span class='ocrx_word' id='word_1_754' title='bbox 3667 5135 3805 5190; x_wconf 79' lang='lat' dir='ltr'><strong>deos.</strong></span> 
     </span>
    </p>
   </div>
   <div class='ocr_carea' id='block_1_112' title="bbox 2236 5219 3804 5299">
    <p class='ocr_par' dir='ltr' id='par_1_112' title="bbox 2236 5219 3804 5299">
     <span class='ocr_line' id='line_1_112' title="bbox 2236 5219 3804 5299; baseline 0.001 -24"><span class='ocrx_word' id='word_1_755' title='bbox 2236 5219 2509 5291; x_wconf 86' lang='lat' dir='ltr'><strong>Scriptum</strong></span> <span class='ocrx_word' id='word_1_756' title='bbox 2536 5231 2622 5278; x_wconf 83' lang='lat' dir='ltr'><strong>est</strong></span> <span class='ocrx_word' id='word_1_757' title='bbox 2645 5224 2792 5280; x_wconf 88' lang='lat' dir='ltr'><strong>enim</strong></span> <span class='ocrx_word' id='word_1_758' title='bbox 2821 5243 2836 5283; x_wconf 87' lang='lat'><strong>:</strong></span> <span class='ocrx_word' id='word_1_759' title='bbox 2861 5223 3012 5282; x_wconf 89' lang='lat' dir='ltr'><strong>Unus</strong></span> <span class='ocrx_word' id='word_1_760' title='bbox 3040 5234 3126 5282; x_wconf 85' lang='lat' dir='ltr'><strong>est</strong></span> <span class='ocrx_word' id='word_1_761' title='bbox 3154 5225 3338 5293; x_wconf 85' lang='lat' dir='ltr'><strong>Deus,</strong></span> <span class='ocrx_word' id='word_1_762' title='bbox 3374 5240 3444 5283; x_wconf 75' lang='lat' dir='ltr'><strong>es</strong></span> <span class='ocrx_word' id='word_1_763' title='bbox 3483 5241 3590 5299; x_wconf 91' lang='lat' dir='ltr'><strong>quo</strong></span> <span class='ocrx_word' id='word_1_764' title='bbox 3620 5224 3804 5289; x_wconf 82' lang='lat' dir='ltr'><strong>omnia,</strong></span> 
     </span>
    </p>
   </div>
   <div class='ocr_carea' id='block_1_113' title="bbox 2237 5314 3805 5388">
    <p class='ocr_par' dir='ltr' id='par_1_113' title="bbox 2237 5314 3805 5388">
     <span class='ocr_line' id='line_1_113' title="bbox 2237 5314 3805 5388; baseline 0.003 -22"><span class='ocrx_word' id='word_1_765' title='bbox 2237 5320 2291 5366; x_wconf 91' lang='lat' dir='ltr'><strong>et</strong></span> <span class='ocrx_word' id='word_1_766' title='bbox 2318 5329 2458 5368; x_wconf 91' lang='lat' dir='ltr'><strong>unus</strong></span> <span class='ocrx_word' id='word_1_767' title='bbox 2490 5314 2749 5370; x_wconf 87' lang='lat' dir='ltr'><strong>Dominus</strong></span> <span class='ocrx_word' id='word_1_768' title='bbox 2778 5317 2936 5374; x_wconf 87' lang='lat' dir='ltr'><strong>Jcsus</strong></span> <span class='ocrx_word' id='word_1_769' title='bbox 2967 5332 3064 5388; x_wconf 89' lang='lat' dir='ltr'><strong>per</strong></span> <span class='ocrx_word' id='word_1_770' title='bbox 3089 5332 3252 5388; x_wconf 88' lang='lat' dir='ltr'><strong>quem</strong></span> <span class='ocrx_word' id='word_1_771' title='bbox 3280 5319 3462 5377; x_wconf 83' lang='lat' dir='ltr'><strong>omnia</strong></span> <span class='ocrx_word' id='word_1_772' title='bbox 3485 5360 3499 5385; x_wconf 98' lang='lat'><strong>,</strong></span> <span class='ocrx_word' id='word_1_773' title='bbox 3530 5328 3583 5377; x_wconf 90' lang='lat' dir='ltr'><strong>et</strong></span> <span class='ocrx_word' id='word_1_774' title='bbox 3604 5332 3697 5375; x_wconf 90' lang='lat' dir='ltr'><strong>nos</strong></span> <span class='ocrx_word' id='word_1_775' title='bbox 3720 5328 3805 5386; x_wconf 84' lang='lat' dir='ltr'><strong>per</strong></span> 
     </span>
    </p>
   </div>
   <div class='ocr_carea' id='block_1_114' title="bbox 2237 5405 2801 5481">
    <p class='ocr_par' dir='ltr' id='par_1_114' title="bbox 2237 5405 2801 5481">
     <span class='ocr_line' id='line_1_114' title="bbox 2237 5405 2801 5481; baseline 0.007 -21"><span class='ocrx_word' id='word_1_776' title='bbox 2237 5405 2413 5476; x_wconf 90' lang='lat' dir='ltr'><strong>ipsum</strong></span> <span class='ocrx_word' id='word_1_777' title='bbox 2440 5406 2483 5479; x_wconf 87' lang='grc' dir='ltr'><strong>(Ι</strong></span> <span class='ocrx_word' id='word_1_778' title='bbox 2513 5408 2631 5464; x_wconf 81' lang='lat' dir='ltr'><strong>Cor.</strong></span> <span class='ocrx_word' id='word_1_779' title='bbox 2665 5409 2801 5481; x_wconf 82' lang='lat' dir='ltr'><strong>vni).</strong></span> 
     </span>
    </p>
   </div>
   <div class='ocr_carea' id='block_1_115' title="bbox 2310 5494 3796 5570">
    <p class='ocr_par' dir='ltr' id='par_1_115' title="bbox 2310 5494 3796 5570">
     <span class='ocr_line' id='line_1_115' title="bbox 2310 5494 3796 5570; baseline 0.007 -19"><span class='ocrx_word' id='word_1_780' title='bbox 2310 5498 2411 5566; x_wconf 89' lang='lat' dir='ltr'><strong>Qui</strong></span> <span class='ocrx_word' id='word_1_781' title='bbox 2457 5500 2578 5570; x_wconf 76' lang='lat' dir='ltr'><strong>fecit</strong></span> <span class='ocrx_word' id='word_1_782' title='bbox 2620 5501 2772 5558; x_wconf 63' lang='lat' dir='ltr'><strong>aulas</strong></span> <span class='ocrx_word' id='word_1_783' title='bbox 2812 5501 2867 5556; x_wconf 92' lang='lat' dir='ltr'><strong>in</strong></span> <span class='ocrx_word' id='word_1_784' title='bbox 2904 5500 3189 5557; x_wconf 84' lang='lat' dir='ltr'><strong>intellectu.</strong></span> <span class='ocrx_word' id='word_1_785' title='bbox 3238 5500 3336 5557; x_wconf 86' lang='lat' dir='ltr'><strong>Isti</strong></span> <span class='ocrx_word' id='word_1_786' title='bbox 3386 5512 3515 5559; x_wconf 89' lang='lat' dir='ltr'><strong>sunt</strong></span> <span class='ocrx_word' id='word_1_787' title='bbox 3564 5500 3679 5559; x_wconf 62' lang='lat' dir='ltr'><strong>cali</strong></span> <span class='ocrx_word' id='word_1_788' title='bbox 3714 5494 3796 5569; x_wconf 74' lang='grc' dir='ltr'><strong>(ιυί</strong></span> 
     </span>
    </p>
   </div>
   <div class='ocr_carea' id='block_1_116' title="bbox 2229 5594 3795 5668">
    <p class='ocr_par' dir='ltr' id='par_1_116' title="bbox 2229 5594 3795 5668">
     <span class='ocr_line' id='line_1_116' title="bbox 2229 5594 3795 5668; baseline 0 -20"><span class='ocrx_word' id='word_1_789' title='bbox 2229 5604 2489 5648; x_wconf 89' lang='lat' dir='ltr'><strong>enarrant</strong></span> <span class='ocrx_word' id='word_1_790' title='bbox 2518 5595 2747 5665; x_wconf 88' lang='lat' dir='ltr'><strong>gloriam</strong></span> <span class='ocrx_word' id='word_1_791' title='bbox 2786 5594 2922 5651; x_wconf 87' lang='lat' dir='ltr'><strong>Dei:</strong></span> <span class='ocrx_word' id='word_1_792' title='bbox 2965 5596 3055 5665; x_wconf 85' lang='lat' dir='ltr'><strong>qui</strong></span> <span class='ocrx_word' id='word_1_793' title='bbox 3082 5596 3264 5652; x_wconf 84' lang='lat' dir='ltr'><strong>vestiti</strong></span> <span class='ocrx_word' id='word_1_794' title='bbox 3304 5606 3436 5654; x_wconf 86' lang='lat' dir='ltr'><strong>sunt</strong></span> <span class='ocrx_word' id='word_1_795' title='bbox 3463 5596 3682 5668; x_wconf 84' lang='lat' dir='ltr'><strong>imagine</strong></span> <span class='ocrx_word' id='word_1_796' title='bbox 3698 5603 3795 5649; x_wconf 71' lang='grc' dir='ltr'><strong>εω-</strong></span> 
     </span>
    </p>
   </div>
   <div class='ocr_carea' id='block_1_117' title="bbox 531 5684 3791 5759">
    <p class='ocr_par' dir='ltr' id='par_1_117' title="bbox 531 5684 3791 5759">
     <span class='ocr_line' id='line_1_117' title="bbox 531 5684 3791 5759; baseline 0 -19"><span class='ocrx_word' id='word_1_797' title='bbox 531 5684 743 5741; x_wconf 89' lang='lat' dir='ltr'><strong>Occidit</strong></span> <span class='ocrx_word' id='word_1_798' title='bbox 769 5699 933 5755; x_wconf 83' lang='lat' dir='ltr'><strong>regna</strong></span> <span class='ocrx_word' id='word_1_799' title='bbox 965 5684 1349 5740; x_wconf 88' lang='lat' dir='ltr'><strong>commotionis</strong></span> <span class='ocrx_word' id='word_1_800' title='bbox 1369 5726 1382 5752; x_wconf 92' lang='lat'><strong>,</strong></span> <span class='ocrx_word' id='word_1_801' title='bbox 1416 5701 1535 5755; x_wconf 78' lang='lat' dir='ltr'><strong>quae</strong></span> <span class='ocrx_word' id='word_1_802' title='bbox 1578 5698 1675 5739; x_wconf 88' lang='lat' dir='ltr'><strong>nos</strong></span> <span class='ocrx_word' id='word_1_803' title='bbox 1706 5686 2125 5751; x_wconf 85' lang='lat' dir='ltr'><strong>commovebant</strong></span> <span class='ocrx_word' id='word_1_804' title='bbox 2228 5684 2349 5739; x_wconf 88' lang='lat' dir='ltr'><strong>Iesti</strong></span> <span class='ocrx_word' id='word_1_805' title='bbox 2380 5695 2434 5741; x_wconf 88' lang='lat' dir='ltr'><strong>et</strong></span> <span class='ocrx_word' id='word_1_806' title='bbox 2459 5685 2763 5756; x_wconf 56' lang='lat' dir='ltr'><strong>suntcum,</strong></span> <span class='ocrx_word' id='word_1_807' title='bbox 2788 5684 2879 5758; x_wconf 92' lang='lat' dir='ltr'><strong>qui</strong></span> <span class='ocrx_word' id='word_1_808' title='bbox 2908 5701 3018 5742; x_wconf 77' lang='lat' dir='ltr'><strong>non</strong></span> <span class='ocrx_word' id='word_1_809' title='bbox 3048 5693 3180 5742; x_wconf 86' lang='lat' dir='ltr'><strong>sunt</strong></span> <span class='ocrx_word' id='word_1_810' title='bbox 3207 5686 3395 5747; x_wconf 82' lang='lat' dir='ltr'><strong>vestiti</strong></span> <span class='ocrx_word' id='word_1_811' title='bbox 3438 5687 3665 5759; x_wconf 81' lang='lat' dir='ltr'><strong>imagine</strong></span> <span class='ocrx_word' id='word_1_812' title='bbox 3700 5693 3791 5736; x_wconf 81' lang='lat' dir='ltr'><strong>ter-</strong></span> 
     </span>
    </p>
   </div>
   <div class='ocr_carea' id='block_1_118' title="bbox 532 5771 1458 5841">
    <p class='ocr_par' dir='ltr' id='par_1_118' title="bbox 532 5771 1458 5841">
     <span class='ocr_line' id='line_1_118' title="bbox 532 5771 1458 5841; baseline 0.002 -14"><span class='ocrx_word' id='word_1_813' title='bbox 532 5787 563 5827; x_wconf 84' lang='lat' dir='ltr'><strong>a</strong></span> <span class='ocrx_word' id='word_1_814' title='bbox 595 5773 728 5841; x_wconf 76' lang='lat' dir='ltr'><strong>Deo,</strong></span> <span class='ocrx_word' id='word_1_815' title='bbox 753 5782 809 5832; x_wconf 83' lang='lat' dir='ltr'><strong>et</strong></span> <span class='ocrx_word' id='word_1_816' title='bbox 832 5771 1252 5831; x_wconf 84' lang='lat' dir='ltr'><strong>dominabantur</strong></span> <span class='ocrx_word' id='word_1_817' title='bbox 1280 5773 1458 5831; x_wconf 87' lang='lat' dir='ltr'><strong>nobis.</strong></span> 
     </span>
    </p>
   </div>
   <div class='ocr_carea' id='block_1_119' title="bbox 2226 5771 3789 5855">
    <p class='ocr_par' dir='ltr' id='par_1_119' title="bbox 2226 5771 3789 5855">
     <span class='ocr_line' id='line_1_119' title="bbox 2226 5771 3789 5855; baseline 0.001 -23"><span class='ocrx_word' id='word_1_818' title='bbox 2226 5775 2341 5837; x_wconf 87' lang='lat' dir='ltr'><strong>reni</strong></span> <span class='ocrx_word' id='word_1_819' title='bbox 2378 5775 2433 5834; x_wconf 88' lang='lat' dir='ltr'><strong>in</strong></span> <span class='ocrx_word' id='word_1_820' title='bbox 2475 5778 2786 5849; x_wconf 86' lang='lat' dir='ltr'><strong>intellectu,</strong></span> <span class='ocrx_word' id='word_1_821' title='bbox 2818 5777 2872 5835; x_wconf 91' lang='lat' dir='ltr'><strong>in</strong></span> <span class='ocrx_word' id='word_1_822' title='bbox 2910 5776 3201 5855; x_wconf 77' lang='lat' dir='ltr'><strong>sapientia.</strong></span> <span class='ocrx_word' id='word_1_823' title='bbox 3245 5777 3495 5843; x_wconf 79' lang='lat' dir='ltr'><strong>Christus</strong></span> <span class='ocrx_word' id='word_1_824' title='bbox 3529 5776 3668 5839; x_wconf 82' lang='lat' dir='ltr'><strong>enim</strong></span> <span class='ocrx_word' id='word_1_825' title='bbox 3704 5771 3789 5835; x_wconf 76' lang='lat' dir='ltr'><strong>Dei</strong></span> 
     </span>
    </p>
   </div>
  </div>
