3992 6302
147 330 298 391 1229
1027 327 1455 400 BREVIARIUM
1496 327 1564 386 IN
1605 325 1943 400 PSALMOS.
1986 325 2228 398 PSALM.
2269 325 2557 388 CXXXVI.
3306 326 3446 384 1250

143 445 325 500 virtus
347 484 360 508 ,
394 450 453 499 et
479 441 574 500 Dei
612 443 901 514 sapientia.
931 443 1084 506 Sicut
1111 455 1166 501 et
1187 445 1241 500 in
1275 443 1586 501 Proverbiis
1616 443 1748 499 dicit
1775 450 1827 508 Α
1917 443 2030 510 .Qui
2057 441 2146 496 dat
2175 458 2341 496 csram
2368 441 2505 501 omni
2532 439 2698 494 carni.
2741 440 2998 496 Pracbens
3036 453 3098 496 se
3127 454 3320 511 panem
3363 446 3412 497 vi
3433 474 3448 482 -

143 536 268 606 ipsa
312 535 593 605 Sapientia
626 553 640 589 :
689 534 921 602 Quando
965 537 1197 594 faciebat
1233 537 1435 603 cmlos,
1479 550 1602 591 cum
1631 535 1750 606 ipso
1851 553 2001 602 vum,
2029 547 2082 592 et
2107 537 2272 592 vitam
2303 536 2522 592 dantem
2550 534 2675 591 huic
2701 533 2923 590 mundo.

142 644 304 686 eram
329 627 519 701 (Prov.
548 628 695 700 vui);
723 639 776 685 et
799 636 1023 686 caetera.
1923 627 2250 700 Conﬁtemini
2279 627 2390 684 Deo
2413 629 2546 684 caeli.
2577 626 2818 684 Laudem
2848 627 2898 682 ei
2923 625 3163 682 debitam
3194 626 3446 684 reddite:

225 721 334 789 Qui
380 721 608 789 firmavit
658 729 848 778 terram
897 737 1056 793 super
1104 738 1286 794 aquas.
1339 721 1489 777 Licet
1539 720 1750 776 dicatur
1851 721 1940 792 qui
1970 737 2118 777 vosa
2152 721 2394 778 terrenis
2417 723 2469 776 in
2500 731 2704 777 acterna
2735 729 3050 776 commutat.

147 821 300 870 terra
329 829 498 884 super
521 829 689 884 aquas
712 813 984 884 pendere,
1018 815 1120 869 hoc
1144 823 1261 883 est,
1293 814 1440 878 inani
1470 813 1710 885 pondere
1735 831 1748 866 :
1923 809 2255 881 Con/itcmini
2295 812 2516 869 Domino
2546 813 2896 868 dominorum.
2928 812 3031 879 Qui
3072 826 3170 868 vos
3199 812 3286 867 vel
3309 811 3455 881 judi-

150 914 340 961 tamen
376 914 574 961 terram
608 915 850 960 nostram
882 905 1168 975 fundavit,
1194 915 1250 962 et
1280 905 1517 962 ﬁrmavit
1539 905 1592 961 in
1621 906 1749 976 bapv
1852 919 1976 972 ces,
2024 905 2110 960 vel
2154 905 2404 961 dominos
2437 905 2628 960 mundi
2671 905 2974 961 constituit.
3029 904 3149 974 Ipse
3189 904 3451 964 Dominus

151 996 398 1060 tismate,
439 995 558 1052 Non
597 997 737 1051 dixit
770 998 1041 1066 sustollit,
1087 1007 1182 1052 aut
1222 998 1542 1066 exaltavit,-
1567 1007 1658 1053 aut
1697 997 1751 1066 in
1854 1004 2043 1052 noster
2067 996 2226 1052 Jesus
2251 996 2534 1065 Christus,
2575 998 2661 1052 cui
2707 1007 2791 1052 est
2820 1013 2939 1053 cum
2974 1005 3180 1053 aeterno
3211 997 3372 1054 Patre
3397 1011 3453 1055 et

150 1087 330 1144 caelos
368 1085 495 1156 fecit
534 1089 851 1146 ascendere.
904 1089 1179 1158 Baptisma
1218 1089 1363 1144 enim
1405 1100 1624 1159 peccata
1671 1089 1755 1145 di-
1852 1088 2058 1158 Spiritu
2085 1098 2273 1146 sancto
2301 1090 2478 1146 honor
2503 1100 2556 1146 et
2586 1090 2761 1161 gloria
2793 1091 2845 1146 in
2878 1089 3072 1155 saecula
3093 1089 3444 1146 smculorum.

153 1179 346 1244 mittit,
369 1187 427 1234 et
455 1181 610 1250 quasi
642 1180 710 1234 de
732 1194 953 1236 carcere
980 1180 1212 1236 liberat:
1240 1197 1408 1250 regna
1438 1191 1620 1244 autem
1645 1195 1754 1235 οω-
1856 1179 2050 1236 Amen.
2605 1169 2608 1172 ⁴

152 1273 334 1329 lorum
363 1287 472 1330 non
511 1281 695 1345 potest
735 1271 962 1329 donare.
993 1274 1051 1328 Si
1090 1289 1197 1329 non
1238 1275 1382 1330 enim
1421 1272 1618 1345 aliquis
1659 1289 1755 1343 per
2337 1269 2660 1328 PSALMUS
2699 1270 2986 1329 CXXXVI.

155 1381 358 1436 opera,
418 1375 473 1422 et
524 1364 684 1430 (idem
735 1366 1065 1434 intraverit,
1130 1382 1236 1422 non
1302 1375 1479 1438 potest
1530 1381 1756 1422 securus
1859 1359 2105 1418 Psalmus
2151 1361 2334 1438 David,
2371 1372 2579 1438 propter
2613 1363 2914 1438 Jeremiam.
2972 1366 3076 1421 Iste
3117 1369 3356 1438 psalmus
3386 1384 3453 1422 ex

154 1435 306 1514 ease,
1304 1435 1318 1438 ⁷
1935 1449 2066 1488 voce
2093 1435 2401 1514 prophetica
2427 1437 2700 1514 prolatus,
2733 1436 2893 1514 docet
2933 1435 3145 1514 ruentes
3175 1436 3452 1514 hominum

234 1548 339 1614 Qui
369 1550 490 1620 fecit
521 1549 800 1606 luminaria
838 1568 1050 1623 magna.
1089 1550 1395 1607 Secundum
1427 1551 1660 1606 litteram
1689 1549 1757 1605 de

234 1642 337 1697 ellis
365 1641 504 1696 ditil
532 1659 546 1696 :
577 1642 701 1698 licet
732 1657 924 1701 parvas
957 1657 1050 1699 eas
1087 1643 1516 1701 conspiciamus.
1558 1643 1651 1697 sed
1679 1650 1758 1696 ta-

1932 1520 1961 1559 a
1995 1509 2236 1573 peccatis
2281 1509 2401 1576 capi
2434 1523 2446 1559 :
2497 1509 2549 1560 in
2581 1509 2888 1578 ext-mplum
2932 1509 3078 1564 illius
3108 1517 3343 1565 terrena:
3371 1511 3459 1565 Je-

1935 1577 2170 1632 rusalem
2215 1592 2334 1701 qlqae
2379 1593 2408 1630 a
2465 1579 2946 1661 gentibuseducta
2985 1580 3038 1636 in
3079 1580 3454 1648 captivitatem

1933 1645 2188 1701 deﬂebat.
2291 1655 2436 1701 tcaut
2482 1663 2612 1701 eruo
2651 1664 2846 1701 animae
2873 1695 2886 1701 -
2929 1667 3048 1701 omn
3098 1658 3223 1701 nost
3261 1653 3458 1701 multos

152 1642 337 1698 stellis
365 1641 504 1696 όί‹,ἰι
532 1659 546 1696 :
577 1642 701 1698 licet
732 1657 924 1712 parvas
957 1657 1050 1699 eas
1087 1643 1516 1712 conSpiciamus,
1558 1643 1651 1697 sed
1679 1650 1758 1696 ta-
1933 1645 2188 1702 deﬂebat.
2234 1641 2436 1702 Dicant
2468 1641 2612 1718 'ergo
2651 1651 2846 1722 animae
2873 1695 2887 1718 ,
2929 1667 3048 1722 quae
3098 1641 3223 1722 pdst
3261 1653 3458 1708 multos

154 1749 284 1790 men
319 1748 528 1804 magna:
555 1744 700 1788 sunt.
735 1733 892 1790 Sicut
916 1735 1062 1791 enim
1093 1752 1192 1790 nos
1230 1737 1274 1790 si
1316 1734 1675 1790 ascendamus
1703 1733 1730 1788 ἰι

1465 1734 1675 1789 “lamus
1703 1733 1756 1788 in
1935 1731 2152 1772 errores
2183 1728 2576 1773 convertuntur
2605 1720 2671 1773 ad
2703 1720 2991 1775 Dominum
3028 1741 3039 1774 :

151 1839 402 1884 montem
450 1831 765 1894 excelsum,
811 1838 866 1884 et
909 1829 1190 1884 videamus
1235 1829 1290 1883 in
1336 1828 1576 1898 subjecta
1619 1827 1760 1882 valle
1790 1827 1836 1888 B
1941 1832 2114 1906 Super
2137 1834 2356 1904 ﬂumina
2386 1832 2668 1904 Babylonis
2701 1833 2810 1888 illic
2835 1819 3464 1906 sedimus,‘etﬂevimus:

154 1921 471 1988 hominem,
500 1921 719 1978 videtur
744 1921 899 1978 nobis
920 1925 1074 1992 quasi
1108 1938 1333 1992 parvum
1365 1921 1620 1992 quiddam
1647 1939 1658 1974 :
1688 1921 1758 1975 ita
1865 1927 1990 1981 dum
2018 1927 2410 1980 recordaremur
2430 1926 2580 1982 Sion.
2614 1925 2670 1983 Si
2701 1941 2808 1982 non
2840 1927 3034 1998 aliquis
3077 1938 3332 1998 aegrotat,
3365 1943 3464 1984 ne-

152 2021 215 2070 et
264 2014 440 2070 stellae
483 2030 690 2084 magna:
723 2028 879 2078 sunt,
911 2029 982 2070 ex
1027 2015 1314 2070 altitudine
1361 2025 1540 2070 autem
1579 2029 1762 2085 parvae
1867 2020 1968 2074 scit
1997 2025 2258 2086 quantum
2288 2016 2432 2072 valrt
2460 2017 2684 2074 sanitas.
2721 2019 2784 2076 Et
2813 2020 3005 2074 iterum
3037 2019 3266 2074 claudus
3289 2021 3465 2075 nescit

154 2105 320 2160 nobis
352 2105 632 2160 videntur.
658 2105 828 2161 Stella
868 2107 1015 2160 enim
1057 2123 1176 2174 qua:
1215 2106 1430 2160 videtur
1468 2107 1522 2160 in
1550 2105 1763 2160 Britan-
1865 2117 2125 2179 quantum
2160 2109 2304 2162 valet
2344 2110 2434 2180 qui
2483 2124 2649 2164 sanus
2694 2119 2778 2165 est
2833 2110 3077 2182 pedibus.
3117 2109 3381 2166 Similiter
3410 2120 3467 2166 et

155 2198 248 2253 nia
267 2239 283 2264 ,
318 2197 517 2266 ubique
546 2206 600 2252 et
623 2199 734 2266 ipsa
763 2205 1012 2266 apparet.
1042 2196 1152 2251 Hoc
1190 2203 1374 2252 autem
1403 2195 1532 2251 dicit
1563 2195 1630 2250 ad
1669 2210 1763 2250 cus
1865 2216 2044 2258 meus
2071 2200 2362 2256 videntem.
2396 2199 2512 2256 Hoc
2542 2209 2712 2256 unum
2744 2216 2922 2270 quam
2947 2201 3149 2257 dictum
3178 2202 3296 2257 est?
3318 2200 3465 2270 Quo-

154 2292 357 2363 quibus
401 2290 535 2346 dixit
570 2308 582 2344 :
614 2289 725 2346 V08
745 2290 880 2346 eSliS
907 2289 997 2344 lux
1029 2289 1213 2343 mlltldi
1244 2288 1464 2361 (Μαιῑίιι
1495 2289 1571 2358 ν)-
1868 2296 2010 2352 niam
2045 2297 2286 2366 psalmus
2327 2295 2462 2350 dicit
2497 2314 2508 2348 :
2542 2295 2717 2365 Super
2745 2296 2965 2367 ﬂumina
2998 2294 3281 2366 Babylonis
3307 2335 3322 2361 ,
3355 2295 3470 2349 illic

229 2384 434 2438 Lunam
472 2394 519 2438 et
566 2383 743 2438 stellas
797 2385 850 2437 in
887 2390 1188 2455 potestatem
1227 2383 1406 2435 noctis.
1462 2379 1762 2436 Ecclesium
1865 2389 2090 2442 sedimus
2119 2397 2165 2442 et
2188 2388 2448 2458 ﬂeuimus,
2475 2387 2599 2442 dum
2624 2387 3018 2442 recordaremur
3041 2386 3194 2443 Sion.
3228 2387 3471 2458 Babylon

156 2477 245 2532 vel
291 2475 544 2534 doctores
595 2478 742 2546 ejus,
777 2477 878 2532 sub
908 2485 1069 2532 nocte
1113 2476 1310 2531 veteris
1341 2475 1500 2545 Legis
1541 2475 1761 2544 posuit:
1868 2481 2104 2551 confusir
2145 2481 2559 2550 interpretatur.
2604 2479 2748 2549 Ergo
2798 2479 3036 2549 Babylon
3080 2478 3170 2534 hic
3213 2481 3473 2534 mundus.

156 2569 372 2624 scilicet
401 2576 459 2622 ut
488 2566 630 2636 quod
663 2567 754 2622 illa
779 2568 1045 2622 nuntiavit
1071 2567 1123 2620 ill
1157 2566 1373 2635 littera,
1407 2563 1767 2634 spiritualiter
1868 2573 2134 2629 Peccator
2161 2589 2294 2644 ergo
2334 2574 2424 2644 qui
2452 2573 2650 2628 cecidit,
2679 2573 2747 2628 de
2780 2573 3056 2648 paradiso,
3083 2572 3234 2628 venit,
3275 2574 3328 2628 in
3362 2575 3474 2628 val-

156 2661 496 2730 adimpleant
524 2671 578 2717 et
602 2661 916 2716 observent.
1252 2707 1255 2710 .
1868 2666 1974 2721 lem
2018 2666 2416 2739 lacrymarum,
2453 2667 2556 2721 hoc
2582 2675 2696 2731 est,
2731 2667 2783 2720 in
2824 2666 3186 2738 Babylonem,
3226 2669 3279 2720 in
3310 2667 3476 2722 istum

235 2753 341 2819 Qui
394 2754 649 2826 percussit
682 2751 972 2825 JEgyptum
1003 2768 1117 2805 cum
1169 2749 1522 2823 primogenitis
1552 2764 1763 2814 eorum,

1896 2756 2155 2812 nuntium.
2205 2758 2376 2826 Magis
2425 2768 2602 2812 autem
2651 2755 2919 2826 propheta
2961 2774 3026 2813 ex
3081 2772 3313 2828 persona
3353 2759 3472 2827 ejus

158 2854 210 2902 et
235 2846 416 2902 eduxit
445 2843 619 2900 Israel
649 2845 712 2899 de
743 2846 913 2899 medio
942 2847 1054 2916 ejus
1088 2861 1106 2898 :
1129 2845 1182 2898 in
1205 2861 1357 2900 manu
1389 2844 1546 2914 forti,
1580 2853 1625 2897 et
1653 2842 1768 2896 bra-
1868 2849 1958 2919 qui
1989 2849 2189 2904 cecidit
2215 2849 2348 2902 dicit
2375 2865 2386 2901 :
2425 2848 2598 2919 Super
2627 2849 2844 2916 ﬂumina
2886 2847 3192 2919 Babylonis.
3243 2848 3472 2904 Flumen

158 2939 280 2996 chio
295 2945 519 2994 extento.
540 2937 598 2993 In
615 2937 817 2994 virtute
840 2937 1098 3007 potentia:
1115 2952 1225 2992 sua:
1245 2934 1762 3001 verberatomuudo,
1867 2947 2049 3011 autem
2081 2938 2394 3010 Babylonis,
2427 2937 2647 3009 quando
2676 2937 2878 2992 videris
2910 2938 3148 3008 aliquem
3178 2937 3470 3009 pulchrum

159 3034 354 3094 eduxit
375 3049 476 3088 nos
508 3033 576 3088 ab
603 3031 860 3103 operibus
893 3032 1031 3102 ejus.
1869 3034 1935 3092 ad
1972 3034 2160 3088 horam
2183 3071 2198 3099 ,
2234 3041 2287 3086 et
2331 3040 2604 3101 aegrotans
2645 3029 2946 3110 perdiderit
2977 3031 3434 3100 pulchritudinem
3458 3073 3475 3099 ,

238 3126 342 3193 Qui
371 3125 549 3180 diuisit
578 3142 720 3180 mare
748 3124 983 3180 Rubrum
1014 3125 1067 3177 in
1095 3123 1401 3188 divisiones,
1430 3131 1477 3176 et
1500 3121 1767 3194 trausjccit

1901 3135 1927 3182 :t
1948 3133 2254 3182 marcescat
2281 3123 2386 3180 llos
2413 3123 2585 3194 ipsius
2613 3143 2623 3176 :
2651 3123 2738 3179 hic
2767 3125 2909 3178 sicut
2936 3123 3137 3180 llun'ien
3169 3125 3396 3194 transit,
3423 3137 3477 3182 et

161 3217 336 3273 Israel
385 3233 475 3290 per
524 3216 750 3270 medium
794 3220 928 3289 ejus.
969 3215 1031 3270 ln
1079 3215 1266 3270 miritis
1312 3216 1457 3270 enim
1509 3209 1769 3284 gradibus
1797 3211 1846 3290 ς
1874 3236 2028 3291 aquae
2056 3218 2411 3274 succedentes
2433 3217 2530 3272 sibi
2565 3217 2871 3285 venientes,
2906 3227 2962 3274 et
2993 3218 3315 3274 recedentes
3346 3235 3474 3290 pcr-

161 3310 454 3370 scanditur
484 3325 588 3380 per
615 3309 774 3382 hujus
805 3309 991 3365 smculi
1014 3310 1241 3375 ﬂuctus,
1271 3317 1328 3363 ut
1354 3309 1420 3363 ad
1445 3323 1568 3362 eum
1601 3306 1771 3378 possit
1872 3320 2035 3375 eunt,
2065 3320 2124 3366 et
2168 3311 2365 3366 iterum
2397 3310 2514 3366 alim
2548 3311 2821 3377 oriuntur,
2850 3322 2902 3366 et
2935 3310 3067 3380 ipsa:
3096 3320 3324 3381 pereunt
3355 3328 3368 3367 ε
3400 3313 3474 3368 ita

160 3419 326 3476 quem
361 3413 547 3458 mente
577 3411 776 3470 tuetur,
808 3401 1092 3458 accedere.
1871 3412 1928 3460 et
1954 3404 2007 3460 in
2037 3405 2138 3459 hoc
2163 3402 2364 3458 mundo
2385 3419 2492 3474 quo
2514 3401 2580 3456 ad
2605 3411 2938 3457 momentum
2963 3412 3058 3456 aut
3083 3402 3301 3474 aliquod
3334 3411 3473 3458 tem-

240 3493 310 3547 Et
361 3493 587 3548 excussit
630 3492 963 3546 Pharaonem
990 3501 1038 3546 et
1076 3491 1356 3544 exercitum
1394 3493 1508 3561 ejus
1554 3489 1609 3543 ἕη
1637 3489 1773 3546 ἠαΐὶ
1872 3513 1974 3568 pus
1994 3539 2009 3566 ,
2036 3506 2130 3553 aut
2157 3496 2419 3564 ditamur,
2447 3506 2539 3550 aut
2565 3499 2737 3550 tortes
2762 3510 2983 3562 sumus,
3016 3505 3109 3551 aut
3134 3497 3354 3568 pulchri
3383 3513 3475 3553 su-

166 3588 375 3644 Rubro.
424 3587 480 3641 Si
531 3585 698 3641 Israel
727 3588 932 3649 simus,
962 3584 1104 3638 Deus
1136 3592 1336 3652 pugnat
1367 3597 1463 3652 pro
1491 3580 1683 3647 nobis,
1717 3596 1742 3634 e

1896 3609 2028 3660 nus,
2059 3601 2113 3646 et
2155 3600 2274 3662 post
2316 3591 2589 3647 modicum
2626 3591 2821 3645 transit
2867 3590 3010 3646 sicut
3039 3605 3178 3661 aqua
3221 3601 3276 3646 et
3307 3592 3472 3662 perit.

169 3695 274 3734 nos
300 3677 642 3756 tacebimus,
672 3685 726 3731 et
758 3675 1056 3744 prosternit
1096 3673 1374 3729 diabolum
1412 3687 1535 3728 cum
1566 3671 1775 3728 satelli-
1873 3682 1948 3738 ιυί
1994 3697 2126 3752 ergo
2168 3681 2434 3748 sediums,
2478 3690 2534 3736 ei,
2560 3681 2832 3750 novimus,
2880 3681 3013 3738 dum
3053 3682 3475 3739 recordarcmur

165 3774 315 3841 tibus
337 3773 454 3830 suis
484 3788 498 3824 :
531 3785 600 3826 ne
629 3769 790 3826 nabis
819 3784 1020 3825 nocere
1051 3768 1286 3823 valeant.

1900 3777 2026 3834 lion.
2060 3775 2214 3831 Licet
2245 3775 2463 3846 quidem
2495 3777 2626 3830 vitio
2668 3784 2856 3829 nostro
2895 3773 3191 3830 cecidimus
3219 3774 3288 3830 de
3321 3789 3476 3846 para-

240 3865 349 3931 Qui
376 3863 670 3919 transduxit
708 3863 960 3935 populum
987 3877 1137 3915 suum
1178 3877 1268 3929 per
1308 3859 1584 3913 desertum.
1617 3855 1774 3912 Sem-

1895 3865 1995 3922 liso
2027 3885 2039 3920 :
2076 3877 2253 3922 tamen
2283 3865 2686 3921 reminiscimur
2713 3864 2912 3934 prioris
2937 3864 3210 3920 felicitatis
3233 3907 3248 3931 ,
3276 3874 3330 3919 et
3363 3880 3471 3922 non

165 3971 269 4028 per
304 3956 541 4025 populus
578 3954 670 4009 Dei
706 3969 801 4023 per
827 3952 1040 4007 deserta
1067 3948 1231 4020 hujus
1258 3948 1443 4004 mundi
1472 3947 1774 4002 tranSdUCi-
1875 3957 2268 4012 obliviscimur.
2300 3956 2368 4010 Et
2392 3954 2485 4010 ille
2512 3955 2599 4023 qui
2622 3954 2691 4010 de
2714 3953 3081 4026 Jerosolymis
3107 3953 3392 4011 descendit
3418 3956 3472 4012 in

168 4059 280 4116 tur,
315 4046 671 4117 quoadusque
691 4046 742 4100 in
773 4055 972 4101 terram
1003 4042 1442 4114 repromissionis
1467 4039 1744 4095 iutroduca

1895 4049 2111 4114 Iericho,
2141 4063 2261 4119 qua:
2292 4047 2682 4116 interpretatur
2713 4047 2861 4112 luna,
2895 4044 2999 4102 hoc
3024 4053 3134 4113 est,
3168 4061 3290 4116 qua:
3319 4061 3471 4103 sem-

168 4150 284 4196 tur.
324 4137 428 4204 Qui
456 4139 634 4193 eduxit
667 4154 859 4208 aquam
888 4136 950 4191 de
971 4145 1120 4209 petra
1152 4137 1320 4202 rupis.
1349 4137 1394 4192 A
1417 4134 1638 4190 Christo
1672 4132 1744 4187 Do

1897 4158 1974 4197 ter
2005 4149 2244 4195 mutatur
2292 4138 2434 4212 (hanc
2464 4149 2646 4194 autem
2675 4138 2996 4210 intelligitur
3032 4153 3274 4208 praesens
3313 4155 3473 4194 mun-

166 4232 347 4299 mino,
377 4229 465 4301 qui
496 4239 581 4286 est
610 4230 825 4285 stabilis
852 4240 1040 4300 petra,
1069 4229 1158 4284 vel
1189 4228 1524 4298 Baptismum
1559 4241 1776 4296 proces-
1878 4231 2026 4304 dus),
2050 4232 2102 4285 in
2128 4232 2366 4286 latrones
2392 4230 2601 4295 incidit,
2628 4239 2679 4284 et
2703 4230 3079 4286 Samaritanus
3102 4231 3394 4298 tuliteum,
3421 4241 3476 4286 et

167 4325 279 4389 sit,
316 4323 404 4378 vel
435 4322 689 4392 poculum
719 4331 938 4378 aeternae
968 4323 1093 4375 vita:
1122 4322 1383 4374 manavit.
1712 4373 1716 4378 .
1880 4324 2003 4379 oleo
2029 4332 2084 4380 et
2115 4323 2240 4378 vino
2267 4331 2461 4389 curat,
2492 4323 2727 4378 miscens
2748 4321 3126 4378 austeritatem
3157 4338 3281 4378 cum
3315 4323 3480 4378 mise-

247 4414 358 4480 Qui
388 4414 641 4484 percussit
664 4422 835 4486 gentes
862 4411 1053 4467 multas
1077 4454 1091 4478 ,
1125 4422 1170 4466 et
1201 4410 1391 4466 occidit
1422 4426 1566 4481 reges
1595 4407 1776 4479 fortes.

827 4430 835 4466 t
862 4411 1053 4467 multas
1077 4454 1091 4478 ,
1125 4422 1170 4466 et
1201 4410 1391 4466 occidit
1422 4426 1566 4481 reges
1595 4407 1776 4479 fortes.
1881 4416 2113 4473 ricordia
2138 4414 2294 4489 (Luc.
2327 4415 2403 4475 χ).

172 4510 322 4566 Seon
369 4523 546 4578 regum
576 4509 1018 4572 Amorrha‘orum.
1054 4517 1101 4560 ει
1148 4503 1226 4577 09
1265 4521 1430 4576 regem
1475 4501 1648 4558 Βαδαη
1673 4545 1689 4569 9
1731 4508 1778 4555 ει
1957 4509 2022 4565 1η
2051 4510 2296 4564 salicibus
2323 4510 2376 4563 in
2426 4509 2593 4562 medio
2615 4510 2728 4579 ejus
2757 4511 3122 4579 suspendimus
3158 4525 3353 4581 organa
3382 4525 3481 4564 no-

173 4603 361 4660 omnia
387 4618 548 4674 regna
578 4600 830 4656 Chanaan
861 4601 1070 4656 occidit.
1100 4599 1294 4656 Omnia
1324 4613 1486 4668 regna
1516 4597 1721 4666 peccati
1745 4611 1774 4650 a
1807 4585 1854 4652 ί)
1880 4610 2021 4655 stra.
2053 4601 2197 4656 Salis
2224 4600 2384 4654 talem
2405 4610 2660 4653 naturam
2688 4599 2854 4663 habet
2881 4618 2892 4652 :
2924 4609 3008 4656 est
3029 4600 3246 4670 quidem
3278 4601 3480 4670 lignum

174 4695 410 4751 Christo
437 4708 700 4763 percussa
731 4692 897 4746 dicit:
923 4693 1025 4760 Qui
1056 4691 1328 4762 percussit
1356 4704 1510 4760 reges
1536 4702 1778 4758 magnos.
1886 4694 2318 4758 infructuosum,
2351 4700 2405 4746 et
2430 4690 2631 4745 dicitur
2659 4699 2684 4726 ³
2711 4691 2856 4761 quod
2887 4690 2934 4744 si
2957 4691 3079 4761 quis
3107 4706 3175 4746 ex
3214 4692 3302 4744 illa
3333 4696 3483 4748 θεοί-

177 4786 430 4844 Primum
462 4784 730 4856 percussit
759 4783 1123 4849 Dbaraonem,
1147 4784 1238 4853 qui
1261 4781 1580 4852 intelligitur
1600 4780 1786 4835 diabo—
1887 4786 2002 4856 piat
2021 4785 2296 4856 potionem
2329 4791 2420 4836 aut
2440 4780 2747 4843 manducet,
2774 4781 2917 4835 ﬁlios
2939 4796 3045 4836 non
3076 4781 3220 4837 facit.
3249 4781 3322 4836 lbi
3353 4800 3486 4855 ergo

177 4883 297 4949 lus,
332 4889 389 4937 et
419 4883 499 4936 sic
528 4880 828 4937 exercitum
861 4878 1001 4950 ejus,
1028 4877 1168 4934 sicut
1196 4878 1248 4932 in
1282 4877 1547 4948 superiori
1579 4876 1787 4946 psalmo
1890 4875 2276 4946 suspendimus
2305 4888 2510 4945 organa
2542 4880 2755 4928 nostra.
2792 4873 3066 4943 Organum
3089 4883 3273 4929 autem
3300 4875 3483 4931 homi-

181 4975 568 5045 exposuimus.
1891 4971 1977 5024 nis
2009 4982 2205 5038 corpus
2237 4975 2338 5022 est.
2372 4965 2528 5021 Sicut
2555 4966 2700 5020 enim
2733 4979 2994 5034 organum
3025 4981 3097 5020 ex
3129 4966 3313 5022 multis
3337 4968 3489 5024 listu~

260 5064 332 5120 Et
358 5065 502 5120 dedit
545 5074 738 5119 terram
782 5078 957 5118 eorum
998 5060 1396 5117 facunditatem:
1441 5057 1790 5113 [nereditatem
1895 5060 1960 5115 lis
1989 5056 2349 5128 compositum
2393 5066 2508 5124 est,
2541 5072 2644 5111 una
2673 5065 2850 5111 autem
2915 5057 3285 5114 modulatione
3315 5061 3489 5116 melus

184 5154 365 5213 Israel
393 5159 586 5228 papula
610 5175 725 5211 suo.
760 5157 1071 5212 Christiano
1097 5156 1300 5224 utique.
1898 5153 2084 5219 mittit,
2120 5151 2190 5206 ita
2213 5159 2268 5206 et
2288 5164 2548 5220 Organum
2579 5159 2821 5205 nostrum
2848 5149 3373 5233 liabemus‘tactum;
3398 5170 3494 5224 per

266 5249 408 5317 Quia
436 5251 490 5304 in
533 5250 830 5311 humilitate
853 5257 1030 5306 nostra
1070 5262 1265 5301 memor
1294 5244 1394 5316 fuit
1423 5243 1583 5298 nostri
1616 5243 1793 5298 Domi-
1897 5245 2110 5315 ipsum,
2153 5241 2256 5296 hoc
2301 5251 2419 5308 est,
2467 5257 2565 5310 per
2612 5257 2809 5312 Opera,
2867 5240 3069 5309 melos,
3117 5243 3388 5298 canticum
3439 5253 3496 5300 et

191 5361 290 5400 nus
315 5359 335 5399 :
359 5345 606 5415 quoniam
649 5344 705 5398 in
747 5343 994 5410 saeculum
1038 5339 1395 5396 misericordia
1429 5340 1561 5409 ejus.
1595 5337 1666 5393 Ut
1697 5352 1794 5393 nos
1901 5336 2160 5408 hymnum
2204 5331 2492 5388 referimus
2529 5333 2660 5388 Deo.
2701 5331 2963 5386 Similiter
2992 5341 3047 5386 et
3091 5347 3185 5402 per
3225 5335 3492 5402 auditum,

191 5437 444 5492 visitaret
474 5435 709 5492 adventu
734 5451 851 5491 suo.
1393 5484 1402 5491 ,
1904 5439 1958 5484 et
2012 5443 2107 5498 per
2161 5426 2472 5488 odoratum,
2520 5434 2575 5480 et
2618 5440 2716 5497 per
2765 5433 3003 5496 gustum,
3054 5435 3107 5480 et
3156 5441 3254 5497 per
3299 5428 3501 5496 visum,

270 5526 340 5582 Et
360 5527 576 5582 redemit
597 5543 689 5582 nos
711 5527 774 5580 de
797 5526 1299 5581 manuinimicorum
1319 5533 1631 5578 nostrorum.
1659 5521 1802 5577 Fun-
1909 5528 1966 5574 et
2014 5534 2111 5591 per
2142 5519 2239 5572 has
2289 5531 2484 5572 omnes
2540 5517 2766 5570 virtutes
2814 5515 2967 5586 quasi
3015 5515 3083 5572 de
3137 5533 3244 5572 uno
3297 5533 3507 5589 organo

199 5616 339 5674 deus
371 5621 426 5674 in
460 5619 640 5690 pretio
674 5625 862 5674 uestro
888 5619 1204 5689 sanguinem
1232 5632 1411 5672 suum.
1915 5613 2170 5683 hymnum
2203 5620 2256 5665 et
2278 5609 2549 5666 canticum
2581 5606 2871 5695 referimus
2910 5608 3162 5664 Domino.
3182 5609 3389 5664 Dicitur
3413 5610 3514 5668 ite-
3613 5648 3636 5672 .

274 5745 299 5770 κ
329 5734 388 5789 Id
431 5749 540 5789 non
588 5734 658 5790 de
707 5736 898 5800 salice,
942 5733 1042 5788 sed
1069 5734 1138 5788 de
1178 5733 1280 5803 alia
1314 5733 1522 5803 planta,
1551 5743 1714 5798 quam
1743 5730 1813 5791 Α·
1922 5728 2191 5786 sententia
2251 5741 2427 5803 verus
2446 5723 2814 5803 Hieronymus
2865 5722 2968 5779 fuit
2997 5722 3090 5781 lib.
3125 5739 3186 5792 tl,
3229 5741 3348 5798 cap.
3388 5745 3514 5801 xiv,

201 5820 367 5877 gnum
399 5815 598 5860 castum
629 5814 847 5868 vocant,
880 5793 1094 5860 veteres
1123 5793 1432 5874 prodidere.
1465 5793 1520 5855 In
1548 5793 1614 5854 ea
1637 5810 1814 5858 tamen
1923 5807 2280 5856 commentar.
2310 5798 2363 5853 in
2391 5793 2725 5852 Zachariam.
