3992 6318
564 347 698 404 1251

1360 335 1712 395 ΛΡΡΕΝΒΙΧ
1750 335 1843 394 AD
1881 332 2122 391 TOMUM
2162 329 2520 390 SEPTIMUM
2561 329 2621 389 S.
2664 327 3061 387 lllERONYMl.

3735 325 3854 384 me
3938 299 3939 382 ;

559 475 682 517 rum
711 458 861 514 salix
888 457 1121 512 radicem
1154 469 1262 508 non
1287 452 1506 508 habere.
1545 450 1650 507 Sed
1675 451 1720 504 si
1747 463 1930 504 ramus
1951 447 2165 502 abscin-
2189 447 2241 508 Α
2271 447 2466 502 Beatus
2484 462 2614 517 ergo
2643 454 2726 502 est
2747 446 2836 516 qui
2882 444 3066 499 statim
3088 439 3341 508 abscidit,
3376 448 3433 497 et
3476 439 3658 497 allidit
3686 439 3752 497 ad
3776 457 3850 512 pe-

569 555 740 616 ditur,
773 561 829 607 et
857 562 882 589 α
914 551 1188 621 plantatur
1225 561 1387 603 secus
1435 562 1652 617 aquam,
1701 545 1883 599 statim
1921 542 2161 598 virescit.

565 643 644 700 Ita
678 653 855 698 autem
885 651 938 697 et
967 650 1239 710 peccator,
1266 639 1394 694 licet
1429 638 1769 709 peccaverit,
1793 637 1921 692 licet
1946 635 2164 691 cecide-

563 735 638 790 rit
674 753 686 788 :
721 743 900 789 tamen
949 733 993 787 si
1027 733 1098 809 sit
1122 747 1281 788 secus
1312 745 1505 801 aquas,
1535 730 1640 785 hoc
1662 739 1766 798 est,
1809 728 1854 783 si
1884 728 2011 798 legit
2038 743 2167 782 san-

564 838 680 885 ctas
718 828 1057 898 Scripturas,
1091 835 1146 881 et
1190 827 1341 882 audit
1371 825 1591 881 verbum
1622 823 1862 880 divinum
1901 838 1931 877 a
1975 830 2164 879 sancto

557 923 698 990 viro,
731 921 872 978 viret
894 920 1012 991 ejus
1063 921 1243 976 anima
1269 962 1284 989 ,
1342 929 1397 977 et
1424 923 1479 977 in
1529 920 1901 992 paenitentiam
1933 933 2164 974 conver-

556 1015 712 1072 titur.

634 1107 771 1173 Quia
801 1104 913 1160 illic
941 1106 1390 1178 interrogaverunt
1412 1122 1526 1174 nos,
1551 1105 1635 1173 qui
1655 1105 1881 1174 captivos
1905 1103 2162 1156 duxerunt

558 1215 675 1267 nos,
708 1198 860 1253 verba
882 1199 1223 1266 canticorum,
1258 1207 1366 1254 etc.
1398 1199 1685 1253 Dazmones
1707 1197 1796 1266 qui
1828 1196 2164 1265 deceperunt

555 1308 682 1361 nos,
707 1300 763 1349 et
787 1293 1034 1362 captivos
1058 1291 1348 1362 duxerunt,
1380 1305 1522 1346 nunc
1547 1289 1700 1360 quasi
1728 1288 2035 1343 deridentes
2061 1301 2160 1340 nos

557 1395 614 1440 et
659 1383 959 1454 gloriantes
1010 1383 1199 1438 dicunt
1230 1383 1387 1438 nobis
1431 1401 1442 1434 :
1487 1381 1719 1437 Reddite
1744 1381 1903 1436 nobis
1931 1378 2159 1434 verbum

557 1476 626 1532 de
653 1477 759 1532 fide
791 1487 970 1533 veSIra
996 1494 1008 1528 :
1039 1474 1494 1546 quemadmodum
1523 1473 1741 1544 quando
1770 1472 1938 1527 eratis
1981 1470 2034 1525 in
2063 1470 2158 1526 Je-

554 1570 791 1625 rusalem
845 1568 1105 1639 hymnum
1168 1566 1434 1622 dicebatis
1489 1567 1622 1621 Deo.
1663 1563 2016 1632 Respondent
2068 1562 2158 1632 qui

556 1669 946 1732 peccaverunt,
976 1668 1032 1715 et
1051 1659 1265 1729 decepti
1292 1668 1441 1726 sunt,
1470 1670 1522 1713 et
1554 1659 1777 1714 dicunt:

630 1751 899 1818 Quomodo
920 1752 1241 1806 cantabimus
1265 1751 1522 1805 canticum
1549 1749 1760 1804 Domini
1789 1750 1844 1804 in
1873 1759 2009 1804 terra
2031 1749 2154 1802 alie-

2268 548 2427 594 tratn.
2463 539 2621 596 Petra
2651 548 2834 594 autem
2857 547 2942 592 est
2970 536 3240 591 Christus.

2725 627 3048 686 PSALMUS
3084 626 3400 683 CXXXVII.

2338 724 2630 794 Con/itebor
2658 723 2772 791 tibi,
2814 723 3059 790 Domine,
3094 723 3147 775 in
3175 729 3280 776 toto
3307 721 3466 776 corde
3492 737 3630 776 meo.
3676 721 3843 790 Qualia

2264 828 2392 874 sunt
2421 818 2665 886 vulnera,
2719 817 2830 872 tale
2874 826 2931 872 et
2980 814 3359 886 emplastrum.
3392 814 3841 884 Quemadmodum

2265 913 2410 968 enim
2464 927 2662 981 corpus
2707 911 2873 967 habet
2908 909 3122 965 diversa
3153 909 3377 964 vulnera
3412 926 3423 960 :
3458 909 3533 963 ita
3586 917 3646 964 et
3683 908 3842 963 anima

2269 1002 2433 1058 habet
2463 1018 2590 1058 suas
2616 1001 2901 1073 passiones
2931 1009 2986 1054 et
3013 1015 3113 1055 sua
3134 999 3388 1069 vulnera,
3417 1009 3472 1055 et
3497 999 3717 1054 diversa
3745 1000 3843 1055 rul-

2264 1110 2420 1159 nera,
2448 1102 2505 1150 et
2546 1093 2808 1149 adversus
2862 1101 3148 1164 peccatum
3179 1093 3342 1148 talem
3378 1099 3436 1148 et
3479 1091 3838 1164 paenitentiam

2263 1187 2525 1242 debemus
2545 1202 2730 1256 agere.
2761 1186 2820 1243 Si
2867 1187 2988 1257 quis
3021 1202 3118 1257 pro
3172 1186 3426 1241 omnibus
3472 1186 3719 1257 peccatis
3745 1187 3839 1242 suis

2263 1280 2561 1336 conﬁtetur
2586 1297 2598 1334 :
2630 1283 2732 1335 iste
2760 1279 2816 1334 in
2845 1289 2960 1336 toto
2987 1279 3152 1335 corde
3174 1281 3470 1336 conﬁtetur
3501 1280 3746 1336 Domino.
3773 1281 3839 1336 Ac

2262 1374 2306 1428 si
2327 1372 2600 1438 dixisset:
2641 1371 2969 1427 Fornicatus
3022 1379 3110 1428 est
3157 1373 3383 1444 aliquis,
3434 1373 3730 1428 conﬁtetur
3755 1389 3837 1442 pro

2262 1463 2643 1519 fornicatione.
2681 1463 2790 1519 Sed
2820 1463 3076 1535 quoniam
3117 1475 3203 1520 est
3249 1474 3342 1519 aut
3371 1479 3599 1531 avarus,
3634 1472 3724 1519 aut
3749 1463 3837 1518 ira-

2261 1555 2490 1622 cundus,
2535 1566 2626 1610 aut
2650 1555 2928 1611 detractor
2952 1598 2966 1620 ,
3000 1565 3093 1611 aut
3122 1556 3511 1626 blasphemus,
3541 1563 3601 1612 et
3628 1556 3834 1627 plurima

2261 1647 2393 1701 vitia
2443 1646 2606 1702 habet
2630 1690 2646 1716 ,
2680 1647 2784 1703 iste
2814 1663 2924 1702 non
2963 1649 3258 1703 conﬁtetur
3311 1647 3367 1703 in
3401 1657 3516 1704 toto
3565 1648 3748 1704 corde.
3788 1647 3836 1704 Si

2261 1739 2380 1809 quis
2411 1747 2594 1794 autem
2628 1754 2726 1808 pro
2753 1739 3007 1795 omnibus
3037 1740 3208 1807 vitiis,
3261 1748 3318 1795 et
3360 1741 3712 1811 passionibus
3737 1740 3836 1795 ani-

554 1846 666 1900 na?
695 1845 752 1900 ln
784 1845 1024 1914 peccatis
1050 1843 1352 1908 constituti,
1383 1844 1474 1913 qui
1520 1843 1818 1898 cecidimus
1840 1842 1907 1896 de
1930 1841 2154 1897 Jerusa-
2181 1834 2228 1894 B
2257 1847 2357 1886 min
2386 1847 2503 1887 sum
2540 1833 2653 1904 agit
2679 1833 3077 1903 pmttilellliam,
3113 1834 3217 1889 iste
3247 1843 3428 1903 potest
3453 1834 3641 1891 dicere
3669 1852 3683 1888 ε
3721 1832 3835 1890 Con-

548 1935 658 1990 lem
690 1935 742 1990 in
777 1934 1152 2006 Babylonem?
1179 1934 1324 2006 Ergo
1354 1949 1464 1989 non
1509 1944 1689 2005 potest
1716 1935 1931 2006 aliquis,
1965 1935 2010 1988 si
2043 1949 2150 1988 non

547 2028 622 2084 sit
649 2037 892 2094 sanctus,
928 2028 1154 2084 laudare
1185 2027 1499 2083 Dominum.
1546 2028 1810 2084 Peccator
1849 2027 1992 2082 enim
2042 2042 2153 2082 non

548 2116 715 2176 debet
739 2130 962 2176 cantare
983 2119 1238 2185 Domino,
1272 2120 1367 2174 sed
1392 2119 1578 2190 lugere
1607 2129 1828 2189 peccata
1858 2134 1973 2173 sua.

623 2211 683 2267 Si
710 2213 900 2267 oblitus
917 2213 1062 2283 {uero
1092 2210 1496 2276 tui,lerusalem
1521 2227 1539 2265 :
1571 2211 1814 2264 oblivioni
1841 2210 1991 2265 detur
2019 2210 2149 2266 dea:—

547 2314 653 2360 tera
675 2320 805 2359 mea.
841 2303 987 2374 Ergo
1016 2306 1144 2374 quia
1173 2304 1418 2372 peccavit
1445 2310 1501 2358 et
1527 2302 1746 2370 cecidit,
1781 2302 2152 2358 reminiscitur

541 2397 744 2466 prioris
755 2396 1193 2452 conversationis
1208 2404 1264 2451 et
1282 2395 1608 2462 Jerusalem,
1626 2397 1997 2466 proponitque
2012 2395 2149 2451 sibi:

544 2487 690 2558 quod
717 2487 823 2542 nisi
854 2501 1070 2557 semper
1096 2487 1173 2541 tui
1203 2502 1416 2541 memor
1436 2502 1553 2556 ero,
1583 2493 1872 2556 etseinper
1898 2487 1950 2540 in
1969 2496 2150 2543 mente

547 2579 778 2635 habeam
805 2619 820 2646 ,
855 2577 1100 2633 oblivioni
1139 2579 1288 2632 detur
1315 2577 1531 2633 dextera
1558 2595 1701 2647 mea,
1735 2577 1840 2633 hoe
1871 2586 1958 2633 est
1985 2595 2149 2649 opera

542 2685 685 2727 mea.
717 2669 839 2725 Non
876 2669 1012 2725 dixit
1038 2670 1258 2725 sinistra
1282 2710 1297 2736 ,
1347 2670 1441 2726 sed
1469 2672 1703 2725 dextera.
1736 2670 1973 2727 Sinistra
2003 2673 2149 2727 enim

544 2777 764 2834 semper
793 2763 844 2817 in
875 2761 1153 2818 oblivione
1184 2770 1288 2818 est.
1323 2762 1416 2817 Vis
1446 2778 1576 2834 ergo
1608 2778 1827 2834 semper
1867 2764 1922 2818 in
1945 2779 2150 2821 memo-

542 2855 626 2910 ria
660 2855 874 2909 Domini
896 2855 1060 2910 esse?
1087 2854 1335 2910 dexterae
1365 2870 1528 2926 opera
1555 2856 1656 2911 fac.

616 2947 894 3002 Adhtereat
919 2945 1102 3018 lingua
1141 2963 1256 3001 mea
1276 2947 1511 3019 faucibus
1553 2949 1678 3004 meis
1710 2965 1726 3001 :
1764 2950 1808 3003 si
1835 2966 1938 3005 non
1972 2951 2151 3005 memi-

542 3057 665 3096 nero
700 3041 798 3095 tui.
852 3040 966 3096 Hoc
1005 3049 1110 3109 est,
1141 3055 1252 3096 non
1298 3041 1528 3097 habeam
1570 3057 1745 3113 neque
1777 3057 1941 3113 opera
1970 3059 2149 3114 neque

539 3149 855 3191 sermonem
890 3151 902 3188 :
934 3135 982 3190 si
1010 3148 1116 3190 non
1163 3133 1368 3206 jugiter
1404 3137 1670 3192 memoria
1701 3137 1778 3191 tui
1806 3148 2059 3195 versetur
2091 3139 2145 3194 in

541 3226 704 3283 corde
735 3241 880 3283 meo.

615 3319 818 3374 Memor
847 3329 973 3388 esto,
999 3319 1248 3391 Domine,
1292 3320 1522 3390 ﬁliorum
1562 3320 1761 3390 Edam,
1787 3322 1842 3377 in
1874 3322 1957 3378 die
1983 3322 2141 3379 Jeru-

541 3414 723 3469 salem.
749 3413 922 3469 Edom
955 3414 1343 3484 interpretatur
1365 3422 1572 3469 terrena
1593 3424 1648 3472 et
1677 3416 1985 3487 sanguinea.
2007 3417 2140 3485 Quis

538 3523 670 3580 ergo
692 3517 774 3564 est
805 3508 910 3563 nisi
935 3508 1225 3564 diabolus?
1254 3508 1388 3565 Vide
1425 3525 1560 3582 ergo
1582 3510 1710 3582 quid
1735 3511 1899 3567 dicat.
1933 3510 2047 3567 Hoc
2074 3527 2142 3567 ex

537 3615 775 3670 persona
804 3599 978 3655 Adam
1008 3599 1204 3655 dicitur
1233 3616 1250 3654 :
1280 3600 1533 3669 Domine,
1570 3611 1846 3658 memento
1877 3601 2142 3674 quemad-

538 3691 766 3747 modum
805 3707 893 3747 me
919 3690 1158 3762 decepit,
1189 3701 1241 3748 et
1283 3693 1448 3748 traxit
1478 3708 1566 3750 me
1609 3709 1833 3765 serpens
1861 3694 2140 3761 diabolus,

536 3787 631 3855 qui
663 3784 980 3856 intelligitur
1012 3783 1543 3856 Nabuchodonosor,
1568 3795 1622 3842 et
1643 3786 1802 3858 ejecit
1828 3803 1913 3842 me
1957 3787 2025 3843 de
2047 3802 2141 3858 pa—

536 3877 741 3934 radiso.
770 3877 1046 3934 Memento
1073 3885 1132 3933 et
1157 3878 1406 3934 retribue
1428 3878 1512 3947 ei,
1562 3888 1619 3935 et
1645 3880 1879 3950 patiatur
1925 3895 2141 3951 pmnam

541 3985 702 4039 quam
734 3969 849 4040 ipse
878 3984 974 4025 sua
1001 3971 1206 4026 malitia
1237 3971 1368 4026 mihi
1389 3971 1606 4027 induxit
1629 3991 1639 4024 :
1660 3971 1884 4030 trahens
1907 3989 2017 4044 me,
2050 3974 2144 4030 ad-

538 4059 692 4114 duxit
716 4061 769 4115 in
804 4061 1142 4131 Babylonem
1166 4071 1220 4117 et
1250 4062 1302 4117 in
1335 4065 1608 4134 Assyrios.

613 4149 758 4205 Filia
783 4149 1066 4223 Babylonis
1097 4153 1306 4207 misera.
1326 4153 1472 4209 Filia
1493 4154 1803 4227 Babylonis,
1828 4157 2004 4213 anima
2032 4168 2136 4225 est,

539 4262 670 4314 qua;
690 4260 905 4316 semper
925 4245 980 4300 in
1011 4245 1254 4302 motione
1284 4254 1389 4312 est,
1411 4249 1544 4302 etin
1577 4248 1924 4318 confusione,
1955 4261 2009 4307 et
2030 4268 2138 4308 non

535 4335 746 4391 habens
773 4345 1002 4402 statum,
1033 4335 1129 4391 scd
1144 4346 1228 4391 est
1253 4337 1304 4391 in
1333 4338 1478 4392 vitiis
1496 4346 1552 4393 et
1574 4341 1829 4410 peccatis,
1859 4357 1980 4412 qua:
2009 4359 2136 4400 vera

537 4429 741 4483 misera
791 4435 894 4482 est.
945 4425 1137 4482 Beatus
1185 4428 1274 4496 qui
1316 4429 1562 4485 retribuet
1612 4432 1700 4485 tibi
1750 4435 2135 4491 retributionem

541 4535 700 4592 quam
723 4519 1008 4574 retribuisti
1021 4521 1188 4574 nobis.
1213 4519 1502 4578 Beatusest
1522 4523 1612 4594 qui
1627 4524 1895 4582 retribuet
1919 4527 1967 4584 ei
1987 4529 2130 4599 quod

2255 1924 2438 1993 ﬁtebor
2467 1925 2576 1986 tibi,
2608 1925 2852 1996 Domine,
2883 1927 2938 1980 in
2967 1934 3073 1981 toto
3104 1927 3261 1981 corde
3299 1943 3431 1982 meo.
3466 1928 3720 1994 Quoniam
3752 1944 3835 1981 au-

2255 2015 2378 2070 disti
2401 2019 2573 2071 omnia
2595 2018 2749 2072 verba
2778 2019 2882 2072 oris
2904 2018 3022 2072 mei.
3046 2017 3154 2074 Iste
3179 2019 3482 2074 versiculus
3503 2019 3558 2074 in
3586 2018 3834 2074 Hebraico

2167 2183 2176 2188 _
2253 2123 2360 2164 non
2389 2109 2641 2165 habetur.
2673 2110 2944 2167 Cmterum
2977 2109 3121 2179 quod
3152 2109 3301 2173 dicit,
3331 2110 3435 2165 hoc
3463 2119 3572 2178 est,
3606 2119 3835 2180 propter-

2253 2217 2317 2258 ea
2341 2202 2646 2258 conﬁtebor
2687 2203 2783 2258 tibi
2811 2203 2865 2258 in
2895 2212 3010 2272 toto
3039 2202 3205 2259 corde
3253 2217 3404 2271 meo,
3442 2202 3546 2259 hoc
3587 2212 3707 2268 est,
3751 2215 3836 2272 pro

2253 2293 2508 2349 omnibus
2554 2295 2703 2350 vitiis
2731 2295 2869 2350 meis
2897 2307 2951 2350 et
3001 2295 3242 2367 peccatis
3271 2310 3286 2350 :
3320 2295 3580 2366 quoniam
3608 2311 3712 2350 non
3749 2307 3833 2364 pro

2252 2405 2360 2444 uno
2393 2391 2526 2445 vitio
2551 2390 2837 2446 confessus
2877 2406 2995 2445 sum
3023 2391 3141 2456 tibi,
3175 2400 3233 2447 et
3261 2390 3537 2448 exaudisti
3566 2406 3674 2447 me.

2323 2481 2392 2536 1η
2408 2492 2681 2555 conspectu
2697 2482 3002 2552 angelorum
3019 2483 3243 2554 psallam
3263 2483 3376 2538 tibi.
3394 2481 3532 2539 Vide
3550 2481 3829 2554 provectio-

2252 2589 2376 2631 nem
2402 2574 2743 2646 paenitentis,
2761 2577 2887 2646 quia
2908 2583 3029 2645 post
3052 2573 3477 2642 confessionem,
3502 2586 3558 2630 et
3580 2572 3827 2645 paeniten-

2251 2668 2401 2730 tiam,
2421 2683 2543 2722 cum
2558 2668 2768 2738 angelis
2785 2668 3300 2739 mereturpsallere.
3317 2669 3421 2733 Qui
3437 2679 3622 2724 autem
3637 2667 3799 2740 psallit
3812 2706 3826 2732 ,

2244 2761 2358 2829 jam
2388 2774 2495 2814 non
2521 2759 2629 2829 agit
2661 2758 3060 2829 paenitentiam,
3090 2759 3187 2816 sed
3209 2760 3415 2830 gratias
3444 2760 3558 2831 agit
3585 2769 3641 2816 et
3677 2759 3827 2815 bene-

2250 2850 2402 2907 dicit.
2432 2851 2675 2906 Adorabo
2701 2851 2770 2906 ad
2800 2853 3049 2924 templum
3077 2863 3315 2908 sanctum
3345 2863 3513 2910 tuum.
3544 2851 3603 2909 Si
3634 2851 3734 2908 hoc
3759 2858 3830 2906 est

2250 2937 2510 3015 templum
2541 2945 2687 3016 quod
2717 2962 2862 3003 nunc
2891 2947 3110 3003 videtur
3138 2947 3442 3014 desertum,
3473 2949 3526 3003 in
3553 2962 3658 3019 quo
3686 2960 3829 3017 opor-

2249 3046 2327 3120 tet
2353 3039 2586 3095 adorare
2619 3057 2632 3094 :
2665 3056 2793 3112 ergo
2822 3055 2932 3097 non
2970 3042 3181 3099 debent
3209 3042 3387 3098 Judmi
3424 3042 3676 3108 adorare.
3707 3056 3828 3112 quc-

2251 3129 2394 3185 niam
2427 3146 2677 3187 eversum
2697 3142 2795 3189 est
2855 3133 3142 3205 templum.
3174 3133 3462 3207 Templum
3507 3147 3686 3193 autem
3712 3136 3825 3193 dicit

2168 3221 2218 3287 C
2247 3235 2488 3281 sanctam
2514 3233 2569 3282 et
2598 3227 2876 3283 caelestem
2907 3227 3237 3286 Jerusalem.

2318 3318 2490 3390 Super
2510 3319 2863 3374 misericordia
2896 3329 2984 3374 tua
3005 3330 3051 3375 et
3080 3321 3292 3378 veritate
3323 3331 3430 3377 tua.
3456 3321 3719 3380 Peccalor
3737 3338 3823 3379 au-

2243 3409 2358 3465 diat
2380 3410 2837 3479 misericordiam,
2861 3411 3046 3482 justus
3076 3423 3259 3469 autem
3287 3420 3343 3469 et
3365 3414 3635 3486 superbus
3658 3413 3823 3470 audiat

2243 3501 2552 3559 veritatem.

2317 3595 2695 3668 Multiplicabis
2722 3598 2778 3653 in
2801 3597 2977 3653 anima
2997 3613 3112 3654 mea
3140 3600 3400 3656 virtutem.
3429 3598 3815 3671 Multiplicabis,

2244 3690 2350 3747 hoc
2369 3699 2476 3757 est,
2508 3692 2694 3748 multis
2712 3692 3170 3750 sollicitudinibus
3184 3695 3557 3764 subjacentem
3581 3695 3814 3751 animam.

2316 3785 2675 3856 Con/iteantur
2713 3789 2827 3858 tibi,
2857 3787 3103 3856 Domine,
3140 3805 3315 3844 omnes
3351 3805 3496 3861 reges
3525 3801 3689 3847 terra.
3720 3789 3814 3844 Re-

2242 3892 2336 3950 ges
2365 3886 2526 3934 teme
2556 3888 2682 3936 sunt
2711 3881 2799 3935 isti
2851 3883 2944 3953 qui
2984 3891 3215 3953 regnant
3254 3890 3503 3954 peccato.
3547 3884 3686 3955 Ergo
3726 3879 3816 3952 ipsi

2241 3970 2604 4027 conﬁteantur
2653 3973 2744 4042 qui
2791 3985 3024 4046 regnant
3077 3983 3325 4047 peccato.
3381 3976 3496 4034 Nec
3561 3977 3698 4034 enim
3758 3974 3817 4030 de

2240 4065 2456 4136 regibus
2507 4065 2669 4136 hujus
2737 4068 2925 4123 mundi
2975 4067 3238 4139 scriptum
3268 4077 3401 4124 est:
3451 4069 3562 4127 Cor
3589 4069 3722 4141 regis
3769 4066 3814 4121 in

2239 4173 2404 4214 manu
2443 4158 2537 4215 Dei
2577 4157 2777 4230 (Prov.
2811 4161 2956 4234 xxx).
2989 4162 3155 4217 Putas
3183 4178 3279 4218 cor
3305 4163 3508 4219 Juliani
3535 4162 3813 4234 impiissimi

2239 4246 2295 4304 in
2327 4266 2489 4306 manu
2513 4251 2606 4307 Dei
2629 4251 2766 4307 fuit?
2790 4252 2976 4319 Absit;
3010 4264 3122 4322 aut,
3151 4253 3404 4322 Neronis,
3438 4269 3535 4312 aut
3561 4254 3816 4311 Maximia-

2238 4343 2316 4409 ni,
2349 4353 2404 4398 ct
2432 4343 2580 4400 Decii
2613 4348 3067 4414 persecuturum?
3105 4348 3282 4404 Absit.
3316 4348 3420 4405 Sed
3453 4349 3562 4406 illis
3589 4349 3712 4406 dicit
3734 4344 3814 4416 qui

2237 4442 2469 4504 regnant
2491 4445 2731 4505 peccato,
2747 4437 2873 4508 quia
2903 4438 2991 4494 isti
3015 4439 3107 4510 qui
3128 4441 3351 4496 vincunt
3367 4442 3522 4509 vitia,
3551 4450 3605 4498 et
3623 4439 3810 4513 passio-

2241 4540 2338 4581 ncs
2368 4527 2584 4596 animat,
2615 4538 2670 4602 et
2696 4537 2925 4600 regnant
2950 4539 3195 4601 peccato,
3241 4546 3336 4589 cor
3357 4547 3551 4590 eorum
3580 4533 3633 4588 in
3661 4545 3807 4588 manu

537 4613 655 4684 ipsa
676 4612 822 4668 fecit.
841 4611 1004 4668 Verbi
1018 4613 1220 4684 gratia:
1249 4614 1510 4684 ejecitme
1536 4617 1604 4672 de
1630 4619 1882 4688 paradiso
1909 4639 1919 4673 :
1942 4637 2042 4692 ego
2067 4622 2135 4677 il-
2159 4603 2214 4664 Ῑ)
2237 4619 2334 4676 Dei
2378 4631 2481 4678 est.
2528 4622 2664 4689 Quia
2691 4623 2972 4679 audierunt
2999 4628 3176 4681 omnia
3217 4625 3367 4681 verba
3411 4628 3516 4683 oris
3568 4629 3661 4683 tui.
3692 4624 3812 4694 Quia

533 4706 643 4762 lam
661 4706 1150 4775 perabstinentiam
1174 4706 1376 4764 reduco
1415 4709 1636 4765 ibidem.
1669 4711 1892 4782 Decepit
1917 4728 2005 4769 me
2036 4729 2132 4784 per

539 4795 964 4855 fornicationem
993 4814 1128 4870 :ego
1143 4801 1554 4869 percastitatem
1573 4802 1776 4859 reduco
1801 4803 1944 4860 illam
1966 4807 2018 4861 in
2045 4807 2135 4863 Je-

532 4891 796 4957 rusalem,
825 4900 882 4947 et
906 4906 977 4947 ex
1001 4892 1149 4948 vitiis
1172 4891 1226 4948 in
1248 4895 1526 4951 virtutem.
1557 4895 1699 4967 Ergo
1732 4912 1840 4953 non
1871 4906 1930 4955 ut
1952 4899 2131 4956 inimi-

534 4999 632 5041 cus
656 4985 818 5051 facio,
848 4983 944 5040 sed
976 4994 1034 5039 ut
1062 4985 1291 5042 amicus.

606 5077 799 5133 Beatus
841 5078 932 5148 qui
980 5077 1201 5145 tenebit,
1231 5087 1277 5132 et
1302 5079 1482 5134 allidet
1515 5083 1754 5150 parvulos
1782 5091 1895 5138 tuos
1925 5085 1995 5140 ad
2039 5104 2126 5160 pe-

537 5182 691 5227 tram.
734 5167 954 5225 Parvuli
1001 5169 1257 5225 dicuntur
1304 5172 1683 5242 cogitationes.
1726 5177 1804 5230 Ac
1847 5177 1893 5230 si
1940 5179 2121 5237 dicat:

532 5265 662 5323 Vidi
681 5264 987 5332 mulierem,
1015 5264 1301 5335 concupivi
1328 5280 1448 5320 eam
1482 5285 1494 5319 :
1527 5271 1710 5324 statim
1736 5272 1782 5325 si
1811 5289 1920 5328 non
1951 5275 2131 5332 absci-

531 5359 665 5415 dero
688 5356 1183 5429 concupiscentiam
1209 5357 1376 5426 illam,
1406 5359 1620 5416 etsicut
1650 5362 1842 5429 pedem
1872 5374 2122 5436 tenuero,

528 5463 586 5509 et
613 5453 838 5508 allisero
863 5450 931 5506 ad
954 5459 1164 5520 petram
1213 5450 1388 5507 donec
1425 5468 1591 5523 parva
1621 5463 1705 5511 est
1733 5460 2120 5530 concupiscen-

527 5548 626 5613 tia,
676 5561 786 5602 non
826 5553 1006 5618 potest
1050 5554 1240 5616 postea
1287 5545 1536 5603 abscindi
1599 5551 1816 5619 quando
1863 5555 2118 5611 creverit.

595 5692 619 5718 ιι
634 5681 867 5760 Videtur
878 5697 943 5736 ex
957 5682 1016 5736 S.
1045 5682 1250 5739 Hilario
1267 5682 1559 5750 delibasse,
1576 5684 1670 5741 ubi
1695 5688 1806 5756 ille,
1824 5691 2101 5760 lignorum,

517 5748 537 5807 τ
552 5755 738 5830 inquit,
751 5753 969 5830 salicum
995 5764 1181 5830 natura
1209 5771 1268 5808 ea
1298 5766 1392 5820 est,
1422 5766 1478 5830 ut
1505 5748 1731 5830 arefacta
1759 5748 1894 5830 licet",
1926 5764 1969 5815 si
1996 5748 2108 5816 mo:-

529 5825 596 5875 do
619 5823 766 5890 aquis
796 5821 1080 5893 alluantur,
1111 5826 1360 5880 virescant
1395 5841 1414 5880 :
1437 5821 1622 5882 deinde
1651 5832 1851 5902 excisa,
1875 5821 2023 5905 atque
2051 5835 2105 5890 in

2235 4713 2608 4769 custodierunt
2638 4716 2888 4772 mandata
2927 4727 3034 4772 tua.

2306 4805 2375 4858 Et
2391 4815 2612 4860 cantent
2633 4808 2686 4862 in
2708 4808 2805 4863 viis
2837 4807 3069 4864 Domini.
3101 4809 3422 4881 Philosophi
3454 4813 3613 4884 hujus
3639 4806 3808 4868 seculi

2233 4909 2345 4950 non
2395 4906 2751 4954 cantaverunt
2793 4900 2849 4954 in
2886 4900 2990 4957 viis
3023 4902 3267 4968 Domini,
3297 4905 3393 4960 sed
3419 4919 3522 4960 nos
3547 4912 3806 4960 cantamus

2230 4987 2284 5043 in
2309 4988 2410 5044 viis
2442 4989 2677 5060 Domini,
2710 4990 2814 5048 hoc
2839 5003 2944 5059 est,
2998 4994 3053 5048 in
3081 4993 3262 5066 Moyse
3288 5004 3342 5052 et
3365 4997 3422 5051 in
3467 4995 3602 5052 Isaia
3627 5037 3641 5060 ,
3679 5000 3729 5050 et
3756 4993 3804 5046 in

2232 5082 2488 5152 Jeremia,
2518 5093 2574 5141 et
2597 5085 2665 5142 de
2714 5087 2820 5143 viis
2846 5087 2962 5142 istis
2996 5088 3243 5145 venimus
3267 5089 3334 5146 ad
3361 5089 3512 5147 illam
3537 5091 3670 5147 viam
3695 5099 3802 5158 qua:

2231 5177 2398 5234 dicit:
2427 5193 2528 5252 ego
2555 5195 2673 5236 sum
2698 5182 2804 5237 via.

2679 5275 2996 5334 PSALMUS
3035 5277 3372 5336 CXXXVIII.

2301 5366 2542 5438 Domine,
2564 5366 2789 5440 probasti
2805 5385 2905 5434 me,
2935 5378 3039 5427 etc.
3074 5371 3330 5426 Mirabilis
3350 5374 3489 5444 facta
3511 5378 3586 5428 est
3607 5365 3796 5427 scientia

2229 5468 2320 5514 tua
2347 5476 2414 5515 ea:
2443 5477 2541 5516 me.
2576 5460 2911 5517 Manifestius
2942 5463 3044 5518 hoc
3089 5463 3452 5535 Symmachus
3498 5465 3793 5535 interpretao

2228 5563 2316 5612 tus
2343 5564 2428 5612 cst
2454 5573 2468 5613 :
2511 5553 2952 5629 Prwtergreditur
2974 5554 3068 5613 me
3088 5557 3301 5612 scientia
3323 5567 3415 5613 tua
3433 5604 3449 5628 ,
3481 5559 3535 5616 id
3563 5569 3668 5625 εει,
3695 5567 3791 5610 non

2215 5691 2429 5772 ltumido
2455 5693 2585 5772 lira,
2614 5692 2877 5749 radicibus
2898 5712 3006 5750 sese
3029 5696 3487 5772 ipsa‘demergant.
3513 5697 3578 5772 Et
3593 5696 3690 5772 sub;
3707 5694 3790 5771 blj

2203 5766 2297 5835 jus
2320 5765 2521 5841 arboris
2567 5773 2755 5841 natura
2795 5765 3103 5839 sanctos,“
3129 5768 3307 5838 ﬁdeles
3339 5765 3478 5826 i'iros
3523 5765 3785 5841 signiﬁcari

2212 5835 2512 5906 praphetica
2537 5838 2818 5892 auctoritas
2841 5847 2937 5894 est.
