3992 6306
220 311 246 368 Ι
257 313 369 368 235

1174 309 1595 367 BREVIARIUM
1631 311 1698 367 IN
1737 310 2072 370 PSALMOS.
2111 312 2355 371 PSALM.
2395 314 2558 371 CXL.

3384 321 3524 378 1254

199 440 440 497 possum
475 433 563 482 tua
589 425 731 482 scire
759 432 991 493 secreta,
1020 432 1075 480 et
1097 425 1150 479 in
1183 421 1510 495 profundum
1533 423 1814 495 sapientia:
1839 425 1896 486 Α
1990 423 2118 481 Dixi
2147 425 2399 497 Domino,
2427 427 2571 483 Dens
2596 444 2738 485 meus
2776 446 2831 485 es
2857 437 2932 484 tu.
2964 429 3150 487 Sinon
3189 443 3250 487 es
3278 439 3518 502 sanctus,

194 527 320 576 tute
344 533 500 575 mens
521 532 640 574 mea
665 533 774 572 non
802 525 981 587 potest
1009 517 1257 573 introire.

284 611 403 680 Quo
433 611 520 666 ibo
541 628 574 664 a
593 610 782 682 spiritu
811 618 900 662 tuo
923 611 948 663 ?
966 618 1060 663 aut
1099 626 1131 663 a
1157 610 1290 678 facie
1317 618 1407 662 tua
1434 624 1534 676 quo
1563 608 1761 681 {uqiam
1791 609 1814 662 ?

107 709 110 712 '
195 701 501 772 Quomodo
531 711 713 758 autem
753 709 899 754 tuam
935 715 1155 770 possum
1183 699 1646 769 comprehendere
1673 699 1814 754 noti-

196 796 367 863 tiam,
395 809 521 851 cum
553 793 608 848 in
641 801 694 848 te
721 792 834 848 sint
874 795 1078 859 omnia,
1111 791 1358 861 nihilque
1383 790 1452 845 sit
1479 791 1621 861 quod
1649 799 1701 846 te
1732 790 1814 845 fu-

195 888 341 959 giat,
373 894 430 942 et
458 885 657 958 ubique
685 885 760 941 sit
783 884 1007 953 spiritus
1031 883 1194 939 tuus?
1227 884 1304 939 Ex
1331 899 1439 954 quo
1461 884 1812 955 intelligimus

197 980 377 1036 Deum
408 992 530 1034 esse
557 977 649 1048 qui
683 984 830 1032 totus
857 976 1058 1047 ubique
1079 977 1172 1031 sit.

275 1071 341 1127 Si
368 1071 656 1126 ascendere
685 1071 738 1124 in
764 1069 979 1134 coelum,
1011 1078 1069 1122 tu
1105 1069 1177 1123 ibi
1208 1085 1293 1134 es;
1316 1070 1361 1123 si
1389 1069 1707 1125 descendcro
1740 1070 1808 1123 ad

195 1167 490 1238 infernum,
521 1167 677 1234 ades,
707 1174 814 1222 etc.
844 1164 999 1220 Nulla
1029 1165 1256 1220 altitudo
1287 1174 1337 1220 te
1358 1165 1518 1219 altior
1551 1181 1568 1216 :
1601 1164 1806 1219 nullum

195 1260 536 1332 profundum
563 1271 614 1318 te
640 1261 965 1333 profundius
996 1277 1009 1314 :
1041 1259 1231 1315 oriens
1255 1269 1312 1316 et
1341 1257 1598 1316 occidens
1631 1259 1684 1314 in
1715 1266 1806 1314 tua

194 1355 554 1410 continentur
583 1368 768 1409 manu.

270 1444 343 1499 Et
370 1447 503 1512 dixi,
528 1445 673 1518 Ergo
701 1429 920 1501 tenebrae
949 1445 1330 1500 conculcnbunt
1361 1460 1462 1511 me,
1497 1451 1544 1498 et
1581 1458 1688 1497 nor
1713 1443 1808 1498 lux

190 1555 311 1594 mea
352 1540 406 1592 in
449 1537 648 1594 deliciis
675 1539 819 1594 meis.
856 1537 913 1594 In
944 1537 1177 1594 Hebraeo
1205 1552 1400 1594 sensus
1430 1537 1532 1592 iste
1572 1545 1656 1591 est
1689 1554 1700 1588 :
1733 1533 1804 1588 Et

189 1630 333 1698 dixi,
367 1629 618 1686 Forsitan
648 1631 868 1686 tenebris
907 1630 1287 1685 conculcabunt
1332 1647 1414 1684 me
1445 1645 1464 1684 :
1493 1629 1804 1685 eeontrario

189 1733 377 1779 autem
400 1738 506 1778 nox
536 1723 649 1793 ipsa
672 1723 815 1793 apud
848 1732 899 1778 te
929 1724 1110 1779 lumen
1140 1722 1241 1777 fuit
1267 1741 1280 1776 :
1307 1722 1432 1793 quia
1459 1721 1592 1777 nihil
1619 1723 1801 1778 celare

1919 532 2026 572 non
2050 528 2206 588 potes
2237 519 2379 576 hunc
2411 522 2745 578 versiculum
2777 522 2980 579 dicere.
3033 524 3130 579 Cui
3181 538 3289 578 non
3326 533 3519 595 regnat

1917 619 2222 680 peccatum,
2259 610 2361 665 hoc
2382 611 2550 667 dicit:
2577 612 2713 669 Pars
2744 629 2861 670 mea
2895 614 3164 668 Dominus
3199 613 3374 684 (Psal.
3401 614 3517 685 xv).

1988 699 2114 755 Non
2136 702 2312 757 tradas
2337 720 2436 772 me,
2470 701 2711 773 Domine,
2743 722 2774 758 a
2809 707 3062 760 desiderio
3089 723 3201 762 meo
3227 709 3513 779 peccatori.

1915 791 2057 848 Dicit
2084 794 2361 864 Scriptura
2397 813 2410 848 :
2449 795 2606 862 Quod
2633 799 2678 851 si
2710 799 2831 867 quis
2863 797 3062 854 viderit
3104 799 3394 854 mulierem
3443 800 3513 855 ad

1913 887 2568 958 concupiscendum,jam
2609 890 2905 946 moechatus
2933 901 3015 946 est
3063 905 3183 946 eam
3233 891 3288 946 in
3344 891 3511 946 corde

1913 992 2013 1032 suo
2035 977 2212 1048 (Matt.
2244 979 2322 1049 v).
2353 979 2495 1051 Ergo
2533 980 2666 1037 dicit
2703 982 3012 1051 pmpheta:
3053 981 3134 1038 Ne
3177 981 3246 1038 de
3298 996 3509 1037 concu-

1912 1070 2176 1141 piscentia
2207 1087 2327 1127 mea
2359 1072 2542 1127 tradas
2569 1089 2657 1128 me
2685 1074 2943 1140 diabolo;
2967 1075 3061 1130 sed
3088 1075 3229 1131 bene
3254 1074 3384 1130 mihi
3413 1073 3512 1130 ha-

1911 1165 2003 1221 bet
2031 1165 2085 1220 in
2109 1180 2274 1236 opere
2300 1166 2566 1234 iudicare,
2595 1175 2650 1222 et
2682 1183 2791 1222 non
2827 1169 2880 1223 in
2911 1169 3265 1237 cogitatione.

1983 1255 2155 1327 Caput
2185 1259 2433 1312 circuitus
2458 1275 2657 1328 eorum,
2689 1260 2836 1314 labor
2859 1259 3115 1315 labiorum
3139 1263 3368 1332 ipsorum
3392 1277 3513 1333 cpe-

1910 1350 2006 1404 riet
2034 1366 2141 1404 eos.
2165 1349 2634 1417 Quemadmodum
2662 1366 2891 1422 serpens
2911 1353 3130 1424 quando
3171 1354 3368 1409 viderit
3414 1354 3515 1409 ali-

1909 1459 2068 1518 quem
2098 1446 2408 1501 venientem
2449 1445 2518 1500 ad
2561 1447 2974 1518 percutiendum
3003 1488 3018 1513 ,
3063 1448 3328 1504 circulum
3379 1447 3510 1503 facit

1911 1538 2073 1595 totius
2099 1540 2347 1609 corporis
2400 1539 2506 1607 sui,
2557 1549 2612 1595 et
2647 1541 2702 1595 in
2744 1541 2923 1596 medio
2965 1541 3106 1597 celat
3167 1552 3364 1612 caput,
3419 1543 3511 1598 uhi

1907 1631 2012 1686 scit
2038 1630 2239 1686 habere
2265 1645 2324 1686 se
2345 1631 2546 1696 vitam;
2575 1632 2646 1686 ita
2678 1641 2737 1688 et
2765 1633 2856 1688 isti
2879 1632 3123 1689 haeretici
3158 1647 3255 1704 per
3293 1649 3505 1690 sermo-

1907 1738 2031 1779 nem
2060 1723 2510 1794 philosophorum
2533 1764 2548 1789 ,
2577 1733 2633 1779 et
2677 1724 2990 1781 Aristotelis
3014 1769 3030 1791 ,
3078 1735 3134 1781 et
3180 1735 3508 1782 cancrorum

191 1825 248 1872 te
278 1823 482 1885 potest.
513 1815 669 1884 Quod
695 1815 1052 1888 Symmachus
1084 1816 1281 1870 melius
1306 1816 1694 1885 interpretatus
1715 1825 1798 1870 est
1829 1815 1878 1876 B
1904 1815 2159 1870 videntur
2185 1830 2246 1872 se
2273 1815 2612 1872 abscondere
2635 1824 2691 1872 et
2712 1817 2862 1886 quasi
2893 1826 3201 1888 protegere,
3238 1827 3296 1874 et
3320 1819 3510 1874 defen-

190 1911 387 1968 dicens
423 1929 436 1965 :
474 1910 540 1965 Et
569 1927 677 1965 nox
698 1912 790 1966 lua:
823 1912 1019 1966 circum
1050 1928 1129 1966 me
1157 1910 1317 1965 sedet.
1350 1909 1455 1965 Sed
1483 1918 1539 1966 et
1565 1925 1796 1980 sequen-

192 2013 278 2060 tes
301 2003 588 2068 versiculi,
624 2003 728 2058 hoc
756 2002 898 2059 idem
927 2003 1258 2074 significant.

265 2096 402 2162 Quia
425 2095 647 2152 tenebrat
673 2112 776 2150 non
807 2095 1216 2150 obscurabuntur
1245 2111 1278 2148 a
1309 2104 1379 2161 te,
1412 2104 1463 2149 et
1505 2110 1611 2150 nos:
1648 2097 1800 2164 quasi

189 2190 302 2244 dies
353 2189 740 2244 illuminabitur
768 2205 787 2244 :
813 2190 948 2244 sicut
1003 2189 1222 2244 tenebrat
1264 2191 1378 2260 ejus
1403 2231 1417 2256 ,
1449 2189 1523 2242 ita
1543 2197 1592 2243 et
1621 2187 1796 2244 lumen

190 2285 325 2356 ejus.
358 2283 416 2339 ld
446 2292 554 2342 est.
573 2291 681 2338 tam
705 2283 851 2339 clara
883 2293 1009 2339 sunt
1034 2283 1376 2353 omnia,qu:e
1404 2298 1434 2338 a
1459 2293 1511 2339 te
1541 2291 1796 2354 putantur

191 2378 427 2440 occulta,
455 2385 515 2431 ut
544 2375 918 2432 manifestiora
941 2377 1052 2433 sint
1077 2377 1218 2433 luce.

265 2467 561 2539 Suscepisti
588 2485 668 2523 me
697 2469 761 2523 de
786 2479 961 2525 centre
988 2471 1174 2526 matris
1205 2487 1352 2528 mete.
1382 2473 1580 2541 Quinta
1616 2470 1796 2527 Editio

193 2561 264 2616 ita
297 2560 580 2616 transtulit
612 2577 626 2614 :
655 2558 910 2632 Conﬂasti
939 2578 1020 2616 me
1047 2561 1112 2616 de
1133 2573 1304 2618 ventre
1325 2565 1506 2618 matris
1526 2579 1673 2618 mem.

264 2651 635 2722 Imperfectum
661 2668 831 2707 meum
859 2653 1095 2708 uiderunt
1124 2653 1260 2708 oculi
1287 2656 1382 2709 tui.
1416 2653 1795 2724 Imperfectum

145 2749 152 2756 “
193 2743 284 2800 hic
324 2759 426 2814 pro
455 2745 816 2815 incomposito
861 2747 1048 2815 posuit
1086 2765 1097 2798 :
1156 2746 1303 2815 quod
1331 2748 1494 2802 etiam
1523 2747 1796 2802 elementa

194 2838 431 2894 hominis
487 2847 776 2909 antequam
826 2837 1132 2895 formentur
1162 2841 1217 2896 in
1251 2850 1406 2896 utero
1434 2882 1450 2906 ,
1502 2852 1798 2912 cognoscat

193 2929 357 2986 Deus.
406 2929 475 2984 Ut
495 2931 549 2984 in
579 2931 713 2986 libro
740 2941 827 2987 tuo
857 2948 1032 2986 omnes
1060 2933 1368 2988 scribentur.
1403 2932 1472 2988 Et
1497 2934 1640 3004 quod
1671 2934 1794 2988 nul-

193 3022 279 3078 lus
327 3022 541 3093 absque
570 3024 850 3080 voluntate
903 3035 1158 3081 nascatur
1214 3026 1308 3082 Dei
1342 3044 1355 3080 :
1387 3041 1456 3082 ne
1506 3027 1793 3098 quisquam

197 3115 316 3188 ejus
347 3117 598 3172 notitiam
621 3117 996 3192 subterfugiat.

1904 1908 2058 1964 dere.
2089 1907 2192 1965 Sed
2224 1909 2632 1964 ecclesiasticus
2660 1910 2745 1964 vir
2773 1911 2924 1980 quasi
2959 1911 3013 1964 in
3040 1909 3193 1980 virga
3219 1952 3235 1976 ,
3277 1903 3390 1966 hoc'
3425 1921 3510 1967 cst

1901 1998 1956 2055 in
1986 2015 2176 2065 cruce,
2205 2001 2368 2055 solvit
2396 2001 2684 2067 circulum,
2715 2014 2768 2057 et
2793 2003 2998 2057 invenit
3019 2010 3181 2072 caput
3218 2003 3420 2073 latens,
3450 2013 3508 2060 et

1902 2093 1976 2148 ibi
2007 2108 2130 2148 eum
2164 2093 2419 2163 percutit,
2468 2093 2573 2150 hoc
2595 2103 2706 2161 est,
2751 2094 3120 2150 testimonium
3177 2093 3383 2164 profert
3431 2094 3501 2149 de

1904 2189 2228 2260 Scriptnris.

1975 2282 2304 2337 Habitabant
2325 2285 2450 2338 recti
2486 2298 2605 2337 cum
2635 2283 2777 2337 vultu
2823 2291 2930 2338 tuo.
2988 2282 3184 2338 Vultus
3224 2280 3318 2336 Dei
3366 2281 3497 2351 quid

1901 2385 1987 2432 est
2015 2377 2117 2432 nisi
2163 2376 2448 2432 Christus?
2494 2376 2594 2446 Qui
2644 2392 2754 2432 non
2789 2377 3038 2447 rapinam
3074 2375 3370 2432 arbitratus
3419 2382 3506 2432 est

1903 2484 2028 2527 esse
2049 2485 2109 2526 se
2136 2469 2400 2542 mqualem
2427 2470 2542 2526 Deo
2565 2469 2828 2543 (Philipp.
2862 2471 2949 2541 ιι).

2444 2560 2764 2617 PSALMUS
2801 2559 2960 2616 CXL.

1973 2652 2216 2719 Domine,
2251 2653 2469 2708 clamavi
2491 2654 2561 2706 ad
2589 2663 2656 2721 te,
2703 2653 2896 2708 exaudi
2950 2669 3051 2708 me.
3083 2653 3295 2726 Moyses
3324 2655 3510 2709 stabat

1903 2760 2024 2800 cum
2072 2745 2315 2816 p0pulo,
2375 2753 2430 2800 et
2477 2743 2690 2800 Pharao
2741 2745 3074 2814 sequebatur
3116 2755 3242 2817 post
3294 2754 3504 2818 tergum

1901 2837 2043 2906 ejus,
2077 2846 2130 2892 et
2160 2836 2399 2906 undique
2425 2837 2679 2905 angustia
2715 2837 2790 2891 illi
2812 2845 2950 2891 erat.
3005 2839 3061 2893 ln
3107 2839 3203 2894 illo
3255 2847 3505 2910 tempore

1901 2927 2237 3001 lacrymatus
2261 2937 2344 2984 est
2366 2929 2431 2981 ad
2459 2927 2653 2982 Deum.
2685 2927 2747 2982 Et
2774 2928 3038 2984 continuo
3061 2929 3209 2985 Deus
3241 2930 3309 2986 ad
3329 2945 3456 2986 eum
3488 2949 3500 2984 :

1901 3022 2040 3090 Quid
2071 3023 2275 3076 clamas
2297 3022 2362 3076 ad
2393 3021 2520 3076 me?
2547 3021 2683 3075 Dum
2713 3036 2837 3076 cum
2860 3021 3085 3077 silentio
3130 3023 3355 3089 orabat,
3405 3038 3504 3078 au-

1904 3115 2050 3186 ditus
2080 3123 2184 3170 est.
2212 3114 2492 3184 Scriptura
2521 3123 2704 3169 autem
2737 3128 2844 3169 non
2895 3113 3146 3170 meminit
3173 3115 3316 3184 quod
3343 3115 3502 3168 locu-

263 3208 392 3265 Dies
413 3210 794 3280 formabuntur,
819 3222 866 3267 et
890 3230 1040 3268 nemo
1059 3215 1114 3268 in
1135 3215 1226 3269 eis.
1258 3213 1412 3271 "unc
1437 3214 1614 3270 locum
1639 3215 1796 3288 Sym-
1824 3203 1871 3265 C
1905 3215 1990 3264 tus
2011 3209 2099 3273 sit,
2123 3207 2221 3263 sed
2247 3214 2457 3262 tantum
2489 3205 2633 3276 quod
2666 3205 2998 3276 lacrymatus
3029 3205 3119 3260 sit.
3161 3205 3230 3260 Et
3275 3206 3501 3275 sanguis

190 3302 420 3358 machus
467 3303 541 3357 ita
576 3304 853 3368 transtulit
904 3324 915 3360 :
951 3307 1064 3361 dies
1083 3307 1266 3377 quibus
1294 3308 1504 3376 formati
1533 3317 1688 3374 sunt,
1737 3325 1801 3362 ne

189 3412 294 3450 una
314 3394 527 3463 quidem
551 3413 617 3450 ex
641 3397 715 3450 eis
740 3397 897 3452 deest.
933 3398 1000 3453 Et
1024 3407 1109 3454 est
1134 3414 1325 3455 sensus
1358 3417 1372 3454 :
1404 3415 1564 3454 omne
1587 3409 1798 3470 tempus

189 3486 369 3541 tetatis
395 3484 483 3540 cui
517 3485 632 3554 jam
663 3487 732 3542 ab
760 3487 987 3543 exordio
1026 3489 1155 3544 vitta
1185 3490 1340 3544 istius
1367 3500 1495 3545 sunt
1531 3492 1798 3547 curricula

189 3577 468 3647 deputata,
527 3587 681 3633 certo
710 3579 815 3634 ﬁne
840 3579 1098 3648 decurrit,
1135 3596 1237 3637 nec
1275 3597 1380 3638 una
1410 3583 1526 3638 dies
1555 3592 1649 3638 aut
1680 3585 1798 3652 plus

188 3680 282 3725 aut
314 3670 497 3725 minus
525 3678 609 3725 est
629 3686 787 3740 quam
823 3681 878 3726 tu
901 3672 1149 3728 conditor
1175 3689 1297 3730 esse
1319 3676 1556 3730 voluisti.
1592 3676 1800 3732 Secun-

187 3761 319 3818 dum
374 3761 725 3832 Septuaginta
756 3771 935 3820 autem
969 3766 1312 3833 interpretes,
1345 3774 1399 3820 et
1435 3767 1682 3825 altiorem
1715 3770 1800 3824 in-

189 3855 575 3925 telligentiam,
609 3871 801 3912 sensus
821 3868 904 3913 est
929 3876 942 3912 :
969 3858 1047 3914 Tu
1074 3874 1263 3915 omnes
1285 3861 1339 3915 in
1366 3862 1454 3917 die
1483 3861 1707 3925 formas,
1741 3871 1797 3917 tu

188 3958 423 4002 cunctos
453 3949 538 4003 vis
563 3963 684 4004 esse
707 3949 851 4005 ﬁlios
880 3950 998 4018 Dei,
1030 3953 1125 4008 sed
1157 3952 1338 4008 nullus
1366 3962 1450 4008 est
1482 3955 1534 4008 in
1565 3955 1800 4010 homini-

191 4039 294 4096 bus
323 4041 418 4111 qui
447 4055 555 4096 non
582 4052 806 4111 peccato
853 4043 1121 4099 obnoxius
1151 4045 1283 4109 fiat,
1317 4053 1372 4100 et
1396 4061 1492 4115 per
1517 4045 1622 4101 hoc
1654 4047 1797 4103 filius

193 4132 374 4186 noctis
395 4147 520 4187 esse
551 4134 793 4202 incipiat,
825 4149 924 4190 nec
952 4137 1236 4205 quisquam
1266 4151 1454 4191 eorum
1485 4137 1606 4192 lucc
1629 4139 1797 4208 ipsius

192 4222 299 4278 diei
330 4232 442 4278 toto
466 4223 590 4279 vitm
629 4240 742 4280 sua:
796 4234 1039 4295 tempore
1079 4227 1238 4296 digna
1263 4228 1526 4295 perﬁciat.
1559 4228 1712 4284 Unde
1742 4239 1798 4284 et

193 4315 486 4384 Apostolus
514 4316 580 4370 ad
608 4331 703 4372 eos
731 4318 822 4388 qui
853 4317 945 4372 ﬁlii
970 4320 1145 4372 noctis
1168 4333 1290 4373 esse
1319 4330 1686 4386 cessaverant,
1717 4323 1795 4377 Io-

195 4409 379 4480 quitur
410 4424 430 4464 :
457 4409 568 4464 Nos
591 4421 802 4478 autem,
834 4411 1058 4478 fratres,
1089 4427 1195 4467 non
1234 4427 1422 4468 sumus
1451 4413 1549 4468 ﬁlii
1583 4415 1788 4484 noctis,

199 4500 295 4558 sed
324 4499 445 4555 Filii
487 4499 583 4556 Dei
613 4502 632 4573 (
657 4501 835 4556 Thess.
865 4519 900 4557 v
923 4506 962 4572 ).

661 4594 983 4652 PSALMUS
1029 4595 1318 4652 CXXXIX.

266 4685 433 4759 Eripe
460 4705 560 4753 me,
593 4687 840 4754 Domine,
873 4689 938 4743 ab
985 4688 1191 4745 homine
1219 4692 1389 4761 malo,
1426 4701 1534 4750 etc.
1586 4693 1704 4750 Non
1738 4695 1790 4750 in

199 4788 404 4836 tantum
474 4787 655 4852 potest
727 4795 826 4836 nos
878 4781 1131 4852 decipere
1184 4783 1472 4852 diabolus,
1529 4795 1789 4856 quantum

199 4890 290 4946 per
317 4891 582 4947 organum
613 4875 850 4932 hominis
885 4897 897 4930 :
929 4877 998 4932 ab
1019 4876 1123 4934 hoc
1150 4878 1474 4948 deprecatur
1527 4880 1792 4951 prOpheta

198 4967 436 5024 liberari.
1612 4983 1620 4992 '

267 5061 371 5130 Qui
391 5061 1067 5132 cogitaveruntiniquitates
1109 5061 1163 5117 in
1203 5064 1380 5119 corde.
1417 5063 1493 5120 De
1525 5063 1794 5122 haereticis

197 5151 342 5208 dicit.

270 5245 540 5302 Venenum
564 5246 808 5315 aspidum
837 5246 927 5300 sub
977 5247 1124 5302 labiis
1146 5263 1345 5302 eorum.
1399 5249 1664 5318 Quoniam
1713 5250 1794 5306 vi-

194 5339 390 5396 dentur
412 5341 672 5397 amicitia:
699 5339 869 5396 verba
900 5341 1123 5409 habere,
1161 5341 1258 5397 sed
1311 5342 1468 5413 plena
1523 5353 1652 5399 sunt
1696 5359 1792 5400 ve-

195 5447 334 5492 neno
355 5434 672 5492 mortifero.

256 5527 427 5585 Juxta
451 5530 555 5585 iter
580 5528 886 5582 scandalum
914 5537 1195 5601 posuerunt
1226 5531 1373 5585 mihi.
1419 5530 1533 5586 lloc
1583 5537 1670 5586 est
1723 5529 1794 5585 de

195 5618 490 5694 Scripturis
523 5621 870 5692 proferentes
896 5622 1211 5677 testimonia
1234 5663 1250 5688 ,
1297 5637 1419 5692 qum
1463 5622 1615 5693 quasi
1644 5619 1795 5676 vide-

193 5709 391 5770 bantur
420 5713 696 5769 rationem
735 5712 973 5782 aliquam
1001 5712 1235 5782 habere,
1270 5713 1559 5770 tentabunt
1584 5726 1674 5768 me
1699 5711 1794 5768 de-

189 5805 391 5878 cipere.

1903 3310 2200 3370 martyrum
2230 3312 2445 3367 semper
2467 3297 2666 3352 clamat
2691 3296 2758 3350 ad
2787 3297 3090 3362 Dominum,
3115 3305 3170 3351 et
3189 3297 3496 3352 exauditur.

1905 3391 1970 3445 Et
2006 3389 2269 3443 Dominus
2307 3388 2523 3442 locutus
2575 3397 2658 3441 est
2698 3385 2832 3441 Cain
2877 3405 2888 3438 :
2929 3386 3157 3456 Sanguis
3199 3386 3384 3441 fratris
3421 3389 3499 3445 tui

1901 3485 2102 3541 clamat
2133 3483 2200 3537 ad
2232 3497 2318 3538 me
2345 3481 2498 3542 (Gen.
2534 3480 2631 3550 tv).
2683 3478 2752 3534 Et
2791 3481 2844 3534 in
2890 3480 3221 3552 Apocalypsi
3250 3479 3500 3549 Joannis,

1901 3577 2098 3632 animae
2125 3575 2400 3644 justorum
2430 3574 2532 3629 sub
2564 3574 2722 3628 altari
2758 3572 3018 3629 dicebant
3055 3573 3121 3627 ad
3155 3573 3441 3628 Dominum
3476 3587 3494 3627 :

1901 3667 2219 3738 Usquequo,
2258 3667 2514 3731 Domine,
2549 3681 2658 3720 non
2705 3680 2803 3720 nos
2855 3665 3106 3721 defendis
3160 3667 3346 3739 (Apoc.
3377 3663 3499 3734 vt)?

1901 3761 2071 3816 Simul
2111 3771 2290 3814 autem
2333 3758 2772 3824 consideremus,
2813 3759 2940 3827 quia
2993 3760 3189 3813 animm
3221 3760 3494 3829 justorum

1902 3853 2092 3907 altaria
2117 3861 2243 3906 sunt
2293 3851 2527 3905 Domini.
2561 3849 2784 3905 Intende
2807 3852 2917 3904 voci
2943 3867 3089 3916 mete,
3125 3867 3242 3904 cum
3296 3849 3494 3904 clama-

1901 3960 2018 3998 rero
2041 3944 2109 3996 ad
2132 3953 2200 3998 te.
2226 3941 2338 3996 lloc
2361 3951 2468 4009 est,
2487 3941 2610 3996 vide
2631 3950 2687 3996 et
2703 3941 3015 4010 considera,
3041 3956 3074 3996 ο
3101 3941 3348 4009 Domine,
3369 3941 3501 4012 quid

1901 4045 2028 4107 peto
2061 4054 2073 4088 :
2104 4037 2360 4105 quoniam
2404 4050 2511 4090 non
2555 4046 2681 4105 peto
2722 4035 2997 4105 corporali
3050 4035 3356 4101 desiderio,
3401 4043 3496 4090 aut

1901 4141 2114 4192 aurum,
2144 4136 2236 4180 aut
2263 4126 2372 4181 tale
2392 4125 2597 4196 aliquid
2631 4126 2943 4197 hujusmodi
2981 4145 2992 4180 :
3035 4126 3132 4181 sed
3164 4138 3224 4182 ut
3276 4127 3497 4182 miseri-

1900 4219 2141 4274 cordiam
2169 4226 2315 4273 tuam
2337 4233 2668 4289 consequar.
2713 4219 3012 4290 Propterea
3055 4219 3216 4284 dicit,
3258 4220 3494 4285 intende,

1901 4310 2005 4366 hoc
2034 4319 2140 4378 est,
2171 4310 2460 4381 diligenter
2480 4311 2607 4364 audi
2632 4354 2646 4378 ,
2681 4313 2807 4381 quia
2839 4311 2973 4365 nihil
3005 4311 3246 4366 alienum
3278 4320 3428 4382 peto.

1971 4402 2242 4474 Dirigatur
2268 4404 2438 4458 oratio
2462 4420 2572 4457 mea
2593 4448 2607 4473 ,
2637 4405 2770 4457 sicut
2812 4405 3082 4459 incensum
3120 4405 3176 4460 in
3219 4415 3496 4475 conspectu

1883 4479 2010 4548 'tuo.
2043 4495 2154 4549 lloc
2180 4503 2283 4556 est,
2311 4503 2458 4550 recta
2493 4495 2561 4549 ad
2591 4505 2642 4550 te
2673 4497 2959 4566 perveniat
2989 4497 3167 4551 oratio
3209 4512 3351 4563 mea,
3384 4511 3492 4552 non

1816 4584 1871 4644 D
1897 4583 2108 4638 habens
2138 4585 2346 4653 aliquas
2375 4584 2566 4638 sordes
2589 4626 2602 4649 ,
2639 4595 2731 4638 aut
2778 4587 2906 4640 vitia
2930 4626 2946 4651 ,
2995 4596 3088 4640 aut
3130 4587 3494 4656 cogitationes

1895 4673 2214 4730 diabolicas.
2270 4674 2553 4728 lnccnsnm
2612 4686 2791 4730 autem
2848 4677 3125 4730 orationes
3183 4686 3496 4732 sanctorum

1895 4779 2044 4824 sunt.
2068 4769 2178 4823 lloc
2200 4777 2379 4822 autem
2400 4768 2783 4838 cognoscimus
2805 4769 2872 4824 de
2893 4769 3250 4839 Apocalypsi:
3274 4770 3496 4840 quando

1897 4860 2090 4930 viginti
2119 4867 2354 4930 quatuor
2374 4859 2621 4915 seniores
2653 4860 2908 4915 tenebant
2939 4859 3236 4927 thuribula,
3265 4869 3319 4916 et
3347 4861 3496 4917 dice-

1896 4961 2029 5018 bant
2092 4960 2266 5031 (Ibid.
2296 4960 2430 5030 Vill)
2478 4975 2492 5014 :
2536 4959 2630 5015 lite
2673 4969 2798 5015 sunt
2840 4961 3115 5016 orationes
3154 4967 3492 5018 sanctorum.

1901 5053 2138 5109 Elevatio
2180 5070 2427 5108 manuum
2481 5069 2710 5107 mearum
2761 5055 3074 5123 sacriﬁcium
3128 5057 3491 5128 vespertinum.

1901 5149 2138 5205 Elevatio
2161 5165 2426 5204 manuum.
2456 5147 2746 5203 Dominum
2775 5147 3138 5203 demonstrat.
3175 5148 3243 5203 Et
3300 5149 3356 5204 in
3379 5150 3496 5206 ele-

1900 5241 2118 5297 vatione
2148 5254 2401 5296 manuum
2432 5238 2747 5296 Creatorem
2779 5238 3045 5294 videmus.
3093 5237 3229 5295 Vide
3285 5248 3491 5309 autem,

1900 5342 2030 5414 quia
2059 5356 2165 5397 non
2195 5340 2352 5410 dixit,
2381 5340 2632 5395 extensio
2654 5354 2912 5394 manuum
2943 5353 3207 5394 mearum.
3232 5338 3494 5395 Extensio

1900 5437 2044 5493 enim
2074 5451 2184 5491 non
2215 5443 2301 5490 est
2326 5434 2580 5490 elevatio.
2613 5433 2720 5488 Sed
2751 5431 2998 5488 extendit
3035 5432 3254 5502 aliquis,
3285 5443 3341 5488 et
3366 5439 3492 5504 post

1902 5539 2134 5600 tergum,
2167 5527 2296 5584 etin
2317 5526 2482 5592 latus,
2515 5526 2616 5581 hoc
2649 5535 2764 5592 est,
2821 5525 2874 5580 in
2933 5524 3060 5580 vitia
3091 5543 3103 5578 :
3135 5525 3492 5596 quemadmo-

1899 5623 2026 5678 dum
2054 5621 2186 5677 dicit
2215 5619 2476 5674 Dominus
2508 5635 2522 5671 :
2562 5617 2630 5672 Et
2666 5617 2886 5688 quando
2917 5617 3268 5673 extenderitis
3295 5615 3362 5671 ad
3401 5631 3490 5673 me

1902 5693 2096 5772 manus
2121 5721 2358 5780 vestras,
2407 5725 2516 5766 non
2547 5709 2835 5766 exaudiam
2865 5723 2963 5764 vos
2992 5708 3212 5779 (Jerem.
3244 5703 3360 5778 xv).
3391 5705 3494 5762 Sa-

1904 5807 2159 5877 criﬁcium
2205 5807 2581 5878 uespertinum,
2633 5802 2922 5860 undecima
2963 5801 3132 5872 hora,
3171 5800 3226 5857 id
3253 5807 3340 5857 est
3368 5843 3382 5868 ,
3438 5799 3496 5856 in
