3992 6306
547 289 682 341 1253

1323 273 1668 338 ΑιιιιΕΝιιιχ
1713 283 1803 338 AD
1841 272 2088 340 "rauim
2129 273 2476 340 seruitum
2519 277 2576 336 s.
2622 277 3020 335 ttttznotvvut.

3702 278 3856 335 im

545 399 859 470 Evangelia,
886 399 1009 454 levo
1041 412 1231 452 manus
1259 413 1428 454 meas.
1464 397 1528 451 Et
1563 397 1759 453 itcrum
1804 399 2130 469 Apostolus:
2163 401 2216 462 Α
2242 413 2330 453 sos
2359 413 2489 470 ergo
2514 398 2734 453 labores
2767 399 3050 453 habemus.
3074 399 3139 453 Et
3161 405 3427 467 quantum
3452 394 3582 467 quis
3609 394 3860 461 laborat,

545 493 744 549 Levate
805 508 994 548 manus
1049 499 1259 547 vestras
1316 490 1382 546 ad
1437 492 1714 547 orationes
1760 490 1824 563 (l
1856 490 1990 546 Tim.
2026 491 2130 564 ιι).

549 589 617 642 Et
667 588 878 658 Moyses
924 587 1140 656 quando
1190 585 1399 640 levabat
1445 600 1678 650 manus,
1737 585 1989 642 vincebat
2044 585 2135 642 Je-

547 693 683 732 sus:
732 675 950 747 quando
1003 675 1350 745 deponebat,
1381 677 1703 731 vincebatur
1755 674 1950 746 (Exod.
1976 676 2128 748 xvtt).

543 769 599 825 Si
647 768 890 839 intelligo
953 769 1264 838 Seripturas
1333 769 1628 824 secundum
1697 768 2025 839 historiam,
2079 782 2134 827 et

544 860 840 914 secundum
900 860 1184 914 litteram:
1248 859 1462 932 Moyses
1500 861 1758 916 deorsum
1807 863 1969 917 habet
2015 877 2131 917 ma-

541 966 664 1022 nus.
696 948 753 1006 Si
799 958 980 1006 autetn
1025 951 1400 1022 spiritualiter,
1458 953 1634 1007 elevat
1675 968 1866 1009 inaltus
1912 968 2037 1009 suas
2076 955 2132 1011 in

537 1041 729 1096 altum.

610 1134 776 1200 Pone,
809 1132 1049 1200 Domine,
1073 1135 1362 1190 custodiam
1391 1137 1469 1190 ori
1498 1152 1626 1192 meo.
1655 1135 1800 1191 Mors
1828 1145 1881 1192 et
1918 1138 2022 1192 vita
2074 1138 2126 1195 in

533 1226 782 1280 manibus
814 1228 1025 1296 linguae.
1069 1227 1134 1280 Et
1164 1229 1359 1281 iterum
1389 1246 1400 1280 :
1427 1227 1597 1282 Amen
1621 1227 1740 1282 dico
1775 1228 1965 1283 vobis:
1993 1243 2130 1298 quo-

532 1319 673 1372 niam
706 1318 771 1372 de
798 1320 944 1372 omni
976 1317 1152 1371 otioso
1179 1319 1344 1373 verbo
1365 1318 1506 1388 quod
1537 1319 1703 1374 locuti
1733 1319 1970 1387 fueritis,
2001 1319 2123 1375 red-

529 1411 668 1467 detis
697 1411 958 1465 rationem
985 1414 1035 1465 in
1060 1412 1151 1466 die
1192 1411 1384 1482 judicii
1442 1411 1621 1484 (Matt.
1654 1412 1778 1484 xtl).
1832 1414 1946 1469 lloc
1995 1427 2130 1485 ergo

526 1505 787 1572 postulat,
813 1503 1108 1573 Propheta.
1136 1512 1193 1558 ut
1215 1519 1378 1559 omne
1421 1505 1562 1574 quod
1598 1505 1858 1575 loquitur,
1914 1515 2022 1560 non
2054 1506 2125 1561 sit

525 1597 784 1660 otiosum,
811 1595 904 1650 sed
929 1603 1172 1650 sanctum
1203 1604 1252 1649 ct
1283 1595 1504 1665 dignum
1536 1597 1666 1651 Deo.
1705 1597 1770 1651 Et
1805 1599 1993 1652 ostium
2024 1599 2128 1652 cir-

529 1688 852 1741 cumstantttc
876 1687 1025 1742 labiis
1066 1689 1210 1741 meis.
1245 1686 1455 1743 Ostium
1502 1688 1933 1744 circumstantia:
1970 1691 2122 1760 quasi

2237 499 2442 545 tantum
2463 499 2517 545 ct
2545 491 2828 560 praemium
2859 487 3110 560 accipiet.

2312 580 2376 633 Et
2445 597 2558 633 cum
2626 580 2917 634 hominibus
2971 579 3304 648 operantibus
3359 577 3707 649 iniquitatem.
3767 577 3857 632 Ex

2237 671 2510 727 communi
2542 671 2899 726 subauditur:
2931 686 3038 725 nou
3070 670 3309 725 declines
3350 684 3452 725 cor
3485 685 3667 724 meum
3713 683 3853 725 cum

2237 763 2546 818 hominibus
2573 763 2926 833 operantibus
2954 761 3316 832 iniquitatem.
3342 759 3409 814 Et
3436 776 3541 816 non
3559 761 3858 815 continuari-

2234 856 2361 910 cabo
2389 871 2502 908 cum
2527 851 2698 909 electis
2723 870 2922 908 eorum.
2951 853 3106 909 Sicut
3143 853 3411 908 Dominus
3442 851 3611 907 habet
3637 852 3853 909 electas

2235 956 2454 1002 sanctos
2486 988 2500 1012 ,
2566 949 2638 1002 ita
2693 955 2751 1003 et
2796 946 3046 1002 diabolus
3079 944 3243 1001 habet
3281 945 3489 1001 electos
3551 959 3704 1001 suos.
3749 946 3850 1002 ln-

2235 1039 2414 1110 tellige
2447 1039 2580 1094 mihi
2611 1041 2894 1111 principes
2922 1039 3329 1102 hatreticorum,
3370 1049 3426 1094 et
3471 1051 3581 1094 non
3627 1039 3849 1094 dubita—

2233 1131 2316 1186 bis
2338 1130 2406 1186 de
2427 1130 2620 1186 electis
2641 1146 2851 1186 eorum.
2875 1130 2932 1186 Si
2956 1131 3100 1186 enim
3121 1130 3353 1186 dixisset
3381 1130 3610 1195 electos,
3645 1141 3698 1186 et
3729 1145 3847 1188 non

2230 1238 2353 1278 cum
2386 1225 2865 1290 subdistinctione,
2886 1238 3073 1278 eorum
3090 1263 3106 1289 ,
3134 1221 3462 1278 exclusisset
3482 1223 3694 1279 electos
3717 1222 3842 1279 Dei.

2231 1317 2626 1373 Contmunicabo
2648 1317 2938 1388 dupliciter
2966 1317 3313 1387 intelligitur:
3346 1325 3443 1372 aut
3469 1316 3841 1383 consentiam,

2229 1419 2325 1464 aut
2349 1409 2623 1464 secundus
2653 1407 2799 1474 ﬁam,
2831 1409 2934 1464 hoc
2963 1418 3068 1472 est,
3094 1409 3431 1464 immundus.
3477 1408 3647 1466 Scitis
3687 1410 3840 1466 enim

2230 1499 2594 1574 Seripturam,
2622 1503 2730 1556 duo
2760 1501 3035 1557 immunda
3063 1516 3282 1557 vocare.
3307 1501 3454 1558 Dicit
3481 1501 3786 1572 Apostolus
3819 1518 3835 1556 ι

2231 1591 2619 1652 Utconluudat
2647 1605 2941 1665 utrumque
2972 1593 3192 1667 (Ephes.
3223 1595 3311 1665 tt),
3355 1593 3462 1649 hoc
3507 1603 3634 1659 est,
3697 1593 3840 1650 duos

2230 1687 2478 1743 homines
2507 1688 2559 1743 in
2592 1703 2756 1742 unum
2789 1702 2993 1742 novum
3026 1687 3325 1743 hominem.
3361 1687 3533 1754 Duos,
3595 1686 3836 1743 interio-

523 1795 738 1833 tnurmn
772 1781 822 1834 in
843 1780 1074 1834 circuitu
1105 1781 1275 1834 totius
1305 1781 1498 1835 domus
1521 1783 1782 1850 postulat,
1813 1784 1947 1837 utin
1974 1783 2124 1837 nullo
2155 1779 2202 1838 B
2231 1797 2344 1837 rem
2376 1789 2432 1836 et
2451 1783 2803 1849 exteriorem,
2834 1781 2939 1836 hoe
2967 1793 3070 1842 est,
3106 1783 3444 1837 immundum
3481 1782 3676 1838 faciam
3704 1797 3838 1838 san.

523 1873 792 1927 vincatur.
827 1872 1126 1929 Dicitenim
1159 1873 1427 1929 Jercmias
1455 1892 1468 1928 :
1505 1875 1653 1929 Mors
1683 1874 1900 1930 intravit
1927 1892 2022 1946 per
2042 1876 2123 1932 ΐθι

531 1983 743 2026 neslras
772 1981 984 2028 vestras
1015 1971 1229 2047 (Jerem.
1261 1973 1361 2046 ts).
1395 1973 1690 2031 Fenestras
1721 1987 1899 2032 autem
1949 1977 2119 2034 habe-

533 2081 653 2120 mus
684 2063 946 2136 quinque,
982 2069 1084 2124 hoc
1111 2080 1194 2123 est
1222 2111 1236 2132 ,
1262 2069 1443 2123 visum
1473 2113 1486 2137 ,
1540 2067 1784 2125 auditum
1805 2112 1819 2137 ,
1872 2081 2118 2140 gustum,

523 2161 907 2226 odoratum,et
931 2172 1150 2215 tactum.
1196 2161 1254 2217 Si
1299 2177 1438 2232 ergo
1470 2163 1658 2218 videro
1707 2164 1995 2219 mulierem
2048 2163 2117 2221 ad

524 2251 1017 2320 concupiscendum
1077 2267 1196 2306 eam
1220 2294 1234 2318 ,
1279 2251 1392 2320 jam
1444 2253 1745 2309 moechatus
1775 2267 1893 2309 sum
1917 2269 2034 2309 eam
2063 2257 2116 2311 in

525 2342 695 2397 corde
722 2358 841 2398 meo
871 2343 1050 2414 (Matt.
1080 2347 1164 2415 v),
1191 2354 1245 2400 et
1277 2347 1492 2401 intravit
1530 2363 1675 2402 mors
1698 2364 1794 2419 per
1818 2349 2116 2406 fenestram

523 2451 723 2500 meam,
753 2437 851 2489 hoc
883 2445 987 2501 est,
1025 2451 1122 2505 per
1151 2439 1350 2492 visum.
1378 2435 1435 2494 Si
1467 2439 1597 2494 tibia
1619 2484 1633 2508 ,
1677 2449 1770 2496 aut
1829 2457 2113 2513 organum,

520 2527 875 2580 autcalamus
901 2529 1057 2596 quasi
1090 2527 1350 2582 dissolvat
1385 2545 1504 2596 me,
1567 2548 1715 2587 mors
1755 2533 1978 2588 intravit
2021 2551 2116 2605 per

523 2616 765 2671 auditum
793 2635 992 2672 meum.
1027 2620 1080 2674 Si
1112 2629 1294 2675 autem
1326 2622 1533 2692 aliquid
1585 2624 1753 2679 molle
1785 2637 2026 2700 tangam,
2060 2637 2117 2683 et

524 2711 708 2765 solvar
731 2711 978 2781 corpOris
1011 2713 1261 2780 mollitie,
1299 2731 1445 2771 mors
1487 2718 1709 2774 intravit
1761 2735 1859 2789 per
1910 2728 2113 2777 tactum

525 2816 728 2868 meum,
760 2814 814 2856 et
855 2815 1052 2858 castei-a
1095 2805 1370 2864 similiter.
1428 2803 1570 2879 Ergo
1624 2810 1949 2882 deprecatur
1991 2829 2116 2884 pro-

520 2892 684 2964 pheta
718 2896 915 2950 ostium
948 2897 1399 2969 circumstantiae,
1433 2901 1534 2956 hoc
1565 2915 1682 2970 est,
1733 2915 1790 2960 ut
1841 2907 2115 2964 muniatur

525 2995 636 3040 tota
689 2987 811 3056 ejus
839 2986 1055 3057 domus,
1105 3001 1163 3044 ut
1188 3008 1294 3046 non
1341 2993 1535 3049 habeat
1592 2997 1938 3053 adversarius
1972 3001 2114 3057 unde

517 3079 878 3148 ingrediatur,
902 3089 957 3136 et
996 3085 1305 3139 dominetur
1345 3083 1673 3145 hominibus.
1725 3091 1934 3146 Dicitur
1963 3093 2110 3150 enim

2137 3149 2182 3210 (ἶ
2218 3188 2330 3227 rem
2361 3149 2511 3227 suam
2544 3173 2762 3243 quando
2789 3149 2908 3229 eam
2936 3173 3150 3246 diligit:
3185 3176 3231 3230 si
3272 3185 3451 3230 autem
3506 3193 3616 3232 non
3648 3179 3806 3245 zelat,

520 3171 572 3225 itt
599 3172 836 3240 Epistula
869 3174 1043 3229 sancti
1067 3175 1213 3230 Petri
1246 3196 1256 3231 :
1287 3173 1657 3235 Adversarius
1703 3195 1887 3239 uoster
1914 3184 2107 3242 diabo-

521 3262 603 3314 lus
632 3264 774 3317 sicut
805 3261 889 3319 leo
911 3265 1132 3336 rugiens
1165 3269 1382 3335 circuit,
1413 3288 1664 3342 qua-rens
1696 3290 1854 3344 quem
1888 3275 2112 3334 devoret

519 3353 561 3426 (1
598 3353 711 3408 Pet.
744 3357 822 3424 v).
859 3356 1114 3412 Diabolus
1146 3376 1250 3412 non
1284 3373 1483 3430 pugnat
1513 3363 1622 3419 cito
1652 3376 1841 3420 contra
1872 3367 2106 3438 aliquem

516 3461 613 3512 per
636 3447 859 3516 grandia
890 3447 1042 3513 vitia,
1073 3449 1167 3504 sed
1203 3466 1300 3520 per
1332 3467 1519 3521 parva,
1556 3467 1611 3509 ut
1667 3457 1834 3522 possit
1881 3475 2110 3528 quomo-

513 3536 818 3607 documque
848 3539 1081 3602 intrare,
1128 3545 1180 3595 et
1226 3543 1496 3600 dominari
1535 3547 1780 3616 homini,
1829 3559 1887 3606 et
1922 3563 2106 3622 postea

515 3642 639 3682 eum
684 3627 736 3681 in
782 3629 990 3698 majora
1025 3631 1152 3685 vitia
1198 3634 1448 3703 impellit.
1500 3637 1612 3692 Non
1649 3656 1745 3709 per
1789 3640 2108 3699 fornicatio-

514 3734 663 3786 nem,
693 3735 796 3774 non
822 3735 920 3792 per
945 3722 1230 3780 avaritiam
1256 3743 1267 3780 :
1297 3727 1393 3781 sed
1425 3743 1520 3798 per
1548 3732 1754 3786 minora
1783 3734 1909 3789 vitia
1933 3735 2110 3806 ingre-

509 3812 676 3866 ditur.

588 3903 712 3959 Non
733 3905 955 3963 declines
984 3926 1074 3962 cor
1095 3925 1263 3966 meum
1308 3912 1362 3968 in
1401 3912 1554 3967 verba
1587 3914 1804 3971 malitia:
1846 3921 1914 3973 ad
1955 3935 2109 3977 excu-

509 3998 704 4050 sandas
729 4003 1082 4057 excusationes
1109 4005 1162 4056 in
1197 4009 1438 4076 peccatis.
1474 4007 1517 4061 0
1541 4007 1974 4067 infelicissimum
2008 4013 2108 4070 ltu-

507 4101 728 4143 manum
759 4103 953 4160 genus,
1005 4091 1098 4162 qui
1133 4107 1358 4163 peccata
1408 4113 1763 4166 exeusamus,
1816 4101 2102 4162 dicentes:

505 4179 696 4236 Victus
721 4198 838 4237 sum
866 4197 892 4235 a
933 4194 1127 4240 natura
1164 4205 1175 4238 :
1207 4202 1326 4242 cum
1352 4187 1404 4243 in
1435 4195 1705 4259 potestate
1729 4205 1913 4251 ucstra
1937 4198 2026 4267 sit,
2052 4203 2108 4256 et

505 4287 753 4342 peccare,
774 4283 828 4329 et
857 4273 1090 4331 Domino
1121 4278 1444 4350 adjuvante,
1472 4300 1579 4338 non
1608 4301 1857 4355 peccare.
1877 4290 2106 4361 Semper

504 4376 832 4418 excusamus
863 4368 1225 4437 nosmetipsos
1266 4379 1323 4424 et
1359 4371 1591 4428 dicimus
1623 4394 1634 4427 :
1700 4375 1810 4448 Ego
1847 4373 2102 4441 nolebam

507 4463 738 4522 peccare
769 4473 781 4510 :
815 4469 944 4511 caro
976 4471 1063 4514 me
1083 4459 1232 4515 vicit.
1288 4462 1383 4519 llla
1431 4466 1629 4523 mulier
1685 4473 1835 4526 venit
1869 4475 1935 4530 ad
1976 4489 2098 4548 me,

498 4545 618 4642 ipsa
653 4548 821 4614 misit,
847 4545 958 4642 ipsa
995 4566 1081 4607 me
1114 4552 1337 4624 tetigit,
1390 4557 1508 4627 ipsa
1556 4561 1687 4617 mihi
1741 4563 1871 4621 illud
1930 4545 2088 4642 dixit,

495 4637 614 4707 ipsa
647 4651 733 4694 me
761 4640 992 4706 vocavit,
1027 4651 1080 4698 et
1113 4659 1211 4713 pro
1249 4662 1358 4716 quo
1392 4648 1760 4710 debueramus
1819 4637 2092 4728 pmniien;

495 4729 625 4783 tiam
658 4745 840 4800 agere,
865 4741 918 4788 et
962 4734 1147 4792 dicere
1181 4753 1194 4790 :
1231 4737 1462 4796 Domine
1485 4784 1497 4808 ,
1559 4748 1778 4812 peccavi
1814 4767 1824 4800 :
1860 4763 2089 4809 excusa-

492 4834 637 4915 tnus,
661 4823 1008 4896 etjungltnus
1041 4836 1261 4897 peccata
1284 4834 1548 4902 peccatis.
1593 4835 1826 4908 Equale
1886 4857 2090 4915 corpus

490 4910 758 4971 habemus
779 4931 1005 4987 omnes,
1051 4920 1298 4979 diversos
1337 4934 1521 4981 autem
1571 4921 1806 4988 labores.
1865 4910 2088 4995 Non-est

489 5019 843 5076 personarum
886 5021 1141 5083 acceptor
1192 5014 1356 5072 Deus.
1405 5019 1498 5075 Vis
1558 5033 1690 5093 ergo
1753 5027 1896 5083 scire
1942 5027 2085 5100 quod

491 5100 700 5169 aequale
732 5100 996 5158 habemus
1038 5116 1095 5162 et
1123 5121 1222 5164 nos
1266 5117 1322 5165 et
1363 5113 1538 5167 sancti
1588 5120 1836 5187 corpus?
1887 5121 2085 5179 Paulus

492 5193 789 5260 Apostolus
813 5193 984 5252 dicit:
1027 5199 1192 5254 Video
1234 5209 1414 5258 autem
1470 5205 1630 5262 aliam
1689 5208 1864 5280 legem
1923 5228 2084 5283 repu-

486 5296 746 5356 goantem
774 5287 882 5359 legi
905 5291 1107 5347 mentis
1133 5307 1292 5363 mete,
1347 5304 1402 5352 et
1447 5299 1822 5369 captivantem
1882 5319 1968 5361 mc
2026 5306 2082 5363 ln

488 5377 609 5449 lege
632 5383 836 5449 peccati
867 5381 1045 5455 (Rom.
1075 5383 1196 5457 vn);
1229 5387 1296 5444 Et
1342 5389 1538 5446 iterum
1569 5403 1695 5464 post
1734 5395 1852 5454 ham
1887 5413 1898 5451 :
1951 5400 2081 5457 Pro-

492 5481 672 5540 pterea
703 5476 908 5546 castigo
929 5493 1126 5550 corpus
1149 5495 1359 5556 meum,
1387 5496 1442 5541 et
1467 5485 1520 5542 in
1549 5488 1865 5547 servitutem
1913 5496 2082 5566 subji-i

488 5564 594 5628 cio,
662 5580 731 5620 ne
769 5568 890 5622 aliis
933 5570 1273 5641 pradicans,
1331 5576 1446 5645 ipse
1516 5583 1785 5650 reprobus
1833 5564 2082 5644 inveniar

482 5654 796 5749 (tanta).
830 5659 894 5714 Et
914 5661 1153 5719 iterum:
1199 5665 1362 5723 Miser
1401 5683 1502 5740 ego
1562 5673 1757 5745 homo,
1811 5679 1936 5749 quis
1989 5695 2078 5736 me

480 5738 736 5801 liberabit
755 5748 824 5805 de
853 5757 1086 5822 corpore
1107 5757 1297 5813 mortis
1328 5738 1485 5830 hujus
1505 5760 1683 5834 (Rom.
1712 5738 1848 5839 vidi
1879 5768 2073 5826 Diver-

2223 1885 2389 1932 ctum.
2420 1877 2489 1932 Et
2510 1878 2735 1932 iterum:
2760 1877 2874 1932 Noe
2904 1878 2955 1931 iu
2982 1891 3132 1944 arca,
3161 1877 3362 1930 munda
3389 1888 3621 1947 septena
3657 1878 3833 1932 intro-

2219 1969 2374 2025 duxit
2397 1983 2583 2024 secum
2614 1988 2627 2024 :
2657 1969 2932 2023 immunda
2959 1979 3139 2024 autem
3160 1971 3268 2024 duo
3299 1979 3352 2023 et
3382 1968 3492 2024 duo
3515 1967 3675 2036 (Gen.
3705 1968 3830 2038 vn).

2291 2059 2546 2131 Corripiet
2578 2077 2657 2114 me
2694 2065 2875 2133 justus
2923 2062 2976 2114 in
3027 2062 3420 2128 misericordia,
3460 2072 3506 2117 et
3538 2061 3829 2130 increpabit

2222 2170 2318 2208 me.
2350 2154 2520 2221 Quem
2549 2154 2726 2226 diligit
2771 2155 3049 2222 Dominus,
3086 2156 3316 2225 corripit
3347 2158 3611 2226 :cai-tigat
3641 2164 3829 2212 autem

2220 2262 2436 2302 omnem
2464 2245 2632 2301 lilium
2656 2261 2817 2318 quem
2836 2245 3374 2318 recipit(Heor.xu).
3401 2248 3596 2303 Beatus
3625 2261 3699 2304 est
3730 2249 3824 2315 qui

2219 2340 2529 2409 corripitur,
2563 2355 2672 2394 non
2718 2341 2983 2395 retribuet
3019 2340 3285 2396 Dominus
3333 2341 3418 2396 bis
3455 2341 3509 2396 iu
3559 2341 3819 2410 idipsmn.

2221 2431 2407 2500 Magna
2439 2439 2524 2485 est
2545 2432 2623 2486 ira
2654 2431 2748 2486 Dei
2782 2432 3004 2501 quando
3031 2448 3138 2487 non
3177 2433 3335 2487 nobis
3384 2433 3642 2490 irascitur
3683 2433 3821 2505 (Na-

2219 2523 2362 2577 hum.
2395 2523 2456 2594 t).
2491 2523 2755 2579 Reservat
2794 2525 2941 2579 enim
2996 2540 3096 2580 nos
3142 2527 3283 2582 sicut
3324 2526 3556 2582 vitulum
3593 2529 3644 2582 in
3675 2529 3822 2584 occi-

2217 2617 2448 2671 sionem.
2477 2615 2559 2671 Ad
2588 2615 2889 2672 Jerusalem
2920 2617 3061 2672 enim
3093 2617 3223 2673 dicit
3251 2637 3263 2670 :
3306 2619 3472 2673 Multa
3513 2630 3642 2674 sunt
3694 2634 3817 2689 pec-

2217 2720 2334 2764 cata
2353 2719 2464 2776 tua,
2490 2719 2547 2765 et
2569 2710 2752 2766 multa:
2780 2709 3122 2778 iniquitates:
3149 2721 3438 2780 propterea
3470 2726 3574 2766 non
3612 2714 3818 2768 irascor

2216 2801 2317 2856 tibi
2354 2800 2570 2873 (larem.
2598 2803 2701 2871 ιιι).
2738 2802 2843 2856 hoc
2872 2812 2980 2868 est,
3011 2802 3227 2871 quando
3258 2804 3513 2858 adultera
3534 2819 3658 2858 cras
3699 2815 3817 2858 tan-

2219 2904 2352 2964 tum,
2386 2896 2634 2950 zelabam
2672 2905 2724 2951 te
2763 2899 2916 2967 quasi
2965 2897 3195 2966 diligens
3225 2906 3320 2951 te:
3370 2898 3593 2967 quando
3632 2909 3813 2954 autem

2218 2987 2416 3042 multos
2447 2987 2676 3042 habuisti
2702 2998 2996 3054 amatores,
3027 2991 3331 3059 contempsi
3375 2999 3456 3056 te,
3489 3001 3542 3045 et
3573 3006 3683 3046 non
3709 2993 3816 3045 ira-

2216 3095 2337 3135 scor
2366 3081 2460 3135 tibi
2489 3080 2704 3152 (Ezech.
2741 3080 2870 3153 xvr).
2895 3081 3366 3150 Quemadmodum
3398 3084 3482 3139 vir
3509 3085 3649 3140 zelat
3679 3095 3818 3142 uso-

2215 3264 2331 3318 odit
2358 3279 2497 3328 eam,
2529 3273 2584 3319 et
2609 3281 2714 3320 non
2739 3267 3094 3338 consequitur
3123 3268 3268 3323 illius
3291 3284 3577 3324 sermones
3603 3273 3694 3341 qui
3728 3269 3814 3325 di-

2213 3356 2338 3409 cit;
2399 3354 2638 3411 Visitabo
2699 3357 2752 3411 iu
2795 3358 2944 3427 virga
2996 3359 3311 3428 iniquitates
3363 3375 3555 3415 eorum
3611 3361 3806 3432 (Patri.-

2212 3449 2490 3517 Lxxxvtu).
2528 3448 2590 3503 Et
2619 3451 2812 3505 iterum
2848 3453 2951 3505 :lit
2993 3468 3100 3507 non
3145 3453 3378 3508 visitabo
3431 3455 3572 3509 ﬁlias
3615 3471 3807 3512 eorum

2211 3539 2429 3608 quando
2460 3539 2743 3595 l'oruicatae
2772 3540 2973 3596 fuerint
3001 3541 3157 3612 (Ose.
3188 3543 3292 3613 tv).
3329 3544 3582 3613 Corripiet
3615 3562 3697 3600 me
3714 3549 3810 3618 iud

2211 3639 2320 3683 stus
2346 3629 2400 3684 in
2429 3630 2804 3699 misericordia,
2829 3644 2876 3687 et
2906 3633 3190 3705 increpabit
3221 3653 3318 3691 ire.
3356 3636 3500 3692 Pone
3525 3639 3612 3693 hic
3635 3641 3806 3711 magi-

2211 3729 2383 3776 strum
2415 3723 2674 3793 aliquem,
2702 3735 2794 3780 aut
2817 3735 3026 3797 patrem
3084 3737 3176 3782 aut
3201 3727 3492 3785 medicum.
3518 3731 3576 3786 Si
3604 3733 3806 3789 viderit

2211 3816 2453 3871 medicus
2475 3817 2528 3872 in
2560 3834 2788 3889 corpore
2808 3835 3002 3878 carnes
3036 3825 3280 3894 putridas
3305 3869 3320 3892 ,
3371 3837 3426 3881 et
3475 3826 3642 3892 dicat,
3670 3830 3802 3898 quid

2210 3907 2276 3962 ad
2307 3923 2392 3964 me
2416 3910 2723 3977 pertinent?
2749 3911 2890 3969 scias
2921 3915 3047 3986 quia
3088 3916 3324 3973 crudelis
3352 3927 3455 3973 est.
3509 3919 3566 3975 Si
3619 3931 3800 3977 autem

2209 3999 2492 4066 praecidat,
2551 4010 2610 4056 et
2635 4003 2938 4058 cauterium
2995 4007 3275 4076 imponat,
3322 4010 3633 4066 misericors
3673 4025 3796 4067 est:

2208 4090 2331 4160 quia
2355 4101 2512 4147 sanat
2541 4092 2837 4150 hominem.
2887 4098 3152 4155 Similiter
3181 4111 3235 4155 et
3265 4102 3520 4170 magister
3546 4105 3590 4158 si
3620 4104 3799 4160 dimit-i

2209 4184 2271 4238 tit
2296 4199 2543 4254 puerum,
2574 4197 2766 4244 etnon
2803 4191 2873 4246 ab
2913 4205 2980 4247 eo
3029 4193 3201 4264 exigit
3257 4194 3637 4265 disciplinam,
3682 4199 3798 4254 odit

2207 4289 2352 4328 eum.
2383 4275 2436 4330 Si
2468 4287 2646 4333 autem
2675 4279 2878 4351 exigat,
2905 4293 2962 4337 et
2993 4284 3240 4340 medicus
3266 4297 3418 4341 curet
3445 4303 3460 4353 ;
3494 4303 3618 4358 qua:
3645 4301 3800 4360 puta-

2209 4377 2295 4422 tur
2320 4383 2443 4424 esse
2473 4373 2762 4442 asperitas,
2791 4374 3082 4432 clementia
3134 4390 3238 4432 est.
3259 4378 3446 4434 Achab
3493 4383 3743 4451 arguitur
3766 4397 3796 4438 ι

2208 4461 2440 4520 Domino
2467 4465 2534 4520 de
2585 4467 2794 4522 Nabotb
2853 4469 2943 4538 (Ill
2965 4471 3095 4542 Reg.
3129 4475 3243 4542 χιιι)
3287 4489 3300 4528 :
3343 4475 3559 4544 quando
3597 4476 3798 4532 occidit

2205 4571 2352 4630 eum,
2383 4567 2440 4615 et
2465 4561 2674 4631 accepit
2709 4563 2922 4618 vineam
2951 4565 3071 4635 ejus
3093 4607 3108 4634 ,
3141 4573 3198 4622 et
3234 4567 3426 4622 eliudit
3473 4571 3794 4640 sanguinem

2194 4648 2423 4717 justum.
2457 4651 2600 4707 Elias
2631 4655 2892 4724 propheta
2923 4655 3120 4712 missus
3148 4658 3317 4712 estad
3341 4672 3465 4712 cum
3497 4660 3589 4730 qui
3616 4660 3792 4717 dixit:

2198 4738 2471 4809 Occidisti,
2497 4751 2553 4798 et
2571 4743 2858 4814 possedisti
2892 4765 2906 4802 :
2941 4749 3118 4802 statim
3144 4749 3474 4805 conscientia
3503 4765 3796 4821 percussus

2197 4835 2449 4890 submisit
2480 4837 2747 4894 cervicem
2776 4845 2831 4893 et
2849 4839 3069 4907 oculos,
3101 4841 3280 4898 ethoc
3307 4842 3504 4912 impius
3530 4886 3545 4908 .
3593 4853 3652 4899 et
3695 4861 3794 4902 rex

2199 4926 2416 4982 indutus
2445 4943 2700 4998 purpura.
2737 4931 2802 4984 Et
2821 4939 3002 5000 postea
3032 4931 3160 4987 dicit
3185 4933 3496 5005 Scriptura:
3525 4936 3668 5006 quod
3689 4953 3793 4992 au-

2197 5019 2537 5093 diensjnduit
2553 5023 2790 5079 cilicium
2805 5023 2994 5079 subtus
3021 5040 3335 5096 purpuram.
3361 5029 3426 5083 Et
3440 5029 3793 5100 vidensZDeus

2193 5110 2368 5166 dixit:
2399 5111 2534 5180 Quia
2575 5115 2837 5170 reveritus
2879 5125 2962 5172 est
2989 5134 3074 5174 me
3112 5118 3340 5175 Achab:
3389 5139 3494 5176 non
3534 5123 3791 5180 inducam

2194 5204 2334 5258 mala
2359 5205 2410 5260 in
2441 5221 2584 5261 eum.
2619 5207 2752 5263 Vide
2781 5223 2908 5279 ergo
2937 5219 3197 5281 quantum
3227 5211 3403 5267 valuit
3441 5215 3700 5278 cilicium,
3733 5223 3789 5271 et

2186 5295 2484 5366 jejunium,
2521 5307 2578 5356 et
2611 5299 2819 5357 modica
2863 5301 3101 5374 lacryma
3153 5313 3414 5374 quantum
3461 5309 3787 5377 sanguinem

2193 5388 2346 5442 lavit.
2382 5391 2454 5444 Ita
2485 5406 2612 5461 ergo
2638 5405 2850 5460 oportet
2880 5397 3065 5450 vestiri
3115 5396 3296 5450 cilicio
3323 5397 3677 5468 .etjejunare.
3726 5409 3787 5458 ut

2193 5497 2351 5536 nemo
2390 5483 2590 5539 videat.
2637 5483 2888 5558 Corripiet
2927 5488 3214 5560 dupliciter
3268 5491 3632 5562 intelligitur:
3687 5504 3784 5549 Iut

2185 5583 2396 5645 arguet,
2429 5583 2522 5631 aut
2555 5576 2787 5635 docebit.
2821 5579 3006 5635 Oleum
3039 5583 3325 5653 peccatoris
3353 5600 3456 5639 non
3487 5586 3782 5658 impiuguet

2183 5683 2339 5743 caput
2357 5688 2545 5729 meum.
2575 5673 2814 5746 Populus
2834 5691 3007 5743 meus,
3033 5679 3126 5750 qui
3143 5693 3240 5734 vos
3273 5681 3591 5738 beatiﬁcant
3616 5685 3782 5742 sedn-

2183 5779 2311 5823 eunt
2360 5785 2456 5827 Vos
2499 5770 2651 5842 (Isai.
2683 5773 2785 5845 ιιι).
2828 5771 2967 5830 Laus
3016 5774 3396 5835 haereticorum
3424 5821 3441 5848 ,
3490 5790 3547 5836 et
3590 5782 3778 5842 olenti!
