3992 6370
258 347 425 403 123⁸1

1160 412 1164 416 Α
1218 346 1649 406 ιιιενιιιιιυιι
1689 347 1755 404 ιιι
1793 342 2131 407 PSALIOS.
2175 346 2427 406 ιἐιιιι.
2469 347 2655 404 Εἰυ.

3442 351 3579 408 ηδε

242 462 541 535 ipsorum,
566 478 679 537 quo
706 475 914 538 ungunt
939 468 1118 539 capita
1140 467 1443 529 hominum,
1468 476 1525 523 et
1573 468 1867 538 repromit-
1894 460 1938 527 Α
1970 468 2041 521 tis
2063 509 2079 531 ,
2115 476 2174 522 ut
2206 467 2404 537 spiritu
2432 468 2646 522 narium
2684 481 2906 523 suarum
2936 470 3260 535 protrahere
3298 481 3580 539 set-pcata

242 566 395 611 sunt
434 561 517 613 eis
538 559 693 628 signa
728 560 1029 623 emtorem,
1060 562 1361 630 impingat
1382 560 1465 615 eis
1492 569 1673 630 caput.
1692 560 1871 615 Omne
1973 559 2043 614 de
2066 561 2315 615 cavernis
2334 603 2351 625 ,
2381 569 2438 614 et
2470 561 2551 614 sic
2579 560 2874 615 comedere
2905 562 3102 617 valeat.
3149 562 3254 632 Ipsi
3283 579 3416 635 ergo
3452 579 3575 620 sero

249 656 457 703 autem
486 648 685 720 pingue
708 651 1057 720 reprehendit
1082 652 1380 721 Scriptura,
1412 654 1556 706 sicut
1588 653 1719 707 dicit
1747 669 1765 705 :
1803 652 1870 707 Et

242 738 568 794 mandavit
591 741 783 807 Jacob,
807 752 863 796 et
887 751 1167 797 satin-atas
1193 751 1297 803 est.
1317 753 1375 798 et
1391 743 1695 797 calcitravit
1722 760 1737 796 :
1785 742 1869 798 tli-

244 832 446 888 leetus
478 832 815 890 incrassatus
857 845 979 891 est:
1030 835 1437 906 impinguatus,
1487 834 1742 890 dilatatus
1780 844 1868 891 est

244 924 461 997 (Deut.
485 942 643 990 xxnt.
674 937 725 981 et
748 925 865 982 ler.
891 929 970 999 v).
999 928 1193 983 lanna
1222 938 1408 984 autem
1436 927 1757 998 angelorum
1785 935 1867 983 ιε-

244 1033 378 1074 sine
407 1028 491 1074 est
520 1018 720 1092 (Exod.
749 1022 887 1091 xvi).

334 1110 606 1177 Quoniam
630 1111 823 1176 adhuc,
855 1122 904 1166 et
925 1112 1093 1166 oratio
1115 1129 1227 1166 mea
1246 1113 1301 1166 iu
1322 1112 1649 1183 bearplacitis
1664 1128 1863 1167 eorm.

246 1198 385 1255 Hoc
423 1201 554 1256 dicit
592 1221 607 1257 :
640 1203 743 1272 Ipsi
780 1203 999 1272 quidem
1026 1204 1354 1274 sapichant:
1400 1219 1507 1274 ego
1551 1212 1735 1258 autem
1767 1218 1869 1273 pro

244 1290 403 1362 ipsis
439 1295 661 1349 oraba-
715 1304 777 1350 nt
817 1306 1228 1351 convertantur.
1271 1296 1514 1367 Absorpti
1546 1306 1663 1351 sui
1692 1297 1868 1367 juncti

242 1395 429 1457 petra:
459 1390 663 1459 judice:
706 1406 906 1446 eorum
950 1391 1103 1447 Sicut
1151 1391 1282 1447 alibi
1328 1391 1495 1446 dicit:
1528 1390 1728 1445 Beatus
1768 1391 1863 1461 qui

242 1481 477 1536 teuebit
519 1491 575 1537 et
619 1483 803 1539 allidet
839 1484 1095 1556 parvulos
1137 1498 1269 1539 suos
1317 1484 1385 1539 ad
1432 1492 1643 1554 petram
1683 1482 1860 1553 (Psat.

244 1573 504 1644 csxxvt).
538 1574 689 1630 Petra
717 1586 898 1632 autem
928 1588 1049 1632 erat
1074 1576 1326 1632 Christus
1354 1577 1401 1649 (l
1420 1574 1544 1631 Cor.
1577 1578 1689 1646 xv).
1732 1576 1863 1631 Par-

242 1667 373 1719 vnli
395 1676 572 1721 autem
605 1668 867 1737 minores,
891 1680 948 1725 et
974 1686 1153 1739 parva:
1180 1672 1546 1742 cogitationes
1569 1680 1859 1740 antequam

244 1767 533 1813 crescant.
566 1759 634 1815 Et
658 1775 800 1817 nunc
825 1761 927 1831 ipsi
957 1762 1201 1818 haeretici
1228 1804 1244 1828 ,
1282 1763 1412 1818 licet
1460 1778 1560 1833 per
1590 1763 1859 1819 Aristotc-

1969 661 2162 721 pentes
2186 662 2397 722 ponunt
2427 652 2586 707 nobis
2609 653 2863 707 scandala
2884 694 2903 719 ,
2934 652 3037 709 hoc
3064 664 3151 710 est
3172 695 3189 719 ,
3218 656 3500 714 tia-oues
3523 658 3577 713 in

1970 744 2103 812 ipsis
2133 745 2378 815 vestigiis
2402 746 2607 799 nostris
2636 745 2726 800 ubi
2747 746 3059 815 gradimur:
3092 746 3151 802 lu
3181 749 3495 812 virtutibus.
3516 751 3575 806 ia

1966 836 2311 907 clcemosyna
2340 877 2357 901 ,
2402 845 2463 890 ut
2497 850 2682 891 coram
2724 837 3038 893 hominibus
3066 838 3332 896 iaciamus
3352 851 3577 912 propter

1966 941 2163 980 vanam
2190 927 2443 998 gloriam.
2474 927 2534 982 ln
2554 928 2788 998 jejunio,
2816 930 2869 983 in
2899 931 3173 998 oratione,
3204 932 3259 987 iu
3286 933 3575 989 vesueudo

1964 1018 2206 1073 cilicium
2226 1035 2244 1072 :
2265 1028 2320 1073 et
2349 1019 2645 1076 ostendere
2665 1020 2999 1076 hominibus.
3029 1021 3135 1089 Qui
3162 1024 3310 1078 enim
3339 1024 3573 1079 vcstitur

1966 1109 2146 1165 cilicio
2170 1154 2186 1177 ,
2212 1110 2373 1165 debet
2404 1112 2590 1181 lugere
2629 1127 2725 1166 sua
2767 1124 3021 1183 peccata:
3064 1130 3174 1168 non
3203 1114 3431 1186 gloriari
3456 1157 3474 1181 ,
3513 1123 3573 1172 ει

1964 1202 2254 1258 ostendere
2276 1201 2613 1258 hominibus.
2650 1201 2721 1256 Et
2751 1221 2785 1258 ι
2816 1206 3083 1259 scandatis
3108 1207 3438 1276 operantium
3460 1207 3565 1261 ini—

1964 1301 2232 1365 quitatem.
2258 1294 2370 1349 Hoc
2391 1304 2497 1355 est.
2529 1307 2583 1348 ιιι
2614 1310 2720 1351 non
2748 1295 3041 1352 oﬂendam.

2034 1386 2239 1442 Cadent
2259 1388 2313 1441 in
2344 1388 2597 1443 retiacalo
2616 1389 2729 1459 ejus
2749 1398 3065 1457 peccatores.
3096 1390 3361 1460 Superius
3390 1392 3528 1447 dixit
3555 1433 3572 1458 ,

1963 1480 2174 1536 custodi
2196 1496 2283 1535 me
2304 1494 2337 1534 a
2364 1480 2558 1550 laqueo
2582 1496 2747 1551 quem
2772 1493 3085 1538 statuerunt
3114 1483 3250 1538 mihi
3280 1526 3297 1550 ,
3323 1485 3396 1541 de
3426 1487 3572 1541 mulo

1963 1571 2055 1636 tis,
2088 1587 2235 1626 nunc
2257 1580 2442 1627 autem
2471 1572 2543 1627 de
2573 1589 2715 1626 uno:
2740 1573 2941 1629 Cadent
2969 1576 3023 1628 ia
3049 1578 3307 1630 reticequ
3326 1580 3441 1650 ejus
3459 1594 3555 1649 pet:

1961 1673 2182 1718 calores.
2210 1663 2681 1732 Quemadmcdum
2708 1666 2973 1722 Dominus
2993 1669 3161 1724 mittit
3182 1681 3319 1735 rete,
3338 1679 3397 1725 et
3419 1685 3570 1726 com-

1965 1756 2251 1825 prehendit
2278 1757 2677 1814 multitudinem
2706 1759 2936 1830 piscium
2961 1802 2976 1823 .
3002 1770 3064 1817 et
3094 1761 3255 1819 habet
3283 1766 3571 1834 apostolos

246 1848 370 1904 teut
411 1858 469 1905 et
509 1849 784 1908 Platonem
830 1854 1116 1910 videantur
1143 1855 1550 1925 simplicitatem
1602 1853 1861 1911 Ecclesiae
1890 1837 1937 1897 Β
1966 1848 2266 1917 piscatores
2285 1849 2611 1920 colligentes
2640 1859 2696 1906 el
2719 1850 3012 1908 afferentes
3032 1855 3101 1909 ad
3122 1855 3389 1921 cucullos
3417 1857 3567 1925 ipsos

246 1955 610 2004 contemnere
636 1991 654 2015 ,
679 1958 860 2005 tamen
883 1951 1103 2021 quando
1131 1952 1387 2006 venerint
1404 1951 1470 2006 ad
1500 1950 1811 2021 Scripturas
1838 1994 1855 2017 ,

244 2039 443 2093 statim
473 2039 913 2097 absorbebantur
936 2057 967 2096 a
999 2052 1177 2112 petra,
1210 2043 1313 2097 hoc
1340 2053 1447 2110 est,
1477 2057 1509 2096 a
1528 2040 1772 2110 Christo,
1801 2050 1861 2098 et

246 2138 650 2188 convertentur
680 2133 748 2187 ad
784 2149 934 2189 enim.
968 2133 1265 2205 Absorptio
1302 2134 1446 2189 enim
1485 2149 1585 2204 pro
1628 2133 1856 2189 victoria

246 2221 496 2278 dicitur:
524 2224 667 2279 sicut
691 2226 987 2295 Apostolus
1008 2226 1139 2282 dicit
1171 2244 1183 2279 :
1211 2227 1489 2296 Absorpta
1508 2237 1593 2281 est
1618 2240 1769 2280 mors
1801 2225 1859 2280 in

251 2314 509 2369 victoria.
548 2314 646 2372 Ubi
675 2326 780 2383 est,
818 2333 989 2384 mors,
1028 2319 1254 2374 victoria
1288 2319 1422 2373 tua?
1445 2317 1567 2386 Ubi,
1608 2316 1855 2387 inferne,

250 2408 514 2464 stimulus
556 2418 681 2465 tuus
726 2408 940 2482 (ICor.
976 2429 1041 2466 xv
1060 2413 1117 2483 )l
1154 2411 1451 2469 Victoriam
1492 2421 1673 2468 autem
1724 2412 1861 2468 dicit

252 2497 430 2569 ipsam
472 2500 924 2572 ahsorptionem,
969 2519 1131 2574 quam
1182 2504 1467 2560 victoriam
1519 2504 1753 2561 habebat
1803 2506 1857 2560 in

255 2593 627 2650 absorbendo.

330 2686 552 2741 Audierit
577 2689 729 2743 verba
758 2706 892 2756 mea,
922 2693 1167 2759 quoniam
1192 2701 1491 2762 potuerunt.
1524 2691 1645 2760 Ipse
1674 2692 1858 2748 Domi-

256 2790 359 2830 nus
386 2776 551 2833 dicit:
574 2778 712 2846 Quia
740 2781 809 2837 ad
835 2798 922 2838 me
951 2791 1235 2849 venerunt,
1263 2784 1392 2839 victi
1417 2794 1545 2839 sunt
1571 2826 1585 2849 ,
1624 2794 1683 2839 et
1709 2785 1860 2840 dele-

256 2866 385 2922 ctati
412 2876 540 2924 sunt
576 2871 713 2927 meis
741 2874 923 2930 verbis
947 2917 966 2943 ,
1011 2884 1068 2931 et
1106 2876 1358 2930 conversi
1399 2888 1525 2930 sunt
1553 2875 1620 2930 ad
1648 2891 1734 2930 me
1756 2914 1775 2943 ,
1802 2884 1860 2932 et

258 2971 381 3014 sunt
405 2961 458 3015 in
491 2963 726 3020 Ecclesia
754 2982 893 3023 mea.
927 2968 1074 3023 Sicut
1123 2969 1408 3025 crassitudo
1457 2977 1629 3024 terra.
1684 2970 1860 3027 Omne

260 3066 501 3109 crassum
524 3056 755 3111 vicinum
778 3067 861 3113 est
899 3068 1080 3116 terra.
1133 3061 1204 3116 Et
1244 3062 1424 3116 anima
1463 3075 1585 3131 quat
1624 3072 1854 3130 peccat,

262 3152 419 3200 terra:
460 3145 650 3203 ὕει-ει.
682 3149 940 3207 Dominus
973 3153 1122 3208 enim
1150 3168 1219 3209 es
1261 3154 1416 3209 initio
1453 3155 1636 3210 omnia
1674 3157 1856 3211 tenuia

1962 1940 2053 2007 qui
2082 1955 2180 2009 per
2205 1955 2304 1997 eos
2322 1942 2587 2008 credunt,
2620 1943 2693 1997 ita
2729 1952 2785 2000 ει
2810 1944 3063 2000 diabolus
3097 1946 3262 2004 habet
3288 1948 3572 2006 damones

1960 2033 2050 2100 qui
2092 2032 2140 2085 ei
2190 2032 2419 2101 subjecti
2468 2042 2638 2097 sunt,
2682 2035 2779 2103 qui
2808 2043 2868 2091 et
2902 2034 3188 2105 decipiunt
3232 2038 3489 2094 homines
3514 2048 3574 2097 et

1958 2120 2191 2176 aﬂcrunt
2219 2122 2316 2176 illi.
2364 2123 2716 2194 Singulatim
2761 2141 2878 2179 sunt
2923 2143 3020 2197 ego
3065 2127 3229 2182 donec
3278 2138 3566 2185 transeant.

1962 2213 2094 2268 Dicit
2143 2213 2438 2270 Jcremias:
2480 2214 2644 2271 Solus
2673 2216 2926 2272 sedebam
2951 2259 2971 2282 ,
3015 2219 3383 2275 amaritudine
3419 2223 3567 2277 enim

1960 2307 2203 2376 repletus
2229 2322 2378 2363 eram
2407 2306 2624 2377 (let-em.
2656 2309 2770 2377 xv).
2814 2309 2930 2366 Hoc
2959 2322 3042 2366 εει
3068 2350 3087 2378 ,
3122 2314 3176 2367 iu
3203 2314 3567 2383 pmnitentia,

1958 2399 2112 2453 solus
2140 2414 2243 2470 ego
2281 2400 2380 2454 bos
2408 2400 2566 2455 dolos
2594 2416 2784 2456 caveo.
2816 2400 2888 2456 Et
2918 2402 3131 2475 Moyses
3152 2403 3288 2459 dicit
3320 2423 3335 2457 :
3364 2404 3571 2461 Trans-

1958 2491 2077 2548 iens
2121 2492 2318 2547 videbo
2361 2493 2499 2547 banc
2538 2492 2804 2549 visionem
2837 2510 3089 2565 magnam
3140 2493 3343 2566 (Exod.
3373 2496 3477 2569 tu).
3502 2496 3567 2555 Si

1959 2601 2066 2641 non
2094 2585 2368 2641 transierit
2393 2626 2409 2651 ,
2436 2585 2541 2642 hoc
2565 2596 2651 2642 cst
2672 2626 2692 2654 ,
2722 2588 2909 2643 omnia
2935 2588 3099 2653 vitia,
3133 2603 3240 2644 non
3274 2600 3452 2660 potest
3484 2592 3566 2645 vi-

1957 2678 2089 2734 dere
2117 2692 2365 2748 magnam
2414 2678 2707 2735 visionem.
2759 2679 2948 2752 Magna
2993 2689 3173 2737 autem
3212 2682 3393 2738 visio:
3443 2683 3571 2752 quia

1958 2772 2127 2827 rubus
2153 2771 2397 2838 ardebat,
2411 2780 2467 2827 ct
2487 2787 2598 2828 non
2622 2772 3049 2831 incendebatur:
3071 2775 3353 2833 Ardebant
3367 2777 3562 2847 spina.

1959 2862 2062 2916 hoc
2091 2872 2175 2917 est
2198 2905 2216 2929 ,
2248 2874 2489 2932 peccata.
2520 2863 2633 2919 Hoc
2660 2864 2783 2934 igne
2816 2867 3107 2922 mandatur
3134 2878 3190 2924 et
3236 2868 3439 2926 Isaias:
3466 2870 3569 2926 iste

1957 2968 2042 3012 est
2068 2957 2213 3011 enim
2243 2956 2410 3012 carbo
2429 2956 2525 3027 qui
2544 2958 2718 3029 tetigit
2744 2958 2885 3013 labia
2914 2960 3071 3030 ejus:
3124 2962 3215 3031 qui
3256 2973 3377 3019 erat
3403 2978 3571 3032 super

1957 3048 2130 3103 altare
2155 3047 2310 3119 (Isai.
2341 3048 2439 3119 rt).
2463 3047 2635 3118 Hujus
2663 3050 2921 3105 carbonis
2951 3052 3198 3106 meminit
3221 3062 3277 3108 et
3296 3053 3561 3124 propheta

1961 3139 2159 3194 David:
2186 3142 2410 3210 Sagittae
2432 3142 2665 3210 potentis
2684 3148 2882 3208 acuta},
2911 3156 3034 3196 cum
3057 3142 3388 3200 carbonibus
3408 3144 3572 3200 deso-

261 3232 406 3289 fecit.
434 3235 547 3292 suo
575 3252 707 3310 ergo
733 3239 865 3296 νίιίο
891 3245 1260 3315 numquam
1291 3245 1642 3312 incussam“
1673 3258 1729 3302 ει
1755 3248 1854 3303 de-
1883 3222 1930 3283 C
1960 3233 2165 3287 latoriis
2213 3231 2390 3305 (Psal.
2418 3230 2591 3303 cxtn).
2643 3232 2751 3288 Iste
2775 3233 2942 3289 carbo
2966 3233 3242 3289 desolator
3269 3243 3353 3291 est
3372 3280 3388 3303 ,
3431 3235 3565 3291 soli-

263 3330 475 3387 ducitur
493 3333 546 3388 in
576 3342 800 3392 terram.
828 3337 1030 3395 Demus
1051 3341 1365 3411 exemplum
1385 3360 1399 3394 :
1424 3340 1563 3396 sicut
1581 3342 1776 3398 vulnus
1800 3344 1854 3398 in

262 3439 488 3497 corpore
519 3435 731 3484 tumens
756 3430 975 3502 plenum
994 3443 1083 3488 est
1105 3448 1353 3488 crassum
1371 3472 1388 3498 ,
1433 3442 1491 3489 et
1518 3434 1739 3504 quando
1766 3448 1858 3491 ve-

262 3523 404 3578 nerit
429 3524 670 3581 medicus
694 3538 843 3583 secat
870 3530 1066 3599 ipsum,
1099 3539 1153 3585 et
1180 3538 1337 3585 sanat
1358 3540 1412 3585 et
1440 3541 1603 3587 tenue
1626 3534 1771 3593 facit.
1801 3541 1859 3590 et

266 3625 387 3671 tunc
414 3616 677 3687 redigitur
699 3620 752 3674 in
775 3636 926 3676 suam
951 3633 1216 3688 naturam,
1243 3622 1520 3693 quomodo
1538 3633 1592 3678 et
1611 3630 1856 3680 creatum

264 3715 363 3763 est.
396 3707 525 3764 ideo
547 3708 706 3765 dicit:
735 3710 887 3766 Sicut
914 3714 1203 3767 crassitudo
1225 3723 1374 3769 terra:
1399 3722 1581 3785 erupta
1608 3724 1682 3769 est
1705 3732 1860 3786 super

265 3812 471 3872 terram,
502 3811 552 3857 et
581 3805 832 3862 calcatur.

332 3890 597 3963 Dissipata
630 3907 749 3949 sunt
774 3912 890 3950 ossa
918 3904 1093 3950 nostra
1121 3913 1266 3959 secus
1307 3900 1587 3971 infernum.
1620 3898 1676 3955 ltt
1713 3899 1863 3970 vige-
1960 3952 1975 3964 ,

265 3983 399 4039 sitne
446 3987 618 4055 primo
666 3987 874 4056 psalmo
914 3987 1078 4043 dicit:
1128 3987 1396 4060 Dissipata
1442 4000 1568 4045 sunt
1608 3992 1860 4047 universa

264 4090 381 4131 ossa
422 4092 564 4131 mea.
592 4078 651 4133 Si
687 4079 982 4135 secundum
1022 4080 1258 4136 litteram
1301 4083 1650 4151 intelligimus
1678 4125 1694 4149 ,
1752 4101 1860 4141 non

264 4177 385 4224 stat.
415 4168 688 4240 Siquidem
717 4172 1007 4226 cruciﬁxus
1033 4185 1115 4227 est
1143 4180 1377 4230 tantum.
1404 4173 1633 4243 Quando
1660 4175 1862 4232 videris

264 4264 479 4331 Arium,
518 4263 841 4319 Euuotuittm
882 4275 1036 4321 extra
1082 4265 1412 4336 Ecclesiam;
1439 4269 1676 4340 intellige
1699 4270 1863 4325 dissi-

267 4365 383 4426 pata
409 4368 534 4411 esse
561 4370 683 4411 ossa
713 4356 926 4412 Domini
958 4372 1115 4414 secus
1138 4357 1431 4415 infernum.
1454 4360 1530 4416 Os
1553 4361 1694 4429 quod
1720 4361 1862 4417 forte

266 4456 368 4518 est,
402 4448 500 4517 ipsi
523 4448 755 4519 majores
783 4459 909 4505 sunt
933 4450 1027 4520 qui
1062 4451 1313 4508 videntur
1356 4454 1559 4525 aliquid
1583 4471 1739 4512 esse:
1767 4470 1865 4527 per

270 4539 664 4610 multiloquium
686 4541 924 4609 ipsorum
943 4584 958 4607 ,
986 4554 1038 4600 et
1069 4560 1165 4614 per
1193 4545 1612 4618 philosophiam,
1644 4560 1697 4604 et
1732 4564 1865 4605 cou-

272 4634 568 4690 tentionem
596 4634 925 4691 inducuntur
951 4637 1020 4691 ab
1047 4637 1336 4694 haereticis.

340 4724 557 4781 Custodi
580 4742 661 4781 me
687 4744 719 4780 a
747 4728 937 4801 laqueo
957 4745 1107 4800 quem
1137 4738 1431 4785 statuerunt
1460 4731 1607 4786 mihi.
1637 4732 1865 4803 Semper

268 4816 420 4872 nobis
457 4816 683 4888 laqueos
713 4818 947 4875 tendunt
972 4830 1068 4875 aut
1099 4820 1341 4876 haeretici
1369 4863 1385 4888 ,
1425 4829 1521 4877 aut
1558 4822 1855 4880 dtemones.

267 4908 405 4964 Vitia
435 4910 579 4965 enim
608 4910 781 4964 vicina
805 4919 934 4966 sunt
955 4912 1263 4968 virtutibus.
1296 4913 1576 4985 Laqueum
1608 4914 1738 4970 mihi
1765 4930 1861 4986 po-

270 5008 491 5056 Snerunt
518 5001 574 5055 itt
598 5000 945 5074 elecmosyna
966 5043 984 5069 ,
1014 5002 1063 5058 si
1089 5005 1384 5060 extendere
1413 5022 1629 5061 manum
1660 5022 1859 5075 meam,

270 5100 323 5147 ut
348 5092 565 5148 videant
588 5092 868 5149 homines:
902 5104 952 5149 ct
984 5097 1139 5166 quasi
1174 5096 1374 5152 bonum
1416 5096 1617 5153 faciens
1642 5138 1657 5162 ,
1702 5100 1862 5158 venio

273 5181 324 5237 in
348 5182 534 5239 vitium
564 5192 620 5239 ct
653 5186 705 5240 in
734 5198 1032 5255 peccatum.
1066 5187 1124 5243 Si
1168 5203 1348 5244 amem
1387 5189 1588 5246 dedero
1623 5192 1858 5248 tunicam

274 5273 467 5344 fratri,
515 5286 576 5331 ut
621 5278 760 5333 alter
805 5279 1028 5348 videat,
1081 5281 1330 5352 laqueum
1360 5283 1492 5337 mihi
1540 5293 1858 5355 posuerunt.

274 5366 497 5439 Semper
517 5370 695 5425 cervis
727 5370 1020 5427 tenduntur
1048 5375 1226 5451 retiaf,
1257 5385 1312 5429 et
1334 5373 1509 5445 laquei
1538 5375 1618 5431 eis
1645 5391 1859 5446 ponun-

273 5467 372 5526 tur,
404 5459 498 5514 ubi
526 5461 752 5531 vestigia
781 5476 969 5517 eorum
1000 5463 1424 5533 deprehenderit
1455 5478 1697 5522 venator.
1730 5466 1862 5525 Cer-

272 5565 361 5609 vus
400 5558 581 5607 autem
628 5552 897 5624 accipitur
940 5554 993 5609 in
1037 5565 1259 5613 sancto:
1307 5558 1435 5628 quia
1474 5559 1613 5614 altus
1651 5570 1735 5614 est
1760 5601 1775 5627 ,
1807 5568 1863 5615 et

270 5659 465 5699 cornua
508 5644 732 5714 grandia
763 5644 958 5715 habet,
1000 5657 1056 5704 et
1096 5647 1349 5704 interﬁcit
1391 5660 1696 5721 serpentes.
1728 5652 1862 5707 Pro-

272 5745 449 5808 pterea
475 5737 607 5794 dicit
633 5739 791 5795 alibi:
834 5739 936 5809 Qui
970 5740 1192 5810 perfecit
1222 5743 1385 5813 pedes
1410 5759 1562 5801 meos
1588 5754 1861 5815 tamquam

273 5844 550 5885 cervorum
572 5828 751 5901 (Psal.
786 5830 945 5904 svn).
976 5832 1124 5889 Talis
1152 5835 1296 5890 eniut
1320 5835 1515 5892 dicitur
1544 5850 1666 5892 esse
1693 5838 1861 5893 virtu-

1958 3328 2201 3381 tudinem
2231 3325 2374 3392 facit,
2404 3335 2459 3382 et
2485 3334 2827 3397 peccatorem
2859 3334 3070 3398 purgat.

2480 3437 2817 3495 PSALSIUS
2842 3438 3022 3495 CXLI.

1960 3530 2261 3604 Intellectus
2294 3531 2480 3597 David,
2513 3548 2628 3586 cum
2655 3541 2786 3586 esset
2814 3533 2867 3586 in
2895 3532 3140 3604 spelunca
3159 3573 3174 3595 ,
3204 3533 3390 3587 oratio.
3414 3531 3564 3604 Pte-

2032 3603 2286 3657 scribitur
2323 3604 2424 3657 iste
2468 3604 2655 3657 titulus
2698 3603 2996 3658 secundum
3026 3603 3304 3658 historiam
3346 3603 3567 3673 quidem

2032 3674 2249 3741 quando
2284 3674 2519 3743 fugiebat
2550 3673 2713 3728 David
2737 3689 2764 3726 a
2789 3675 2923 3729 lacie
2951 3674 3102 3737 Sani,
3126 3675 3178 3728 in
3204 3674 3425 3729 deserto
3454 3676 3567 3734 EI-

2034 3744 2192 3817 gatldi
2249 3746 2300 3799 in
2354 3745 2608 3817 spelunca
2656 3745 2958 3817 absconsus
3007 3744 3225 3817 (lrﬂeg.
3273 3745 3445 3815 axtv).
3496 3744 3565 3817 Et

2034 3815 2310 3884 ingressus
2329 3824 2415 3870 est
2434 3814 2692 3885 ignorans
2723 3816 2848 3868 Saul
2883 3855 2898 3879 ,
2932 3814 3088 3885 quasi
3119 3814 3213 3869 sua
3240 3814 3425 3869 causa.
3455 3816 3565 3872 Sed

2032 3886 2287 3954 quoniam
2316 3885 2477 3940 habet
2504 3887 2556 3939 in
2579 3886 3008 3954 prmscriptione.
3035 3885 3336 3940 Intellectus
3355 3885 3524 3940 David
3543 3902 3565 3942 :

2033 3957 2293 4009 debemus
2330 3956 2685 4025 spiritualiter
2728 3956 3040 4026 intelligere
3068 3957 3359 4026 psalmum.
3404 3958 3566 4011 Acci-

2037 4028 2180 4097 pitur
2210 4026 2425 4095 quidem
2451 4028 2501 4079 in
2535 4028 2760 4079 Domino
2787 4025 2948 4081 verus
2976 4025 3141 4081 David
3168 4069 3184 4093 ,
3204 4036 3281 4097 Aet
3308 4026 3570 4097 intelligi-

2036 4108 2121 4150 tur
2141 4096 2267 4152 Sztttl
2293 4098 2344 4150 in
2367 4097 2605 4151 diabolo.
2629 4098 2896 4166 Spelunca
2922 4107 3107 4152 autem
3128 4097 3182 4151 in
3204 4095 3309 4152 hoc
3329 4095 3566 4153 mundo:

2040 4176 2096 4222 ει
2137 4167 2281 4237 quod
2325 4167 2571 4223 diabolus
2603 4183 2709 4221 non
2755 4167 2999 4222 immittit
3040 4169 3091 4224 in
3121 4168 3265 4223 hunc
3307 4169 3595 4225 mundum'

2049 4239 2249 4308 aliquid
2280 4237 2443 4304 honi;
2476 4238 2571 4294 sed
2601 4252 2832 4309 Stercus,
2857 4251 2910 4293 et
2940 4238 2984 4292 si
3008 4240 3134 4309 quid
3170 4238 3438 4307 putridum
3460 4249 3567 4295 est.

2038 4310 2305 4382 Spelunca
2334 4319 2514 4365 autem
2542 4307 2859 4382 intelligitur
2883 4311 2984 4363 iste
3014 4307 3266 4382 mundus,
3293 4310 3418 4377 quia
3445 4324 3571 4382 per-

2040 4378 2237 4448 fectum
2268 4382 2445 4436 lumen
2485 4396 2590 4434 non
2634 4378 2800 4435 habet
2828 4421 2843 4447 ,
2875 4389 3133 4446 quantum
3178 4378 3245 4435 ad
3274 4378 3566 4448 compara-

2042 4452 2243 4507 tionem
2294 4451 2457 4506 luturi
2486 4494 2501 4516 ,
2551 4452 2645 4506 sed
2698 4452 2853 4522 quasi
2897 4452 3078 4507 lumen
3127 4451 3343 4521 aliquod
3390 4450 3569 4506 illuxit

2039 4522 2298 4577 Dominus
2351 4525 2577 4578 veniens
2630 4524 2682 4576 in
2739 4523 2881 4577 hunc
2933 4522 3214 4577 mundum.
3268 4522 3561 4587 Propterea

1896 4606 1942 4662 ῃ
2039 4592 2170 4646 dicit
2186 4592 2481 4662 Apostolus
2507 4590 2640 4658 :Qtti
2657 4597 2935 4662 estlumeu
2955 4593 3144 4659 gloria}
3161 4593 3281 4658 ejus
3298 4590 3558 4662 (Hebm).

2042 4662 2185 4732 Ergo
2212 4662 2353 4715 sicut
2398 4661 2563 4732 David
2594 4661 2834 4732 introivit
2875 4663 2926 4714 in
2974 4661 3570 4732 speluncam'abscon-

1950 4787 1961 4792 _
2038 4730 2175 4787 dens
2222 4746 2280 4785 se
2321 4747 2352 4785 a
2397 4730 2558 4786 Sattl:
2605 4732 2676 4784 ita
2719 4743 2772 4784 et
2806 4731 3066 4786 Dominus
3095 4731 3371 4799 ingressus
3399 4731 3569 4786 estin

2040 4803 2182 4857 hunc
2211 4801 2495 4868 mundum,
2527 4810 2580 4854 et
2612 4799 3042 4870 persecutionem
3069 4814 3262 4869 passus
3281 4808 3386 4856 est.

2043 4915 2178 4970 Voce
2194 4931 2311 4969 mea
2333 4915 2401 4968 ad
2427 4911 2706 4967 Dominum
2724 4912 2941 4965 clamavi
2961 4928 2979 4966 :
3004 4926 3122 4965 voce
3143 4926 3256 4965 mea
3283 4912 3353 4965 ad
3380 4909 3565 4964 Domi-

1963 5025 2085 5064 num
2119 5007 2422 5080 deprecatus
2453 5022 2586 5060 sum.
2630 5003 2860 5073 Eliundo
2895 5005 2950 5057 in
2984 5011 3259 5075 conspectu
3298 5005 3413 5075 ejus
3442 5017 3567 5055 ora-

1966 5104 2157 5156 tionem
2204 5115 2389 5154 meam.
2435 5097 2629 5155 Omnia
2684 5097 2801 5152 htec
2853 5098 2905 5151 in
2954 5093 3262 5151 humilitate
3304 5107 3571 5164 corporea

1967 5193 2228 5261 loquitur,
2258 5203 2322 5246 ut
2346 5206 2408 5246 se
2427 5205 2614 5246 verum
2639 5189 2939 5257 hominem,
2965 5188 3109 5243 sicut
3136 5200 3284 5258 saepe
3307 5187 3568 5253 diximus,

1966 5284 2296 5338 manifestet.
2326 5279 2739 5336 Tribulationem
2782 5294 2946 5333 meam
2984 5288 3104 5333 ante
3131 5278 3304 5346 ipsum
3332 5292 3574 5348 promtu—

1967 5377 2039 5431 tio
2058 5392 2077 5430 :
2097 5376 2161 5446 in
2190 5374 2476 5445 deﬁciendo
2505 5374 2560 5427 in
2583 5388 2662 5425 me
2684 5372 2928 5443 spiritum
2957 5386 3149 5424 meum.
3181 5368 3367 5438 Neque
3399 5366 3573 5423 tribu-

1968 5466 2101 5521 latio
2124 5480 2363 5533 prteseus
2389 5506 2405 5532 ,
2451 5479 2627 5533 neque
2659 5462 2894 5517 defectio
2924 5461 3149 5532 spiritus
3175 5458 3438 5530 impedit:
3471 5457 3573 5514 sed

1964 5557 2165 5631 jugiter
2181 5556 2476 5627 spiritualis
2496 5555 2645 5609 vocis
2671 5554 2920 5610 oratione
2942 5554 3187 5608 clamare
3212 5567 3318 5608 non
3346 5551 3568 5606 desinit.

1970 5650 2039 5705 Et
2060 5661 2115 5704 tu
2139 5649 2419 5721 cognovisti
2456 5648 2663 5702 semitas
2702 5662 2866 5700 meas.
2900 5646 3187 5701 Doctrinas
3215 5657 3351 5714 quas
3379 5641 3571 5697 doceo.

2040 5743 2107 5797 In
2147 5743 2229 5796 via
2276 5742 2373 5795 hac
2406 5756 2507 5813 qua
2547 5738 2895 5807 ambulabant,
2942 5736 3321 5794 absconderant
3359 5734 3573 5807 superbi

1972 5835 2180 5908 laqueos
2219 5833 2368 5889 mihi.
2400 5832 2610 5905 Saepius
2636 5832 2684 5887 ei
2721 5846 2752 5887 ιι
2781 5830 2988 5888 ludatis
3017 5827 3367 5887 absconditos
3392 5836 3573 5885 tenta-
