3992 6318
490 317 630 376 1259

470 529 869 588 declaravimus
895 525 1140 598 psalmis.

541 621 943 681 Considerabam
963 638 996 674 a
1027 617 1244 673 dextris.
1270 617 1340 674 Ut
1364 618 1432 673 de
1457 617 1677 673 sinislra
1699 617 1766 671 ad
1791 616 2068 672 dexteram

466 719 885 776 adducerentur.
926 714 996 768 Et
1033 713 1270 768 ridebam
1290 755 1306 782 ,
1337 713 1464 782 quia
1489 729 1592 768 non
1622 720 1732 766 erat
1754 711 1845 783 qui
1875 726 2069 781 cogno-

465 821 624 869 sceret
647 828 744 867 me.
777 809 949 865 Deum
972 822 1137 863 carne
1163 814 1495 863 contectum.

539 904 706 958 Periit
736 902 860 974 fuga
886 918 917 954 a
963 917 1060 956 me.
1088 899 1254 955 Periit
1279 899 1401 970 luga
1430 899 1552 969 ejus
1577 941 1591 966 ,
1639 911 1762 952 cum
1805 895 2016 953 delatus
2040 910 2071 950 a

461 995 684 1057 Judaeis,
719 992 918 1061 szepius
949 992 1092 1047 ultro
1120 991 1312 1046 iterum
1345 990 1540 1044 obtulit
1570 1034 1584 1058 ,
1617 1003 1717 1044 nec
1747 997 1831 1043 est
1857 987 2070 1058 agnitus

467 1088 537 1142 ab
563 1088 664 1143 eis.
704 1085 773 1140 Et
805 1102 906 1139 non
933 1095 1008 1139 est
1037 1085 1124 1156 qui
1151 1094 1352 1156 quierat
1383 1083 1610 1136 animum
1633 1098 1820 1135 nteant.
1859 1080 2070 1150 Corpus

465 1181 742 1250 accipiunt
768 1178 834 1232 ad
863 1176 1316 1248 cruciﬁgendum:
1353 1175 1587 1229 animam
1618 1182 1798 1229 autem
1839 1187 1947 1227 non
1978 1185 2068 1226 re-

465 1271 718 1343 qttirunt,
750 1268 801 1323 id
834 1275 940 1336 est,
973 1282 1078 1322 non
1107 1267 1404 1338 attingunt.

535 1362 771 1420 Clamaui
803 1363 872 1415 ad
911 1371 988 1428 te,
1017 1360 1254 1415 Domine.
1287 1361 1360 1415 De
1389 1373 1574 1414 cruce.
1606 1357 1760 1424 Dixi,
1789 1367 1845 1412 tu
1875 1374 1924 1412 es
1955 1375 2071 1427 spes

463 1475 599 1516 mea.
643 1455 1045 1512 Commendans
1083 1454 1138 1509 in
1180 1453 1434 1508 manibus
1471 1453 1579 1507 tuis
1609 1451 1860 1521 spiritum
1889 1464 2068 1506 meum

463 1554 636 1626 (Luc.
672 1567 805 1609 xxm
827 1552 866 1621 ).
922 1548 1104 1604 Portio
1132 1565 1246 1603 mea
1272 1550 1327 1602 in
1358 1557 1499 1601 terra
1526 1547 1822 1601 viventium.
1859 1545 1915 1600 In
1944 1561 2070 1601 san-

461 1648 566 1704 ctis
597 1647 686 1717 qui
719 1646 771 1700 in
801 1659 920 1700 eam
948 1642 1354 1698 transferuntur
1383 1685 1396 1709 ,
1452 1641 1594 1695 sicut
1634 1647 1688 1695 et
1732 1637 1933 1693 latroni
1963 1638 2067 1692 ait:

469 1741 647 1797 Amen
680 1737 802 1791 dico
829 1733 948 1803 tibi,
977 1733 1101 1805 quia
1130 1731 1294 1788 hodie
1326 1746 1537 1787 mecum
1561 1731 1672 1786 eris
1704 1731 1758 1785 in
1790 1728 2064 1800 paradiso.

1283 307 1629 368 APPENDIX
1666 308 1759 366 AD
1791 304 2042 366 TOMUM
2073 299 2436 368 SEPTIMUM
2475 308 2532 368 S.
2576 305 2978 366 HIERONYMI.

464 435 676 493 tionum
709 433 932 506 laqueos
976 432 1029 488 in
1060 430 1146 486 via
1184 428 1470 499 prresentis
1523 426 1648 483 vitae
1679 467 1695 496 ,
1749 433 1805 482 et
1851 425 1905 482 itt
1951 419 2277 497 aliisAipsi
2333 425 2652 496 patriarchae
2692 423 3135 496 justiﬁcabuntur
3202 425 3255 480 in
3307 432 3609 497 conspectu
3664 425 3791 480 Dei.
3875 444 3877 458 ε

2174 516 2356 574 Stella:
2377 519 2521 575 enim
2549 532 2657 574 non
2685 525 2811 574 sunt
2833 516 3048 573 munda:
3079 517 3133 573 in
3155 527 3453 589 conspectu
3481 517 3599 590 ejus
3627 519 3790 590 (Job.
3877 524 3879 530 '

3649 307 3792 366 12Ᾱο

2174 611 2328 681 xxv).

2250 703 2386 770 Quia
2430 713 2724 777 persecutus
2763 714 2836 760 est
2865 705 3106 760 inimicus
3157 706 3389 760 animam
3428 723 3620 762 meam.
3681 707 3794 764 Hoc

2176 796 2625 868 interpretatione
2656 813 2761 853 non
2788 797 3014 867 indiget.
3046 797 3186 852 Nulli
3219 797 3477 863 dubium,
3507 799 3638 869 quin
3671 799 3794 854 dia-

2174 891 2689 948 boluszllumiliavit
2718 895 2770 947 in
2801 902 2937 946 terra
2965 893 3127 946 vitam
3155 908 3343 947 meam.
3371 891 3486 947 Hoc
3511 903 3617 960 est,
3641 893 3791 963 quod
3887 922 3889 928 -

2174 983 2324 1040 dicit.
2355 985 2496 1040 Ante
2536 985 2648 1040 alas
2695 983 2960 1040 habebam
2987 1026 3003 1050 ,
3030 993 3085 1040 et
3107 984 3391 1040 volabam:
3418 1000 3563 1040 nunc
3607 994 3791 1041 autem

2174 1088 2492 1148 persecutus
2522 1087 2606 1139 est
2645 1078 2894 1133 inimicus
2931 1079 3166 1133 animam
3222 1093 3435 1134 meam:
3492 1088 3548 1135 et
3593 1096 3791 1151 appre-

2174 1169 2390 1236 hendit,
2438 1179 2492 1225 et
2520 1170 2705 1241 ligavit
2732 1171 2864 1225 milti
2889 1170 3054 1240 pedes
3085 1180 3139 1227 et
3169 1186 3360 1226 manus
3387 1213 3404 1239 ,
3434 1172 3792 1240 quemadmo-

2173 1261 2300 1318 dum
2331 1263 2558 1318 volatile
2599 1264 2668 1318 ab
2696 1264 2918 1320 homine
2957 1263 3440 1334 comprehenditur
3464 1307 3480 1330 ,
3529 1275 3590 1320 ut
3634 1266 3788 1336 quasi

2172 1355 2418 1410 videatur
2439 1366 2733 1416 mortuum
2775 1370 2935 1411 esse:
2994 1357 3117 1427 quia
3146 1372 3254 1411 non
3298 1356 3466 1412 habet
3517 1357 3786 1413 licentiam

2173 1449 2380 1502 alarum
2408 1463 2627 1504 suarum
2657 1457 2714 1504 ut
2736 1449 2902 1504 volet.
2935 1448 3008 1504 Ita
3049 1459 3106 1504 et
3131 1464 3218 1504 me
3241 1491 3256 1515 ,
3287 1449 3503 1520 inquit,
3538 1450 3786 1507 inimicas

2171 1539 2360 1611 ligavit
2379 1541 2712 1597 conscientia
2747 1550 3095 1610 peccatorum
3121 1556 3389 1597 meorum.

2244 1633 2526 1690 Collocavit
2549 1653 2628 1690 me
2667 1636 2719 1690 in
2761 1636 2992 1690 obscuris
3015 1676 3032 1704 ,
3061 1639 3195 1690 sicut
3223 1645 3451 1690 mortuos
3477 1638 3676 1692 sttculi.
3730 1636 3786 1694 Si

2174 1727 2311 1784 sicut
2342 1737 2588 1785 mortuos
2632 1709 2814 1785 sacculi
2841 1771 2857 1797 ,
2891 1729 3069 1784 adhuc
3095 1728 3323 1784 necdum
3347 1739 3596 1784 mortuus
3621 1775 3636 1799 ,
3665 1730 3787 1801 quia

534 1829 754 1884 Intende
800 1830 853 1882 in
888 1828 1176 1881 orationent
1203 1841 1373 1880 meam
1401 1841 1418 1877 :
1458 1825 1580 1895 quia
1608 1823 1912 1878 humiliatus
1949 1839 2064 1878 sum
2095 1817 2144 1879 B
2175 1823 2227 1878 in
2258 1823 2571 1891 paenitentia
2620 1830 2746 1878 stat.
2793 1821 2848 1878 Si
2883 1823 3005 1892 quis
3049 1830 3230 1876 autem
3257 1835 3494 1891 peccans
3523 1837 3629 1877 non
3680 1823 3790 1894 agit

461 1924 636 1978 nimis.
670 1922 861 1976 Libera
883 1937 960 1975 me
985 1938 1016 1974 a
1041 1919 1458 1993 persequentibus
1498 1936 1608 1974 nte:
1639 1919 1760 1986 quia
1789 1914 2070 1991 confortati

461 2024 583 2070 sunt
608 2030 765 2082 super
787 2029 887 2081 me,
913 2023 1020 2067 etc.
1050 2012 1096 2066 A
1122 2011 1284 2067 Patre
1311 2026 1369 2066 se
1399 2010 1554 2066 educi
1584 2009 1653 2067 de
1683 2010 1876 2066 inferni
1919 2011 2069 2067 clau-

461 2109 593 2164 stris
617 2107 896 2178 posmlat,
944 2115 1002 2162 ut
1030 2104 1367 2163 resurrectio
1407 2105 1526 2175 ejus
1572 2105 1785 2175 paterni
1833 2104 2068 2159 nominis

459 2202 639 2259 honor
687 2202 776 2257 sit.
831 2201 963 2269 Quae
1009 2199 1282 2256 confessio
1313 2214 1344 2252 a
1391 2199 1590 2269 quibus
1643 2199 1714 2253 sit
1761 2197 2066 2254 conﬁtenda

458 2292 736 2362 ostendit,
795 2293 1010 2349 dicens:
1068 2290 1156 2345 Me
1209 2299 1505 2360 exspectant
1520 2291 1679 2363 justi.
1711 2290 1960 2362 Apostoli
1980 2290 2066 2344 vel

459 2383 654 2454 reliqui
707 2384 881 2437 sancti
911 2423 927 2448 ,
955 2397 1185 2453 quorum
1217 2380 1620 2451 exspectationi
1651 2423 1666 2448 ,
1698 2395 1821 2436 cum
1878 2395 2066 2436 resur-

458 2488 657 2531 rexero
686 2514 700 2538 ,
735 2472 1034 2529 satisfacio.
1082 2472 1262 2526 Donec
1283 2473 1537 2526 retribuas
1566 2470 1716 2526 mihi.
1747 2471 2066 2527 Claritatem

459 2567 610 2622 illam
645 2581 806 2637 quam
835 2563 1002 2619 habui
1028 2604 1043 2630 ,
1075 2565 1388 2634 priusquam
1419 2563 1653 2619 mundus
1695 2562 1892 2632 ﬁeret,
1922 2563 2065 2634 apud

460 2669 515 2718 te
569 2659 773 2730 (Joan.
829 2673 935 2712 xvtt
961 2657 1006 2727 ).
1065 2658 1128 2711 Et
1170 2671 1271 2712 nos
1307 2655 1584 2712 humiliter
1623 2657 1978 2727 deprecamur
2003 2671 2066 2711 ac

459 2753 696 2822 petimus
720 2791 735 2814 ,
769 2759 826 2804 ut
855 2757 1106 2819 suscepta
1140 2763 1274 2804 voce
1304 2748 1561 2805 clamoris
1592 2749 1767 2803 nostri
1797 2794 1811 2817 ,
1843 2747 2066 2804 eductos

461 2859 530 2900 ex
563 2843 759 2898 inferni
805 2855 1024 2898 carcere
1050 2884 1064 2908 ,
1125 2841 1258 2897 illttc
1288 2857 1388 2898 nos
1437 2841 1632 2912 jubeas
1680 2841 1956 2896 transferri
1999 2841 2067 2897 de

460 2946 674 3003 morte,
713 2935 805 2989 ubi
853 2933 1110 3004 pendenti
1157 2933 1352 2988 latroni
1383 2932 1703 3003 prmparasti
1731 2933 1908 2988 locum
1934 2931 2069 2986 luci-

458 3030 586 3084 dum
611 3043 674 3084 ac
701 3029 972 3099 quietem:
1021 3026 1146 3096 quia
1176 3025 1273 3080 tibi
1329 3035 1414 3080 est
1444 3025 1618 3080 honor
1644 3034 1697 3079 et
1723 3024 1894 3093 gloria
1940 3038 2063 3079 cum

457 3120 619 3177 Patre
645 3129 700 3176 et
727 3120 929 3191 Spiritu
963 3127 1155 3175 sancto
1187 3119 1239 3173 in
1271 3119 1468 3173 saecula
1499 3116 1836 3173 saeculorum.
1867 3115 2061 3172 Amen.

981 3257 1302 3316 PSALMUS
1340 3255 1545 3313 CXLII.

532 3353 778 3408 Psalmus
829 3350 997 3405 Dauid
1025 3393 1040 3417 ,
1085 3352 1294 3421 quando
1338 3349 1733 3423 persequebatur
1777 3363 1892 3423 eum
1929 3347 2073 3423 ﬁlius

457 3441 584 3482 suus
611 3424 857 3478 Absalon.
887 3423 996 3477 Iste
1035 3417 1276 3492 psalmus
1306 3417 1506 3477 vocem
1524 3421 1767 3492 continet
1801 3418 1950 3492 illius
1979 3417 2071 3492 qui

455 3511 558 3567 pro
589 3497 822 3550 humana
880 3489 1251 3567 redemptione
1276 3495 1515 3561 seipsum
1542 3490 1840 3567 exinanivit
1869 3531 1884 3552 ,
1917 3489 2070 3567 aciei-

457 3558 613 3637 piens
635 3567 864 3620 formam
887 3565 1031 3620 servi
1055 3558 1083 3632 ,⁷
1105 3573 1164 3618 ut
1190 3579 1292 3618 nos
1319 3558 1538 3619 erueret
1565 3576 1594 3615 a
1623 3560 1882 3616 servitute
1909 3558 2068 3632 (Plii-

458 3639 593 3711 lipp.
626 3638 684 3709 tr)
697 3677 710 3691 .

530 3778 774 3845 Domine,
803 3777 992 3834 exaudi
1019 3776 1301 3831 orationem
1327 3790 1519 3831 meam.
1555 3773 1789 3830 llumilia
1816 3773 1984 3833 verba
2014 3784 2070 3831 et

454 3871 614 3942 plena
668 3871 989 3926 humilitatis
1036 3878 1091 3926 et
1129 3867 1536 3924 misericordim.
1588 3868 1813 3922 Auribus
1863 3869 2069 3938 percipe

457 3964 862 4018 bbsecrationem
883 3978 1046 4017 meam
1068 3963 1123 4015 in
1155 3962 1364 4016 veritate
1386 3969 1496 4014 tua.
1530 3958 1870 4016 Conﬁdentis
1902 3964 2066 4017 verba

455 4064 606 4111 sunt.
632 4053 698 4107 In
724 4056 936 4109 veritate
965 4064 1073 4116 tua.
1095 4055 1199 4108 hoc
1223 4062 1328 4120 est,
1347 4055 1398 4108 in
1429 4052 1650 4109 Christo
1671 4063 1780 4109 tuo.
1798 4055 1913 4126 Ego
1944 4071 2063 4112 sum

455 4148 568 4213 via,
601 4145 734 4212 vita,
766 4152 822 4201 et
845 4146 1044 4200 veritas
1073 4143 1253 4216 (Joan.
1282 4146 1415 4210 xtv).
1470 4144 1538 4198 Ετ
1573 4147 1763 4199 exaudi
1787 4163 1865 4200 nte
1894 4149 1947 4200 in
1975 4157 2064 4201 tua

446 4239 679 4314 justitia.
706 4239 770 4294 Et
792 4239 844 4294 in
871 4236 1091 4294 Christo
1120 4245 1233 4292 tuo.
1265 4237 1378 4292 Hoc
1407 4246 1514 4306 est,
1545 4251 1652 4292 non
1673 4237 1888 4292 contido
1907 4237 2058 4304 mihi,

455 4333 555 4389 sed
585 4349 686 4404 ego
708 4333 991 4388 veritatem
1017 4339 1074 4386 et
1087 4329 1351 4400 justitiam
1385 4339 1528 4384 tuam
1555 4337 1703 4400 peto,
1729 4339 1785 4385 ut
1817 4331 1931 4400 ipsa
1955 4332 2060 4386 mei

457 4425 804 4481 misereatur.

523 4516 598 4570 Et
625 4531 728 4570 non
748 4515 905 4570 intres
925 4515 979 4568 in
990 4513 1250 4585 judicium
1277 4529 1393 4568 cum
1421 4530 1564 4570 servo
1592 4521 1701 4570 tuo.
1758 4513 1904 4572 Ecce
1941 4530 2056 4571 ma-

2171 1915 2547 1987 pmnitentiam
2575 1961 2589 1983 ,
2624 1915 2712 1970 hic
2735 1926 2978 1970 mortuus
3007 1925 3092 1971 est
3117 1917 3300 1971 smeuli
3328 1961 3342 1985 ,
3377 1925 3436 1971 et
3465 1932 3574 1971 non
3599 1957 3618 1980 ,
3647 1918 3789 1973 sicut

2172 2018 2455 2075 mortuus,
2505 2007 2604 2063 sed
2631 2007 2871 2080 perfecte
2900 2017 3170 2064 mortuus.
3229 1996 3342 2064 Hoc
3393 2025 3527 2081 ergo
3577 2013 3788 2080 putavit

2171 2103 2582 2173 inimicus,quia
2605 2117 2712 2157 non
2740 2117 2840 2172 ago
2869 2101 3244 2173 paenitentiam
3271 2117 3372 2174 pro
3401 2105 3637 2172 peccatis
3663 2120 3786 2174 qua:

2171 2199 2286 2270 ipse
2317 2198 2451 2253 mihi
2493 2199 2766 2268 suggessit
2793 2205 2851 2252 ut
2888 2197 3108 2252 faciam.
3143 2196 3212 2251 Et
3240 2197 3483 2252 anxiatus
3512 2207 3586 2253 est
3628 2216 3786 2268 super

2171 2307 2250 2346 me
2275 2290 2488 2362 spiritus
2518 2289 2771 2345 meus.Tu
2799 2288 2885 2344 die
2914 2290 3067 2358 prius
3095 2301 3319 2360 peccata
3353 2299 3443 2345 tua
3469 2331 3485 2357 ,
3514 2299 3572 2346 et
3601 2292 3782 2346 salvus

2169 2383 2278 2439 eris
2307 2381 2462 2456 (lsai.
2494 2382 2672 2453 xun).
2705 2381 2772 2436 Et
2802 2382 3032 2437 iterum:
3077 2381 3135 2438 Si
3189 2381 3366 2436 solum
3422 2378 3780 2452 suspiraveris

2170 2489 2270 2546 pro
2298 2475 2537 2546 peccatis
2567 2476 2673 2530 tuis
2694 2517 2709 2540 ,
2741 2475 2928 2530 salvus
2951 2476 3059 2531 eris
3083 2475 3125 2544 τ(
3147 2473 3342 2528 Ezech.
3373 2489 3507 2530 svnt
3530 2475 3571 2545 ).
3605 2475 3669 2528 In
3701 2493 3780 2530 nte

2171 2569 2432 2622 turbatum
2463 2577 2537 2623 est
2560 2583 2648 2622 cor
2672 2584 2860 2623 meum.
2892 2566 3123 2639 Propter
3148 2567 3543 2624 conscientiam
3577 2583 3773 2636 meam,

2169 2664 2293 2734 quia
2319 2663 2558 2733 peccavi.

2243 2756 2443 2812 Memor
2497 2758 2573 2828 [ui
2613 2759 2816 2814 dierttm
2851 2758 3197 2827 antiquorum.
3243 2758 3464 2813 Dierum
3529 2772 3775 2814 meorum

2172 2849 2409 2920 priorum
2438 2865 2647 2905 memor
2677 2850 2777 2916 fui,
2805 2850 3023 2920 quando
3048 2850 3312 2907 habebam
3341 2849 3733 2907 conﬁdentiam
3759 2867 3774 2905 :

2172 2958 2316 2999 nunc
2343 2953 2525 2998 autem
2552 2943 2685 2998 mihi
2717 2958 2823 2998 nox
2849 2951 2955 2998 est.

2243 3033 2492 3108 Expandi
2534 3052 2718 3090 manus
2765 3051 2905 3089 meas
2933 3035 3002 3089 ad
3048 3045 3115 3090 te.
3148 3035 3368 3106 Ligatus
3411 3035 3481 3090 ab
3527 3034 3774 3100 inimico,

2169 3127 2308 3181 nihil
2347 3126 2493 3181 aliud
2543 3141 2763 3195 possum
2811 3125 2992 3182 facere
3038 3126 3143 3182 nisi
3172 3127 3554 3197 pmnitentiam
3581 3141 3769 3197 agere,

2095 3204 2141 3268 C
2172 3227 2228 3274 et
2269 3232 2464 3273 manus
2493 3233 2644 3274 meas
2673 3219 2856 3274 levare
2879 3218 2947 3273 ad
2992 3227 3065 3275 te.
3097 3219 3280 3272 Anima
3323 3235 3439 3272 mea
3471 3221 3606 3272 sicut
3636 3230 3776 3273 terra

2176 3315 2288 3368 sine
2327 3330 2464 3384 aqua
2491 3313 2604 3367 tibi.
2652 3311 2804 3369 Sicut
2851 3321 2994 3368 terra
3025 3312 3144 3367 sine
3173 3326 3310 3382 aqua
3336 3312 3451 3366 sitit
3499 3320 3555 3366 et
3578 3312 3778 3382 quaerit

2172 3403 2402 3461 imbrem
2429 3423 2442 3460 :
2471 3405 2543 3460 ita
2557 3414 2612 3461 et
2637 3403 2817 3460 anima
2849 3417 2969 3461 mea
2991 3403 3338 3460 desideratet
3358 3403 3475 3458 sitit
3494 3411 3571 3470 te,
3602 3404 3772 3460 Deum

2173 3511 2353 3553 suum.

2251 3587 2512 3644 Velociter
2556 3589 2749 3643 exaudi
2794 3605 2906 3658 me,
2963 3587 3186 3643 Domine
3233 3603 3253 3643 :
3295 3587 3481 3660 defecit
3536 3587 3774 3658 Spiritus

2172 3698 2335 3737 meus.
2369 3683 2562 3737 Anima
2599 3697 2718 3737 mea
2747 3682 2968 3748 defecit,
3001 3692 3053 3738 et
3083 3696 3211 3738 caro
3242 3695 3360 3736 mea
3389 3679 3592 3736 deiecit
3617 3700 3630 3736 :
3658 3680 3774 3750 Spi-

2169 3775 2307 3830 ritus
2338 3785 2545 3830 tantum
2577 3775 2837 3831 remansit
2863 3775 2918 3830 in
2961 3790 3068 3840 me,
3100 3785 3154 3830 et
3181 3776 3294 3845 ipse
3337 3773 3584 3840 deiecit;
3636 3774 3770 3841 sed,

2169 3870 2406 3924 velociter
2430 3870 2626 3924 exaudi
2644 3884 2744 3934 me,
2778 3868 3000 3922 Domine
3017 3909 3034 3934 ,
3062 3877 3118 3924 et
3145 3867 3405 3923 miserere
3431 3867 3561 3922 mei.

2242 3963 2437 4018 Notam
2483 3964 2564 4034 [ac
2619 3961 2747 4016 mihi
2791 3963 2924 4015 viam
2951 3962 3006 4016 in
3035 3978 3139 4034 qua
3177 3960 3458 4015 ambulent.
3489 3959 3769 4014 Christum

2169 4064 2319 4111 tuum
2372 4065 2562 4112 notum
2614 4054 2702 4111 fac
2752 4055 2911 4123 mihi,
2963 4056 3054 4126 qtti
3106 4054 3246 4110 dixit
3293 4072 3308 4112 :
3366 4054 3482 4126 Ego
3523 4069 3643 4110 sum
3681 4055 3769 4109 via

2169 4149 2352 4223 (Joan.
2382 4149 2520 4222 xlv).

2240 4243 2476 4312 Spiritus
2506 4252 2624 4297 tuus
2681 4243 2846 4298 bonus
2876 4243 3092 4298 deducet
3135 4260 3212 4298 me
3240 4245 3295 4298 in
3329 4254 3521 4299 terram
3552 4255 3767 4301 rectam.

2165 4334 2265 4389 llic
2303 4335 2611 4404 impiissimi
2661 4335 2849 4391 Ariani
2883 4345 3191 4408 proponunt
3233 4336 3409 4400 nobis,
3443 4349 3500 4393 et
3530 4339 3721 4394 dicunt
3753 4357 3768 4393 :

2164 4427 2420 4497 Magister
2449 4428 2609 4495 bone,
2639 4427 2769 4500 quid
2791 4428 2986 4483 faciam
3010 4429 3137 4483 boni
3166 4438 3223 4484 ut
3250 4429 3432 4485 salvus
3465 4429 3633 4486 liam?
3661 4431 3769 4500 Qui

2161 4517 2296 4573 dicit
2330 4536 2342 4572 :
2376 4518 2515 4586 Quid
2553 4534 2641 4575 me
2676 4518 2814 4574 dicis
2841 4519 3042 4574 bonum
3065 4519 3091 4572 ἵ
3119 4520 3290 4576 Nemo
3327 4529 3412 4576 est
3459 4521 3636 4578 bonus
3665 4523 3769 4590 nisi

451 4607 805 4665 nifestissime
826 4607 1260 4675 demonstravit,
1301 4606 1424 4678 quia
1477 4606 1909 4663 misericordiam
1963 4608 2057 4664 Dei
2085 4596 2140 4659 D
2167 4626 2304 4666 unus
2327 4611 2468 4666 Deus
2500 4609 2652 4682 (Luc.
2688 4611 2860 4679 xvm).
2879 4611 3022 4682 Ergo
3048 4612 3094 4666 si
3117 4610 3287 4666 Filius
3315 4627 3426 4669 non
3448 4622 3533 4669 est
3557 4614 3765 4683 bonus,

451 4700 818 4774 praestolatur,
843 4699 1060 4755 dicens:
1100 4697 1170 4753 Et
1208 4716 1313 4754 non
1356 4701 1515 4754 intres
1553 4701 1607 4753 in
1643 4701 1904 4772 judicium
1941 4717 2058 4754 cum

449 4813 596 4853 servo
622 4806 730 4850 tuo.
750 4794 846 4849 Hic
873 4795 1024 4863 quasi
1047 4793 1243 4864 aliquis
1259 4793 1473 4863 jndicet
1494 4793 1633 4849 inter
1663 4794 1831 4848 Deum
1860 4807 1912 4849 et
1935 4809 2058 4864 pro-

453 4891 672 4959 pbetam
699 4932 715 4958 ,
749 4889 888 4944 sicut
928 4895 984 4942 et
1012 4887 1066 4941 in
1095 4884 1538 4957 quinquagesimo
1564 4885 1773 4956 psalmo
1796 4887 2055 4956 scriptum

449 4990 560 5039 est:
595 4981 666 5038 Ut
691 4980 1006 5050 justiﬁceris
1035 4981 1088 5032 in
1120 4979 1459 5033 sermonibus
1482 4980 1611 5045 tuis,
1645 4979 1906 5035 etvincas
1933 4995 2054 5036 cum

444 5074 729 5146 judicaris.
761 5074 824 5127 Et
855 5081 1139 5142 propterea
1167 5075 1333 5125 intrat
1364 5070 1414 5124 in
1443 5069 1707 5140 judicium
1756 5072 1897 5126 Deus
1930 5115 1946 5137 ,
1998 5084 2058 5128 ut

441 5169 594 5237 juste
615 5163 820 5235 puniat.
854 5163 984 5218 Tale
1009 5161 1134 5234 quid
1164 5161 1294 5216 fecit
1319 5169 1378 5216 et
1404 5159 1579 5232 Cyrus
1603 5202 1618 5227 ,
1644 5177 1736 5217 rex
1766 5161 2050 5219 Persarum

446 5267 503 5314 et
530 5257 830 5323 Medorum,
858 5255 977 5326 regi
1002 5253 1406 5320 Armeniorum,
1438 5254 1652 5324 quando
1681 5263 2052 5326 transgressus

446 5357 535 5407 est
562 5350 826 5405 amicitias
846 5349 984 5419 ejus.
1010 5348 1152 5403 Vicit
1179 5362 1303 5403 eum
1332 5355 1386 5402 et
1415 5348 1686 5416 captivum
1717 5349 1927 5418 accepit
1951 5367 1963 5402 τ
1997 5360 2050 5404 et

442 5444 695 5516 proprios
725 5444 867 5498 illius
895 5452 1155 5514 cognatos
1179 5485 1194 5510 ,
1244 5449 1299 5496 et
1325 5456 1548 5497 uxorem
1571 5483 1586 5506 ,
1640 5450 1696 5497 et
1735 5443 1877 5499 tilios
1924 5443 2051 5500 fecit

434 5536 686 5606 judicare
739 5538 881 5592 inter
929 5536 1086 5592 illos:
1134 5546 1194 5591 ut
1225 5535 1373 5605 juste
1416 5543 1510 5590 aut
1547 5535 1906 5605 misereatur,
1957 5545 2048 5592 aut

437 5628 650 5696 puniat.
683 5628 819 5694 Quia
848 5644 951 5682 non
972 5627 1347 5699 justi/imbitur
1376 5628 1432 5682 in
1460 5638 1736 5695 conspectu
1763 5636 1853 5683 tuo
1878 5629 2044 5683 omnis

437 5721 632 5773 vivens.
658 5722 800 5776 Deus
821 5721 1118 5788 Abraham,
1147 5722 1289 5777 Dens
1315 5719 1486 5790 Isaac,
1508 5721 1648 5776 Deus
1669 5721 1866 5776 Jacob:
1896 5720 2040 5775 Deus

437 5809 732 5867 viventium
755 5851 772 5878 ,
805 5823 859 5868 et
889 5829 997 5868 non
1027 5821 1359 5869 mortuorum
1402 5811 1570 5885 (Luc.
1603 5813 1734 5881 xx).
1767 5813 1905 5883 Ergo
1934 5827 2036 5869 nec

2162 4704 2257 4760 sed
2302 4705 2461 4760 Pater
2501 4723 2514 4758 :
2557 4705 2728 4774 major
2753 4715 2838 4759 est
2876 4706 3035 4760 Pater
3066 4704 3229 4761 Filio.
3287 4706 3432 4778 Ergo
3461 4708 3766 4764 secundum

2163 4804 2313 4850 tuum
2338 4810 2580 4861 sensum,
2610 4795 2930 4866 impiissime
2953 4797 3176 4864 Ariane,
3201 4799 3324 4868 quis
3337 4799 3548 4868 major?
3565 4799 3765 4867 Filius,

2157 4903 2227 4942 an
2270 4888 2502 4958 Spiritus
2547 4891 2799 4944 sanctus?
2841 4888 3036 4960 Utique
3073 4889 3230 4958 dicis,
3261 4891 3455 4946 Filius.
3503 4893 3603 4949 llic
3629 4909 3764 4963 ergo

2159 4979 2330 5036 dicit:
2364 4981 2599 5050 Spiritus
2639 4992 2754 5035 tuus
2793 4983 2954 5036 bonus
2977 4982 3190 5036 deducet
3218 4999 3298 5037 me
3336 4984 3390 5037 in
3423 4995 3616 5038 terram
3643 5003 3761 5040 rec-

2159 5082 2284 5127 tam.
2313 5073 2456 5143 Ergo
2479 5075 2523 5128 si
2549 5073 2782 5144 Spiritus
2806 5075 2980 5129 bonus
3009 5084 3114 5143 est,
3143 5076 3233 5146 qui
3266 5077 3450 5132 minor
3474 5087 3582 5145 est,
3616 5079 3760 5134 sicut

2161 5177 2218 5221 tu
2248 5165 2386 5221 dicis
2422 5185 2433 5219 :
2467 5166 2636 5222 multo
2686 5167 2852 5239 magis
2898 5167 3074 5224 Filius
3126 5168 3302 5223 bonus
3333 5178 3440 5237 est,
3497 5187 3662 5242 quem
3695 5182 3755 5228 tu

2159 5259 2422 5330 majorem
2471 5259 2628 5316 dicis.
2663 5259 2720 5315 In
2763 5260 3054 5332 Evangelio
3089 5271 3271 5316 autem
3323 5263 3395 5318 ita
3443 5263 3608 5320 habet
3643 5284 3656 5320 :
3688 5267 3756 5321 Et

2154 5352 2417 5408 accedens
2442 5369 2582 5408 unus
2607 5353 2676 5408 de
2704 5354 2900 5408 scribis
2928 5362 3143 5410 tentans
3165 5369 3310 5421 eum,
3339 5356 3415 5410 ait
3450 5375 3461 5408 :
3493 5357 3753 5429 Magister

2154 5443 2328 5510 bone,
2362 5454 2417 5498 et
2461 5444 2540 5499 ait
2571 5443 2752 5512 :Quid
2781 5459 2868 5499 me
2908 5445 3046 5500 dicis
3079 5446 3305 5513 bontun,
3346 5457 3401 5503 et
3433 5463 3546 5504 non
3577 5450 3748 5506 conli-

2154 5536 2282 5592 teris
2312 5536 2528 5610 (Matth.
2550 5539 2700 5606 XIX)?
2725 5537 2878 5592 Sicut
2898 5538 2945 5593 si
2967 5538 3163 5610 aliquis
3186 5548 3401 5595 tentans
3421 5543 3747 5614 episcopum

2151 5647 2341 5700 suum,
2373 5649 2532 5704 quem
2565 5633 2885 5694 contemnit.
2917 5632 3060 5688 dicat
3110 5632 3185 5687 illi
3211 5651 3224 5686 :
3249 5633 3542 5705 Episcope,
3569 5647 3627 5693 et
3655 5639 3750 5694 ille

2149 5727 2438 5797 respondet
2467 5751 2476 5780 ς
2512 5727 2631 5782 Tibi
2678 5743 2787 5782 non
2815 5743 2931 5782 sum
2957 5728 3267 5798 episcopus,
3327 5731 3524 5784 recede
3570 5746 3600 5785 a
3633 5748 3743 5788 me.

2143 5819 2284 5876 Alibi
2315 5830 2495 5878 autem
2527 5835 2634 5878 non
2663 5821 2893 5892 legistis:
2914 5820 3095 5878 Bonus
3110 5828 3292 5891 pastor
3318 5823 3471 5891 ponit
3500 5823 3744 5879 animam
