3992 6312
174 358 323 415 1261

1079 356 1511 418 BREVIARIUM
1551 356 1616 416 IN
1657 355 1988 416 PSMMOS.
2032 356 2281 416 PSALM.
2327 355 2553 416 CXLIII.

3341 366 3478 423 1242

165 487 340 530 suam
371 487 471 545 pro
494 470 697 531 'ovibus
727 474 842 531 suis
889 471 1069 547 (Joan.
1096 473 1191 548 x)?
1211 474 1350 542 Quid
1377 483 1558 531 autem
1586 473 1782 530 melius
1809 479 1861 537 Α
1889 474 2103 528 vanitas
2135 491 2149 528 :
2173 474 2337 531 homo
2363 486 2564 546 quanta
2587 475 2831 536 vanitas!
2866 479 2933 536 Et
2971 479 3021 536 si
3047 479 3260 538 vanitas
3281 481 3479 554 angeli,

164 566 349 634 Filio,
378 568 470 638 qui
502 582 728 624 carnem
754 566 929 622 induit
959 574 1188 637 propter
1213 581 1332 633 nos,
1372 576 1426 621 et
1453 581 1646 636 passus
1674 574 1777 635 est,

165 669 232 718 et
276 660 624 716 descendens
654 661 720 716 de
769 675 868 715 sua
915 661 1222 731 majestate,
1262 675 1456 715 novem
1489 675 1704 716 menses
1727 661 1780 714 in

162 761 342 808 utero
377 751 617 822 Virginis
647 753 700 806 in
742 751 1007 824 sanguine
1056 751 1178 817 fuit,
1233 751 1286 806 in
1328 751 1608 806 cunabulis
1655 751 1774 819 fuit,

165 859 382 916 passus
434 854 520 901 est
569 860 668 916 per
697 853 974 900 momenta
1000 859 1278 910 crescere,
1312 853 1367 900 et
1391 845 1697 911 verberari,
1726 853 1781 900 et

163 937 544 1008 colaphizari,
577 946 632 993 et
661 937 946 1009 cruciﬁgi?
969 936 1110 1005 Quid
1143 937 1244 992 hoc
1272 937 1506 993 melius?

691 1051 817 1109 PSA
827 1052 1010 1109 LMUS
1048 1051 1279 1115 CXLIII.

164 1145 415 1220 Propter
467 1163 582 1220 eos,
623 1149 714 1218 qui
749 1149 1001 1217 ignorant
1040 1148 1290 1204 Latinam
1344 1151 1608 1220 linguam,
1652 1149 1782 1205 licet

248 1219 425 1290 multa
453 1220 520 1272 de
546 1219 844 1290 Evangelia
873 1221 1194 1287 dixerimus,
1229 1233 1407 1276 tamen
1432 1219 1701 1276 debemus
1725 1231 1780 1277 et

246 1289 341 1361 de,
369 1289 642 1344 Psalterio
689 1289 938 1361 qutedam
992 1293 1177 1346 dicere
1211 1310 1222 1344 :
1258 1301 1318 1346 ut
1345 1292 1466 1346 aliis
1497 1294 1775 1359 saturatis,

249 1360 347 1414 alii
381 1361 557 1430 jejuni
608 1375 716 1416 non
760 1363 1006 1434 redeant.
1041 1363 1308 1434 Quoniam
1355 1372 1536 1417 autem
1583 1364 1778 1432 longus

244 1434 628 1504 estpsalmus,
659 1442 715 1486 et
746 1433 792 1487 si
823 1433 1159 1489 voluerimus
1191 1435 1243 1486 in
1274 1435 1503 1504 singulis
1531 1436 1776 1490 versicu-

243 1501 316 1555 lis
348 1501 652 1567 immorari,
685 1505 800 1558 dies
832 1506 1072 1573 prtrterit
1108 1523 1118 1554 :
1151 1501 1410 1558 debemus
1439 1505 1679 1559 breviter
1708 1505 1774 1559 ad

242 1573 464 1642 singula
511 1589 741 1646 quaeque
779 1589 975 1630 sensus
1017 1575 1188 1645 magis
1217 1590 1377 1646 quam
1409 1575 1576 1631 verba
1606 1576 1775 1646 repli-

242 1657 398 1703 care.

244 1755 562 1813 Benedictus
593 1756 849 1814 Dominus
889 1759 1030 1815 Deus
1079 1776 1246 1827 meus,
1275 1762 1365 1831 qui
1391 1761 1535 1814 docet
1589 1775 1774 1813 manus

1883 565 1928 622 si
1958 567 2158 624 coelum
2189 569 2404 624 vanitas
2438 589 2449 623 :
2485 571 2628 627 Deus
2669 587 2798 644 ergo
2824 588 2993 644 quare
3023 574 3318 632 vanitatem
3350 590 3482 646 ope-

1883 670 2031 717 ratus
2055 663 2180 717 est?
2205 662 2428 720 Vanitas
2449 665 2516 721 ad
2545 668 3010 738 comparationem
3043 670 3137 724 Dei
3167 685 3181 722 :
3218 679 3479 726 creterum

1884 771 1981 826 per
2002 773 2062 812 se
2089 772 2194 812 non
2221 759 2430 815 vanitas
2451 760 2677 831 (Eccles.
2697 762 2760 834 I).
2779 763 3019 827 Domine,
3051 764 3177 834 quid
3200 772 3274 818 est
3301 763 3478 832 homo,

1881 851 2005 921 quia
2053 853 2327 908 innotuisti
2373 855 2462 909 ei?
2498 855 2732 912 Grandis
2778 856 3016 911 hominis
3051 855 3282 912 felicitas
3336 857 3481 913 scire

1883 952 2188 998 creatorem
2238 959 2418 1001 suum.
2453 946 2565 1002 Hoc
2605 961 2634 1002 a
2666 947 2857 1004 bestiis
2895 948 3186 1017 distamus,
3212 946 3338 1019 quia
3376 962 3477 1004 nos

1884 1036 2234 1106 intelligimus
2253 1036 2567 1096 Creatorem
2591 1048 2871 1107 nostrum;
2902 1041 2993 1096 illa
3010 1055 3114 1095 non
3142 1039 3476 1111 intelligunt.

1881 1130 1990 1186 Sed
2018 1140 2073 1186 et
2114 1131 2232 1202 ipse
2263 1142 2440 1188 status
2489 1135 2735 1205 corporis
2763 1150 2922 1190 suum
2945 1134 3141 1205 quzerit
3184 1133 3476 1192 artificem.

1881 1219 2089 1277 Cretera
2135 1224 2392 1280 animalia
2424 1234 2620 1281 terram
2671 1228 2992 1296 respiciunt,
3036 1238 3090 1284 et
3134 1227 3222 1283 ubi
3255 1236 3471 1294 venter,

1881 1311 1953 1366 ibi
1996 1322 2051 1368 et
2077 1314 2241 1369 oculi.
2271 1316 2538 1372 Caeterum
2569 1318 2710 1374 oculi
2757 1319 2927 1374 nostri
2956 1319 3023 1374 ad
3067 1319 3262 1376 coelum
3304 1319 3476 1376 erecti

1879 1413 2029 1472 sunt,
2061 1414 2117 1460 et
2163 1407 2210 1461 si
2261 1423 2418 1464 mens
2449 1409 2616 1467 fuerit
2663 1410 2936 1467 obcmcata
2963 1453 2978 1479 ,
3021 1419 3203 1468 tamen
3260 1411 3474 1468 invictis

1879 1497 2056 1554 oculis
2087 1501 2284 1556 caelum
2313 1502 2616 1560 videamus.

1951 1594 2123 1650 Homo
2153 1595 2368 1649 vanitati
2399 1597 2584 1652 similis
2613 1597 2780 1668 [actus
2805 1605 2900 1662 est,
2931 1598 3040 1652 dies
3062 1599 3172 1668 ejus
3201 1598 3331 1653 sicut
3353 1615 3472 1652 unt-

1878 1687 1971 1740 bra
2018 1697 2350 1758 praetereunt.
2402 1687 2544 1744 Vere
2575 1688 2695 1744 dies
2726 1691 2900 1745 nostri
2931 1691 3083 1760 quasi
3126 1690 3342 1746 umbra.
3373 1691 3473 1746 Fui

1877 1777 2196 1846 infantulus,
2228 1780 2302 1836 fui
2337 1796 2496 1849 puer,
2525 1780 2601 1836 ftii
2626 1781 3106 1850 adolescentulus,
3138 1782 3211 1836 fui
3234 1780 3472 1853 juvenis,

162 1870 322 1909 meas
354 1855 424 1907 ad
450 1856 709 1927 prcelium,
737 1865 785 1910 et
811 1857 999 1928 digitos
1027 1873 1169 1910 meos
1195 1857 1265 1910 ad
1283 1856 1492 1909 bellum.
1521 1855 1622 1923 Qui
1649 1856 1764 1911 bre-

1877 1872 1949 1928 fui
1977 1873 2084 1941 vir,
2113 1874 2217 1930 hoc
2237 1883 2341 1942 est,
2369 1875 2441 1930 fui
2469 1877 2645 1931 aetatis
2667 1875 2946 1947 perfectae,
2973 1875 3047 1930 fui
3085 1876 3300 1931 medim.
3333 1876 3469 1930 Dum

163 1949 320 2005 viter
343 1951 752 2019 interpretatur,
789 1950 892 2004 hoc
922 1951 1301 2020 consequitur,
1336 1959 1393 2004 ut
1421 1950 1534 2019 ipse
1557 1948 1768 2004 laudem

161 2056 281 2096 non
316 2040 534 2108 habeat,
563 2049 618 2097 et
643 2051 822 2097 tamen
845 2041 1223 2113 quodcumque
1246 2044 1297 2097 in
1328 2043 1770 2113 interpretatione

160 2143 276 2200 est,
312 2136 589 2192 retineant
616 2134 690 2189 illi
721 2135 812 2205 qui
842 2134 1147 2190 audierunt.
1181 2133 1494 2189 Benedictus
1517 2134 1770 2188 Dominus

165 2225 318 2283 Deus
358 2245 520 2297 meus,
549 2229 639 2300 qui
668 2228 816 2283 docet
865 2245 1046 2283 manus
1075 2245 1213 2284 meas
1235 2229 1302 2282 ad
1327 2227 1584 2298 prrelium,
1611 2237 1658 2282 et
1690 2228 1773 2282 di-

162 2322 308 2392 gitos
334 2337 473 2376 meos
513 2323 582 2375 ad
609 2320 820 2376 bellum.
853 2322 1118 2378 Levemus
1141 2336 1330 2377 manus
1358 2321 1409 2377 in
1437 2330 1619 2376 sancta
1651 2321 1770 2376 sine

165 2415 594 2486 cogitationibus
625 2423 680 2472 et
706 2415 1225 2484 disceptationibus;
1268 2416 1510 2496 levemus
1538 2415 1589 2469 in
1622 2415 1767 2469 omni

167 2513 318 2569 loco.
345 2514 414 2569 Et
442 2529 569 2569 eum
597 2513 960 2569 levaverimus
985 2527 1178 2567 manus
1205 2521 1442 2580 nostras,
1484 2513 1767 2582 orationes

169 2618 379 2662 nostra:
437 2607 502 2661 ad
551 2607 719 2662 Deum
775 2622 924 2662 arma
953 2615 1286 2662 suntcontra
1331 2606 1626 2661 diabolum.
1667 2605 1771 2674 Qui

166 2702 326 2755 docet
354 2717 536 2755 manus
553 2717 694 2756 meas
723 2702 792 2754 ad
819 2701 1079 2770 praelium,
1122 2710 1168 2754 et
1190 2700 1380 2771 digitos
1409 2717 1548 2754 meos
1575 2700 1644 2752 ad
1665 2700 1771 2754 bel-

165 2795 302 2850 lum.
356 2795 482 2850 Hmc
527 2804 610 2852 est
629 2795 746 2867 lyra
771 2803 981 2863 nostra,
1016 2793 1133 2849 haec
1153 2791 1378 2848 cithara.
1425 2791 1481 2847 In
1505 2792 1606 2846 hac
1637 2806 1766 2847 can-

166 2897 354 2944 tamus
381 2888 633 2972 Domino.

211 2979 612 3038 'Misericordia
662 3001 803 3052 mea,
861 2991 910 3037 et
953 2983 1216 3054 refugium
1256 2999 1448 3047 meum,
1504 2988 1772 3051 susceptor

165 3093 321 3132 nteus
371 3084 421 3131 et
471 3076 718 3131 liberator
742 3091 903 3130 meus.
958 3073 1232 3129 Protector
1259 3091 1422 3141 meus,
1472 3083 1518 3128 et
1555 3075 1608 3126 in
1654 3073 1770 3144 ipso

166 3170 397 3239 sperari.
448 3168 506 3224 In
559 3169 720 3223 tantis
747 3167 1054 3223 nominibus
1093 3168 1396 3238 appellatur
1434 3167 1598 3223 Deus.
1630 3167 1772 3235 Quot

1873 1967 2082 2030 nescio,
2115 1981 2285 2022 senex
2318 1982 2464 2023 sum.
2495 1968 2774 2024 Senectuti
2807 1982 2954 2023 mors
2995 1967 3260 2037 subrepit.
3295 1967 3472 2022 Mutor

1871 2058 2135 2129 quotidie,
2169 2068 2224 2114 et
2251 2059 2384 2114 nihil
2411 2075 2496 2114 me
2520 2075 2645 2115 esse
2663 2074 2768 2114 non
2789 2059 3081 2116 sentio.Ne
3110 2073 3218 2114 uno
3245 2058 3466 2130 quidem

1873 2161 2152 2204 momento
2184 2149 2336 2206 horae
2365 2160 2573 2207 stamus
2599 2152 2652 2206 in
2682 2160 2831 2206 statu
2875 2160 3087 2218 nostro,
3131 2151 3226 2206 sed
3251 2164 3470 2220 semper

1872 2250 1965 2297 aut
2015 2242 2315 2298 crescimus
2371 2251 2462 2298 aut
2502 2243 2889 2300 decrescimus.
2947 2245 3090 2316 Ergo
3145 2243 3321 2299 homo
3369 2257 3465 2312 per

1873 2344 2149 2391 momenta
2171 2345 2431 2402 mutatur,
2467 2346 2519 2392 et
2545 2336 2674 2392 dum
2704 2337 2895 2403 nescit,
2920 2335 3131 2390 interit.
3148 2336 3258 2406 Ego
3275 2348 3465 2403 senex,

1872 2429 2138 2485 recordor
2166 2430 2468 2486 infantulus
2497 2431 2628 2501 quid
2657 2430 2879 2495 fuerim,
2911 2430 3044 2502 quid
3068 2429 3312 2496 fecerim,
3331 2443 3468 2501 quo-

1872 2523 2036 2578 modo
2068 2524 2316 2592 luserim,
2346 2523 2626 2594 quomodo
2655 2523 3011 2594 hucillucque
3051 2521 3408 2578 discurrerim
3445 2536 3461 2576 :

1871 2629 2017 2670 nunc
2067 2630 2152 2669 mc
2200 2614 2358 2670 video
2394 2615 2562 2670 nimio
2589 2615 2834 2685 pondere
2875 2623 3296 2685 praegravatum.
3331 2610 3458 2666 Dies

1871 2710 1984 2779 ejus
2011 2707 2141 2761 sicut
2168 2707 2343 2760 umbra
2375 2715 2702 2775 prwtereunt.
2734 2706 2853 2761 Vita
2897 2713 3086 2762 nostra
3119 2706 3308 2761 umbra
3341 2718 3468 2760 esse

1871 2798 2122 2865 videtur,
2169 2807 2224 2853 et
2271 2797 2629 2852 substantiam
2681 2811 2788 2852 non
2840 2795 3023 2854 habet.
3073 2797 3229 2866 Quod
3283 2806 3485 2854 autem

1872 2891 2228 2947 substantiam
2281 2905 2388 2946 non
2433 2891 2618 2956 habet,
2641 2889 2754 2946 cito
2779 2891 2936 2960 perit.
2965 2891 3100 2960 Quia
3149 2906 3281 2961 ergo
3304 2893 3468 2946 humo

1872 2992 1980 3040 tam
2007 2984 2334 3040 miserabilis
2355 2992 2438 3039 est
2473 3000 2489 3039 :
2522 2983 2648 3054 quia
2675 2983 2752 3038 sic
2773 2991 2858 3038 est
2884 2984 3156 3053 infirmus,
3180 2984 3311 3054 quid
3339 2984 3469 3040 inde

1872 3077 2196 3151 precamur?
2227 3077 2359 3148 quid
2387 3075 2679 3148 rogamus?
2723 3075 2853 3147 quid
2881 3074 2970 3131 hic
2997 3074 3133 3131 dicit
3164 3076 3465 3146 propheta?

1873 3173 2000 3244 quid
2029 3179 2114 3227 est
2141 3171 2284 3242 quod
2313 3170 2604 3241 precatur?
2753 3173 2760 3180 '

167 3262 460 3329 beneﬁcia,
496 3270 571 3318 tot
601 3263 843 3317 nomina.
888 3262 990 3330 Qui
1009 3262 1184 3316 subdis
1205 3261 1454 3333 papulum
1482 3275 1653 3313 meum
1674 3259 1767 3312 sub
1795 3255 1840 3316 C
1944 3264 2183 3330 Domine,
2200 3263 2395 3318 inclina
2423 3263 2579 3318 caelos
2607 3271 2741 3325 tuos,
2765 3269 2814 3314 et
2844 3260 3118 3316 descende.
3165 3258 3282 3314 Non
3313 3267 3466 3328 pote-

168 3372 272 3410 me.
320 3355 436 3410 IIoc
481 3363 659 3424 potest
686 3370 754 3409 ex
783 3368 1016 3424 persona
1066 3353 1267 3408 Christi
1317 3352 1459 3420 dici,
1506 3350 1610 3406 hoc
1643 3343 1763 3416 est,

167 3460 237 3500 ex
299 3455 585 3514 assumpto
639 3443 882 3500 homine.
940 3444 1129 3499 Potest
1184 3451 1362 3497 autem
1417 3457 1484 3497 ex
1534 3455 1763 3510 persona

165 3537 540 3609 apostolorum
584 3538 713 3602 dici,
739 3536 862 3608 quia
891 3537 1090 3592 dicitur
1121 3555 1131 3589 :
1163 3537 1266 3602 Qui
1309 3533 1482 3589 subdis
1514 3535 1761 3605 populum

162 3646 339 3686 meum
367 3631 462 3684 sub
485 3647 582 3685 me.
615 3630 754 3684 Dicit
780 3630 884 3684 hoc
915 3637 971 3684 et
1017 3638 1240 3683 sanctus
1270 3626 1433 3682 Pater
1465 3627 1518 3681 in
1548 3640 1765 3680 monas-

165 3723 347 3786 terio,
392 3729 448 3776 et
493 3721 700 3792 gratias
750 3719 995 3776 referens
1046 3721 1158 3775 Deo
1208 3719 1339 3774 dicit
1383 3737 1393 3771 :
1435 3718 1763 3773 Benedictus

162 3814 433 3869 Dominus
485 3814 629 3868 Deus
684 3829 875 3878 meus,
924 3813 1014 3881 qui
1059 3812 1238 3866 subdis
1292 3811 1538 3881 paputum
1595 3825 1763 3863 meum

161 3909 258 3965 sub
285 3925 385 3964 me.
411 3907 526 3963 Non
547 3909 691 3963 enim
719 3907 849 3961 mihi
867 3905 1182 3974 subjicitur;
1211 3903 1304 3958 sed
1338 3902 1432 3957 tibi
1455 3901 1758 3971 subjicitur.

159 3999 292 4057 Ideo
321 4001 455 4054 mihi
485 4001 676 4066 servit,
703 3998 985 4053 utserviat
1017 3997 1132 4052 tibi.

235 4092 478 4157 Domine,
531 4091 657 4160 quid
708 4100 782 4145 est
820 4089 1005 4157 homo,
1047 4089 1168 4158 quia
1219 4087 1496 4142 innotuisti
1549 4086 1596 4138 ei
1629 4093 1758 4140 :aut

157 4185 302 4256 ﬁlius
355 4183 599 4252 hominis,
648 4182 770 4254 quia
789 4191 998 4253 reputas
1028 4182 1183 4234 eum?
1237 4178 1347 4234 Hoc
1388 4180 1563 4248 ipsum
1605 4182 1662 4230 et
1703 4175 1758 4231 in

156 4288 354 4333 octavo
383 4276 594 4348 psalmo
624 4275 823 4330 dicitur
858 4294 868 4328 :
903 4273 1042 4341 Quid
1064 4282 1147 4328 est
1174 4273 1337 4327 homo
1364 4273 1508 4343 quod
1549 4285 1760 4326 memor

157 4387 220 4429 es
264 4372 386 4442 ejus
416 4389 429 4425 :
455 4379 546 4425 aut
578 4369 722 4425 ﬁlius
767 4369 1024 4434 hominis,
1075 4369 1332 4437 quoniam
1372 4367 1565 4421 visitas
1590 4367 1758 4420 eum?

154 4465 406 4526 Domine,
437 4464 563 4535 quid
591 4471 664 4517 est
694 4462 867 4526 homo,
889 4462 1013 4532 quia
1035 4461 1308 4515 innotuisti
1335 4461 1380 4515 ei
1391 4465 1417 4516 γ
1448 4461 1522 4514 De
1550 4458 1758 4528 fragili-

155 4567 272 4614 tate
298 4557 548 4626 corporis
569 4567 622 4612 et
645 4555 877 4610 humana
899 4554 1212 4610 conditione
1237 4554 1513 4624 loquitur?
1535 4554 1602 4608 Et
1625 4554 1754 4624 quid

1870 3358 1948 3414 ris
1979 3371 2203 3412 servare
2249 3357 2405 3410 istam
2437 3355 2675 3410 hominis
2704 3353 2991 3421 vilitatem,
3025 3351 3130 3408 nisi
3176 3352 3290 3422 ipse
3343 3365 3464 3406 eam

1871 3450 2132 3507 indueris.
2192 3449 2446 3512 Domine,
2476 3449 2670 3502 inclina
2699 3451 2852 3502 caelos
2885 3455 3025 3514 tuos,
3083 3457 3132 3500 et
3187 3443 3456 3500 descende.

1867 3544 1996 3602 Ovis
2025 3552 2118 3599 tua
2144 3558 2370 3598 errones
2400 3543 2580 3597 sanari
2613 3556 2719 3596 non
2757 3541 2976 3611 poterit.
3005 3541 3108 3595 nisi
3138 3539 3248 3596 tuis
3274 3539 3464 3594 hume-

1869 3637 1944 3692 ris
1971 3643 2278 3705 reportetur
2321 3633 2472 3706 (Luc.
2505 3634 2618 3703 xv).
2666 3633 2847 3705 Tange
2878 3642 3098 3697 montes,
3153 3639 3203 3685 ει
3239 3631 3466 3701 fumiga-

1867 3729 2013 3783 bunt.
2040 3731 2242 3794 Amen,
2267 3742 2425 3783 amen
2444 3727 2569 3782 dico
2597 3726 2790 3781 vobis:
2814 3727 2858 3781 si
2887 3725 3186 3781 habueritis
3217 3725 3376 3779 fidem
3403 3731 3466 3778 ut

1863 3836 2090 3893 granum
2109 3821 2311 3891 sinapis
2344 3838 2354 3873 :
2391 3819 2642 3888 poteritis
2667 3818 2848 3874 dicere
2873 3819 3042 3872 monti
3065 3816 3196 3871 huic
3224 3833 3235 3868 :
3267 3814 3460 3880 transi,

1863 3924 1918 3970 et
1941 3917 2298 3970 transferetur
2329 3912 2545 3980 (Matth.
2577 3913 2731 3982 xvn).
2763 3911 2840 3966 Ibi
2877 3911 2949 3967 de
2971 3911 3214 3966 luuatico
3241 3909 3462 3965 diceba-

1866 4017 1953 4062 tur
1977 4026 1991 4062 :
2023 4008 2091 4063 de
2112 4008 2211 4062 illo
2237 4014 2443 4072 monte,
2471 4005 3065 4076 quiabillistransferri
3087 4019 3194 4060 non
3221 4012 3454 4074 poterat.

1864 4103 2136 4171 Scriptum
2169 4109 2254 4156 est
2292 4102 2344 4155 in
2368 4099 2642 4155 Ieremia:
2674 4099 2813 4154 Date
2859 4098 3090 4154 Domino
3129 4098 3244 4154 Deo
3273 4108 3461 4154 nostro

1861 4194 2110 4264 gloriam,
2138 4202 2428 4264 antequam
2457 4190 2916 4262 oﬂ‘endantpedes
2941 4190 3109 4246 vestri
3149 4189 3214 4244 ad
3247 4199 3458 4244 montes

1861 4289 2178 4344 tenebrosos
2225 4286 2360 4360 (Jer.
2413 4285 2554 4358 xm).
2606 4286 2718 4341 lloc
2768 4295 2940 4340 totum
2979 4299 3145 4355 quare
3186 4283 3458 4338 diximus?

1859 4379 2129 4449 Quoniam
2167 4389 2225 4436 et
2253 4395 2396 4436 nunc
2437 4378 2712 4449 sequitur:
2749 4377 2923 4450 Tange
2977 4385 3195 4442 montes,
3223 4383 3272 4428 et
3300 4375 3459 4445 [umi—

1851 4476 2070 4546 gabunt.
2103 4473 2312 4528 Montes
2343 4473 2431 4543 qui
2463 4481 2696 4542 regnant
2727 4489 2740 4525 :
2774 4479 2990 4527 montes
3019 4467 3109 4540 qui
3141 4466 3313 4523 erecti
3333 4477 3462 4523 sunt

1858 4582 1957 4636 per
2000 4565 2306 4634 superbiam
2342 4581 2356 4617 :
2387 4563 2481 4633 qui
2533 4562 2756 4617 dicunt:
2790 4561 2906 4615 Mea
2956 4570 3083 4615 sunt
3129 4558 3374 4624 ﬂumina,
3406 4568 3463 4613 et

157 4651 328 4707 dicit?
369 4649 428 4704 Si
472 4663 690 4704 carnem
715 4635 978 4718 aspicias,
1003 4646 1131 4718 quid
1153 4655 1238 4702 est
1267 4645 1466 4702 homo?
1492 4647 1545 4701 Si
1576 4645 1747 4716 Spiri-
1779 4653 1826 4710 Ι)
1853 4635 1954 4730 έπεο
1983 4657 2083 4711 feci
2112 4670 2196 4710 ea.
2223 4652 2403 4724 Tange
2424 4663 2642 4716 montes,
2674 4659 2737 4704 et
2769 4651 3113 4722 fumigabunt.
3147 4649 3265 4714 Non
3295 4649 3453 4712 dixit,

159 4755 294 4810 tum,
326 4741 534 4813 grande
563 4741 818 4812 quiddam
868 4749 954 4796 est
1003 4741 1185 4795 homo.
1219 4739 1335 4794 Non
1386 4740 1752 4809 despiciamus

156 4851 406 4904 carnem,
438 4834 536 4891 sed
560 4834 739 4890 carnis
761 4848 931 4902 onera
960 4844 1391 4889 contemnamus.
1420 4832 1536 4887 Non
1567 4833 1751 4903 despi-

156 4933 371 4986 ciamus
420 4944 668 4996 carnem,
702 4945 821 4998 qua:
851 4942 974 4983 cum
1021 4927 1238 4983 Christo
1283 4937 1474 4997 regnat
1506 4930 1557 4981 in
1588 4927 1750 4982 ctelo.

157 5025 298 5081 Caro
325 5033 385 5080 et
409 5025 633 5094 sanguis
655 5038 879 5094 regnum
914 5021 1008 5077 Dei
1035 5036 1140 5076 non
1177 5021 1537 5089 possidebunt
1562 5021 1601 5092 (Ι
1628 5019 1749 5074 Cor.

158 5119 275 5186 xv).
298 5114 429 5170 Non
462 5129 592 5170 caro
628 5123 682 5169 et
710 5114 961 5184 sanguis,
993 5113 1089 5169 sed
1114 5113 1294 5170 carnis
1316 5127 1502 5181 Opera.
1536 5111 1676 5167 Caro
1699 5120 1752 5167 et

160 5209 378 5280 sanguis
407 5223 632 5279 regnum
664 5207 758 5262 Dei
783 5221 889 5262 non
919 5207 1296 5275 possidebunt,
1323 5217 1377 5262 et
1398 5207 1672 5276 quomodo
1698 5207 1749 5260 in

159 5301 374 5358 Christo
427 5309 679 5372 regnant,
713 5310 769 5357 et
809 5301 1084 5369 quomodo
1110 5301 1360 5356 sedemus
1382 5315 1504 5355 cum
1535 5300 1754 5356 Christo

161 5395 211 5451 in
237 5393 592 5452 cmlcstibus?
613 5392 856 5463 Domine,
881 5393 1006 5464 quid
1025 5401 1100 5448 est
1129 5392 1304 5460 homo,
1333 5394 1456 5460 quia
1488 5394 1756 5448 innotuisti

162 5490 241 5544 ei:
269 5499 358 5543 aut
381 5487 527 5558 ﬁlius
555 5485 802 5551 hominis,
832 5486 955 5554 quia
980 5496 1189 5558 reputas
1224 5485 1374 5540 eum?
1403 5485 1618 5542 Gratias
1648 5487 1758 5557 agit

162 5581 288 5650 Deo,
339 5590 396 5637 et
425 5581 572 5652 quod
602 5578 754 5644 dicit,
781 5578 882 5634 hoc
907 5579 1334 5652 est':_Quantum
1365 5583 1429 5636 ad
1465 5584 1753 5637 humanam

157 5676 556 5739 conditionem,
587 5671 752 5726 homo
780 5672 913 5728 nihil
937 5681 1040 5729 est.
1088 5673 1309 5731 Vanitas
1340 5678 1663 5739 vanitatum,
1698 5685 1754 5731 et

153 5771 327 5828 omnia
362 5765 604 5834 vanitas,
635 5764 768 5819 dicit
793 5765 1170 5823 Ecclesiastes.
1206 5769 1262 5826 Si
1288 5770 1468 5824 omnia
1514 5770 1748 5838 vanitas,

150 5881 273 5939 ergo
303 5873 362 5922 et
411 5861 641 5924 caelum,
691 5873 821 5929 ergo
852 5870 906 5917 et
933 5861 1126 5934 angeli.
1173 5863 1232 5920 Si
1257 5863 1454 5920 cretum
1487 5873 1541 5921 et
1568 5864 1744 5935 angeli

1860 4746 2372 4807 inﬂarnmabuntur;
2416 4743 2539 4812 sed,
2574 4742 2916 4814 [untigabunt.
2968 4741 3216 4796 Habeant
3245 4751 3458 4797 montes

1804 4830 1808 4834 ’
1857 4856 2035 4913 poena:
2069 4837 2322 4905 indicium
2360 4851 2507 4889 :non
2539 4834 2782 4904 fulgoris,
2820 4848 2928 4888 non
2959 4832 3290 4903 splendoris.

1930 4931 2170 5004 Fulgura
2224 4929 2602 4983 coruscationes
2633 4967 2648 4990 ,
2719 4933 2766 4979 ct
2820 4924 3096 4996 dissipabis
3150 4941 3256 4980 eos.
3317 4923 3454 4978 Vide

1857 5028 1987 5099 quid
2035 5028 2198 5082 dicat.
2232 5025 2347 5080 Non
2395 5023 2548 5089 dixit,
2593 5021 2798 5078 delebis
2828 5036 2954 5086 eos;
3005 5020 3124 5085 sed,
3175 5019 3453 5089 dissipabis

1857 5139 1961 5177 eos.
1995 5122 2248 5190 Legimus
2276 5119 2330 5174 in
2361 5118 2582 5186 Genesi,
2613 5133 2680 5173 eo
2709 5128 2955 5186 tempore
2977 5131 3086 5187 quo
3115 5114 3454 5170 fabricabant

1859 5224 2094 5278 turrem,
2116 5213 2257 5267 dixit
2278 5213 2421 5268 Deus
2449 5228 2462 5266 :
2493 5210 2707 5275 Venite,
2729 5207 3124 5264 descendamus
3146 5217 3200 5264 et
3219 5207 3450 5262 confun-

1860 5307 2052 5362 damus
2086 5307 2298 5367 linguas
2343 5319 2557 5367 eorum,
2586 5318 2652 5357 ne
2702 5301 2998 5373 aliquando
3042 5303 3096 5357 in
3134 5318 3194 5358 se
3221 5315 3455 5357 consen-

1862 5415 1981 5455 sum
2018 5399 2272 5464 lIabeant,
2319 5397 2415 5452 sed
2459 5397 2840 5468 disperguntur
2877 5393 3032 5466 (Gen.
3077 5394 3178 5467 xI).
3229 5393 3456 5451 Prodest

1863 5497 1991 5552 illis.

1937 5587 2130 5645 Emitte
2154 5593 2360 5645 manum
2389 5600 2530 5646 tuam
2553 5591 2616 5645 de
2644 5589 2774 5646 alto.
2801 5590 3191 5663 Domine,quis
3219 5587 3455 5645 credidit

1856 5683 2065 5738 auditui
2100 5691 2307 5750 nostro,
2338 5690 2394 5739 et
2435 5682 2716 5738 brachium
2761 5681 2970 5736 Domini
3017 5683 3106 5737 cui
3152 5681 3453 5737 revelatum

1857 5785 1941 5833 est
1962 5775 2114 5849 (Isai.
2149 5776 2304 5848 LIII)?
2334 5775 2526 5831 Emitte
2553 5791 2766 5830 manum
2794 5782 2936 5829 tuam
2963 5774 3028 5828 de
3052 5773 3182 5831 alto.
3209 5774 3454 5841 Domine,

1853 5867 2050 5924 inclina
2070 5870 2222 5926 ctrlos
2243 5879 2355 5926 tuos
2379 5878 2425 5925 et
2447 5867 2712 5924 descende.
2743 5867 2856 5923 lloc
2883 5867 2952 5924 ad
2981 5867 3181 5925 Filium
3208 5867 3410 5925 dicitur
3436 5886 3448 5922 :
