3992 6318
515 312 654 368 ωδ
711 302 718 312 ‘

1303 311 1646 370 Al’PENDIX
1691 311 1784 369 AD
1822 312 2063 370 TOMUM
2101 311 2454 370 SEPTIMUII
2493 313 2549 369 S.
2594 311 2998 370 HIERONYMI.

3673 317 3799 376 l3“

512 427 720 482 lnclina
765 427 918 484 cmlos
947 437 1060 480 tuos
1108 435 1156 480 et
1199 426 1467 482 descende.
1505 425 1572 482 Et
1608 424 1881 496 quomodo
1919 425 2097 481 dixit:
2128 428 2179 488 Α
2207 423 2285 480 llli
2336 426 2441 481 hoc
2484 427 2758 482 dixerunt.
2809 427 2921 498 Ego
2961 427 3090 498 quid
3131 428 3294 483 dico?
3347 429 3544 486 Beatus
3594 433 3802 504 populus

512 519 706 576 Emitte
735 537 944 576 manuni
966 529 1107 574 tuam
1147 519 1211 574 de
1238 519 1386 574 alto?
1414 520 1468 574 Si
1499 519 1804 589 descendit,
1833 517 2106 588 quomodo

513 629 731 669 manum
766 612 930 668 mittit
955 611 1026 666 de
1062 610 1207 666 alto?
1228 610 1338 668 Sed
1379 611 1504 666 licet
1534 611 1586 666 in
1630 619 1776 666 terra
1805 611 1894 676 sit,
1926 619 2103 665 tamen

512 704 582 760 de
621 705 758 759 coelo
788 703 954 758 mittit
995 719 1211 758 manum
1245 721 1258 759 :
1288 717 1396 758 non
1426 704 1570 759 enim
1604 703 1810 758 recedit
1848 702 1916 757 de
1939 703 2101 758 coelo.

515 796 679 867 Eripe
704 812 812 861 me,
843 805 888 850 et
913 796 1075 850 libera
1101 812 1182 851 me
1212 797 1276 849 tle
1305 795 1456 868 aquis
1477 796 1674 850 multis.
1709 795 1974 862 Quoniam
2007 794 2097 849 de-

513 888 794 952 scendisti,
817 889 1068 958 quoniam
1095 889 1369 946 inclinasti
1395 888 1583 955 ccelos,
1602 897 1657 944 et
1673 887 1870 942 misisti
1887 901 2104 940 manum

511 989 657 1036 tuam
686 981 754 1035 de
785 980 918 1048 alto,
943 987 1000 1034 et
1020 980 1310 1035 humanam
1339 995 1564 1036 carnem
1591 979 1844 1051 dignatus
1865 993 1926 1033 es
1951 992 2108 1032 assu-

512 1094 687 1143 mere,
737 1085 794 1133 et
833 1077 989 1132 multi
1033 1077 1390 1132 crediderunt
1437 1077 1489 1130 in
1533 1086 1632 1131 te:
1675 1089 1772 1145 pro
1817 1089 1920 1128 una
1967 1088 2104 1144 aqua

514 1167 698 1241 plures
740 1185 894 1242 aqua:
925 1184 1048 1224 esse
1089 1177 1382 1240 creperum
1427 1185 1442 1222 :
1485 1167 1683 1222 Videas
1734 1167 2006 1237 dispersas
2050 1164 2105 1220 in

515 1270 630 1317 toto
673 1261 808 1318 orbe
861 1277 983 1317 esse
1039 1261 1276 1317 haereses
1330 1260 1598 1316 diversas.
1658 1258 1818 1328 Eripe
1871 1275 1949 1312 me
1983 1298 1998 1324 ,
2059 1267 2107 1312 ct

510 1355 670 1410 libera
706 1370 785 1409 me
830 1355 895 1409 de
940 1354 1088 1426 aquis
1117 1353 1294 1407 multis
1329 1360 1429 1408 :et
1473 1360 1673 1424 pttcsta
1717 1350 1846 1405 mihi
1898 1349 2104 1406 fontem

513 1445 806 1503 viventem.
865 1446 1016 1502 Unus
1064 1454 1147 1500 est
1185 1447 1329 1500 enim
1363 1444 1538 1511 Deus,
1589 1459 1692 1497 una
1739 1441 1906 1510 ﬁdes,
1940 1457 2106 1499 unum

511 1538 780 1610 baptisma
808 1537 1023 1610 (Epltes.
1057 1537 1156 1608 tv).
1183 1535 1370 1591 Libera
1399 1553 1478 1590 me
1497 1536 1561 1590 de
1589 1535 1737 1608 aquis
1761 1536 1962 1589 multis.
1997 1534 2107 1590 Illa:

511 1631 658 1685 enim
687 1645 842 1699 aqua:
874 1631 1053 1684 mult-.e
1082 1636 1477 1700 non'generant
1505 1628 1646 1683 ﬁlios
1676 1638 1820 1694 tuos,
1849 1627 1944 1682 sed
1969 1628 2106 1682 ﬁlios

511 1721 742 1777 alienos.
779 1721 930 1778 Unde
969 1723 1216 1793 sequitur
1245 1739 1258 1776 :
1291 1720 1476 1776 Libera
1511 1737 1589 1774 me
1629 1720 1693 1774 de
1730 1720 1876 1792 aquis
1907 1721 2101 1792 multis,

2207 518 2354 588 cujus
2387 517 2636 574 Dominus
2668 518 2808 574 Deus
2849 523 2986 592 ejus.
3019 519 3241 592 Singula
3271 524 3434 594 igitur
3459 525 3664 580 veStris
3684 541 3799 582 ora-

2210 608 2445 665 tionibus
2473 610 2708 666 breviter
2733 610 3085 668 disseremus.
3123 611 3353 679 Quorum
3377 615 3503 684 ﬁlii,
3541 616 3678 672 sicut
3713 634 3800 674 no-

2208 698 2352 754 vellae
2377 698 2722 771 plantationes
2761 702 2815 756 in
2853 705 3129 775 juventute
3155 721 3271 760 sua.
3308 705 3585 764 Plantatio
3625 723 3800 768 eorum

2209 805 2316 844 non
2341 800 2425 846 est
2460 804 2640 859 Vetus,
2672 792 2766 848 sed
2797 793 3009 848 novella
3043 804 3148 850 est.
3177 795 3295 851 Non
3327 804 3412 851 est
3442 797 3592 853 enim
3620 799 3687 855 de
3715 817 3799 858 ve-

2210 887 2308 939 teri
2335 886 2449 956 lege
2483 904 2493 938 :
2525 901 2630 942 non
2656 896 2738 942 est
2762 887 2829 942 de
2853 887 3134 958 prephetis
3159 905 3174 944 :
3199 905 3303 944 non
3327 892 3508 965 estde
3529 893 3796 963 apostolis,

2207 977 2302 1032 sed
2344 978 2413 1034 de
2440 981 2593 1034 novis
2639 982 2913 1051 magistris
2943 992 3045 1038 est.
3081 981 3230 1038 Filia:
3261 999 3475 1054 eorum,
3532 987 3673 1041 sicut
3713 1003 3798 1044 no-

2207 1071 2360 1126 vella:
2401 1073 2767 1143 plantationes
2814 1073 2867 1128 in
2906 1075 3196 1145 juventute
3241 1093 3362 1131 sua.
3416 1078 3477 1132 In
3530 1079 3800 1148 juventute

2208 1177 2302 1216 sua
2335 1180 2350 1216 :
2374 1179 2592 1236 semper
2609 1165 2840 1235 juvenes
2867 1173 3014 1222 sunt.
3046 1167 3198 1223 Licet
3227 1169 3414 1224 multae
3437 1171 3552 1226 sint
3577 1171 3796 1228 haereses

2207 1266 2438 1323 veteres,
2473 1266 2652 1312 tamen
2682 1261 2925 1329 quotidie
2956 1271 3248 1328 mutantur,
3281 1271 3334 1317 et
3387 1279 3546 1319 novae
3577 1267 3797 1334 quotidie

2206 1348 2575 1404 inveniuntur.
2619 1350 2782 1406 Novae
2813 1359 2942 1406 sunt
2986 1353 3116 1422 ipsa:
3158 1352 3419 1420 haereses,
3452 1356 3582 1411 licet
3606 1370 3794 1414 veteres

2205 1439 2314 1496 sivit
2357 1459 2368 1493 :
2410 1449 2589 1496 tamen
2617 1457 2736 1497 cum
2767 1443 3008 1514 quotidie
3035 1444 3313 1501 doetrinas
3355 1461 3483 1502 suas
3516 1449 3789 1519 innovant,

2209 1549 2365 1588 nova:
2416 1546 2564 1589 sunt.
2612 1534 2727 1590 Non
2770 1537 2914 1590 enim
2958 1546 3086 1591 sunt
3133 1545 3378 1593 veterum
3426 1543 3792 1611 magistrorum

2208 1640 2394 1680 errore
2439 1626 2706 1692 contenti,
2747 1628 2840 1681 sed
2873 1627 3115 1696 quotidie
3157 1628 3258 1698 ipsi
3304 1645 3442 1684 nova
3493 1634 3791 1702 reperiunt:

2208 1735 2425 1789 quorum
2450 1719 2571 1789 ﬁlii,
2594 1720 2724 1774 sicut
2745 1719 2959 1775 novellis
2977 1721 3324 1790 plantationes
3339 1724 3396 1776 in
3405 1727 3678 1796 juventute
3693 1741 3793 1780 sua.

511 1825 558 1872 et
595 1818 658 1871 de
705 1834 861 1870 manu
890 1816 1124 1887 ﬁliorum
1167 1817 1476 1871 alienorum.
1524 1814 1642 1869 Non
1674 1821 1802 1869 sunt
1829 1813 1976 1869 enim
2006 1813 2100 1869 ﬁlii
2136 1808 2180 1868 Β
2213 1811 2284 1864 De
2317 1810 2581 1875 Ecclesia,
2613 1812 2742 1882 quid
2764 1811 2998 1870 dicitur:
3030 1813 3098 1868 de
3131 1814 3447 1870 timentibus
3479 1817 3797 1875 Dominum?

515 1910 614 1976 tui,
647 1909 741 1980 qui
777 1917 1078 1964 nascuntur
1125 1908 1182 1962 in
1216 1908 1402 1963 multis
1457 1907 1646 1977 aquis;
1690 1904 1786 1962 sed
1815 1905 1982 1961 alieni
2010 1905 2106 1961 lilii

516 2011 662 2057 sunt.

589 2095 822 2162 Quorum
875 2111 930 2149 os
974 2094 1201 2150 locutum
1232 2105 1307 2150 est
1345 2094 1641 2148 vanitatem.
1680 2091 1977 2149 Scientiam
2006 2089 2106 2146 sibi

513 2185 927 2258 repromittunt,
957 2195 1012 2241 et
1037 2186 1253 2256 erigunt
1283 2199 1346 2239 os
1375 2192 1565 2239 contra
1589 2181 1900 2237 Creatorem
1924 2197 2104 2238 suum.

513 2279 825 2336 Posuerunt
860 2279 913 2333 in
944 2278 1088 2334 ccelo
1115 2291 1176 2330 os
1205 2291 1381 2330 suum.
1414 2268 1649 2344 Quorum
1682 2291 1738 2329 os
1759 2275 1987 2328 locutum
2033 2281 2107 2328 est

515 2372 813 2426 vanitatem.
862 2368 1102 2426 Scientia
1159 2368 1400 2434 illorum,
1450 2368 1699 2423 vanitatis
1749 2365 1976 2421 scientia
2000 2376 2104 2421 est.

517 2463 585 2518 Et
607 2465 816 2518 dextera
835 2478 1033 2530 eorum,
1071 2461 1285 2517 dextera
1304 2461 1615 2532 iniquitatis.
1650 2460 1949 2532 Utrumque
1977 2475 2109 2517 con-

516 2558 829 2622 demnatur,
875 2565 932 2611 et
982 2571 1044 2617 os
1100 2564 1156 2610 et
1186 2569 1414 2622 manus,
1475 2563 1526 2610 et
1557 2555 1781 2611 scientia
1822 2566 1876 2611 et
1916 2570 2104 2626 opera.

518 2650 748 2718 Quorum
773 2665 830 2703 os
857 2647 1091 2702 locutum
1111 2656 1183 2702 est
1205 2645 1503 2713 vanitatem,
1538 2648 1640 2702 hoc
1670 2657 1775 2714 est,
1797 2647 2104 2703 scientiam.

516 2741 585 2797 Et
633 2742 842 2796 dextera
891 2757 1100 2809 eorum,
1146 2741 1356 2796 dextera
1390 2739 1696 2812 iniquitatis.
1751 2741 2005 2806 Dextera,
2053 2741 2107 2794 in

517 2851 700 2906 opere.
738 2835 1020 2890 Dexteram
1050 2848 1109 2888 se
1137 2833 1343 2889 habere
1371 2833 1562 2890 dicunt
1594 2852 1604 2886 :
1635 2834 1732 2888 sed
1766 2833 1863 2889 toti
1893 2835 2106 2890 sinistri

515 2936 661 2983 sunt.
693 2927 922 2982 Dextera
971 2925 1279 2996 iniquitatis
1329 2935 1433 2990 est,
1479 2936 1529 2980 et
1563 2941 1669 2981 non
1699 2936 1778 2982 est
1811 2925 2104 2997 aequitatis.

522 3021 674 3077 Unde
695 3029 749 3075 et
777 3020 870 3076 tali
894 3021 1128 3076 sinistra:
1146 3019 1345 3074 dicitur
1377 3037 1391 3073 :
1424 3019 1547 3076 Stet
1575 3019 1821 3074 diabolus
1842 3034 1872 3074 a
1900 3019 2108 3074 dextris

517 3113 655 3184 ejus.
679 3113 783 3181 Qui
814 3113 977 3168 talem
1011 3112 1176 3168 habet
1205 3113 1485 3168 dexteram
1505 3152 1519 3176 ,
1551 3122 1605 3167 et
1653 3112 1952 3180 iniquitatis
1978 3111 2109 3166 dex-

520 3217 711 3270 teram,
736 3215 846 3262 stat
865 3206 1110 3261 diabolus
1138 3224 1164 3258 u
1191 3204 1400 3261 dextris
1427 3205 1545 3276 ejus
1576 3203 1752 3277 (Psal.
1784 3205 1962 3275 cvm).

589 3300 758 3362 Deus,
791 3299 1051 3352 canticum
1091 3313 1277 3352 novum
1315 3297 1533 3352 cantabo
1571 3297 1684 3351 tibi.
1707 3295 1891 3351 Novus
1915 3297 2104 3367 homo,

516 3406 715 3458 novum
743 3391 1032 3447 canticum.
1073 3389 1230 3456 Deus,
1260 3390 1516 3444 canticum
1543 3405 1726 3444 novum
1753 3390 1970 3444 cantabo
1994 3391 2105 3446 tibi.

516 3481 744 3540 Caritate
774 3485 1001 3539 Domino
1032 3485 1296 3540 canticum
1327 3500 1526 3539 novum
1560 3481 1732 3555 (Psal.
1757 3484 1906 3557 xcv).
1935 3484 2106 3553 Quam

517 3576 748 3645 pulchre
796 3592 902 3630 non
931 3576 1068 3630 dixit
1098 3588 1282 3640 canto,
1313 3575 1409 3629 sed
1451 3576 1690 3630 cantabo.
1723 3575 1782 3632 In
1817 3578 2001 3631 l'utut'o
2026 3592 2112 3631 reo

517 3667 798 3736 promisit:
831 3667 882 3720 in
934 3667 1186 3736 praesenti
1218 3668 1362 3722 enim
1386 3668 1487 3721 scit
1509 3675 1788 3722 certamen
1823 3683 1968 3732 esse,
2002 3683 2110 3724 non

518 3758 808 3812 canticum.
856 3757 1159 3828 Numquam
1193 3740 1371 3813 cantat
1409 3759 1711 3825 exercitus,
1744 3759 1846 3812 nisi
1894 3758 2110 3828 quando

520 3847 733 3903 vicerit.
793 3850 932 3920 Ergo
980 3851 1234 3920 quoniam
1295 3851 1346 3905 in
1399 3849 1658 3922 prmsenti
1709 3866 1890 3920 pugno
1941 3868 1954 3904 ε
2003 3867 2110 3906 non

521 3941 649 3994 mihi
691 3952 844 3996 varat
877 3953 1119 3997 cantare.
1167 3944 1299 3997 Cum
1326 3944 1543 4008 vicero,
1579 3953 1705 3997 tunc
1739 3939 1970 3997 Cantaho
1998 3960 2010 3996 :
2044 3941 2112 3998 In

520 4030 768 4104 psalterio
818 4031 1136 4087 decacltoido
1185 4036 1408 4105 psallam
1457 4034 1574 4088 tibi.
1631 4033 1779 4088 Tunc
1823 4034 2111 4088 extendam

522 4137 805 4195 utramque
838 4140 1083 4192 manum,
1137 4134 1193 4181 et
1223 4128 1482 4182 vitalibus
1517 4127 1609 4182 tibi
1641 4125 1866 4182 chordis
1895 4143 2110 4184 canam.

519 4215 706 4272 Oratio
737 4233 878 4283 mea,
909 4219 1230 4288 psalterium
1261 4228 1409 4274 tuum
1443 4227 1545 4274 est.

594 4311 697 4376 Qui
724 4312 818 4366 das
845 4316 1061 4366 salutem
1089 4312 1315 4385 regibus,
1347 4323 1452 4368 etc.
1483 4313 1687 4380 Quibus
1725 4311 1977 4383 regibus?
2006 4311 2115 4367 Cor

519 4409 660 4475 regis
684 4406 734 4459 in
760 4419 919 4458 manu
949 4405 1038 4459 Dei
1063 4403 1252 4473 (Prov.
1280 4404 1391 4476 xxi)
1417 4405 1541 4475 :qui
1563 4413 1788 4474 regnant
1811 4404 1862 4458 in
1883 4418 2114 4474 corpore

521 4509 641 4560 suo,
687 4497 776 4568 qui
807 4495 1104 4567 subjiciunt
1134 4511 1331 4568 corpus
1360 4511 1540 4568 suum,
1587 4505 1644 4552 et
1685 4496 1931 4551 servituti
1971 4496 2114 4551 redi-

519 4598 674 4659 gunt,
714 4605 780 4645 ne
817 4590 942 4645 aliis
967 4590 1348 4661 praedicantes,
1383 4593 1482 4663 ipsi
1516 4591 1728 4662 reprobi
1775 4592 2115 4647 inveniantur
2142 4573 2193 4634 Ῐ)

521 4682 591 4754 (ll
620 4681 743 4738 Cor.
772 4685 875 4754 Ix).
909 4683 1002 4739 lsti
1031 4694 1158 4739 sunt
1184 4699 1340 4755 reges
1364 4685 1432 4740 de
1457 4685 1650 4755 quibus
1679 4685 1810 4742 dicit
1838 4685 2115 4757 Sapientia

519 4776 572 4830 in
603 4774 910 4831 Proverbiis
941 4795 952 4831 :
987 4779 1082 4832 Dat
1115 4793 1337 4848 regnum
1368 4776 1590 4848 regibus
1617 4775 1802 4844 (Prov.
1830 4775 1969 4849 vni).

591 4867 755 4941 Eripe
779 4885 880 4935 me,
907 4879 955 4924 et
987 4868 1151 4924 libera
1172 4885 1250 4924 me
1274 4869 1338 4924 de
1366 4885 1520 4922 manu
1546 4868 1775 4937 ﬁliorum
1802 4867 2116 4923 alienorum.

523 4960 785 5017 Vcrsiculi
824 4960 912 5031 qui
955 4975 1119 5030 supra
1163 4959 1293 5016 dicti
1340 4970 1486 5026 sunt,
1531 4959 1726 5015 iterum
1776 4969 2116 5029 repetuntur.

524 5054 760 5121 Quorum
802 5071 856 5109 os
895 5054 1125 5110 locutum
1159 5063 1231 5110 est
1254 5056 1552 5121 vanitatem,
1592 5065 1639 5110 et
1668 5054 1879 5109 dextera
1909 5070 2108 5122 eorum,

521 5150 734 5205 dextera
769 5149 1069 5219 iniquitatis.
1093 5149 1321 5216 Quorum
1349 5147 1470 5219 ﬁlii,
1497 5149 1628 5204 sicut
1669 5149 1882 5205 novella:
1907 5149 2114 5222 planta-

518 5243 682 5298 tiones
717 5243 770 5298 in
788 5243 1062 5314 juventute
1093 5260 1210 5298 sua.
1243 5242 1318 5298 De
1353 5259 1510 5297 manu
1540 5244 1767 5312 ﬁliorum
1804 5243 2113 5298 alienorum.

522 5335 914 5392 lltcreticorum
972 5333 1100 5404 lilii,
1133 5335 1410 5391 videamus
1459 5336 1645 5407 quales
1686 5337 1815 5396 sint.
1871 5336 2111 5405 Quorunt

524 5428 641 5495 lilii,
675 5430 814 5484 sicut
847 5430 1072 5484 novella:
1103 5429 1464 5500 plantationes
1493 5430 1545 5485 in
1565 5430 1849 5500 juventnte
1877 5445 1992 5485 sua.
2036 5427 2116 5483 De

521 5537 679 5576 manu
724 5521 952 5592 ﬁliorum
996 5524 1308 5577 alienorum.
1369 5523 1664 5595 Diligenter
1706 5520 2120 5578 animadvertite

523 5614 650 5685 quid
679 5613 882 5670 dicitur
905 5615 974 5672 de
1001 5614 1289 5670 haereticis.

604 5704 758 5761 Filia:
782 5723 961 5762 eorum
989 5708 1289 5776 composita:
1311 5723 1327 5761 :
1350 5707 1741 5763 circumornatte
1762 5716 1816 5764 ut
1837 5704 2123 5762 similitudo

531 5797 728 5866 templi,
773 5806 881 5856 etc.
925 5799 1145 5855 Beatum
1186 5800 1429 5858 dixerunt
1459 5801 1709 5873 populum
1738 5803 1822 5860 cui
1846 5801 1956 5860 lucc
1980 5809 2119 5864 sunt.

2211 1901 2361 1956 Beati
2390 1917 2578 1958 on'mes
2613 1902 2704 1973 qui
2733 1903 2924 1960 timent
2969 1903 3280 1972 Dominum,
3328 1909 3416 1978 qui
3448 1910 3722 1966 ambulant
3746 1911 3793 1967 in

2209 1993 2310 2048 viis
2337 1993 2473 2064 ejus.
2497 1993 2635 2062 Quid
2650 1994 2849 2050 dicitur
2872 1993 2941 2051 de
2965 1996 3107 2052 illis?
3141 1997 3258 2052 Filii
3285 1998 3383 2062 tui,
3415 1999 3556 2054 sicut
3583 2001 3796 2058 novella

2209 2085 2474 2141 olivarum
2498 2085 2552 2142 in
2575 2087 2804 2142 circuitu
2827 2104 3029 2145 mensa:
3059 2099 3188 2146 tuae.
3209 2089 3364 2148 Circa
3387 2107 3634 2149 mensam
3655 2095 3796 2151 Chri-

2209 2178 2277 2233 sti
2311 2191 2439 2234 sunt
2473 2180 2553 2235 illi
2597 2181 2692 2234 lilii
2729 2199 2739 2233 :
2774 2196 2878 2236 non
2918 2182 3080 2254 longe
3108 2196 3299 2240 sunt~a
3342 2201 3534 2242 mensa
3584 2187 3793 2244 Christi.

2210 2268 2284 2324 lbi
2319 2285 2424 2324 non
2465 2271 2687 2337 dicitur,
2725 2271 2881 2338 ﬁliae;
2919 2275 3012 2328 sed
3045 2276 3442 2346 tantummodo,
3475 2278 3594 2333 ﬁlii.
3636 2280 3795 2335 Caete-

2209 2381 2330 2420 rum
2363 2367 2609 2423 haeretici
2636 2367 2842 2425 habent
2877 2379 2932 2425 et
2963 2370 3121 2436 ﬁlias,
3155 2371 3355 2428 habent
3393 2383 3449 2429 et
3479 2375 3790 2445 lragiliorem

2211 2472 2424 2525 sexum,
2458 2459 2786 2529 Voluptates.
2816 2461 3066 2516 delicias.
3099 2461 3255 2518 Filiae
3283 2480 3462 2518 eorum
3493 2466 3788 2534 composita.

2210 2551 2410 2614 Sermo
2436 2555 2770 2622 compositus
2797 2564 2900 2620 εει,
2932 2563 2989 2610 et
3022 2569 3214 2610 sensus
3243 2557 3518 2613 sordidus.
3551 2557 3606 2614 ln
3637 2560 3788 2631 scrip-

2213 2645 2347 2698 turis
2405 2646 2609 2700 sanctis
2656 2646 3014 2716 cogitationes
3061 2662 3280 2717 semper
3347 2648 3444 2703 ﬁlii
3513 2650 3789 2706 dicuntur:

2211 2738 2395 2802 verba,
2432 2739 2576 2792 tiliae.
2611 2739 2745 2794 Vide
2787 2753 2921 2809 ergo
2958 2740 3084 2810 quid
3113 2739 3246 2795 dicit
3273 2759 3286 2796 :
3311 2740 3676 2812 Cogitationes
3713 2757 3794 2798 eo-

2211 2846 2351 2896 rum,
2383 2830 2485 2884 hoc
2516 2840 2624 2892 est,
2657 2830 2749 2885 ﬁlii
2776 2833 2899 2885 novi
2932 2842 3077 2886 sunt.
3103 2832 3283 2887 Verba
3307 2848 3437 2889 vero
3467 2849 3673 2898 eorum,
3705 2835 3793 2890 hoc

2211 2935 2314 2991 est,
2345 2924 2743 2990 haereticorum,
2772 2941 2890 2995 quae
2917 2924 3120 2980 habent
3149 2925 3219 2980 de
3248 2927 3512 2996 sapientia
3540 2929 3787 2994 s:eculari,

2211 3017 2510 3084 COIIHlOalla
2541 3026 2670 3072 sunt
2700 3035 2714 3072 :
2745 3017 2942 3072 habent
2975 3017 3122 3072 enim
3157 3017 3317 3072 verba
3342 3020 3660 3090 composita,
3692 3019 3793 3073 lau-

2212 3110 2395 3164 datum
2426 3125 2754 3165 sermonem.
2795 3109 2952 3165 Filia:
2979 3127 3155 3166 eorum
3184 3112 3502 3184 compositio.
3558 3112 3790 3168 Videntur

2213 3203 2428 3272 quidem
2460 3218 2582 3258 esse
2618 3205 2953 3274 compositae,
2987 3204 3082 3259 sed
3111 3207 3234 3274 quia
3269 3205 3392 3258 ﬁlia:
3421 3215 3576 3270 sunt,
3607 3216 3656 3260 et
3696 3219 3787 3260 non

2214 3295 2331 3360 lilii,
2380 3295 2521 3350 vires
2562 3313 2666 3351 non
2718 3297 2932 3351 habent.
2981 3298 3388 3352 Circumornata:
3429 3309 3486 3353 ut
3528 3297 3786 3352 similitudo

2213 3388 2407 3459 templi.
2454 3388 2685 3444 Pulchre
2713 3389 2869 3454 dixit,
2909 3388 3197 3443 similitudo
3227 3390 3424 3461 templi.
3457 3389 3572 3446 Non
3611 3391 3786 3446 habent

2211 3496 2393 3535 veram
2428 3483 2723 3537 Erclesiam
2743 3527 2757 3552 ,
2789 3483 2882 3538 sed
2910 3482 3319 3539 similitudinem
3352 3485 3625 3541 Ecclesim.

2285 3572 2512 3628 Cellaria
2554 3590 2728 3628 eorum
2771 3575 2924 3646 plena
2957 3591 2974 3630 :
3013 3578 3304 3630 eructantia
3332 3593 3397 3631 es
3437 3577 3535 3631 Itth
3563 3578 3612 3630 in
3647 3576 3780 3630 illud.

2213 3665 2393 3720 Parati
2417 3676 2539 3719 sunt
2561 3665 2626 3719 ad
2649 3667 3112 3722 contendendum.
3138 3667 3193 3722 Si
3220 3669 3340 3724 illos
3363 3671 3600 3723 tenueris
3626 3670 3673 3722 in
3696 3682 3787 3722 uno

2217 3757 2546 3825 testimonio,
2584 3759 2653 3812 ad
2689 3759 2834 3814 aliud
2873 3767 3174 3815 transeunt.
3211 3762 3266 3816 Si
3308 3761 3360 3815 in
3393 3762 3680 3831 Scriptnris
3718 3769 3786 3814 te-

2217 3851 2418 3921 nueris,
2446 3851 2508 3902 :ul
2534 3851 2882 3906 Aristotelem
2907 3852 3140 3923 fugiunt.
3171 3853 3228 3908 Si
3257 3853 3602 3914 Aristotelem
3625 3863 3790 3909 tenue—

2218 3944 2315 4007 ris,
2358 3944 2410 3997 in
2457 3944 2732 3998 Platonem
2768 3952 3070 4000 transeunt.
3118 3944 3346 4000 Cellaria
3393 3963 3573 4002 eorum
3611 3948 3786 4019 plena:

2215 4041 2503 4090 eructantia
2540 4052 2604 4090 ea:
2629 4035 2728 4090 hoc
2758 4037 2811 4090 in
2849 4037 3001 4092 illud.
3032 4038 3319 4093 Cellarium
3355 4041 3570 4110 proprie
3597 4040 3782 4103 dicitur,

2215 4127 2356 4198 quod
2383 4127 2601 4182 divitias
2623 4129 2955 4198 compositas
2986 4129 3168 4186 habet.
3202 4132 3454 4187 llaeretici
3481 4132 3685 4188 cellaria
3709 4130 3784 4184 hs-

2217 4221 2364 4278 bent.
2394 4222 2610 4277 Habent
2648 4221 2791 4277 enim
2822 4231 3120 4294 praeparata
3167 4224 3335 4281 verba
3369 4226 3566 4295 quibus
3590 4233 3788 4282 conten-

2217 4314 2369 4371 dant.
2391 4313 2660 4369 Caeterum
2687 4315 3060 4372 Ecclesiastici
3081 4317 3361 4388 simplices
3382 4328 3508 4374 sunt
3535 4337 3549 4375 :
3574 4316 3696 4373 nihil
3717 4316 3790 4368 ha-

2216 4408 2347 4464 bent
2368 4419 2745 4478 praeparatum.
2770 4409 3037 4480 Aperiunt
3059 4425 3142 4478 os,
3166 4411 3480 4481 etrepletnr
3501 4429 3531 4467 a
3559 4411 3783 4467 Domino:

2218 4502 2515 4556 secundum
2555 4502 2697 4572 quod
2727 4501 2922 4558 dicitur
2953 4520 2966 4555 :
3008 4502 3174 4572 Aperi
3205 4518 3268 4559 os
3297 4514 3470 4571 tuum,
3501 4513 3556 4559 et
3582 4503 3787 4573 implebo

2218 4596 2347 4653 illud
2377 4595 2558 4668 (Psal.
2600 4599 2788 4666 Lxxx).
2834 4595 2920 4664 Et,
2951 4595 3131 4652 Nolite
3168 4598 3408 4668 cogitare
3433 4597 3561 4667 quid
3589 4611 3789 4666 respou-

2217 4689 2391 4744 deatis
2427 4687 2536 4742 illis
2569 4704 2584 4741 :
2619 4688 2767 4742 dabit
2801 4687 2945 4744 enim
2991 4689 3148 4744 vobis
3195 4689 3354 4744 Pater
3392 4700 3569 4746 vester
3618 4691 3666 4743 in
3711 4687 3788 4740 illa

2220 4779 2351 4836 hora
2377 4781 2504 4850 quid
2528 4779 2724 4835 dicatis
2746 4780 2925 4853 (Matt.
2961 4780 3041 4853 κ).
3065 4782 3279 4838 Videtis
3303 4784 3559 4853 quoniam
3587 4799 3684 4837 non
3707 4781 3788 4835 ha-

2220 4873 2411 4928 bemus
2441 4871 2660 4926 cellaria
2687 4883 2986 4942 prmparata
3017 4889 3030 4926 :
3065 4872 3159 4929 sed
3183 4872 3384 4928 divitia:
3414 4884 3608 4930 nostra:
3631 4871 3787 4928 subdi-

2224 4973 2291 5018 ta:
2338 4971 2485 5017 sunt.
2536 4963 2673 5018 Dicit
2714 4963 2908 5034 aliquis
2950 4963 3076 5020 :Da
3127 4965 3495 5022 testimonium
3547 4961 3788 5036 quomodo

2217 5059 2387 5112 sancti
2425 5056 2644 5112 cellaria
2693 5071 2798 5111 non
2843 5056 3060 5114 habent.
3110 5055 3408 5127 ReSpicite,
3449 5061 3634 5131 inquit,
3680 5068 3792 5111 aves

2217 5150 2362 5218 cteli,
2387 5151 2642 5222 quoniam
2672 5163 2776 5204 nun
2811 5149 3014 5206 habent
3039 5151 3260 5206 cellaria
3291 5168 3470 5224 neque
3499 5153 3717 5207 horrea:
3747 5155 3792 5204 et

2219 5243 2379 5298 Pater
2421 5252 2597 5298 vester
2633 5242 2872 5298 cmlestis
2910 5244 3084 5314 pascit
3123 5244 3243 5298 illas
3270 5243 3489 5318 (Matth.
3533 5244 3626 5315 vr).
3670 5244 3791 5298 Aves

2217 5338 2307 5394 isti
2347 5338 2657 5408 specialiter
2697 5338 2947 5391 monachi
2985 5344 3114 5392 sunt
3145 5356 3156 5389 :
3200 5352 3304 5391 non
3338 5336 3539 5394 habent
3571 5334 3788 5398 cellaria,

2220 5448 2328 5486 non
2363 5430 2564 5486 habent
2603 5427 2900 5498 apothecas
2932 5448 2942 5481 :
2977 5427 3071 5484 sed
3109 5427 3315 5482 habent
3345 5431 3720 5498 apothecarum
3744 5430 3788 5478 et

2220 5523 2566 5579 cellariorum
2598 5521 2913 5596 Dominum,
2939 5521 3113 5590 ipsum
3141 5518 3444 5577 Christum.
3470 5521 3586 5576 Non
3616 5519 3789 5575 habent

2222 5615 2441 5681 horrea,
2473 5612 2568 5670 sed
2599 5612 2923 5668 horreorum
2956 5612 3261 5668 Dominum.
3295 5612 3414 5669 Non
3447 5613 3639 5669 habent
3667 5606 3784 5665 divi-

2221 5708 2326 5764 tias
2351 5705 2574 5773 diaboli,
2605 5704 2700 5760 sed
2734 5704 2933 5761 habent
2976 5713 3348 5775 paupertatem
3374 5703 3593 5765 Christi.
3623 5700 3786 5756 Diabo-

2227 5799 2314 5860 lus
2340 5800 2466 5874 quid
2497 5798 2664 5858 dicit!
2706 5797 2832 5854 llaec
2860 5797 3038 5855 omnia
3079 5811 3200 5854 mea
3236 5806 3402 5853 sunt:
3443 5795 3491 5854 si
3528 5793 3788 5869 precidem
