3992 6358
253 342 407 400 ιξιδ

1162 337 1600 413 ‘B'iEVIARlUM
1638 343 1705 400 IN
1746 338 2079 402 PSALIOS.
2119 341 2363 400 PSMAI.
2405 343 2633 401 οων.

239 458 579 515 adoraveris
625 472 732 524 me,
779 457 921 513 dabo
961 457 1054 513 tibi
1095 471 1158 512 ea
1194 457 1411 532 (Matth.
1457 457 1563 528 ιιι).
1607 457 1856 514 Christus
1885 456 1930 518 Α
1959 456 2027 512 ad
2059 470 2139 525 se,
2163 465 2220 512 et
2238 456 2368 514 dicit
2397 474 2410 511 :
2438 458 2538 526 Qui
2569 457 2702 524 sitit,
2728 460 2907 513 veniat
2931 468 2989 514 et
3015 460 3161 515 bibat
3192 459 3411 531 (Joann.
3439 458 3563 530 vn).

243 551 389 624 quid
421 551 554 607 dicit
594 551 661 606 ad
706 553 872 610 suos!
900 551 1002 620 Qui
1044 565 1150 607 non
1195 550 1502 608 vendiderit
1539 554 1720 607 omnia
1758 565 1854 607 sua

242 659 378 715 qnze
430 643 618 710 habet,
660 653 714 699 et
742 643 952 700 dederit
985 645 1327 715 pauperibus,
1370 659 1478 700 non
1518 654 1697 714 potest
1734 658 1855 701 esse

240 750 413 791 meus
439 735 740 806 discipulus
771 735 982 808 (Matth.
1013 751 1141 800 xm,
1167 747 1215 790 et
1245 735 1375 789 Luc.
1416 737 1536 806 xu).
1567 736 1663 792 ille
1688 751 1852 807 regna

237 837 305 883 et
330 827 554 883 divitias
575 827 863 898 pollicetur
888 836 944 882 ut
965 828 1202 893 occidat;
1233 827 1321 883 hic
1342 837 1710 899 paupertatem
1737 829 1853 898 pol-

238 919 451 976 licetur
469 929 529 975 ut
549 921 740 976 solvet.
765 921 904 976 Nihil
927 922 1131 992 grande
1151 923 1393 989 iacimus,
1410 923 1454 977 si
1475 934 1655 977 nostra
1684 923 1853 978 relin-

239 1029 503 1084 quamus.
527 1011 775 1068 Christus
800 1012 1013 1068 Patrem
1036 1013 1273 1084 reliquit,
1304 1024 1359 1069 et
1394 1029 1558 1085 regna
1584 1015 1847 1071 calorum

237 1115 476 1176 prepter
497 1120 614 1161 nos.
647 1105 816 1162 Nemo
840 1115 988 1173 putet
1010 1121 1096 1161 me
1121 1107 1497 1177 hlasphemare
1525 1125 1536 1159 :
1560 1108 1685 1177 quia
1711 1107 1844 1175 dixi,

235 1196 467 1253 Patrem
502 1199 742 1270 reliquit.
783 1198 1090 1255 Secundum
1121 1198 1580 1267 dispensationem
1622 1201 1842 1269 loquor,

233 1291 545 1346 secundum
590 1291 736 1362 quod
777 1291 1049 1346 mittitur:
1079 1290 1378 1346 secundum
1414 1291 1554 1360 quod
1604 1291 1843 1346 dicitur:

235 1381 410 1438 Pater
438 1385 526 1452 qui
565 1398 655 1440 me
695 1383 861 1451 misit,
892 1383 1064 1450 major
1104 1398 1190 1438 me
1217 1393 1299 1438 est
1330 1381 1511 1454 (Joan.
1545 1399 1599 1447 ι,
1631 1394 1678 1437 et
1705 1382 1839 1454 xiv).

232 1474 390 1531 Deus
436 1492 543 1531 non
584 1478 816 1532 mittitur
849 1495 862 1529 :
895 1477 1036 1531 Deus
1082 1491 1188 1530 non
1231 1475 1517 1545 subjicitur
1546 1476 1793 1531 servituti
1824 1493 1837 1531 :

227 1569 335 1622 sed
364 1569 703 1640 dispensatio
735 1570 982 1625 mittitur.
1017 1570 1073 1625 Si
1107 1571 1247 1625 Deus
1272 1571 1470 1640 ubique
1500 1580 1604 1635 est,
1632 1580 1687 1626 et
1725 1585 1841 1624 om-

226 1663 324 1714 nia
357 1660 412 1714 in
447 1661 557 1716 Deo
582 1672 709 1715 sunt
743 1677 756 1714 :
785 1660 1057 1731 quomodo
1085 1661 1225 1715 Deus
1251 1660 1318 1715 ad
1347 1660 1551 1730 aliquid
1583 1661 1836 1728 mittitur,

227 1769 362 1809 cum
391 1753 533 1810 Deus
551 1756 623 1810 sit
644 1755 820 1809 omnia
839 1753 863 1808 2
884 1754 1132 1810 Christus
1152 1755 1316 1826 igitur
1337 1771 1432 1824 pro
1455 1753 1611 1809 nobis
1633 1769 1838 1825 pauper

1961 548 2177 605 Clamor
2201 550 2328 606 Jesu
2357 550 2412 606 in
2442 552 2527 606 via
2552 563 2780 622 angusta
2805 560 2891 608 est
2920 569 2932 606 :
2959 552 3012 607 in
3041 552 3239 623 plateis
3266 551 3558 608 haretico-

1958 655 2077 696 rm
2111 657 2218 697 non
2253 650 2360 698 est.

2027 735 2245 792 Beatum
2273 739 2514 792 dixerunt
2539 739 2789 810 pupulum
2825 740 2910 793 cui
2947 738 3058 793 ha'c
3084 749 3226 793 sunt.
3269 739 3417 794 Multi
3464 754 3562 796 no-

1954 829 2214 896 scientes,
2244 829 2432 886 beatos
2460 831 2597 885 tales
2628 840 2840 899 putant.
2861 832 3133 887 Caeterum
3160 831 3319 887 nobis
3348 832 3562 902 simpli-

1952 921 2089 975 citas
2118 919 2426 975 Christiana
2457 930 2540 976 est
2569 937 2582 975 :
2624 923 2877 977 uolumus
2917 924 3282 992 eloquentiam
3314 922 3559 979 Platoni-

1951 1026 2072 1067 cam
2118 1029 2130 1065 :
2173 1012 2268 1068 sed
2299 1014 2549 1070 volumus
2579 1015 2982 1082 simplicitatem
3022 1016 3396 1086 apostolicam.
3437 1014 3556 1072 Pis-

1949 1114 2105 1159 cator
2135 1104 2237 1160 iste
2270 1115 2384 1161 rete
2415 1118 2579 1174 tenet,
2617 1107 2822 1162 lutosos
2853 1108 3018 1164 habet
3049 1107 3236 1177 pedes,
3264 1117 3322 1164 et
3357 1123 3552 1164 manus

1949 1211 2016 1251 es
2040 1209 2207 1267 opere
2233 1198 2463 1254 callosas
2492 1199 2672 1254 habet.
2705 1198 2891 1254 Beatus
2913 1200 3135 1272 populus
3160 1201 3313 1271 cujus
3341 1209 3412 1254 est
3440 1199 3553 1255 Do-

1947 1290 2119 1344 minus
2143 1289 2282 1346 Deus
2304 1295 2436 1364 ejus.
2457 1292 2657 1348 Beatus
2683 1303 2766 1349 est
2788 1296 3042 1364 populus,
3065 1294 3156 1363 qui
3181 1311 3279 1364 pro
3296 1295 3552 1352 omnibus

1946 1381 2148 1438 divitiis
2177 1382 2452 1440 Christum
2497 1386 2683 1441 habet.
2711 1387 2789 1442 llli
2822 1387 3022 1442 habent
3052 1387 3194 1442 lilios
3223 1398 3275 1443 et
3308 1387 3466 1452 ﬁlias,
3492 1395 3550 1445 et

1943 1475 2184 1538 cellaria,
2226 1486 2281 1530 et
2328 1493 2457 1531 oves
2499 1478 2722 1542 l'etosas,
2768 1479 2932 1533 boves
2969 1493 3204 1546 crassos,
3252 1489 3309 1535 et
3349 1479 3546 1535 nitidos

1942 1575 2102 1636 atque
2132 1566 2420 1621 formosos.
2449 1569 2717 1624 Caeterum
2747 1585 2844 1623 nos
2869 1585 2973 1624 non
3006 1569 3264 1624 habemus
3295 1571 3540 1625 multitu-

1941 1655 2122 1712 dinem
2165 1677 2177 1711 :
2211 1658 2306 1713 sed
2338 1659 2539 1714 scimus
2566 1661 2697 1716 illud
2727 1661 2929 1716 dictum
2962 1662 3013 1714 in
3044 1647 3336 1731 Evangelio
3363 1679 3376 1715 :
3411 1659 3544 1716 Ubi-

1940 1763 2169 1821 cumque
2215 1750 2413 1807 l‘uerint
2445 1751 2552 1807 duo
2593 1761 2686 1808 aut
2727 1765 2837 1809 tres
2862 1755 3179 1825 congregati
3215 1755 3269 1810 in
3319 1755 3538 1810 nomine

226 1845 414 1901 factus
455 1855 538 1902 est
577 1845 647 1918 (ll
680 1847 800 1901 Cor.
829 1848 970 1915 vut).
1004 1847 1116 1902 lloc
1150 1855 1318 1901 totum
1353 1863 1519 1916 quare
1559 1846 1837 1901 diximus?
1867 1847 1914 1912 Β
1943 1859 2084 1909 meo,
2127 1846 2196 1900 ibi
2230 1846 2284 1900 in
2315 1847 2493 1902 medio
2523 1861 2712 1902 eorum
2748 1863 2866 1903 sum
2899 1848 3117 1920 (Matth.
3162 1849 3336 1920 svnt).
3369 1848 3446 1904 Ne
3474 1850 3542 1904 ti-

157 1937 171 1947 ‘
225 1939 370 2008 Quia
401 1954 546 1995 nunc
589 1939 785 1996 tectum
830 1950 948 1997 est:
979 1939 1205 1996 Cellaria
1243 1959 1418 1996 eorum
1459 1941 1614 2012 plena
1643 1956 1663 1995 :
1692 1955 1840 1994 eruc-
1941 1947 2113 2001 meas,
2152 1949 2286 2005 grex
2315 1938 2567 2006 parvula;
2603 1939 2726 2007 quia
2768 1940 3094 2008 complacuit
3142 1940 3251 1993 Deo
3290 1939 3538 1996 habitare

223 2032 402 2084 sautio
437 2047 503 2086 σε
541 2032 638 2087 hoc
671 2034 723 2086 in
750 2031 907 2089 illud,
945 2032 1180 2089 Pulchre
1207 2033 1343 2088 dixit
1370 2075 1384 2099 ,
1417 2034 1702 2086 morantia
1726 2049 1743 2084 .-
1767 2032 1835 2087 de
1939 2027 1990 2080 in
2016 2037 2087 2082 te.
2117 2027 2194 2083 Ne
2225 2029 2408 2084 dicant
2440 2032 2690 2086 monachi
2720 2049 2731 2086 :
2764 2030 2909 2086 Ecce
2941 2042 3102 2085 tanta:
3135 2033 3533 2101 multitudines,

223 2124 520 2180 saturitate
559 2124 750 2180 nimia.
789 2125 870 2181 illi
899 2134 1146 2182 eructant
1186 2126 1254 2182 de
1296 2127 1602 2189 saturitate,
1630 2132 1686 2180 et
1710 2138 1835 2194 per-
1933 2119 2186 2177 civitates
2215 2123 2389 2191 plena:
2413 2132 2560 2189 sunt,
2589 2125 2770 2178 omnis
2801 2124 2978 2190 orbis;
3013 2140 3173 2179 nemo
3200 2139 3334 2195 ergo
3358 2125 3536 2180 salva-

222 2225 362 2270 eunt
393 2233 406 2268 :
435 2231 538 2271 nos
564 2216 633 2272 de
655 2216 883 2287 jejunio,
918 2229 972 2273 ut
998 2219 1292 2273 salvemnr.

300 2307 436 2360 Ores
475 2322 651 2361 eorum
701 2312 896 2380 [εἰσίω.
941 2309 1135 2365 Multos
1175 2309 1376 2364 habent
1425 2305 1583 2364 lilios.
1633 2309 1831 2364 Multus

222 2399 370 2453 enim
404 2415 663 2456 numerus
705 2403 1084 2457 haereticorum
1117 2412 1224 2458 est.
1258 2402 1389 2457 Oves
1427 2418 1601 2457 eorum
1629 2404 1823 2471 fctosa.

221 2488 383 2544 Unde
413 2490 615 2547 dicitur
647 2502 701 2549 et
728 2493 783 2548 in
815 2495 953 2550 Osee
981 2497 1247 2565 propin-ta
1277 2514 1291 2550 :
1327 2496 1550 2551 Domine
1574 2537 1588 2562 ,
1619 2495 1684 2550 da
1718 2495 1828 2550 illis

225 2580 384 2652 (Osee
409 2581 510 2653 ιιι).
539 2583 676 2652 Quid
700 2584 858 2640 dabis
891 2586 1040 2641 illis?
1066 2587 1287 2641 Vulvam
1313 2589 1553 2644 sterilem
1581 2600 1634 2643 et
1656 2589 1821 2644 ubera

219 2676 455 2732 arentia.
487 2677 601 2733 Hoc
626 2679 692 2734 de
713 2680 910 2748 quibus
933 2681 1131 2737 dicitur
1148 2682 1173 2734 ‘t
1193 2682 1271 2738 De
1299 2684 1678 2738 haereticorum
1710 2700 1821 2740 ma~

220 2770 408 2840 gistris
436 2787 450 2825 :
478 2772 566 2842 qui
595 2773 698 2827 sibi
727 2774 778 2828 in
803 2790 1027 2830 numero
1049 2776 1442 2848 discipulorum
1465 2780 1816 2848 applauditur.

222 2864 351 2918 Ores
384 2880 563 2919 eorum
595 2866 775 2934 {close
799 2869 1118 2924 abundantes
1143 2871 1194 2925 in
1227 2873 1512 2942 egressibus
1539 2874 1667 2925 suis.
1699 2872 1816 2930 Non

214 2957 353 3013 dixit
379 2960 435 3012 in
465 2959 798 3030 ingressibus
826 2962 961 3027 suis,
992 2963 1087 3018 sed
1113 2965 1167 3018 in
1189 2966 1494 3036 egressibus.
1522 2967 1640 3022 Non
1671 2969 1814 3024 enini

215 3051 597 3120 ingrediuntur
619 3053 670 3107 in
697 3054 1018 3122 Ecclesiam,
1046 3057 1141 3112 sed
1164 3061 1519 3128 egrediuntur
1538 3061 1605 3116 de
1631 3062 1816 3116 Eccle-

209 3145 311 3211 sia,
357 3145 411 3200 id
445 3155 548 3206 est.
591 3163 657 3202 ex
690 3147 845 3204 nobis
876 3149 1164 3221 exierunt,
1207 3153 1300 3207 sed
1343 3169 1451 3208 non
1494 3155 1707 3210 fuwrnnt
1746 3171 1810 3210 ex

1935 2219 2040 2281 tur,
2065 2214 2167 2269 nisi
2197 2217 2286 2286 qui
2320 2216 2372 2269 in
2400 2216 2746 2271 monasteriis
2771 2217 2892 2272 est?
2925 2217 3061 2272 Ecce
3085 2226 3248 2274 tautae
3275 2216 3524 2272 multitu-

1929 2301 2085 2358 dines
2115 2320 2129 2356 :
2181 2318 2282 2359 nos
2318 2321 2450 2377 ergo
2491 2307 2589 2362 soli
2623 2307 2939 2361 salvamur?
2969 2308 3197 2375 Quando
3235 2323 3367 2379 ergo
3412 2308 3530 2368 haec

1927 2399 2277 2466 cogitaveris,
2309 2399 2431 2454 audi
2457 2417 2471 2454 :
2500 2399 2579 2456 Ne
2611 2403 2821 2462 timeas,
2851 2416 2981 2472 grex
3025 2402 3245 2472 parvule
3274 2419 3289 2456 :
3322 2403 3526 2458 dictum

1926 2496 2009 2540 est
2038 2486 2093 2541 in
2121 2486 2444 2560 Evangelio,
2476 2492 2619 2559 quod
2651 2507 2753 2546 una
2785 2494 2961 2546 anima
2997 2492 3237 2547 Salvatur
3270 2511 3280 2544 :
3315 2504 3371 2547 ut
3417 2493 3527 2552 duo

1926 2579 2093 2632 millia
2119 2595 2408 2649 porcorum
2442 2594 2664 2652 pereant
2687 2583 2883 2655 (Marc.
2919 2584 2993 2655 v).
3025 2584 3137 2638 Hoc
3161 2594 3328 2640 totum
3353 2601 3526 2656 quare

1923 2671 2082 2727 dico?
2129 2671 2393 2740 Quoniam
2443 2657 2737 2746 pretiosior
2775 2688 2857 2732 est
2911 2677 3070 2732 unius
3107 2679 3278 2732 sancti
3315 2677 3519 2749 anima,

1921 2781 2081 2836 quam
2142 2767 2366 2824 inﬁnitae
2413 2771 2784 2826 multitudines
2833 2781 3198 2840 peccatorum.
3276 2771 3349 2826 De
3409 2782 3524 2830 toto

1921 2859 2126 2912 mundo
2153 2860 2438 2914 duodecim
2467 2863 2626 2931 elegit
2657 2864 2956 2928 apostolos,
2982 2863 3049 2917 de
3071 2863 3356 2919 duodecim
3382 2879 3523 2922 unus

1919 2953 2146 3007 recessit
2179 2971 2190 3004 :
2227 2966 2606 3008 remanserunt
2638 2955 2913 3011 undecim.
2944 2956 3101 3012 Venit
3122 2973 3254 3013 crux
3283 2976 3294 3010 :
3327 2957 3518 3014 decem

1919 3045 2168 3115 fugerunt
2203 3065 2213 3098 :
2247 3048 2507 3103 remansit
2535 3063 2672 3102 unus
2701 3049 2894 3102 Petrus
2921 3067 2935 3103 :
2961 3063 3102 3103 unus
3131 3065 3253 3104 cum
3285 3066 3416 3105 uno.
3446 3051 3514 3109 Et

1919 3137 2037 3205 ipse
2064 3153 2201 3192 unus
2224 3137 2378 3208 fugit,
2409 3148 2570 3208 atque
2597 3141 2799 3194 utinam
2830 3139 3075 3206 fugisset,
3103 3149 3157 3195 et
3185 3157 3290 3195 non
3322 3156 3514 3211 negas-

210 3237 390 3290 nobis.
425 3237 478 3292 Si
504 3239 649 3292 enim
682 3238 909 3296 fuissent
941 3259 1005 3297 ex
1038 3244 1223 3311 nobis,
1267 3247 1596 3301 mansissent
1623 3249 1807 3318 utique

1923 3239 2016 3283 set.
2060 3230 2200 3300 Ergo
2221 3231 2483 3294 dicamus,
2521 3232 2830 3286 universum
2863 3246 3034 3300 genus
3063 3231 3353 3285 humanum
3384 3247 3513 3302 per-

207 3326 519 3381 nobiscum.
574 3329 905 3385 Abundautes
951 3334 1003 3384 in
1049 3335 1338 3405 egressibus
1377 3338 1506 3390 suis.
1556 3336 1807 3402 Quotidie

204 3417 568 3488 egrediuntur
606 3421 673 3474 de
713 3419 951 3477 Ecclesia
997 3440 1012 3479 :
1055 3425 1374 3480 abundantes
1419 3429 1469 3480 in
1519 3429 1807 3498 egressibus

203 3512 332 3564 suis.
391 3510 466 3564 De
496 3509 740 3586 Ecclesia
784 3515 908 3580 quid
954 3514 1190 3569 dicitur?
1231 3517 1422 3572 Omnis
1463 3518 1632 3588 gloria
1685 3521 1804 3589 ejus

203 3599 332 3653 ﬁlim.
359 3601 504 3670 regis
530 3601 598 3653 ab
630 3601 776 3656 intus
806 3601 981 3672 (Psal.
1011 3604 1178 3675 ιιιν).
1207 3605 1370 3661 Boves
1400 3625 1577 3661 eorum
1617 3613 1800 3666 crassi.

202 3692 351 3747 Vidit
381 3705 435 3746 et
464 3693 678 3750 Pharao
703 3694 755 3749 itt
784 3697 992 3751 somia
1025 3698 1191 3753 boves
1213 3712 1430 3753 crassos
1459 3699 1613 3769 (Gen.
1649 3713 1753 3771 xu)
1783 3716 1798 3758 :

198 3783 487 3841 lsraelitici
521 3787 698 3856 p0pu|i
734 3795 925 3842 tenues
956 3796 1103 3856 sunt,
1143 3788 1382 3861 Egyptii
1414 3792 1607 3846 crassi.
1636 3793 1798 3848 Vide-

200 3877 267 3930 tis
294 3877 446 3930 enim
476 3878 767 3944 magistros
805 3879 1181 3935 haereticorum
1214 3882 1346 3936 nihil
1385 3882 1532 3936 aliud
1580 3885 1756 3939 lacere
1779 3925 1796 3952 ,

197 3967 302 4022 nisi
344 3967 570 4023 studere
597 3968 821 4025 divitiis.
872 3971 1084 4027 Divitiis
1122 3975 1362 4037 student,
1399 3984 1455 4030 et
1506 3991 1795 4046 pauperem

197 4061 480 4117 Christum
523 4071 895 4118 contemnunt.
935 4065 1098 4120 Boves
1135 4084 1308 4121 eorum
1335 4069 1521 4123 crassi.
1570 4069 1798 4126 Pulchre

197 4154 352 4218 dicit,
380 4153 527 4208 boues
545 4157 709 4212 crassi
735 4173 755 4210 :
775 4172 1004 4228 quorum
1027 4158 1172 4213 Deus
1194 4169 1381 4215 venter
1409 4172 1517 4226 est,
1544 4174 1597 4216 et
1621 4161 1794 4232 gloria

197 4246 250 4303 in
283 4246 605 4302 confusione
626 4263 819 4304 eorum
850 4249 1076 4323 (Philip.
1111 4254 1218 4322 ιιι).

267 4336 394 4394 Non
439 4348 514 4394 est
562 4340 717 4394 ruina
758 4343 1026 4408 macerias,
1069 4360 1231 4415 neque
1280 4346 1547 4401 transitus.
1603 4346 1794 4403 Nonne

196 4431 408 4486 videtur
436 4431 590 4487 vobis
631 4431 920 4489 obscurum
952 4449 1073 4490 esse
1098 4435 1240 4504 quod
1281 4436 1478 4492 dicitur
1508 4455 1520 4491 :
1562 4437 1684 4492 Non
1715 4448 1792 4494 est

195 4526 345 4579 ruina
365 4526 627 4592 maceria,
652 4542 812 4594 neque
837 4527 1106 4592 transitus,
1135 4545 1297 4598 neque
1317 4530 1511 4584 clamor
1532 4531 1584 4585 in
1606 4532 1788 4601 plateis

1912 3321 1972 3375 iit
2025 3322 2330 3390 :Quouinm
2376 3326 2640 3394 perierat,
2695 3334 2980 3394 propterea
3023 3323 3285 3379 Domitius
3329 3326 3514 3381 cruci-

1911 3415 2050 3469 ﬁxus
2075 3418 2149 3470 ait
2175 3434 2186 3469 :
2216 3417 2480 3472 Torcular
2506 3420 2707 3473 calcavi
2737 3419 2908 3483 solus,
2939 3416 3083 3471 etde
3111 3415 3363 3486 gentibus
3395 3433 3503 3474 non

1906 3513 1991 3558 est
2026 3507 2108 3560 vir
2151 3521 2360 3561 mecum
2389 3505 2538 3573 (lsai.
2589 3512 2765 3575 mu).
2809 3508 2884 3560 Eo
2916 3516 3159 3576 tempore
3201 3508 3506 3576 completus

1904 3608 1987 3652 est
2021 3598 2258 3664 psalmus
2289 3617 2301 3652 :
2336 3599 2554 3654 Salvum
2588 3616 2674 3655 me
2704 3601 2810 3666 l'ac,
2846 3600 3096 3660 Domine,
3126 3601 3378 3669 quoniam
3410 3599 3506 3657 tle-

1904 3690 2031 3744 fecit
2071 3701 2288 3746 sanctus
2316 3692 2490 3762 (Psal.
2536 3696 2632 3763 Il).
2666 3693 2779 3747 Non
2823 3705 2904 3748 est
2943 3695 3034 3764 qui
3080 3693 3241 3749 faciat
3277 3694 3503 3763 bonum,

1902 3799 2008 3838 non
2034 3793 2117 3839 cst
2147 3801 2315 3854 usque
2343 3785 2411 3840 ad
2445 3803 2634 3842 unum.
2669 3785 2762 3842 Ille
2791 3789 2879 3857 qui
2907 3786 3246 3855 promiserat,
3272 3787 3460 3842 dicens
3486 3804 3502 3843 :

1899 3874 1955 3928 Si
1986 3890 2075 3932 me
2103 3891 2322 3931 necesse
2349 3889 2432 3932 est
2463 3879 2634 3948 mori,
2666 3891 2754 3932 aut
2787 3880 2864 3934 ire
2895 3881 2944 3932 in
2976 3894 3275 3946 carcerem,
3307 3897 3412 3934 non
3451 3892 3504 3941 te

1902 3966 2110 4035 negabo
2138 3983 2150 4019 :
2176 3969 2387 4037 negavit
2415 3969 2611 4041 (Marc.
2645 3971 2780 4038 XIV).
2810 3970 2924 4025 llnc
2947 3980 3117 4025 totum
3141 3987 3308 4040 quare
3333 3973 3458 4028 dico
3481 3989 3500 4030 ι

1899 4056 2030 4124 Quia
2069 4059 2363 4115 monachus
2392 4077 2499 4116 non
2526 4062 2687 4117 debet
2720 4063 2968 4132 aspicere
2997 4063 3064 4118 ad
3097 4065 3501 4124 multitudinem

1900 4159 2268 4218 peccatorum,
2314 4154 2411 4208 sed
2451 4154 2516 4208 ad
2565 4155 3036 4220 conversationem
3074 4167 3129 4212 et
3171 4158 3497 4228 paucitatem

1898 4251 2228 4298 sanctorum.
2282 4244 2546 4301 Universa
2589 4247 2774 4303 Judaea
2829 4248 3131 4304 ducebatur
3179 4249 3232 4304 in
3273 4250 3501 4320 captivi-

1897 4342 2083 4390 tatem.
2140 4335 2377 4394 Venerat
2422 4339 2958 4412 Nabuchodonosor,
3019 4354 3167 4398 tanta
3215 4343 3497 4403 hominum

1897 4426 2063 4481 millia
2089 4429 2424 4487 ducebantur
2451 4435 2660 4503 captiva
2690 4433 2742 4488 in
2773 4435 3125 4508 Babylonem.
3157 4437 3319 4494 Solus
3343 4437 3500 4494 lere-

1896 4517 2034 4572 mias
2060 4529 2175 4574 erat
2199 4523 2289 4591 qui
2315 4525 2678 4580 conﬁtebatur
2709 4526 2901 4597 Deum,
2945 4537 3000 4584 et
3036 4528 3152 4600 ipse
3180 4530 3500 4588 mittebatur

196 4614 658 4671 carmn.’Dirlicile
683 4616 970 4673 haereticos
993 4619 1237 4674 invenies
1261 4621 1562 4691 imperitos.
1587 4623 1789 4678 Omnes
1816 4607 1868 4667 Ῑ)
1896 4609 1952 4664 in
1985 4612 2159 4666 lacum
2202 4613 2324 4679 Ιυιῖο
2367 4625 2420 4668 ει
2456 4624 2633 4670 lame"
2665 4619 2959 4687 pretiosior
2987 4631 3106 4675 erat
3146 4622 3304 4676 unius
3348 4622 3498 4678 illius

193 4708 334 4762 enim
365 4710 606 4779 magistri
640 4709 896 4765 instructi
923 4719 1051 4766 sunt
1089 4713 1316 4768 scientia
1346 4714 1615 4769 steculari.
1659 4712 1786 4772 Non

192 4812 262 4856 est
283 4802 436 4856 ruina
463 4803 718 4869 inuenire,
743 4819 910 4874 neque
937 4805 1206 4860 transitus.
1238 4804 1296 4860 Si
1327 4806 1545 4876 quando
1573 4815 1701 4861 sunt
1732 4807 1783 4864 in

192 4892 662 4962 disputationibus,
697 4895 918 4975 quando
949 4905 1131 4953 tecum
1177 4901 1446 4969 coeperint
1480 4900 1779 4970 disputare,

1893 4701 2095 4769 anima,
2125 4717 2286 4773 quam
2315 4705 2495 4759 omnis
2523 4707 2704 4776 pepuli
2737 4706 2954 4778 (lerent.
2990 4711 3100 4780 xv).
3133 4709 3308 4765 Vultis
3349 4712 3495 4768 scire

1889 4797 2016 4865 quid
2050 4795 2213 4851 iaciat
2245 4812 2385 4853 unus
2412 4796 2612 4854 homo?
2637 4799 2796 4856 Jesus
2836 4800 2978 4856 ﬁlius
3019 4802 3169 4857 Nave
3201 4818 3322 4858 cum
3365 4804 3493 4860 uni-

1888 4900 2042 4941 versa
2070 4898 2215 4944 terra
2248 4888 2605 4961 habitaretur,
2636 4891 2784 4946 solus
2813 4902 2951 4948 erat.
2985 4891 3183 4971 Utique
3212 4905 3370 4951 erant
3401 4896 3490 4951 in-

191 4988 267 5044 sic
293 4988 454 5042 νει-ιη
491 5003 684 5046 eorum
729 4992 912 5048 brevia
953 5002 1082 5049 sum
1121 5012 1133 5047 ε
1175 4997 1254 5050 sic
1289 4996 1484 5051 arma
1529 5010 1784 5054 sermone
1889 4975 2052 5034 liniue
2081 4980 2478 5051 multitudines,
2515 4993 2568 5038 et
2598 4983 2688 5038 ille
2716 4984 2864 5040 solus
2885 4993 3023 5040 erat.
3059 4984 3222 5040 Solus
3253 4987 3487 5056 imperat

191 5081 460 5148 conclusa,
493 5094 551 5138 ω
589 5084 820 5141 evadere
850 5085 977 5143 inde
1005 5085 1230 5142 difﬁcile
1267 5089 1359 5144 δίε.
1387 5090 1520 5145 Cum
1553 5092 1694 5144 enim
1729 5099 1782 5147 ιθ
1885 5067 1989 5121 soli
2027 5077 2081 5122 et
2114 5068 2272 5135 inure,
2318 5081 2372 5125 et
2410 5080 2519 5127 stat
2550 5091 2562 5126 :
2597 5075 2760 5128 homo
2795 5075 2968 5144 jubet,
3018 5086 3074 5132 et
3112 5077 3310 5134 ctelum
3339 5079 3490 5138 audit

189 5172 467 5244 ligaverint
493 5175 830 5245 syllogismis
858 5179 993 5244 suis,
1028 5188 1086 5234 et
1114 5189 1166 5235 te
1196 5183 1510 5247 clauserint,
1542 5192 1595 5238 et
1619 5184 1774 5253 quasi

1923 5155 2019 5213 los.
2050 5160 2129 5226 x).
2160 5160 2326 5216 Audit
2357 5163 2504 5218 illum
2537 5166 2733 5220 coelum
2762 5182 2777 5218 :
2806 5167 2929 5237 quia
2953 5167 3071 5238 ipse
3100 5169 3352 5226 audiebat
3384 5170 3489 5226 Do-

191 5268 470 5323 maceriem
512 5268 890 5340 syllogismum
934 5272 1027 5328 tibi
1075 5275 1354 5330 texuerint
1382 5285 1438 5330 et
1475 5275 1776 5332 adiutam--

1878 5249 2104 5305 minum.
2133 5251 2399 5308 Jeremias
2423 5266 2540 5311 erat
2584 5256 2636 5310 in
2671 5258 2986 5329 captivitate
3024 5279 3038 5317 :
3072 5272 3233 5318 erant
3279 5275 3483 5332 autent,

193 5360 310 5429 rint,
335 5375 443 5416 non
477 5368 636 5432 potes
662 5373 987 5420 convertere
1022 5383 1033 5419 :
1067 5382 1174 5422 non
1205 5376 1362 5437 potes
1390 5369 1622 5424 transire
1654 5390 1664 5422 :
1698 5379 1778 5424 tea

1923 5345 2139 5402 Lmulta:
2166 5349 2566 5408 multitudines.
2585 5351 2651 5408 Et
2672 5353 2798 5424 quid
2824 5353 2952 5410 dicit
2972 5355 2995 5410 i
3015 5356 3172 5412 Sntus
3208 5359 3484 5430 sedebam,

192 5455 322 5511 ueris
363 5454 632 5510 inclusus.
674 5454 798 5510 Non
831 5466 907 5510 est
943 5459 1096 5513 rttina
1123 5460 1382 5522 maceriae,
1414 5477 1572 5531 neque
1601 5471 1774 5516 trans-

1923 5442 2004 5497 uia
2022 5441 2384 5500 amaritudine
2407 5445 2645 5515 repletus
2666 5463 2784 5502 sum
2823 5447 3039 5521 (Jerem.
3070 5452 3180 5522 xv).
3206 5452 3492 5522 Quomodo

191 5547 293 5601 ξω,
315 5547 566 5618 Cumque
597 5545 672 5602 ibi
710 5555 763 5604 ιθ
789 5551 1066 5604 tenuerint
1088 5551 1242 5622 quasi
1277 5551 1512 5622 quodam
1540 5567 1674 5623 gyro
1693 5553 1776 5607 in,
1876 5533 2028 5588 solus
2050 5534 2103 5588 in
2129 5535 2345 5590 civitate
2373 5537 2532 5592 eras?
2560 5537 2667 5595 Sed
2704 5540 2826 5596 ideo
2853 5541 3003 5596 solus
3027 5558 3044 5598 :
3069 5543 3193 5614 quia
3230 5542 3494 5614 propositi

191 5637 376 5696 clusum
409 5659 423 5695 :
455 5649 589 5697 tunc
623 5654 730 5696 non
760 5640 870 5695 eris
893 5641 949 5696 in
979 5653 1201 5712 angusta
1236 5644 1343 5706 via,
1375 5659 1496 5714 qua:
1522 5643 1675 5699 ducit
1703 5646 1771 5702 ad

187 5730 325 5790 vitam
361 5752 373 5789 :
401 5733 502 5790 sed
530 5733 587 5788 iu
613 5733 740 5801 lata,
767 5747 890 5803 quae
918 5733 1066 5792 ducit
1089 5733 1157 5790 ad
1186 5745 1414 5792 mortem
1445 5735 1623 5803 (Matt.
1647 5737 1766 5808 vu).

190 5820 348 5899 Νρᾳιιι
374 5827 581 5882 clamor
603 5827 658 5880 in
687 5824 877 5897 plateis
905 5842 1121 5884 eorum:
1147 5828 1367 5885 Clamor
1394 5829 1520 5886 lesu
1549 5838 1767 5886 revocat

1884 5625 1992 5682 tnci
2023 5625 2233 5682 socium
2265 5626 2555 5687 habebam.

2369 5743 2686 5804 PSALMUS
2739 5746 2978 5805 CXLIV.

1957 5831 2215 5891 Laudatio
2263 5835 2364 5907 ipsi
2396 5836 2584 5894 David.
2647 5838 2755 5896 Iste
2799 5840 3041 5912 psalmus
3079 5857 3147 5901 ex
3192 5857 3326 5902 vocs
3362 5859 3495 5920 pm
