3992 6346
462 317 601 377 124⁸1

1265 308 1614 370 APPENDIX
1653 306 1747 368 AD
1783 306 2030 367 TOMUM
2067 306 2420 368 SEPTIMUM
2458 308 2516 367 S.
2560 307 2963 368 HIERONYMI.

3625 309 3799 366 1248

532 432 771 507 phetica,
798 430 894 507 Dei
921 429 1167 488 continet
1193 425 1412 485 laudem
1440 425 1622 482 :-sicut
1655 425 1774 498 ipse
1801 423 1871 481 ad
1920 438 2044 481 eum
2071 424 2122 485 A
2225 425 2380 483 Oculi
2407 427 2635 482 omnium
2660 428 2714 482 in
2743 436 2790 482 te
2816 432 3046 499 sperant,
3081 424 3324 494 Domine,
3375 432 3424 481 et
3479 432 3536 480 tu
3567 426 3674 481 das
3701 427 3800 481 eis

536 505 801 577 eloquens
827 505 902 558 ait
929 521 940 555 :

536 617 797 675 Exaltabo
819 623 888 682 te,
917 615 1056 669 Deus
1081 629 1224 669 meus
1249 627 1364 679 rex,
1411 620 1461 668 et
1508 611 1803 666 benedicam
1860 611 2059 666 nomini

465 722 552 768 tuo
578 713 633 765 in
656 717 927 773 aeternum,
958 716 1004 761 et
1027 708 1082 761 in
1119 705 1368 761 swculum
1407 704 1605 761 seaculi.
1642 703 1856 758 Esaltat
1888 703 2056 758 Deum

463 805 590 876 quia
611 803 712 858 scit
736 799 999 871 mqualem
1027 798 1173 854 Patri
1203 817 1214 852 :
1248 811 1452 868 regem,
1488 796 1614 868 quia
1644 795 1798 852 novit
1819 795 2056 866 judicem

463 894 673 954 mundi.

534 987 645 1043 Per
671 986 907 1059 singulos
930 986 1039 1040 dies
1084 985 1378 1040 benedicam
1424 993 1492 1054 te,
1531 993 1583 1038 et
1621 982 1849 1038 laudabo
1875 999 2057 1038 nomen

463 1089 609 1136 tuum
638 1081 693 1135 in
722 1079 992 1146 swculum,
1021 1089 1068 1133 et
1108 1078 1162 1133 in
1203 1078 1450 1133 swculum
1476 1077 1675 1131 saeculi.
1734 1075 1802 1130 Et
1841 1076 1912 1130 ob
1957 1076 2061 1132 hoc

463 1174 703 1231 maxime
733 1173 957 1228 laudat:
987 1173 1113 1243 quia
1135 1169 1474 1226 conformem
1513 1179 1698 1240 sperat
1727 1185 1787 1226 se
1827 1169 1946 1225 ﬁeri
1967 1185 2058 1226 no-

466 1269 598 1325 mini
623 1267 769 1324 illius
801 1284 814 1322 :
849 1266 904 1323 id
931 1274 1046 1332 est,
1084 1263 1306 1322 Christo
1340 1263 1604 1329 Domino,
1640 1262 1698 1318 in
1734 1262 1936 1319 saeculo
1979 1263 2062 1318 lu-

469 1371 612 1420 Illl'O.

541 1454 766 1526 Magnus
788 1451 1065 1518 Dominus,
1095 1457 1144 1504 et
1170 1448 1450 1504 laudabilis
1482 1448 1656 1513 nimis,
1702 1456 1750 1504 et
1803 1449 2062 1521 magnitu-

466 1546 604 1601 dinis
633 1549 748 1618 ejus
774 1561 876 1599 non
901 1552 977 1598 est
1000 1541 1141 1612 ﬁnis.
1173 1540 1312 1608 Quia
1356 1539 1476 1595 sine
1526 1540 1634 1594 line
1663 1553 1912 1611 magnus,
1943 1539 2064 1594 sine

471 1638 582 1696 line
610 1637 919 1694 laudabilis.

543 1729 843 1785 Generatio.
856 1728 1026 1797 Quam
1060 1726 1194 1782 lides
1225 1724 1472 1796 protulit.
1489 1722 1560 1778 Et
1583 1727 1874 1798 progenies.
1890 1723 2062 1790 Quam

2160 535 2328 576 escam
2370 520 2426 574 in
2481 528 2703 591 tempore
2757 525 3068 589 opportuno.
3124 517 3448 573 Sanctorum
3532 517 3800 573 interior

2160 619 2413 682 aspectus
2448 610 2502 667 in
2541 610 2637 666 illo
2667 607 2849 665 futuro
2881 607 3257 666 retributionis
3289 607 3580 679 suscipitur
3624 616 3799 666 tem-

2161 718 2314 776 pore.

2231 799 2412 870 Aperis
2435 808 2487 853 tu
2517 815 2726 853 manum
2747 806 2911 864 tuam,
2932 804 2982 852 et
3009 797 3188 869 imples
3203 811 3356 852 omne
3375 796 3576 852 animal
3606 796 3795 852 bene-

2044 925 2056 942 .
2161 891 2404 948 dictione.
2429 891 2583 959 Quod
2614 890 3030 948 maledictioncs
3076 898 3130 945 et
3179 889 3510 961 improperia
3562 888 3801 949 mundo

2162 999 2264 1056 pro
2287 984 2506 1040 nomine
2540 995 2631 1039 tuo
2655 983 2933 1040 sustinuit.

2231 1077 2264 1130 .l
2273 1074 2687 1147 ustus_Dominus
2711 1078 2764 1131 in
2783 1076 3014 1130 omnibus
3026 1077 3120 1130 viis
3137 1076 3268 1142 suis,
3281 1085 3330 1131 et
3347 1084 3561 1132 sanctus
3573 1077 3630 1132 in
3655 1093 3751 1132 om
3762 1108 3793 1121 -

2163 1171 2312 1226 nibus
2334 1170 2574 1238 operibus
2594 1171 2726 1226 suis.
2763 1169 2914 1225 Sicut
2937 1170 3047 1239 jam
3076 1169 3331 1240 superius
3351 1169 3558 1226 dictum
3583 1179 3702 1227 est.

2235 1261 2410 1334 Prope
2439 1272 2511 1317 est
2559 1260 2812 1316 Dominus
2863 1261 3096 1316 omnibus
3150 1261 3511 1316 invocantibus
3564 1279 3691 1317 eum
3724 1266 3793 1318 in

2163 1357 2392 1412 veritate.
2423 1356 2542 1427 Ipse
2563 1357 2690 1427 quid
2715 1356 2830 1410 ait?
2862 1356 2973 1426 Ego
2993 1370 3112 1411 sum
3145 1354 3286 1411 Deus
3318 1369 3509 1427 prope,
3557 1363 3613 1411 et
3660 1371 3788 1414 non

2165 1449 2309 1505 Deus
2332 1449 2402 1505 de
2422 1449 2583 1520 longe
2610 1447 2827 1520 (Jerem.
2861 1448 3015 1520 χχιι).

2247 1542 2573 1597 Voluntatem
2625 1542 2913 1597 timentium
2957 1557 3012 1597 se
3064 1542 3216 1614 faciet
3267 1549 3316 1596 et
3369 1558 3546 1612 preces
3591 1558 3786 1597 eorum

2168 1637 2427 1702 exaudiet,
2459 1644 2505 1691 et
2536 1635 2706 1690 salvos
2733 1637 2888 1708 faciet
2912 1651 3020 1690 eos.
3058 1635 3192 1689 Dum
3235 1648 3331 1690 eos
3369 1633 3536 1699 eruit,
3572 1633 3656 1690 vel
3705 1634 3786 1690 ab

2169 1730 2516 1803 instigatione
2537 1730 2758 1796 diaboli,
2791 1730 2877 1786 vel
2907 1729 2977 1783 ab
2999 1727 3193 1784 ardore
3211 1729 3441 1799 peccati.

470 1824 672 1880 Christi
697 1824 880 1894 passio
927 1821 1257 1892 procuravit.
1311 1820 1628 1875 Laudabunt
1667 1835 1827 1883 opera
1873 1827 1986 1885 tua,
2019 1828 2067 1873 et
2100 1815 2145 1874 Β
2243 1822 2482 1878 Custodit
2507 1822 2763 1876 Dominus
2788 1822 3062 1892 diligentes
3085 1838 3160 1884 se.
3183 1829 3233 1876 et
3263 1838 3438 1877 omnes
3475 1830 3788 1891 peccatores

473 1915 758 1986 potentiam
793 1923 934 1968 tuam
984 1911 1418 1986 pronuntiabunt.
1459 1909 1596 1966 Cum
1634 1911 1722 1966 vel
1757 1925 1787 1965 a
1838 1918 1892 1966 te
1924 1909 2068 1966 facta

471 2017 620 2074 sunt,
657 2007 743 2064 vel
769 2022 798 2061 a
826 2013 881 2063 te
906 2013 1283 2076 proteguntur.

545 2097 993 2172 Magniﬁcentiam
1015 2098 1299 2168 majestatis
1327 2105 1449 2163 tuaz,
1480 2103 1526 2150 et
1553 2097 1878 2150 sanctitatem
1925 2104 2068 2149 tuam

474 2193 770 2266 loquentur.
800 2193 880 2247 'l‘u
912 2206 1011 2248 nos
1041 2199 1261 2246 sanctos
1309 2204 1431 2246 esse
1469 2188 1578 2252 vis.
1627 2189 1853 2245 dicens:
1883 2188 2068 2245 Sancti

474 2296 672 2353 estote,
700 2286 956 2358 quoniam
998 2299 1100 2354 ego
1149 2293 1373 2338 sanctus
1426 2298 1544 2338 sum
1569 2281 1756 2357 (Leuit.
1797 2298 1910 2348 xxx,
1946 2281 2065 2351 xx).

478 2381 591 2437 Hoc
617 2388 672 2436 et
694 2393 794 2435 nos
817 2379 1035 2435 caeteris
1065 2377 1358 2448 loquimur.
1394 2376 1462 2431 Et
1486 2376 1744 2431 mirabilia
1767 2385 1854 2431 tua
1881 2392 2072 2430 narra-

479 2475 622 2531 bunt.
639 2473 773 2542 Quae
789 2473 1037 2544 quotidie
1066 2472 1118 2526 in
1134 2470 1380 2528 Ecclesia
1406 2471 1674 2541 operaris.

557 2569 814 2624 Virtutem
835 2566 1148 2623 terribilium
1181 2577 1385 2622 tuorum
1408 2567 1602 2634 dicent,
1650 2575 1698 2622 et
1753 2569 2071 2640 magnitudi-

480 2679 597 2718 nem
637 2673 778 2716 tuam
829 2662 1123 2727 loquentur.
1181 2659 1364 2714 Virtus
1415 2667 1497 2714 est
1518 2658 1802 2724 terribilis,
1861 2675 1988 2714 cum
2018 2661 2071 2716 in

480 2755 680 2824 impios
715 2753 1017 2819 ulciscitur,
1049 2761 1107 2806 ut
1138 2752 1190 2806 in
1219 2751 1578 2807 Pharaonem.
1609 2749 1917 2822 Magnitudo
1963 2760 2068 2820 est,

478 2863 600 2906 cum
619 2847 755 2919 justi
782 2848 1084 2918 eriguntur,
1109 2855 1167 2901 nt
1194 2845 1385 2901 Israel.

554 2939 862 2994 Memoriam
911 2937 1250 3005 abundantia:
1283 2936 1552 2991 suavitatis
1601 2945 1704 2991 tuae
1745 2936 2071 2994 eructabunt.

481 3030 614 3099 Quia
644 3045 738 3087 eos
765 3029 948 3086 fovere
979 3029 1239 3100 dignaris.
1265 3028 1336 3083 Et
1354 3029 1561 3098 iustitia
1581 3036 1674 3083 tua
1716 3029 2070 3085 exsultabant.

481 3123 616 3192 Quia
647 3124 701 3179 in
728 3123 924 3193 impios
952 3121 1256 3178 ulcisceris.

2169 1917 2453 1985 disperdat.
2483 1915 2612 1970 lllos
2638 1914 2834 1986 diligit,
2855 1915 2946 1986 qui
2976 1915 3322 1970 dilectionem
3368 1916 3488 1985 ejus
3529 1915 3782 1971 munda-

2168 2010 2252 2066 nis
2281 2009 2663 2065 dilectionibus
2710 2008 3086 2079 praetulerunt.
3139 2008 3265 2063 Illos
3287 2023 3421 2064 vero
3470 2008 3780 2081 disperdit,

2168 2102 2260 2173 qui
2285 2102 2452 2156 amori
2476 2101 2594 2170 ejus
2621 2115 2862 2158 amorem
2881 2100 3068 2156 saeculi
3100 2109 3524 2171 proposuerunt.

2246 2194 2473 2248 Laudem
2513 2192 2726 2248 Domini
2748 2193 2983 2265 loquetur
3011 2209 3068 2247 os
3088 2209 3276 2248 meum.
3302 2193 3476 2264 Nunc,
3505 2204 3564 2252 et
3593 2195 3646 2250 in
3693 2195 3790 2251 fu-

2170 2294 2294 2342 turo
2319 2286 2693 2341 retributionis
2724 2295 2989 2357 tempore.
3024 2284 3092 2340 Et
3121 2286 3390 2340 benedicat
3443 2288 3610 2341 omnis
3652 2303 3783 2342 caro

2171 2381 2366 2436 nomini
2391 2389 2567 2435 sancto
2598 2383 2710 2454 ejus
2747 2381 2803 2435 in
2827 2390 3106 2447 teternum,
3136 2390 3187 2436 et
3211 2383 3264 2436 in
3292 2383 3546 2437 saeculum
3566 2383 3778 2438 seculi.

2172 2473 2327 2542 Quod
2349 2474 2452 2528 ait:
2471 2473 2653 2529 Omnis
2673 2491 2820 2539 caro,
2840 2489 2946 2528 non
2972 2473 3039 2528 ad
3061 2474 3399 2531 insensibilia
3419 2475 3777 2531 referendum

2174 2575 2258 2622 est
2287 2583 2302 2619 :
2333 2565 2430 2621 sed
2458 2565 2525 2620 ad
2541 2581 2706 2623 omne
2728 2581 2926 2636 corpus
2953 2566 3233 2633 Ecclesiae,
3263 2567 3410 2638 quod
3439 2583 3544 2624 nos
3564 2582 3776 2634 sunms,

2173 2658 2264 2730 qui
2288 2658 2460 2714 Deum
2483 2660 2728 2729 laudare,
2760 2660 3108 2727 benedicere,
3137 2661 3423 2730 extollere,
3473 2676 3540 2718 ac
3577 2660 3781 2733 praedi-

2174 2765 2300 2808 care
2339 2751 2624 2821 debemus,
2676 2768 2771 2822 per
2790 2768 2951 2824 quem
2982 2754 3237 2819 vivimus,
3270 2769 3365 2823 per
3391 2770 3556 2825 quem
3581 2755 3781 2810 alimur

2175 2858 2240 2899 ac
2260 2859 2469 2899 sumus.
2503 2846 2598 2900 Cui
2625 2852 2842 2900 estcum
2859 2852 3066 2900 aeterno
3093 2845 3254 2902 Patre
3275 2854 3331 2901 et
3356 2845 3563 2916 Spiritu
3585 2855 3778 2902 sancto

2178 2934 2354 2992 honor
2375 2945 2430 2992 ct
2449 2936 2621 3008 gloria
2645 2935 2702 2992 in
2733 2937 2932 2992 smcula
2955 2938 3304 2994 steculorum.
3333 2936 3533 2995 Amen.

2685 3050 3002 3108 PSALMUS
3059 3050 3266 3107 CXLV.

2180 3141 2641 3214 Alleluia.Agga2i
2689 3151 2737 3196 et
2775 3141 3067 3214 Zachariw.
3119 3140 3227 3195 Iste
3275 3139 3518 3214 psalmus
3559 3155 3627 3197 ex
3677 3155 3781 3214 no-

556 3189 855 3271 Misericors
877 3226 926 3270 et
952 3217 1224 3271 miserator
1246 3213 1500 3270 Dominus
1516 3218 1751 3289 :patiens
1776 3226 1827 3272 et
1854 3217 2076 3273 multum
2101 3189 2147 3253 C
3099 3189 3774 3284 praescii—ptius};“un-itis

481 3310 794 3365 misericors.
822 3308 892 3363 Et
920 3319 1144 3364 sanctus
1198 3310 1249 3363 in
1298 3308 1552 3363 omnibus
1605 3311 1863 3380 operibus
1911 3313 2071 3367 suis:

481 3403 606 3473 quia
637 3401 780 3472 quod
812 3400 1009 3457 factum
1041 3409 1125 3457 est
1155 3403 1206 3456 in
1239 3415 1329 3469 eo,
1361 3401 1469 3456 vita
1491 3410 1595 3457 est.

553 3493 744 3549 Suavis
773 3492 1029 3548 Dominus
1059 3494 1330 3558 universis,
1361 3501 1408 3546 et
1457 3495 1808 3550 miserationes
1845 3499 1960 3570 ejus
1988 3513 2078 3550 su-

481 3602 573 3659 per
608 3589 780 3641 omnia
819 3601 978 3656 opera
1012 3587 1147 3658 ejus.
1185 3583 1535 3641 Miserationc
1580 3586 1724 3641 enim
1767 3601 1864 3642 sua
1913 3602 2077 3645 omne

481 3691 618 3748 Opus
642 3676 767 3732 facit
793 3683 848 3730 et
879 3675 1131 3746 protegit.

553 3769 915 3837 Conﬁteantur
962 3769 1074 3834 tibi,
1136 3768 1380 3840 Domine,
1429 3771 1604 3825 omnia
1651 3788 1811 3841 opera
1865 3783 1978 3843 tua,
2031 3787 2078 3831 et

480 3865 649 3919 sancti
673 3865 748 3918 tui
778 3863 1085 3918 benedicant
1112 3862 1223 3917 tibi.
1240 3863 1310 3919 Ut
1331 3877 1427 3933 per
1452 3871 1672 3920 sanctos
1691 3866 1780 3936 qui
1806 3875 1857 3922 te
1875 3867 2080 3938 jugilcr

481 3956 834 4024 benedicunt,
859 3956 1186 4028 intelligaris
1205 3957 1448 4012 omnium
1479 3971 1603 4013 esse
1623 3967 1838 4015 creator
1863 3969 1918 4016 et
1942 3975 2074 4017 con-

482 4047 645 4105 dilor.

552 4139 786 4194 Gloriam
810 4140 957 4212 regni
985 4141 1060 4194 tui
1079 4141 1270 4195 dicent.
1318 4139 1383 4196 Ut
1411 4140 1480 4194 ab
1519 4142 1772 4198 omnibus
1797 4142 2078 4199 desidere-

481 4243 588 4290 tur.
622 4232 686 4289 Et
709 4235 991 4302 potentiam
1015 4241 1156 4288 tuam
1185 4235 1483 4304 loquentur.
1505 4234 1669 4291 Utah
1707 4235 1961 4291 omnibus
2013 4237 2077 4292 ti-

483 4336 714 4382 meatur.

557 4419 624 4474 Ut
647 4428 821 4474 nolam
839 4420 1036 4491 faciant
1059 4420 1186 4487 ﬁliis
1213 4420 1480 4474 hominum
1515 4423 1798 4493 potentiam
1842 4429 2006 4493 tuam,
2031 4433 2080 4478 et

481 4512 704 4586 gloriam
736 4513 1136 4585 magniﬁcentia:
1186 4511 1333 4584 regni
1385 4514 1484 4570 tui.
1525 4511 1606 4570 Ne
1655 4514 1938 4571 excusatio
1974 4530 2080 4586 per

481 4603 843 4674 ignorantiam
873 4603 1214 4660 adhibeatur.

552 4695 786 4768 Regnum
816 4707 983 4767 tuum,
1017 4695 1261 4764 Domine,
1317 4714 1534 4772 regnum
1582 4699 1815 4752 omnium
1859 4699 2077 4754 sarculo-

479 4804 615 4843 rum.
643 4787 836 4843 Omnia
860 4787 1005 4844 enim
1036 4787 1235 4844 saecula
1275 4789 1426 4859 regni
1453 4787 1530 4843 tui
1559 4787 1931 4846 dominatione
1961 4789 2078 4844 vol-

480 4891 700 4936 runtur.
728 4879 795 4934 Et
825 4880 1111 4935 dominatio
1135 4888 1226 4934 tua
1245 4881 1298 4934 in
1320 4882 1458 4935 omni
1499 4883 1826 4952 generatione
1870 4891 1919 4936 et
1949 4899 2074 4954 pro-

481 4973 646 5044 genie.
674 4973 1053 5028 Ecclesiastica
1095 4973 1446 5044 generatione
1484 4971 1538 5028 in
1585 4973 1846 5045 progenie
1902 4973 2073 5030 futuri

480 5065 667 5120 seculi
691 5063 938 5121 dilatata.

548 5155 755 5212 Fidelis
778 5158 1033 5213 Dominus
1057 5160 1112 5213 in
1134 5157 1371 5214 omnibus
1393 5159 1559 5214 verbis
1579 5159 1711 5214 suis.
1733 5157 1867 5215 Cum
1889 5163 2072 5216 omnia

476 5265 597 5319 qua:
619 5265 716 5321 per
736 5249 1029 5321 prophetas
1059 5249 1271 5306 locutus
1289 5261 1374 5306 est
1398 5250 1731 5322 adimplevit.
1763 5250 1834 5306 Et
1860 5262 2072 5307 sanctus

477 5342 533 5396 in
565 5341 801 5396 omnibus
829 5342 1072 5412 operibus
1093 5343 1220 5397 suis.
1239 5341 1466 5399 Utsicut
1489 5342 1582 5399 ille
1603 5351 1824 5399 sanctus
1852 5352 1937 5399 est
1961 5363 1971 5398 :
1999 5345 2071 5400 ita

477 5442 534 5489 et
563 5448 664 5489 nos
689 5435 780 5504 qui
803 5448 967 5504 opera
995 5435 1114 5504 ejus
1143 5449 1352 5501 sumus,
1375 5435 1548 5490 sancti
1575 5433 1876 5490 efﬁciamur
1905 5436 1957 5490 in
1981 5451 2069 5492 co.

546 5528 747 5584 Allevat
775 5526 1034 5584 Dominus
1061 5545 1235 5584 omnes
1280 5529 1367 5599 qui
1397 5537 1664 5584 corruunt.
1685 5528 1762 5584 Ne
1790 5530 1844 5584 in
1874 5537 2076 5586 aeterna

474 5623 638 5679 ruina
669 5633 1002 5694 mergantur.
1041 5623 1103 5678 Et
1134 5625 1288 5696 erigit
1323 5640 1499 5679 omnes
1551 5624 1728 5679 elisos.
1773 5623 1922 5692 Quos
1955 5638 2078 5680 cor-

472 5729 653 5784 poreae
674 5716 969 5786 voluptatis
991 5716 1349 5790 praecipitavit
1383 5716 1656 5784 stimulus,
1705 5715 1751 5772 si
1804 5715 2076 5787 paaniten-

476 5805 608 5860 tiam
633 5815 816 5877 agant.

2250 3300 2384 3341 voce
2413 3285 2676 3356 loquitur,
2709 3285 2895 3340 dicens
2925 3301 2938 3338 ς

2251 3400 2457 3469 Lauda,
2501 3402 2676 3455 anima
2701 3416 2835 3465 mea,
2870 3398 3172 3454 Dominum.
3216 3398 3463 3454 Psalmus
3513 3397 3614 3454 iste
3646 3399 3774 3453 titu-

2184 3495 2295 3552 lum
2323 3495 2486 3550 habet
2511 3495 2692 3565 Aggaai
2715 3492 3208 3550 etZacltariaa.Sed
3240 3493 3342 3548 hoc
3368 3494 3601 3562 primum
3632 3493 3771 3549 scire

2178 3588 2461 3656 debemus,
2503 3587 2647 3657 quod
2692 3585 2747 3640 in
2793 3585 3061 3641 Hebraico
3105 3600 3213 3642 non
3269 3585 3522 3653 habetur,
3575 3583 3672 3640 sed
3717 3585 3768 3639 in

2178 3681 2534 3752 Septuaginta
2555 3681 2961 3749 interpretibus.
2988 3680 3239 3735 Dicamus
3267 3687 3446 3735 autem
3471 3687 3531 3733 et
3559 3678 3625 3734 de
3651 3678 3768 3734 edi-

2181 3774 2326 3831 tione
2354 3772 2582 3844 Vulgata
2610 3773 2790 3843 Aggtei
2829 3782 2884 3828 et
2915 3772 3214 3828 Zacharias.
3264 3771 3399 3840 Quia
3451 3771 3768 3827 instauratio

2178 3866 2269 3923 hic
2287 3867 2486 3922 dicitur
2510 3867 2813 3922 Jerusalem
2848 3884 2860 3920 :
2905 3865 3157 3936 Regnavit
3203 3863 3453 3920 Dominus
3497 3865 3551 3918 in
3581 3865 3770 3919 siccula

2179 3957 2322 4014 Deus
2335 3967 2474 4024 tuus,
2502 3957 2654 4026 Sion,
2680 3960 2732 4012 in
2757 3958 3091 4032 generatione
3111 3967 3160 4012 et
3177 3958 3563 4027 generationem
3584 3974 3603 4011 :
3623 3957 3767 4028 quasi

2178 4050 2248 4107 de
2271 4051 2660 4106 instauratione
2705 4050 3009 4108 Jerusalem
3055 4051 3160 4106 dici
3215 4060 3427 4121 putant,
3482 4065 3605 4121 quae
3635 4049 3768 4105 facta

2178 4151 2265 4198 est
2291 4144 2392 4198 sub
2414 4146 2612 4213 Aggan
2633 4156 2687 4198 et
2707 4143 2998 4224 Zacharia.
3042 4143 3246 4207 Lauda,
3292 4144 3472 4198 animo
3499 4159 3634 4209 mea,
3669 4142 3769 4197 Do-

2179 4238 2397 4293 minum.
2425 4237 2541 4294 Non
2570 4238 2725 4298 dixit.
2743 4237 3175 4308 lauda,corpus:
3204 4237 3323 4298 sed,
3352 4238 3536 4305 lauda,
3562 4236 3768 4290 animo:

2180 4343 2289 4385 non
2313 4345 2420 4400 quo
2448 4345 2645 4399 corpus
2665 4329 3026 4396 damnaverit,
3074 4328 3172 4384 sed
3219 4328 3403 4384 carnis
3449 4342 3618 4398 opera
3645 4342 3771 4383 con-

2179 4419 2476 4479 demnavit.
2500 4421 2708 4488 Lauda,
2740 4423 2916 4476 anima
2939 4438 3073 4485 mea,
3106 4421 3410 4476 Dominum.
3440 4421 3636 4476 Anima
3659 4421 3768 4491 ipsa

2181 4531 2241 4573 se
2271 4515 2540 4571 hortatur.
2563 4514 2848 4584 Quomodo
2871 4514 2915 4568 si
2947 4514 3092 4568 dicat
3117 4513 3282 4568 David
3302 4530 3317 4568 :
3341 4512 3550 4581 Lauda,
3576 4511 3766 4578 David,

2103 4584 2159 4645 D
2184 4609 2512 4666 Dominum:
2545 4609 2626 4665 sic
2649 4617 2705 4663 et
2749 4609 2865 4678 ipsa
2893 4609 3070 4663 anima
3127 4607 3259 4662 dicit
3307 4606 3373 4660 ad
3423 4621 3485 4660 se
3519 4623 3534 4661 :
3567 4605 3768 4673 Lauda,

2179 4704 2357 4758 anima
2409 4718 2545 4768 mea,
2605 4699 2924 4755 Dominum:
2983 4699 3208 4754 laudabo
3255 4697 3539 4752 Dominum
3577 4698 3632 4750 in
3671 4698 3769 4750 uita

2179 4811 2314 4866 mea.
2345 4793 2481 4849 Vide
2519 4792 2649 4863 quid
2693 4792 2890 4848 dicat:
2942 4792 3061 4860 Ipsa
3108 4805 3170 4846 se
3219 4789 3490 4856 hortatur,
3549 4798 3604 4844 et
3656 4789 3766 4856 ipsa

2179 4882 2488 4954 respondet.
2513 4881 2654 4951 Quid
2675 4882 2846 4937 dicit?
2875 4879 3186 4945 Dicitmihi,
3211 4879 3416 4949 Lauda,
3443 4879 3620 4934 animo
3641 4895 3764 4945 mea,

2178 4980 2480 5037 Dominum.
2515 4979 2630 5051 Ego
2661 4980 2778 5050 ipsa
2813 4979 3155 5050 respondeo:
3189 4977 3442 5033 Laudabo
3473 4977 3764 5046 Dominum,

2181 5073 2237 5128 in
2262 5073 2366 5128 vita
2389 5087 2521 5127 mea.
2555 5071 2712 5126 Modo
2733 5072 2960 5127 laudare
2981 5084 3088 5126 non
3113 5085 3357 5141 possum,
3389 5071 3630 5141 peccatis
3650 5085 3767 5141 prc-

2179 5179 2322 5221 mor.
2367 5165 2826 5234 Quotiescumque
2870 5163 3010 5218 labia
3061 5164 3114 5218 in
3170 5163 3354 5218 laudes
3401 5164 3501 5218 Dei
3547 5164 3764 5233 aperio:

2180 5257 2380 5312 totiens
2401 5256 2495 5312 illa
2515 5254 2852 5326 conglutinat
2876 5256 3215 5310 conscientia
3241 5263 3615 5324 peccatorum.
3638 5253 3769 5308 Lou-

2181 5350 2311 5406 dabo
2336 5347 2620 5403 Dominum
2651 5349 2704 5402 in
2734 5349 2842 5403 vita
2865 5365 2997 5404 mea.
3027 5347 3258 5415 Pulchre
3287 5348 3446 5417 dixit,
3496 5349 3719 5403 laudabo
3745 5367 3765 5404 :

2181 5457 2310 5509 non,
2345 5441 2523 5497 laudo.
2549 5440 2777 5510 Quando
2802 5455 2926 5496 cum
2961 5440 3192 5496 Domino
3246 5455 3372 5496 meo
3425 5440 3604 5507 luero,
3650 5451 3767 5497 tunc

2181 5535 2783 5593 laudaboDominumin
2806 5535 2912 5590 vita
2938 5549 3079 5590 mea.
3122 5533 3276 5589 Nunc
3303 5535 3358 5589 in
3407 5543 3586 5590 morte
3630 5549 3760 5602 sum,

2180 5630 2404 5686 laudare
2429 5644 2538 5684 non
2569 5641 2810 5699 possum.
2833 5625 3085 5681 Laudabo
3111 5624 3392 5680 Dominum
3422 5626 3477 5680 in
3498 5626 3603 5680 uita
3631 5641 3757 5679 mea.

2182 5723 2304 5780 Vita
2338 5731 2524 5779 nostra
2546 5721 2793 5778 Christus
2813 5729 2916 5777 est.
2932 5719 3222 5775 Dominum
3255 5719 3542 5774 laudemus
3569 5719 3623 5774 in
3640 5719 3762 5773 vita.

2185 5814 2424 5871 Psallam
2468 5815 2576 5872 Deo
2616 5829 2726 5870 meo
2759 5812 3004 5886 quamdiu
3034 5814 3208 5882 fuero.
3235 5810 3374 5867 Vide
3403 5811 3537 5882 quid
3580 5809 3714 5867 dicat
3747 5828 3758 5862 :
