3992 6302
171 305 310 363 12Ᾱ9

1113 312 1542 374 BREVIARIUM
1580 317 1646 375 ΠΝ
1685 317 2019 378 PSALMOS.
2062 319 2308 380 PSALM.
2347 323 2554 382 CXLV.

3341 334 3479 396 i250

166 423 397 491 Quando
415 434 578 496 juste
609 428 809 500 aliquid
843 430 1075 503 agimus,
1125 450 1351 492 sumus:
1400 439 1618 507 quando
1652 455 1779 497 vero
1804 448 1854 507 Α
1885 443 1984 495 ista
2007 441 2335 510 combustio,
2392 453 2580 500 nostra
2626 445 2878 516 purgatio
2919 456 3025 504 est.
3081 449 3271 508 Beatus
3323 459 3473 527 cujus

169 531 488 586 peccamus,
516 535 644 576 esse
665 521 999 580 desistimus.
1025 525 1192 582 Multa
1209 537 1335 583 sunt
1353 544 1475 600 qua:
1500 529 1778 588 dicantur:

167 608 261 665 scd
293 609 361 663 ad
397 610 576 667 linem
606 612 830 670 festinat
863 618 1057 673 oratio.

237 701 429 759 Nolite
453 706 728 776 conﬁdere
758 708 812 763 in
842 711 1188 783 principibus,
1220 730 1313 770 nec
1347 715 1402 770 in
1447 717 1574 786 ﬁliis
1612 716 1782 771 Itami-

167 809 311 862 num,
346 795 403 851 in
444 797 642 868 quibus
672 817 775 854 non
797 811 872 857 est
897 804 1058 860 salus.
1085 805 1198 860 lloc
1224 807 1554 876 generaliter.
1574 807 1643 863 ad
1664 822 1783 864 om-

165 902 261 943 nes
286 887 426 944 dicit
457 907 472 944 :
509 890 693 946 Nolite
712 894 974 962 conﬁdere
999 897 1053 950 in
1080 897 1419 971 principibus.
1443 898 1561 955 Non
1589 900 1642 956 in
1676 901 1782 956 im-

168 989 444 1052 peratore,
483 998 596 1038 non
620 984 673 1039 in
692 985 986 1056 praefectis,
1014 1003 1122 1044 non
1153 993 1206 1045 in
1238 991 1508 1059 judicibus
1533 993 1741 1048 saeculi.

237 1073 426 1131 Nolite
454 1078 721 1148 conﬁdere
747 1081 799 1133 in
824 1082 1163 1152 principibus.
1190 1083 1289 1152 Qui
1322 1095 1450 1140 sunt
1476 1087 1782 1156 principes?

167 1166 287 1224 Filii
311 1169 635 1228 hominum.
664 1173 765 1242 Qui
792 1183 918 1230 sunt
955 1175 1049 1231 lilii
1097 1176 1416 1233 hominum?
1439 1179 1644 1247 Quibus
1673 1194 1781 1237 non

169 1271 248 1318 est
275 1263 454 1321 salus.

236 1355 425 1413 Exibit
452 1361 677 1430 spiritus
699 1363 834 1432 ejus,
863 1371 912 1420 et
958 1375 1235 1424 revertetur
1281 1367 1335 1422 in
1386 1377 1572 1423 terram
1609 1385 1775 1422 suam.

168 1448 297 1506 Cum
327 1462 529 1510 autem
557 1471 835 1526 regressus
880 1457 1042 1514 fuerit
1090 1460 1142 1514 in
1197 1469 1394 1516 terram
1441 1477 1616 1528 suam,
1652 1461 1782 1529 quid

166 1541 292 1598 ﬂet?
318 1543 390 1599 In
428 1545 534 1600 illa
585 1548 668 1602 die
697 1549 932 1617 peribunt
993 1567 1166 1605 ontnes
1196 1553 1531 1624 cogitationes
1579 1569 1780 1608 eorum.

166 1633 352 1692 Omnis
377 1641 690 1708 principum
717 1642 1044 1698 conﬁdentia
1078 1645 1272 1713 perict,
1303 1653 1357 1700 et
1386 1645 1780 1716 peribuntom-

165 1745 259 1786 nes
283 1735 659 1803 cogitationes
685 1750 900 1791 eorum.
953 1735 1130 1792 Nolite
1161 1737 1426 1808 conﬁdere
1450 1740 1503 1793 in
1525 1739 1780 1811 principi-

1885 527 2026 586 Deus
2051 531 2214 589 Iacob
2241 535 2456 608 adjutor
2504 537 2635 605 eius.
2683 536 2876 595 Videte
2901 539 3319 610 signiﬁcantiam
3348 563 3471 603 ver-

1883 622 2095 679 borum.
2146 625 2373 698 Adjutor
2417 630 2531 698 ejus
2581 643 2602 682 :
2648 637 2703 684 et
2742 643 2850 685 non
2893 643 3108 701 poterat
3172 635 3245 691 ibi
3301 638 3472 694 ullum

1881 715 2096 786 signum
2112 715 2313 785 facere,
2342 729 2566 788 propter
2587 719 3026 779 incredulitatem
3054 739 3243 781 eorum
3285 726 3469 799 (Matt.

1882 807 2024 879 xm).
2060 808 2206 866 Deus
2235 809 2460 880 adjutor
2479 819 2664 868 noster
2701 821 2804 869 est.
2846 812 3106 872 Volentes
3135 826 3191 874 et
3219 817 3477 877 laboran-

1884 907 1967 956 tes
2004 899 2224 968 liberat,
2253 913 2311 958 et
2339 902 2680 960 collaborat:
2712 905 3069 978 dormientes,
3114 917 3171 963 et
3208 918 3472 978 tacentes,

1883 1001 1938 1049 et
1962 992 2232 1058 nolentes,
2265 1010 2370 1051 non
2421 995 2634 1051 liberat.
2669 996 2802 1068 Spes
2831 998 2944 1070 ejus
2993 1000 3046 1054 in
3092 998 3317 1057 Domino
3361 1001 3477 1059 Deo

1883 1087 2070 1157 ipsius.
2102 1087 2334 1159 Egregie
2353 1088 2513 1153 dixit.
2544 1106 2681 1162 spes.
2714 1089 2782 1145 Et
2812 1092 2854 1146 si
2880 1092 2933 1146 in
2972 1094 3228 1163 praesenti
3260 1109 3366 1150 non
3406 1095 3473 1152 li-

1882 1177 2058 1244 berat,
2085 1186 2266 1236 tamen
2297 1194 2424 1251 spes
2451 1179 2521 1236 de
2541 1179 2723 1236 futuro
2758 1191 2862 1238 est.
2896 1183 2998 1250 Qui
3047 1186 3168 1256 fecit
3213 1184 3396 1241 cadum
3427 1197 3477 1241 et

1883 1277 2093 1326 terram.
2124 1270 2232 1327 Iste
2258 1271 2403 1328 Deus
2431 1270 2669 1344 quilecit
2693 1274 2893 1330 cmlum
2917 1285 2972 1330 et
3006 1286 3224 1345 terram,
3260 1277 3407 1334 Marc
3428 1288 3476 1333 et

1884 1361 2058 1415 omnia
2087 1378 2202 1426 qua!
2231 1363 2284 1416 in
2311 1363 2383 1417 eis
2413 1373 2553 1417 sunt.
2602 1361 2686 1418 Ad
2721 1367 3186 1436 comparationem
3225 1369 3372 1437 coeli,
3419 1377 3475 1426 et

1885 1463 2068 1523 terrae,
2087 1465 2143 1513 et
2164 1458 2355 1524 maris,
2385 1471 2483 1512 nos
2501 1455 2752 1513 homines
2777 1459 3073 1516 secundum
3105 1461 3473 1519 conditionem

1883 1547 2086 1617 carnis,
2109 1549 2188 1605 sic
2208 1564 2398 1604 sumus
2419 1549 2574 1620 quasi
2600 1549 2847 1606 formica:
2877 1563 2931 1608 et
2962 1553 3186 1624 pulices.
3221 1555 3322 1624 Qui
3345 1571 3476 1627 ergo

1883 1639 2082 1697 calum
2105 1641 2232 1697 iecit
2254 1651 2310 1698 et
2332 1652 2554 1708 terram,
2573 1641 2850 1700 hominem
2884 1659 2993 1702 non
3024 1657 3208 1720 potest
3237 1649 3472 1708 liberare

1885 1750 2044 1806 quem
2067 1734 2231 1791 fecit?

166 1824 273 1880 bus.
310 1826 496 1884 liodie
530 1830 651 1896 luit,
677 1845 798 1887 cras
826 1847 936 1886 non
959 1843 1063 1888 est.
1117 1832 1287 1888 Hodie
1319 1835 1469 1889 illum
1519 1832 1779 1904 praecedit
1812 1835 1854 1895 Β
1959 1827 2063 1894 Qui
2088 1829 2310 1882 custodit
2340 1829 2602 1885 veritatem
2628 1832 2682 1888 in
2706 1835 2973 1890 swculum.
3000 1833 3058 1891 Si
3091 1851 3191 1892 nos
3220 1837 3480 1909 opprimit

163 1921 476 1989 exercitus,
525 1933 579 1978 et
625 1937 751 1979 sero
781 1924 835 1978 in
885 1925 1142 1996 sepulcro
1185 1925 1350 1996 jacet.
1397 1926 1527 1982 Post
1573 1935 1777 1981 tantam

161 2017 634 2087 magnitudinem,
690 2028 892 2073 tantam
945 2021 1271 2089 claritatem,
1337 2020 1483 2074 nulla
1543 2020 1780 2075 interce-

163 2103 295 2162 dunt
327 2117 594 2176 tempora
625 2125 640 2162 :
667 2109 721 2163 in
743 2110 934 2166 eodem
961 2121 1236 2166 momento
1275 2109 1480 2166 Christi
1527 2120 1610 2166 est
1641 2125 1778 2181 ope-

163 2200 320 2254 ratio.
355 2199 431 2254 ln
468 2201 596 2270 ﬁliis
626 2200 912 2271 hominum,
939 2204 991 2256 in
1020 2204 1206 2275 quibus
1245 2221 1349 2258 non
1390 2213 1464 2258 est
1487 2204 1648 2258 salus.
1676 2202 1779 2272 Qui

166 2305 285 2347 sunt
309 2293 638 2364 principes?
660 2292 786 2349 Filii
815 2296 1117 2350 hominum.
1147 2296 1207 2350 Si
1236 2295 1342 2365 ipsi
1368 2295 1616 2350 homines
1640 2293 1778 2349 nihil

167 2393 310 2453 sunt,
335 2384 481 2457 quid
512 2393 641 2440 sunt
667 2385 761 2442 lilii
803 2389 1028 2443 eorum?
1069 2387 1246 2442 Exibit
1285 2388 1521 2458 spiritus.
1574 2384 1778 2457 Cujus?

168 2474 436 2534 hominis.
472 2477 650 2533 Exibit
675 2481 909 2550 spiritus.
945 2481 1041 2535 llic
1069 2482 1324 2550 spiritum
1359 2497 1458 2550 pro
1479 2481 1656 2535 anima
1685 2495 1780 2549 po-

1884 1920 2250 1988 mendacium,
2295 1937 2402 1978 non
2461 1923 2870 1981 contristemur.
2925 1923 3176 1984 Custodit
3217 1929 3481 1988 Dominus

1885 2013 2170 2069 veritatem
2200 2013 2255 2069 in
2282 2014 2566 2070 saeculum.
2599 2015 2795 2074 Nescio
2826 2019 2948 2090 quis
2975 2028 3166 2075 contra
3194 2036 3294 2077 nos
3320 2038 3478 2078 men-

1885 2105 2017 2160 titus
2046 2115 2149 2173 est,
2183 2115 2241 2162 et
2264 2107 2436 2178 magis
2473 2109 2554 2164 illi
2582 2109 2826 2167 creditur
2851 2113 3158 2181 mentienti,
3191 2129 3354 2186 quam
3382 2130 3480 2171 no-

1883 2198 1966 2253 bis
2013 2213 2202 2255 verum
2251 2200 2582 2258 dicentibus.
2651 2201 2769 2259 Non
2823 2204 3086 2262 debemus
3159 2205 3475 2278 desperare.

1881 2289 2134 2347 Custodit
2173 2291 2438 2349 Dominus
2483 2294 2770 2352 veritatem
2817 2296 2874 2352 in
2917 2297 3198 2355 saeculum.
3247 2299 3482 2356 Pulchre

1883 2379 2042 2450 dixit,
2074 2383 2317 2439 custodit.
2348 2383 2598 2442 Custodit
2626 2386 2796 2454 illam,
2832 2396 2888 2443 et
2928 2388 3093 2445 habet
3123 2389 3179 2444 in
3226 2387 3481 2447 thesauro

1882 2490 1984 2530 suo
2019 2494 2030 2528 :
2064 2477 2258 2532 reddet
2288 2478 2448 2534 nobis
2477 2479 2620 2549 quod
2643 2481 2908 2536 servavit.
2944 2480 3045 2548 Qui
3089 2482 3312 2535 custodit
3349 2481 3482 2536 veri-

171 2571 266 2627 nit.
290 2571 495 2639 Pater,
527 2573 579 2628 in
605 2588 800 2628 manus
822 2583 942 2628 tuas
963 2574 1288 2630 commendo
1316 2574 1565 2644 spiritum
1597 2588 1779 2630 meum
1883 2575 2037 2623 tatem
2065 2569 2118 2622 in
2157 2569 2428 2626 saeculum.
2481 2570 2736 2628 Christus
2788 2580 2874 2629 est
2920 2573 3144 2629 veritas.
3189 2572 3482 2630 Veritatem

173 2664 322 2735 (Luc.
352 2669 548 2736 χχιιι).
583 2665 756 2721 Exibit
782 2666 996 2738 spiritus
1026 2670 1162 2738 ejus,
1190 2675 1238 2720 et
1273 2678 1549 2721 revertetur
1578 2668 1630 2721 in
1668 2678 1783 2722 .ter—
1883 2660 2188 2732 loquamur,
2220 2672 2275 2718 et
2324 2664 2530 2720 veritas
2575 2663 2736 2720 nobis
2775 2677 2957 2721 servat
2985 2663 3296 2722 veritatem.
3328 2666 3485 2720 Facit

171 2773 278 2813 rant
302 2774 486 2815 suam.
509 2758 628 2814 Non
657 2759 879 2829 spiritus
902 2768 1212 2815 revertetur
1244 2758 1298 2812 iu
1321 2767 1522 2814 terram
1575 2775 1727 2814 suam
1764 2775 1777 2812 :
1873 2755 2140 2827 judicium
2187 2755 2441 2828 injuriam
2491 2757 2824 2827 patientibus.
2871 2759 3098 2814 Etiamsi
3167 2759 3481 2828 tardaverit,

174 2865 278 2906 non
303 2852 462 2907 enim
491 2860 576 2905 est
602 2851 824 2920 spiritus
846 2850 913 2906 de
935 2850 1214 2916 terra,sed
1236 2851 1512 2922 egreditur
1533 2850 1780 2921 spiritus,
1884 2864 1996 2904 non
2025 2849 2304 2918 desperes.
2355 2849 2611 2917 Veniens,
2666 2853 2873 2919 veniet,
2920 2862 2976 2908 et
3019 2853 3275 2908 salvabit.
3329 2851 3486 2908 Facit

175 2956 226 3002 et
247 2946 418 3003 homo
452 2955 760 3002 revertetur
784 2947 837 3002 in
862 2957 1065 3002 terram
1109 2962 1286 3002 suam.
1321 2944 1387 3000 In
1415 2947 1509 3000 illa
1535 2947 1618 3001 die
1641 2947 1781 3018 peri-
1874 2943 2138 3014 judicium
2175 2943 2425 3015 injuriam
2500 2944 2836 3016 patientibus.
2889 2945 3004 3002 Hoc
3070 2949 3246 3003 solum
3303 2949 3375 3004 sit
3427 2949 3484 3006 in

177 3037 299 3095 bunt
326 3056 514 3096 omnes
533 3040 870 3112 cegitationes
891 3055 1090 3095 eorum.
1127 3038 1236 3094 Nos
1266 3039 1366 3111 ipsi
1393 3039 1485 3109 qui
1512 3053 1653 3094 nunc
1670 3037 1778 3110 [ΑΙ.
1887 3046 2069 3091 nostra
2101 3037 2460 3103 conscientia,
2504 3035 2628 3107 quia
2653 3037 2801 3108 juste
2825 3040 3086 3109 patimur.
3131 3040 3244 3095 Hoc
3277 3041 3484 3097 habea-

178 3131 307 3206 non]
337 3147 537 3188 sumus
564 3132 864 3202 principes,
885 3143 1083 3201 quanta
1113 3131 1354 3202 quotidie
1398 3132 1698 3202 Cogitamus
1729 3139 1784 3186 et
1889 3143 2009 3185 mus
2037 3128 2091 3184 in
2121 3130 2479 3201 conscientia,
2510 3131 2636 3202 quia
2663 3147 2764 3188 nos
2793 3143 3018 3204 propter,
3045 3143 3264 3204 peccata
3296 3145 3482 3192 nostra

181 3222 444 3292 dicimus,
477 3223 566 3279 die
591 3222 827 3279 crastina
858 3222 987 3278 illud
1019 3222 1234 3287 faciam,
1271 3223 1550 3278 destruam
1588 3224 1782 3277 horrea
1811 3219 1856 3284 C
1890 3225 2145 3295 patimur,
2173 3234 2228 3280 et
2249 3241 2355 3280 non
2383 3224 2610 3280 facimus
2634 3226 2762 3281 illud
2791 3241 2890 3298 pro
2921 3243 3028 3298 quo
3053 3227 3358 3299 arguimur.
3380 3228 3486 3283 Dat

181 3330 320 3384 mea,
357 3327 419 3373 et
445 3330 662 3370 rursum
712 3315 802 3370 die
837 3313 1074 3370 crastina
1105 3313 1388 3370 aediﬁcabo
1429 3313 1547 3368 illa!
1574 3312 1784 3368 Dicitur

183 3409 312 3465 mihi
338 3428 352 3464 :
383 3409 587 3478 Stulte,
615 3407 717 3464 hac
739 3417 898 3464 nocte
927 3407 1169 3476 rapietur
1190 3408 1372 3462 anima
1400 3415 1521 3472 tua;
1545 3421 1666 3478 quae
1686 3422 1783 3462 au-

185 3510 288 3559 tem
312 3500 663 3578 prmparasti,
690 3502 849 3572 cujus
879 3511 1041 3558 erunt
1067 3499 1222 3574 (Luc.
1253 3501 1386 3571 xu)?
1432 3501 1544 3556 Hoc
1578 3501 1646 3557 de
1672 3500 1784 3556 illis

185 3593 312 3653 dicit
335 3596 434 3668 qui
464 3595 742 3652 conﬁdunt
766 3595 820 3652 in
848 3595 1487 3668 principibus.C:eterum
1513 3595 1581 3652 de
1597 3604 1784 3652 sancto

186 3689 314 3758 quid
339 3688 582 3744 dicitur?
1512 3737 1521 3745 .

257 3785 456 3840 Beatus
478 3786 626 3855 cujus
650 3781 790 3839 Deus
837 3781 1000 3838 Jacob
1028 3782 1239 3854 adjutor
1272 3784 1407 3854 ejus.
1432 3779 1496 3838 Hi
1528 3780 1580 3836 in
1612 3781 1789 3837 curri-

190 3874 288 3934 bus
323 3884 379 3932 et
406 3875 460 3931 hi
487 3875 540 3930 in
567 3875 746 3945 equis,
773 3890 876 3931 nos
903 3885 1085 3930 autem
1115 3873 1169 3928 in
1196 3873 1414 3928 nomine
1459 3872 1673 3928 Domini
1706 3873 1788 3927 in-

191 3968 516 4026 vocabimus
545 3964 720 4036 (Psal.
745 3965 885 4037 xix).
915 3966 994 4021 Illi
1024 3964 1205 4035 plures
1239 3963 1442 4020 habent
1466 3964 1784 4034 adjutores:

193 4061 284 4117 sed
310 4060 586 4131 principes
607 4068 754 4126 sunt,
787 4058 885 4115 sed
910 4057 1155 4115 homines
1186 4065 1331 4124 sunt,
1373 4057 1468 4113 sed
1500 4064 1788 4113 corruunt.

193 4150 306 4209 Nos
339 4167 504 4206 unum
537 4151 797 4208 habemus
823 4151 913 4222 qui
940 4151 1160 4206 salvare
1181 4158 1382 4221 potest.
1431 4150 1568 4221 Spes
1590 4154 1705 4224 ejus
1732 4152 1787 4206 in

194 4243 426 4301 Domino
449 4243 560 4300 Deo
580 4245 768 4316 ipsius.
820 4242 1112 4300 Videamus
1163 4254 1272 4299 tres
1318 4241 1475 4312 pueri
1524 4244 1652 4313 quid
1700 4243 1786 4299 di-

196 4347 323 4396 cant
349 4340 407 4394 in
441 4340 660 4395 fornace
700 4335 996 4408 Babylonia
1027 4353 1041 4390 :
1075 4337 1327 4407 quoniam
1354 4344 1512 4392 vocat
1539 4351 1634 4393 eos
1678 4335 1788 4393 Na-

195 4431 623 4491 buchodonosor
653 4446 793 4487 rex:
847 4429 964 4486 Non
1019 4444 1240 4485 necesse
1281 4437 1367 4485 est
1421 4445 1521 4485 nos
1560 4429 1629 4486 de
1682 4431 1789 4486 hoc

196 4529 368 4586 verbo
399 4525 733 4597 respondere
763 4525 881 4581 tibi.
915 4524 1100 4581 Potest
1144 4523 1359 4595 quidem
1409 4539 1510 4581 nos
1555 4525 1698 4581 Deus
1726 4526 1790 4581 li-

1886 3333 2061 3372 escam
2090 3316 2452 3372 esurientibus.
2487 3318 2558 3372 Et
2598 3319 2896 3374 secundum
2939 3318 3176 3375 litteram
3223 3318 3480 3392 aediﬁcat,

1887 3415 1942 3464 et
1984 3408 2031 3463 si
2082 3408 2400 3479 simpliciter
2445 3409 2804 3481 intelligatur,
2862 3410 3094 3467 aediﬁcat
3139 3411 3478 3469 audientem.

1887 3499 2166 3572 Respicite
2194 3502 2432 3557 volatilia
2478 3501 2605 3559 caeli
2659 3519 2671 3556 :
2718 3503 2845 3573 quia
2900 3519 3008 3560 non
3039 3513 3250 3574 serunt,
3303 3520 3483 3576 neque

1888 3601 2124 3663 metunt,
2177 3603 2232 3650 et
2265 3593 2428 3650 Pater
2471 3604 2654 3652 vester
2701 3595 2944 3652 caelestis
2992 3597 3168 3668 pascit
3216 3596 3329 3652 illa.
3379 3596 3486 3651 Dat

1887 3701 2055 3742 escam
2087 3686 2446 3742 esurientibus.
2494 3687 2877 3743 Esurientibus
2914 3685 3048 3756 dat,
3089 3703 3198 3744 non
3231 3697 3486 3746 eructan-

1890 3779 2058 3836 tibus.
2110 3779 2212 3849 Qui
2259 3796 2388 3853 ergo
2417 3796 2527 3837 non
2571 3781 2736 3839 habet
2775 3783 3100 3851 monachus,
3147 3783 3489 3840 conﬁdenter

1889 3871 2144 3944 accipiat.
2185 3873 2290 3940 Qui
2338 3872 2501 3929 habet
2542 3883 2597 3930 et
2625 3883 2878 3930 eructans
2916 3882 3032 3943 est,
3075 3890 3183 3930 non
3229 3876 3488 3947 accipiat.

1888 3965 2010 4022 Scis
2038 3963 2161 4036 quia
2191 3965 2368 4020 esuris
2403 3981 2418 4019 :
2457 3964 2567 4020 scis
2596 3963 2722 4036 quia
2751 3979 2860 4020 non
2887 3963 3059 4021 babes
3084 3981 3097 4018 :
3127 3965 3173 4021 si
3199 3967 3484 4037 esurieris,

1889 4067 1947 4117 et
1990 4074 2096 4116 non
2137 4059 2306 4115 habes
2349 4058 2572 4130 :magis
2609 4058 2706 4115 das
2752 4058 3099 4126 beneﬁcium,
3152 4060 3198 4116 si
3251 4061 3490 4132 accipias

1889 4151 2034 4224 quod
2068 4151 2324 4208 tribuitur
2351 4151 2470 4208 tibi.
2513 4149 2570 4208 Si
2607 4160 2788 4207 autem
2817 4150 3008 4222 habes,
3039 4161 3095 4208 et
3140 4167 3250 4208 non
3289 4153 3483 4223 esuris,

1890 4259 1999 4300 non
2033 4243 2202 4300 debes
2229 4244 2412 4301 cibum
2469 4245 2826 4301 esurientium
2869 4245 3086 4312 tollere,
3138 4254 3194 4302 et
3240 4247 3491 4317 accipere

1890 4345 2190 4394 saturatus.
2239 4337 2442 4409 Accipe
2484 4335 2628 4408 quod
2685 4336 2740 4392 in
2788 4346 3033 4394 ventrem
3083 4335 3308 4406 mittas,
3379 4353 3492 4394 non

1891 4429 2037 4501 quod
2070 4431 2124 4486 in
2165 4431 2442 4487 sacculum
2474 4448 2488 4484 :
2529 4429 2718 4500 accipe
2749 4431 2986 4486 tunicam
3032 4447 3155 4502 quae
3184 4446 3382 4504 corpus
3414 4441 3493 4490 te-

1896 4534 2009 4596 gat,
2041 4541 2149 4579 non
2181 4540 2301 4594 qua:
2325 4538 2484 4580 arcas
2512 4523 2754 4593 impleat.
2787 4521 2895 4576 Dat
2923 4539 3092 4578 escam
3132 4525 3492 4583 esurientibus.

197 4620 404 4678 berare
424 4619 493 4675 de
521 4621 738 4675 fornace
777 4615 1010 4672 ardenti.
1049 4615 1154 4671 Sed
1208 4617 1254 4670 si
1296 4632 1400 4672 non
1446 4615 1791 4684 liberaverit,
1819 4615 1876 4676 D
1902 4619 2019 4675 Hoc
2060 4617 2360 4674 secundum
2408 4617 2666 4672 litteram.
2711 4615 2972 4670 Dicamus
3019 4625 3075 4670 et
3119 4617 3280 4672 aliter
3313 4635 3327 4672 :
3362 4619 3501 4674 Esu-

199 4715 362 4779 scito,
395 4728 514 4780 rex,
541 4712 666 4782 quia
689 4711 975 4783 imaginem
1000 4725 1161 4781 quam
1183 4711 1512 4766 constituisti
1543 4727 1649 4768 non
1668 4711 1798 4768 ado-

198 4821 390 4863 ramus
414 4803 648 4875 (Daniel.
676 4801 752 4873 v).
783 4802 975 4858 Videte
1001 4801 1188 4858 ﬁdem.
1236 4801 1544 4870 Credimus,
1596 4803 1793 4873 inquit,

201 4898 348 4970 quod
378 4896 615 4952 liberare
651 4904 850 4966 potest.
902 4893 1008 4951 Sed
1061 4895 1108 4949 si
1154 4895 1294 4950 forte
1346 4905 1568 4966 peccata
1608 4905 1795 4954 nostra

200 4990 628 5063 prohibuerint:
662 4997 843 5045 tamen
891 4989 1165 5045 credimus
1213 4998 1269 5046 et
1295 4989 1349 5046 in
1379 5005 1501 5046 eum
1549 4991 1641 5063 qui
1685 5007 1798 5050 non

203 5082 324 5138 vult
350 5082 608 5139 liberare.
629 5079 748 5137 Non
776 5081 920 5137 enim
951 5081 1228 5138 credimus
1251 5082 1304 5137 in
1327 5081 1432 5138 hac
1461 5083 1595 5150 vita,
1619 5083 1714 5140 sed
1738 5084 1796 5140 in

203 5173 409 5231 futura.
442 5172 559 5230 Non
591 5182 880 5244 pr0pterea
905 5173 1175 5230 credimus
1206 5173 1258 5228 in
1287 5174 1467 5243 illum,
1494 5189 1562 5231 ne
1587 5173 1676 5230 hic
1703 5189 1796 5232 ar-

208 5266 434 5324 deamus
467 5281 483 5321 :
513 5261 608 5321 sed
637 5280 706 5323 ne
726 5281 823 5338 per
863 5266 964 5321 ista
1004 5263 1252 5321 incendia
1281 5265 1350 5321 ad
1394 5266 1500 5321 alia
1547 5273 1799 5325 transea-

209 5375 349 5417 mus.
379 5359 618 5417 Incende
645 5360 828 5432 igitur,
856 5374 1103 5432 praepara
1133 5359 1403 5416 caminum
1436 5378 1448 5414 :
1481 5361 1585 5418 iste
1611 5362 1794 5435 ardor,

283 5553 309 5582 α
350 5542 528 5599 Locus
557 5541 784 5613 insignis
809 5541 874 5596 ad
905 5542 1191 5598 veritatem
1233 5542 1479 5613 corporis
1506 5539 1709 5598 Christi
1748 5543 1802 5600 in

212 5616 475 5688 mysterio
528 5611 885 5688 Eucharistia:
920 5611 1506 5688 comprobandainex
1547 5617 1804 5688 vetustis-

214 5681 354 5742 siino
383 5693 608 5741 auctore
631 5681 1021 5756 ecclesiastico.
1052 5682 1308 5756 Quamvis
1321 5684 1476 5756 enim
1503 5701 1622 5742 eam
1646 5687 1804 5756 plane

214 5758 594 5814 demonstrent
619 5753 885 5810 editiones
939 5753 1151 5808 Erasini
1201 5762 1254 5809 et
1284 5755 1530 5820 Mariani,
1563 5753 1664 5810 ubi
1700 5757 1806 5814 hoc

212 5830 386 5890 modo
398 5827 652 5899 legimus,
669 5825 794 5896 quia
810 5839 930 5880 vera
947 5840 1068 5880 caro
1078 5822 1270 5881 Christi
1287 5836 1384 5883 est.
1399 5825 1650 5884 Caeterum
1664 5826 1808 5884 dica-

1899 4709 2105 4764 riamus
2142 4706 2442 4776 Christum,
2493 4714 2548 4761 et
2577 4706 2694 4776 ipse
2734 4703 2892 4758 nobis
2939 4703 3035 4758 dat
3076 4706 3355 4762 caelestem
3400 4724 3498 4780 pa-

1899 4817 2048 4859 nem.
2097 4801 2298 4857 Panem
2329 4807 2576 4854 nostrum
2611 4795 2988 4869 quotidianum
3026 4796 3093 4852 da
3133 4799 3293 4856 nobis
3333 4799 3497 4860 hodie

1904 4897 2123 4971 (Matth.
2153 4896 2248 4970 vi).
2302 4895 2417 4951 Hoc
2459 4895 2550 4965 qui
2593 4893 2801 4962 dicunt,
2845 4893 3113 4951 esuriunt.
3151 4893 3253 4963 Qui
3299 4911 3496 4968 panem

1901 4990 2240 5058 desiderant,
2300 4987 2568 5045 esuriant.
2638 4986 2742 5056 Qui
2791 4986 2952 5056 dicit,
2997 5001 3190 5058 panem
3246 5000 3494 5049 nostrum

1905 5083 2280 5158 quotidianum
2324 5081 2392 5137 da
2421 5080 2581 5138 nobis
2609 5079 2795 5148 hodie,
2816 5081 3005 5152 utique
3039 5081 3292 5138 esuriens
3329 5083 3498 5155 loqui-

1906 5187 2013 5234 tur.
2063 5177 2166 5232 Dat
2207 5189 2388 5232 escam
2439 5174 2829 5232 esurientibus.
2881 5174 3042 5231 Putat
3091 5175 3310 5248 aliquis,
3351 5178 3498 5249 quod

1907 5285 2102 5341 panem
2148 5269 2428 5325 ccelestem
2459 5267 2527 5323 de
2557 5266 2835 5341 mysteriis
2859 5267 3043 5328 Idicat.
3092 5267 3160 5324 Et
3189 5277 3214 5307 α
3245 5269 3350 5326 hoc
3379 5271 3499 5342 qui-

1909 5361 2034 5419 dem
2085 5360 2403 5432 accipimus,
2461 5359 2588 5430 quia
2643 5374 2774 5416 vere
2831 5373 2962 5418 caro
3019 5360 3227 5420 Christi
3279 5370 3403 5430 est,
3447 5371 3502 5421 et

1912 5557 2047 5617 ntus,
2075 5550 2208 5610 etc.,
2232 5543 2442 5617 auctior
2473 5550 2662 5617 tamen
2687 5551 2772 5617 est
2800 5559 2865 5617 ac
2893 5544 3063 5617 magis
3097 5544 3362 5613 explicata
3392 5546 3500 5606 lec«

1913 5615 1992 5689 ti_o
2020 5613 2600 5689 manuscripti‘codicis
2625 5613 3052 5689 Corbeiensis'n.
3081 5618 3205 5682 154,
3227 5619 3317 5689 qui
3344 5633 3500 5676 comi

1912 5686 2173 5758 plectitur
2205 5685 2606 5761 expositionem
2653 5685 3046 5761 quinquaginta
3096 5697 3150 5744 et
3177 5685 3300 5745 ocio
3348 5691 3499 5761 psal-

1915 5773 2151 5821 morum,
2183 5771 2346 5828 quam
2391 5758 2624 5813 maxima
2653 5767 2808 5828 parte
2832 5759 2886 5814 in
2925 5773 3052 5814 suos
3073 5758 3499 5821 commentarios

1916 5827 2261 5901 transcripSit
2303 5827 2472 5888 falsus
2501 5828 2604 5889 iste
2628 5827 2826 5889 Hieron
2837 5843 2992 5904 ymus
3015 5839 3258 5891 veterum
3285 5837 3497 5907 compi-
