3992 6306
536 326 672 384 I251

1333 316 1679 376 APPENDIX
1716 315 1809 372 AD
1846 313 2085 371 TOIIUM
2125 307 2477 367 SEPTIMUM
2516 306 2578 364 S.
2620 302 3026 362 HIERONYMI.

3682 300 3812 359 1952

530 456 659 497 vere
686 439 907 508 sanguis
927 436 1132 493 Christi
1157 442 1261 490 cst.
1285 433 1558 493 Cancrum
1581 431 1834 487 dicamus
1859 436 1914 482 et
1938 426 2119 482 aliter.
2150 430 2204 490 Α
2299 420 2555 476 Dominus
2615 418 2840 477 custodit
2878 416 3101 508 advenas
3149 430 3161 466 :
3205 412 3467 508 pupillum
3524 418 3572 468 et
3605 412 3808 508 Δξνξιιιιιιιιι

529 530 694 589 Panis
740 528 943 585 Christi
987 540 1043 582 et
1085 538 1218 580 caro
1265 522 1385 595 ejus
1423 536 1610 579 sermo
1655 518 1873 575 divinus
1910 523 2020 581 est,
2070 521 2129 571 et

528 622 781 680 doctrina
819 616 1083 676 cmlestis.
1133 614 1473 685 Quicumque
1522 626 1717 683 panem
1767 609 1930 664 istum
1970 620 2127 662 acce-

530 716 696 788 perit,
724 722 781 769 et
808 719 1089 768 saturatos
1119 707 1307 776 fuerit,
1335 706 1466 778 quid
1496 704 1623 760 ﬁet?
1652 701 1830 771 Quid?

602 804 865 860 Dominus
912 802 1063 858 soluit
1111 799 1445 873 compeditos.
1496 795 1557 854 Si
1597 794 2125 850 animani.nostram

530 897 632 954 iste
676 896 835 967 panis
882 893 1190 950 refecerit:
1241 890 1348 946 hoc
1394 895 1503 959 est,
1556 902 1742 943 sermo
1788 884 2025 949 divinus,
2072 890 2129 940 et

528 990 777 1047 doctrina
805 989 1048 1045 caelestis
1081 1002 1096 1044 :
1126 985 1306 1043 statim
1340 984 1508 1055 pedes
1534 982 1730 1048 nostri,
1759 980 1851 1051 qui
1889 977 2126 1048 colligati

526 1080 778 1161 fuerant,
823 1079 1128 1136 solvuntur.
1179 1075 1435 1132 Dominus
1484 1074 1634 1130 solvit
1676 1071 2012 1141 compeditos.
2061 1070 2127 1137 Et

526 1159 767 1229 Lazarus
795 1171 989 1243 ligatus
1017 1176 1157 1236 erat,
1202 1177 1259 1225 et
1294 1167 1435 1224 dixit
1466 1185 1483 1222 :
1528 1165 1743 1221 Solvite
1790 1179 1915 1219 eum
1942 1159 2124 1235 (Joon.

524 1262 626 1335 xi).
664 1262 915 1318 Dominus
941 1262 1097 1317 solvit
1123 1258 1460 1327 compeditos.
1492 1257 1558 1312 Et
1597 1256 1709 1311 ﬁlia
1737 1253 2010 1311 Abraham
2030 1252 2127 1308 de-

523 1370 644 1413 cem
676 1365 734 1412 et
768 1365 893 1411 octo
922 1369 1096 1410 annos
1127 1352 1416 1408 incurvata
1446 1351 1621 1406 fuerat
1649 1360 1703 1405 et
1731 1348 1930 1416 vincta,
1964 1345 2126 1402 solvi-

522 1456 632 1515 tur,
657 1456 711 1505 et
737 1449 791 1504 in
823 1447 1021 1504 cmlum
1052 1445 1296 1516 respicit.
1324 1442 1517 1499 Videte
1562 1441 1693 1513 quid
1733 1440 1806 1495 ibi
1844 1439 2043 1495 dicitur
2071 1437 2124 1493 in

522 1540 827 1613 Evangelio
860 1560 874 1598 :
908 1542 1069 1607 Ecce,
1115 1541 1310 1610 inquit,
1341 1536 1588 1607 quaedam
1620 1545 1740 1591 erat
1782 1533 1977 1591 mulier
2003 1548 2126 1603 quas

520 1634 777 1705 spiritum
801 1632 1129 1689 inﬁrmitatis
1150 1631 1386 1687 habebat
1411 1628 1604 1685 decem
1628 1635 1686 1683 et
1711 1635 1837 1683 octo
1857 1626 2039 1692 annis,
2070 1636 2125 1681 et

519 1741 633 1784 non
663 1733 900 1797 poterat,
949 1725 1144 1795 inquit,
1193 1724 1411 1779 elevare
1463 1722 1730 1777 cervicem
1775 1719 1928 1794 (Luc.
1974 1719 2120 1789 aut).

2223 511 2487 581 suscipiet.
2520 509 2587 565 Et
2616 508 2913 565 secundum
2937 506 3175 565 litteram
3206 503 3455 575 prodest,
3488 503 3738 575 pupillum
3764 510 3810 559 et

2221 602 2432 659 uiduam
2447 601 2709 673 suscipiet.
2729 599 2775 655 Ο
2793 606 3023 669 martyr,
3040 595 3134 668 qui
3157 595 3381 662 teneris,
3397 605 3456 651 ut
3479 607 3585 666 pro
3602 607 3685 649 me
3700 592 3813 647 fun-

2222 693 2325 755 das
2344 694 2665 764 sanguinein
2697 708 2712 745 :
2746 689 2858 759 noli
2886 689 2958 747 de
2989 687 3113 745 ﬁliis
3141 701 3265 745 esse
3295 686 3595 752 sollicitus,
3618 683 3722 745 noli
3746 683 3813 746 de

2225 802 2402 845 uxore
2427 805 2440 842 :
2472 801 2557 841 me
2581 784 2786 840 habent
2804 797 2906 854 pro
2927 789 3002 838 te.
3031 780 3289 843 Dicamus
3304 787 3362 841 et
3380 776 3679 839 secundum
3702 776 3810 846 Spi-

2225 878 2389 939 ritum
2417 896 2429 931 :
2462 875 2733 948 Pupillum
2755 885 2803 932 et
2825 874 3033 931 viduam
3051 872 3313 944 suscipiet.
3353 870 3627 941 Popilium
3652 867 3813 926 susci-

2225 972 2356 1041 piet,
2382 969 2475 1040 qui
2494 969 2707 1027 Patrem
2737 968 2903 1025 Deutn
2930 965 3245 1036 perdiderat
3267 979 3366 1035 per
3390 973 3630 1034 peccata.
3657 961 3720 1017 Ει
3740 961 3804 1015 υἱ·

2226 1062 2383 1116 duam
2411 1062 2676 1132 suscipiet.
2716 1059 2969 1126 Viduam,
2997 1057 3102 1115 hoc
3129 1066 3235 1124 est,
3268 1072 3390 1115 eam
3418 1056 3657 1119 animam
3699 1068 3810 1124 quae

2226 1152 2494 1211 Christum
2514 1155 2689 1209 virum
2718 1152 3048 1222 perdiderat.
3069 1150 3176 1207 Sed
3191 1149 3312 1209 vide
3324 1147 3452 1225 quid
3469 1148 3633 1214 dicat,
3651 1146 3811 1219 pupil-

2227 1246 2337 1301 lum
2359 1257 2405 1300 et
2427 1246 2659 1301 uiduam.
2680 1245 2797 1301 Non
2819 1245 2976 1313 dixit,
3002 1243 3274 1299 custodiet
3301 1261 3315 1297 :
3342 1256 3452 1297 non
3472 1241 3627 1310 dixit,
3647 1242 3809 1301 salva-

2225 1338 2307 1394 bit
2332 1357 2343 1393 :
2371 1340 2487 1402 sed,
2512 1340 2753 1408 suscipiet
2776 1358 2791 1393 :
2816 1337 2864 1393 si
2892 1344 3205 1393 revertatur
3225 1334 3292 1391 ad
3314 1334 3554 1402 Patrem,
3575 1334 3621 1389 si
3641 1333 3809 1390 redeat

2226 1429 2294 1485 ad
2321 1430 2596 1487 maritum.
2624 1429 2691 1485 Et
2715 1431 2850 1484 viam
2870 1438 3196 1500 peccatorum
3216 1426 3495 1500 disperdet.
3523 1425 3639 1482 Non
3663 1424 3806 1489 dixit,

2227 1533 2548 1593 peccatores
2573 1524 2849 1595 disperdet
2887 1540 2899 1577 :
2945 1522 3043 1579 sed
3072 1522 3373 1589 secundum
3419 1520 3652 1591 primum
3679 1521 3808 1590 psal-

2227 1634 2398 1685 mum,
2449 1629 2505 1675 et
2551 1619 2658 1675 iter
2703 1617 2993 1690 impiorum
3040 1615 3262 1689 peribit.
3320 1613 3379 1672 Si
3414 1613 3687 1687 iustorum
3730 1613 3805 1669 vis

2225 1708 2479 1767 Chrisms
2533 1721 2654 1778 est,
2708 1720 3051 1781 peccatorum
3123 1711 3212 1763 via
3259 1707 3509 1765 diabolus
3568 1714 3672 1762 est.
3744 1703 3806 1760 Et

521 1819 793 1887 Quoniam
843 1818 1094 1888 spiritum
1142 1814 1477 1872 inﬁrmitatis
1532 1813 1805 1882 habebat,
1857 1813 2123 1868 cervicem
2155 1803 2200 1862 Ii
2231 1804 2366 1858 riam
2395 1813 2722 1876 peccatorum
2768 1803 3051 1875 disperdet.
3100 1801 3351 1867 Omnium
3395 1813 3526 1870 ergo
3571 1804 3808 1870 peccato-

525 1926 745 1969 sursum
773 1911 955 1966 levare
986 1925 1094 1964 non
1124 1916 1363 1980 poterat.
1388 1905 1645 1962 Dominus
1683 1906 1835 1962 solvit
1863 1904 2123 1970 compedi-

518 2012 620 2059 tos.
664 2003 769 2072 Ipsi
817 2010 944 2056 sunt
984 1999 1280 2069 compedes
1320 2013 1441 2070 quae
1481 2007 1538 2053 et
1582 2012 1799 2067 opera:
1853 1995 2123 2063 siquidem

518 2096 712 2153 eadem
744 2102 993 2165 peccata,
1023 2109 1144 2163 qua:
1184 2092 1427 2147 cervices
1473 2099 1687 2145 nostras
1729 2087 2027 2158 excipiunt,
2069 2094 2125 2143 et

514 2188 688 2261 ligant
728 2188 915 2258 pedes.
975 2185 1316 2257 Quicumque
1353 2182 1693 2254 compeditus
1737 2190 1846 2245 est,
1899 2194 2124 2236 currere

514 2296 626 2338 non
674 2289 877 2352 potest.
923 2280 1268 2348 Quicumque
1310 2275 1654 2344 compeditus
1691 2280 1798 2339 est,
1846 2273 1900 2327 in
1943 2270 2122 2328 stadio

511 2372 715 2429 Christi
737 2387 959 2428 currere
980 2385 1088 2426 non
1116 2377 1316 2440 potest.
1340 2368 1762 2438 Prtegravantur
1784 2365 1932 2420 enim
1954 2363 2121 2433 pedes

513 2465 896 2535 compedibus,
924 2472 984 2520 et
1011 2471 1336 2535 premuntur
1378 2461 1432 2515 in
1476 2469 1641 2526 terra,
1677 2468 1734 2514 et
1774 2457 2122 2528 conliguntur

516 2557 574 2614 in
608 2566 774 2613 terra.
806 2553 1061 2610 Dominus
1083 2552 1239 2609 solvit
1264 2550 1602 2623 compeditos.
1626 2548 1821 2605 Videte
1845 2547 2117 2604 ordinem.

518 2647 628 2704 Dat
675 2664 844 2703 escam
876 2645 1236 2702 esurientibus.
1272 2643 1513 2698 Primum
1556 2640 1833 2707 esurimus
1863 2654 1879 2695 :
1921 2637 2120 2694 deinde

515 2742 817 2811 accipimus
860 2738 1066 2795 cibum.
1115 2738 1250 2792 Cum
1315 2744 1498 2792 autem
1550 2731 1780 2790 saturati
1832 2730 2116 2796 fuerimus,

514 2833 806 2890 solvuntur
834 2830 1002 2902 pedes
1041 2828 1236 2896 nostri,
1268 2828 1357 2899 qui
1388 2824 1685 2897 compediti
1718 2824 1948 2883 fuerant.
1980 2823 2116 2887 Cum

516 2933 700 2981 autem
747 2922 1031 2980 ambulare
1080 2922 1353 2991 coeperint
1398 2919 1572 2975 libere
1600 2962 1616 2987 ,
1662 2916 1791 2987 quid
1834 2914 2119 2986 sequitur?

513 3013 775 3073 Dominus
816 3013 1079 3070 illuminat
1122 3027 1307 3067 ccecos.
1360 3009 1550 3066 Videte
1578 3008 1711 3079 quid
1741 3007 1925 3062 dicat:
1956 3004 2018 3062 Si
2048 3004 2119 3062 de

508 3108 671 3167 caecis
690 3106 813 3167 istis
847 3107 1187 3177 loqueretur,
1213 3101 1404 3158 debuit
1431 3099 1617 3163 dicere
1645 3116 1660 3153 :
1694 3098 1956 3153 Dominus
1986 3096 2111 3152 illu-

2226 1912 2346 1951 rum
2396 1896 2482 1951 via
2520 1896 2763 1951 diabolus
2797 1906 2901 1964 est,
2957 1894 3109 1951 illum
3140 1894 3322 1965 perdit
3365 1911 3383 1949 :
3421 1903 3681 1950 cu-terum
3718 1907 3808 1948 nos

2223 1990 2481 2059 salvabit,
2520 1991 2613 2063 qui
2663 1989 3074 2045 ambulabamus
3105 2004 3201 2059 per
3246 2003 3391 2056 eam,
3440 1995 3499 2045 et
3542 1986 3808 2045 ambulare

2222 2079 2542 2138 desivimus.

2294 2172 2553 2244 Regnabit
2592 2170 2852 2227 Dominus
2884 2172 2938 2226 in
2964 2171 3176 2227 scecula.
3221 2168 3487 2239 Quoniam
3518 2168 3604 2225 via
3632 2182 3807 2243 pecca-

2223 2273 2399 2319 torum
2446 2263 2694 2335 perierit,
2731 2275 2860 2319 tunc
2900 2262 3149 2335 regnabit
3189 2262 3455 2319 Dominus
3498 2262 3552 2316 in
3597 2261 3801 2316 smcula.

2221 2356 2340 2413 Non
2368 2357 2505 2412 dixit
2531 2373 2548 2428 ς
2578 2358 2631 2412 in
2659 2358 2924 2417 satculum
2956 2376 2970 2413 :
3004 2356 3124 2424 sed,
3147 2357 3201 2411 in
3221 2354 3432 2412 swcula.
3448 2354 3709 2425 Quamdiu
3729 2354 3804 2410 vis

2221 2464 2332 2504 non
2359 2450 2523 2519 perit,
2552 2447 2802 2505 Christus
2847 2465 2955 2505 non
3004 2459 3195 2520 regnat
3223 2448 3278 2505 in
3319 2448 3502 2505 nobis.
3555 2447 3804 2519 Quamdiu

2219 2545 2308 2599 via
2339 2556 2691 2616 peccatorum
2733 2561 2838 2599 non
2872 2544 3035 2613 perit,
3080 2541 3330 2600 Christus
3368 2560 3474 2598 non
3525 2552 3711 2616 regnat
3754 2541 3804 2599 in

2220 2635 2401 2693 nobis.
2451 2636 2719 2706 Quamdiu
2770 2636 2938 2707 pedes
2969 2635 3143 2691 ltOSlt‘i
3190 2635 3473 2703 ambulant
3503 2636 3558 2693 in
3593 2638 3674 2690 via
3701 2635 3805 2690 dia-

2222 2727 2355 2796 boli,
2404 2728 2652 2787 Christus
2698 2745 2806 2784 non
2857 2737 3051 2801 regnat
3089 2728 3143 2784 in
3197 2728 3378 2785 nobis.
3435 2727 3648 2785 Irascor
3695 2728 3804 2783 sine

2219 2838 2383 2883 causa
2414 2824 2565 2879 fratri
2593 2838 2758 2879 meo:
2790 2822 2846 2877 in
2890 2821 2974 2877 via
3007 2821 3212 2877 diaboli
3251 2820 3480 2877 ambulo
3509 2840 3521 2875 :
3568 2819 3803 2878 Chtistus

2220 2931 2329 2971 non
2363 2924 2552 2986 regnat
2578 2915 2632 2970 in
2677 2929 2784 2970 me.
2819 2911 3059 2969 Detraho
3108 2912 3260 2968 fratri
3293 2927 3415 2969 meo
3447 2930 3462 2968 :
3493 2913 3549 2969 in
3597 2912 3682 2967 via
3703 2911 3804 2967 dia-

2218 3009 2324 3065 boli
2352 3007 2571 3064 ambulo
2600 3025 2615 3063 :
2648 3007 2899 3064 Christus
2934 3022 3042 3063 non
3090 3018 3279 3079 regnat
3310 3008 3364 3062 in
3418 3022 3529 3063 me.
3575 3007 3634 3063 In
3675 3020 3798 3077 quo-

2219 3116 2454 3172 cumque
2480 3108 2707 3172 peccato
2737 3099 3112 3167 ambulat-ero,
3143 3100 3195 3155 in
3221 3098 3311 3155 via
3333 3098 3541 3156 diaboli
3563 3098 3802 3155 ambulo:

511 3198 679 3263 minat
706 3211 889 3252 cwcos.
918 3174 1030 3252 Sed
1061 3209 1173 3250 non
1198 3192 1331 3248 dixit
1365 3191 1493 3260 hoe,
1536 3190 1632 3247 sed
1673 3189 1971 3245 secundum
2010 3188 2112 3244 He-
2142 3174 2188 3235 (ἶ
2220 3192 2477 3250 Christus
2506 3210 2613 3249 non
2665 3200 2854 3263 regnat
2880 3191 2937 3247 in
2972 3208 3081 3248 me.
3114 3192 3262 3249 Mens
3291 3208 3413 3248 mea
3450 3208 3588 3249 vana
3616 3202 3725 3258 est,
3753 3197 3804 3263 ct

510 3290 753 3346 braieam
787 3298 844 3345 et
869 3288 1113 3347 Graecam
1137 3286 1424 3344 veritatem
1469 3284 1600 3355 quid
1630 3283 1807 3340 dixit?
1857 3282 2115 3340 Dominus

509 3382 766 3453 sapientes
814 3381 942 3452 facit
989 3396 1172 3437 cwcos.
1218 3380 1273 3435 Si
1325 3377 1395 3434 de
1437 3377 1557 3435 istis
1582 3377 1756 3433 oculis
1801 3377 2115 3449 loqueretur

510 3470 715 3539 carnis,
770 3469 959 3526 debuit
1009 3470 1193 3527 dicere
1237 3486 1252 3524 :
1305 3467 1561 3535 Dominus
1610 3466 1877 3531 illuminat
1925 3484 2107 3524 crocos.

507 3564 668 3629 Nunc
707 3578 838 3621 vero
875 3562 1101 3630 dicitur,
1140 3560 1403 3617 Dominus
1450 3562 1709 3634 sapientes
1755 3563 1884 3634 facit
1923 3578 2108 3621 cwcos.

511 3653 568 3715 Si
591 3646 964 3723 cmciﬁinquit',
989 3653 1208 3721 essetis,
1238 3660 1521 3722 peccatum
1542 3667 1647 3707 non
1676 3651 1972 3709 haberetis.
2002 3650 2111 3721 Cor

509 3755 759 3805 nostrum
785 3745 1117 3803 obcaecatum
1158 3753 1243 3801 est
1275 3742 1519 3800 tenebris
1560 3754 1929 3814 peccatorum.
1976 3742 2111 3799 Insi-

509 3841 715 3911 pientia
736 3850 791 3897 et
820 3839 1076 3905 stultitia,
1110 3838 1352 3895 tenebras
1384 3852 1488 3893 non
1518 3837 1832 3906 oculorum,
1863 3837 1961 3893 sed
1992 3852 2109 3893 mo-

508 3945 631 3988 rum
656 3940 808 3988 sunt.
845 3930 980 3989 Cum
1021 3945 1154 4001 ergo
1183 3930 1491 3987 esurientes
1519 3926 1709 3984 refecti
1743 3926 2023 3997 fuerimus,
2052 3936 2110 3985 et

508 4021 677 4093 pedes
700 4021 869 4076 nostri
899 4020 1117 4077 liberati
1147 4019 1355 4089 fuerint
1381 4036 1399 4074 :
1431 4031 1559 4076 tunc
1589 4019 1855 4087 incipient
1880 4033 1933 4075 et
1966 4018 2106 4076 oculi

507 4112 694 4183 cordis
722 4112 898 4167 nostri
932 4110 1117 4168 videre
1146 4112 1332 4167 lumen
1363 4109 1510 4183 quod
1536 4109 1828 4181 aliquando
1857 4109 2107 4183 perdide-

498 4206 656 4273 runt,
700 4212 756 4260 et
798 4203 1001 4261 habere
1037 4202 1385 4275 sapientiam.
1428 4202 1484 4257 Si
1524 4200 1755 4259 effectus
1799 4199 1959 4257 fuerit
2012 4214 2103 4257 sa-

507 4296 687 4368 piens,
712 4295 847 4369 quid
876 4296 1163 4368 sequitur?

577 4387 838 4444 Dominus
864 4388 1017 4462 erigit
1043 4389 1219 4443 elisos.
1248 4386 1315 4442 Et
1339 4388 1384 4443 si
1408 4387 1629 4458 iacebas
1660 4403 1675 4441 :
1705 4401 1929 4444 securus
1958 4394 2098 4457 esto,

2214 3287 2267 3342 in
2291 3286 2507 3343 diversa
2533 3286 2874 3343 distrahitur.
2905 3286 2960 3340 lu
2992 3302 3101 3342 uno
3122 3286 3241 3342 loco
3266 3301 3411 3356 sum,
3441 3298 3498 3344 et
3523 3300 3671 3343 meos
3692 3299 3801 3340 mea

2214 3394 2310 3448 per
2354 3387 2524 3435 totum
2564 3379 2752 3437 orbem
2783 3387 3033 3450 vagatur.
3088 3379 3331 3450 Angelos
3379 3378 3614 3449 mundus
3648 3378 3807 3451 capit,

2213 3484 2374 3539 reges
2412 3468 2585 3542 capit,
2635 3471 2909 3526 exercitus
2938 3470 3108 3541 capit,
3138 3470 3467 3537 monachum
3498 3485 3659 3525 unum
3703 3483 3802 3527 non

2211 3562 2375 3631 capit.
2403 3562 2514 3621 lloe
2539 3572 2708 3618 totum
2738 3575 2908 3634 quare
2936 3560 3060 3619 dico
3086 3560 3111 3617 ἵ
3135 3571 3357 3633 propter
3377 3576 3475 3619 eos
3500 3561 3592 3633 qui
3622 3562 3672 3617 in
3698 3569 3801 3616 toto

2210 3653 2345 3709 orbe
2378 3664 2667 3725 vagantur,
2716 3665 2773 3711 et
2803 3657 2855 3711 in
2885 3672 2996 3711 uno
3034 3656 3156 3712 loco
3195 3652 3388 3709 sedere
3419 3669 3530 3710 non
3572 3661 3803 3725 possunt.

2209 3742 2351 3800 Deus
2375 3755 2513 3814 tuus,
2542 3746 2696 3817 Sion,
2718 3749 2774 3802 in
2802 3748 3130 3820 generatione
3162 3752 3209 3801 et
3236 3746 3635 3819 generationem.
3669 3745 3795 3801 Deus

2209 3847 2351 3907 tuus,
2385 3839 2536 3896 Sion.
2588 3840 2925 3912 Frequenter
2953 3842 3188 3901 diximus
3236 3840 3369 3898 Sion
3410 3842 3673 3916 speculam
3713 3847 3799 3907 aut

2210 3930 2508 3988 Ecclesiam
2552 3932 2921 4005 interpretari,
2954 3943 3051 3990 aut
3077 3934 3312 3990 animam
3354 3933 3799 4005 contemplantem

2212 4022 2402 4080 Deum.
2439 4022 2579 4080 Deus
2630 4033 2767 4092 tuus,
2809 4025 2964 4092 Sion,
2996 4027 3050 4081 in
3084 4028 3416 4099 generatione
3441 4034 3491 4082 et
3525 4022 3794 4098 generatio-

2208 4133 2343 4172 nem.
2377 4117 2433 4172 In
2464 4117 2637 4188 prima
2673 4119 3048 4190 generatione,
3078 4119 3426 4186 Judaeorum;
3465 4122 3520 4175 in
3549 4113 3793 4193 secunda,

2206 4223 2274 4265 ex
2302 4210 2573 4280 gentibus.
2619 4210 2677 4269 In
2721 4211 2971 4269 omnibus
3015 4212 3340 4284 Scripturis,
3371 4222 3429 4271 et
3478 4212 3532 4279 in
3561 4208 3792 4279 omnibus

2207 4302 2432 4371 psalmis
2454 4304 2733 4374 generatio
2758 4312 2814 4361 et
2837 4307 3116 4376 generatio
3142 4305 3363 4375 dicitur,
3391 4313 3448 4360 ut
3466 4304 3601 4362 duos
3629 4315 3785 4373 popu-

2206 4395 2287 4451 los
2316 4396 2601 4467 signilicet.
2640 4397 2828 4453 Dicere
2849 4408 3029 4454 autem
3059 4406 3117 4455 et
3152 4397 3307 4456 aliter
3338 4411 3624 4473 possumus
3658 4413 3672 4455 :
3703 4394 3794 4451 Re.

505 4479 768 4553 Dominus
789 4478 1022 4552 porrigit
1043 4492 1285 4535 manum.
1312 4477 1568 4535 Dominus
1588 4478 1758 4552 diligit
1773 4480 1968 4552 justos.
1994 4478 2102 4537 Res
2134 4553 2168 4560 _
2207 4488 2377 4559 gnavit
2406 4486 2661 4543 Dominus
2681 4488 2735 4542 in
2759 4488 2950 4544 siccata
2978 4488 3122 4557 Deus
3143 4500 3280 4558 tuus,
3302 4488 3434 4546 Sion
3459 4508 3472 4543 :
3502 4490 3555 4546 in
3582 4500 3792 4560 genera-

502 4574 641 4632 duas
668 4572 831 4630 video
864 4590 879 4628 :
909 4572 1107 4645 diligit,
1151 4584 1208 4630 et
1244 4573 1508 4630 custodit.
1550 4573 1649 4644 Qui
1701 4573 1898 4646 diligit,
1943 4573 2100 4646 quasi
2131 4553 2179 4615 Ῑ)
2207 4553 2355 4634 ἷίοιιε
2383 4580 2480 4635 ista
2502 4589 2559 4636 et
2586 4581 2640 4635 in
2667 4581 3019 4652 generatione
3048 4553 3301 4639 ventura.
3330 4580 3543 4659 Regnet
3564 4553 3793 4643 Christus

503 4681 661 4727 suum
684 4666 882 4739 diligit.
928 4666 1029 4736 Qui
1059 4674 1240 4722 autem
1261 4665 1524 4737 custodit,
1563 4681 1688 4722 eum
1728 4666 1966 4723 custodit
2006 4667 2103 4738 qui
2210 4660 2271 4728 in'
2296 4672 2471 4736 nobis.
2516 4688 2625 4730 non
2664 4684 2855 4744 regnet
2903 4680 3187 4747 peccatum
3234 4673 3289 4730 in
3317 4688 3554 4755 corpore
3596 4682 3787 4729 nostro.

502 4758 557 4815 in
604 4760 845 4831 periculo
890 4761 1220 4816 constitutus
1256 4770 1360 4816 εει.
1394 4757 1650 4815 Dominus
1690 4759 1861 4835 diligit
1899 4761 2096 4832 justas.
2208 4762 2314 4820 Cor
2343 4763 2484 4837 regis
2528 4764 2581 4820 in
2626 4780 2786 4821 manu
2824 4765 2920 4823 Dei
2950 4763 3135 4841 (Prov.
3184 4765 3319 4838 xxi).
3371 4766 3560 4839 Simus
3602 4775 3789 4835 reges:

500 4852 842 4929 Quicumque
862 4854 1043 4925 justus
1068 4864 1152 4910 est
1193 4863 1250 4910 et
1277 4854 1575 4927 perfectus,
1603 4854 1801 4913 abillo
1829 4852 2096 4935 diligitur.
2206 4855 2536 4929 imperemus
2573 4858 2787 4928 corpori
2828 4868 3039 4927 nostro,
3085 4866 3142 4914 et
3175 4857 3531 4933 subjiciamus
3568 4854 3715 4923 illud,
3740 4858 3791 4915 et

500 4946 841 5025 Quicumque
876 4955 1061 5003 autem
1100 4947 1424 5018 peregrinus
1444 4954 1553 5026 est,
1582 4945 1806 5005 etvenit
1829 4945 1897 5003 ad
1931 4944 2105 5003 servi-
2206 4963 2304 5006 cor
2347 4956 2592 5006 nostrum
2621 4950 2691 5006 sit
2719 4951 2774 5006 in
2824 4966 2987 5008 manu
3021 4951 3139 5009 Dei.
3172 4951 3272 5009 Cui
3301 4952 3375 5013 sit
3416 4952 3589 5026 gloria
3614 4952 3664 5008 in
3686 4962 3785 5005 sa-

502 5045 678 5098 tutem
704 5038 944 5108 Domini,
974 5037 1070 5097 ille
1099 5047 1374 5095 servatur.

494 5225 663 5294 lator,
692 5235 749 5282 ut
773 5240 902 5283 mox
927 5224 1173 5283 dicturus
1201 5222 1406 5296 sunlth
1434 5222 1805 5296 admonitione
1846 5225 2092 5295 proxime

497 5286 751 5370 sequenti
754 5307 901 5422 goat
948 5306 1274 5367 praesentem
1316 5286 1792 5364 Explanationem,
1825 5286 1919 5352 seu
1961 5296 2092 5353 Bre-

497 5369 727 5422 viariam
801 5410 815 5422 .
867 5366 1196 5422 IIieronvmo
1223 5366 1546 5422 ascrintnm.
1594 5366 1761 5422 Igitur
1797 5367 1852 5422 in
1901 5381 2092 5422 subra-

495 5366 727 5439 via'rinm
754 5366 1196 5439 Saliiéronynto
1223 5366 1546 5439 ascriptum.
1594 5366 1761 5439 Igtur
1797 5367 1852 5422 in
1901 5381 2093 5439 supra-

495 5438 642 5496 dicto
672 5452 775 5493 ms.
807 5434 1124 5494 Corbeiettsi
1154 5437 1271 5493 huic
1301 5434 1573 5505 leguntur,
1623 5434 1694 5492 Et
1732 5439 1841 5493 haec
1884 5434 2093 5506 quidem

494 5510 801 5579 accipimus,
832 5523 957 5575 QUIA
988 5525 1130 5567 VERE
1165 5523 1303 5566 cuto
1327 5508 1547 5565 Canter
1577 5524 1675 5573 ss'r
1706 5519 1755 5567 et
1798 5525 1937 5566 vatis
1966 5524 2095 5564 ssn-

493 5596 613 5652 (ἓως
650 5580 874 5652 Cnatsri
917 5594 1036 5652 nar.
1068 5578 1325 5652 Craterum
1363 5580 1620 5652 dicamus,
1652 5589 1759 5639 etc.
1806 5580 1939 5652 Quae
1967 5595 2092 5652 pro:

493 5648 1483 5733 fceto_.invictissime_demonstrant
1543 5648 1869 5733 Christianis
1908 5648 2091 5733 quarti

495 5724 679 5779 saeculi
709 5735 1027 5792 persuasum
1055 5720 1223 5792 fuisse
1248 5722 1496 5792 omnino,
1521 5736 1711 5779 verum
1740 5720 1945 5792 Christi
1969 5736 2092 5792 cor-

495 5801 595 5858 pus
621 5800 678 5869 et
710 5788 908 5861 verum
949 5788 1266 5866 sanguinem
1324 5791 1378 5848 in
1423 5792 1688 5864 mysterio
1733 5788 2091 5866 Eucharistim

2207 5040 2328 5096 cula
2352 5040 2696 5099 saeculorum.
2721 5040 2921 5099 Amen.

2196 5234 2541 5291 contentum,
2585 5226 2745 5303 nobis
2790 5227 2845 5283 in
2870 5227 3074 5303 cibum
3115 5237 3169 5303 et
3203 5237 3391 5303 potum
3422 5226 3606 5303 datum
3651 5237 3785 5303 esse,

2198 5304 2255 5372 et
2298 5307 2584 5372 sumntum
2613 5297 2716 5354 sub
2746 5297 3011 5372 symbolis
3040 5297 3217 5370 panis'
3238 5308 3294 5355 et
3342 5297 3475 5357 vini.
3523 5298 3696 5355 ΜΑιιτ.
3721 5297 3786 5372 -έ

2197 5366 2421 5438 Yeteres
2458 5367 2729 5423 editiones
2776 5365 3003 5424 alterum
3042 5365 3287 5435 'comms,
3335 5378 3385 5424 et
3430 5384 3547 5425 uere
3588 5365 3785 5438 sanguis

2198 5435 2393 5493 Christi
2414 5451 2511 5503 est,
2537 5438 2765 5494 solemni
2790 5440 3090 5510 scribarum
3119 5440 3273 5509 lapsu
3301 5439 3373 5496 ob
3395 5440 3631 5510 ejusdem
3645 5435 3783 5493 verbi

2198 5523 2485 5584 recursum
2513 5510 2974 5584 prietermittunt.
3016 5509 3387 5584 Martianmns,
3417 5509 3516 5584 Qui
3547 5511 3715 5584 locum
3751 5520 3781 5584 e

2200 5594 2302 5651 ms.
2331 5577 2648 5636 Curbeiensi
2678 5581 2934 5648 restituit,
2967 5579 3328 5647 animadverti
3355 5577 3619 5651 praeterea
3639 5577 3714 5651 iul

2200 5594 2302 5639 ms.
2331 5583 2648 5636 Curbeiensi
2678 5583 2934 5648 restituit,
2967 5583 3328 5647 animadverti
3355 5583 3615 5651 praeterea
3643 5583 3714 5633 'ul

2198 5650 2419 5727 insigne
2450 5651 2818 5727 testimonium
2871 5650 2941 5727 ad
2987 5652 3280 5727 veritatem
3310 5653 3559 5727 corporis
3589 5583 3782 5709 Ciuis)?

2199 5722 2252 5778 in
2285 5719 2634 5779 Eucharistia
2660 5719 3147 5794 comprobapdam.
