3992 6298
210 265 331 332 1ῢὸ

694 378 1010 438 PSALMUS
1045 381 1273 440 CXLVI.

204 475 424 533 Alleluia.
457 475 705 533 Psalmus
731 478 833 534 iste
865 488 921 533 ut
947 478 1188 534 caelestis
1214 477 1453 534 civitatis
1493 477 1777 534 laudemus

417 547 829 614 aedificatorem,
861 565 960 605 nos
991 550 1265 618 admonet,
1299 550 1486 606 dicens
1512 568 1524 602 :

264 663 488 722 Laudate
510 663 811 731 Dominum,
841 666 1086 736 quoniam
1116 664 1277 720 bonus
1305 674 1374 719 est
1404 665 1652 735 psalmus.
1673 662 1778 719 Isle

205 758 419 827 psalmus
447 773 716 816 “natura
763 758 922 814 titulo
953 768 1304 829 prainmatur.
1356 757 1544 813 Solent
1591 757 1642 810 hi
1685 757 1776 826 qui

206 850 458 907 llcbrazam
490 852 742 923 ignorant
767 851 1030 924 linguam,
1053 852 1270 922 quando
1299 853 1530 907 viderint
1554 850 1606 905 in
1635 850 1779 920 psal~

202 957 391 999 tuorum
410 943 563 999 titulo
586 959 708 1000 esse
732 946 1085 1015 praepositum
1109 945 1357 1006 Alleluia,
1383 958 1626 1013 qmcrere
1649 942 1777 1013 quid

205 1036 463 1107 signiﬁcet.
508 1036 760 1092 Psalmus
790 1037 952 1107 igitur
999 1039 1100 1092 iste
1149 1052 1255 1091 non
1293 1036 1466 1090 solum
1516 1035 1567 1089 in
1599 1035 1776 1101 titulo,

203 1127 286 1184 sed
313 1139 364 1183 et
407 1128 458 1184 in
488 1128 716 1184 exordio
757 1129 951 1200 psalmi
993 1128 1154 1184 habet
1190 1128 1432 1184 Alleluia.
1467 1127 1566 1183 Ubi
1595 1134 1775 1182 autem

201 1219 398 1290 dicitur,
426 1220 660 1276 Laudate
682 1220 982 1290 Dominum,
1015 1222 1066 1275 in
1100 1221 1327 1277 llaebreo
1353 1221 1572 1286 dicitur,
1617 1235 1778 1276 Αιιε-

201 1329 326 1370 una.
366 1314 504 1370 Deus
555 1313 698 1368 enim
740 1313 882 1382 apud
934 1313 1190 1368 llebricos
1245 1313 1430 1368 decem
1483 1311 1646 1366 habet
1675 1327 1776 1365 no-

201 1408 330 1466 mina
377 1423 390 1458 :
445 1405 644 1462 dicitur
685 1420 926 1462 εΑιιΑοι-ιι
975 1423 989 1460 :
1041 1407 1239 1462 dicitur
1290 1421 1480 1462 sanust
1521 1423 1534 1460 :
1577 1404 1779 1459 dicitur

201 1514 345 1556 stout
377 1517 390 1556 :
419 1499 616 1556 dicitur
637 1517 706 1558 at.
735 1517 750 1558 :
783 1502 983 1557 dicitur
1009 1501 1174 1558 etiam
1199 1509 1223 1537 ο
1250 1515 1339 1555 uo
1367 1517 1381 1555 :
1412 1499 1617 1556 dicitur
1644 1513 1779 1554 usus

198 1607 321 1648 JUA.
366 1594 504 1650 Inter
548 1604 743 1650 cmtera
779 1605 958 1649 autem
1011 1594 1232 1650 nomina
1263 1609 1427 1648 unum
1467 1602 1776 1648 estnomen

197 1683 327 1754 quod
361 1684 560 1740 dicitur
614 1700 688 1742 ut.
722 1683 780 1742 la
821 1696 1000 1740 autem
1051 1685 1440 1755 interpretatur
1478 1683 1770 1738 invisibilis.

1013 283 1028 297 κ
1067 262 1503 330 ιιιιενιιιιιυιι
1540 263 1607 326 IN
1647 262 1982 331 PSALMOS,
2025 265 2266 332 PSALM.
2314 266 2541 334 CXLVI.

3308 279 3314 286 ’
3336 280 3475 344 1254

1803 390 1852 451 Α
1880 383 2123 450 tentiam,
2148 383 2350 442 dicitur
2382 404 2392 440 :
2423 386 2538 440 Non
2570 394 2653 440 est
2685 387 2947 458 malagma
2971 391 3274 463 imponere,
3300 409 3480 466 neque

1878 473 2081 543 oleum,
2114 491 2288 546 neque
2311 475 2627 546 alligaturas
2668 476 2824 544 (lsai.
2869 480 2935 551 ι).

1954 565 2057 633 Qui
2103 577 2336 622 numerat
2369 567 2750 625 multitudinem
2779 571 3069 628 stellarum.
3102 576 3234 643 Quin
3277 592 3476 634 conse-

1879 659 2098 727 quentia
2137 658 2287 727 juxta
2331 659 2604 722 litteram!
2655 670 2711 718 et
2754 662 2945 734 alligat
2988 667 3346 726 contritiones
3383 687 3479 728 eo:

1881 768 2031 809 rum:
2056 751 2158 818 Qui
2182 762 2413 809 numerat
2437 755 2811 811 multitudinem
2838 759 3146 816 stellarum?
3169 760 3278 816 Sed
3298 779 3477 832 quarta

1881 843 1952 898 do
1979 857 2135 902 sanat
2166 845 2434 900 contritos
2464 845 2652 914 corde,
2685 856 2738 902 et
2773 848 2967 919 alligat
2993 851 3349 909 contritiones
3382 869 3478 910 eo-e

1880 949 2021 1002 rum,
2057 935 2175 990 illos
2204 936 2297 1006 qui
2329 946 2454 991 ante
2485 939 2701 994 ('Ollll‘lll
2735 940 2964 1008 fuerant,
2986 951 3040 997 et
3070 952 3254 1012 postea
3271 947 3476 1015 sanati,

1882 1031 2035 1083 vertit
2069 1030 2120 1084 in
2150 1031 2354 1085 stellas.
2386 1032 2488 1098 Qui
2512 1041 2742 1088 numerat
2773 1033 3152 1094 multitudinem
3184 1037 3473 1096 stellarum.

1880 1121 2030 1177 Multi
2053 1121 2196 1178 enim
2229 1121 2444 1182 fuerant
2478 1125 2568 1194 qui
2601 1136 3005 1194 peccaverunt:
3041 1128 3199 1184 multi
3227 1139 3356 1184 sunt
3379 1133 3472 1202 qui

1880 1214 2054 1272 curati
2096 1225 2242 1270 sunt.
2305 1215 2408 1283 Qui
2453 1227 2687 1274 numerat
2740 1220 3122 1275 multitudinem
3181 1224 3474 1279 stellarum.

1879 1304 1997 1361 Non
2029 1318 2274 1362 numerat
2308 1307 2639 1375 vulneratos,
2685 1310 2777 1364 sed
2817 1327 2911 1366 eos
2944 1326 3192 1369 numerat
3233 1315 3323 1384 qui
3360 1317 3473 1385 jam

1879 1397 1932 1454 in
1964 1400 2148 1456 stellas
2175 1401 2316 1457 versi
2365 1412 2511 1457 sunt.
2543 1400 2661 1458 Non
2717 1414 2970 1459 numerat
3016 1407 3182 1474 Deus,
3234 1409 3336 1463 nisi
3382 1408 3476 1480 qui

1879 1507 2109 1546 numero
2137 1491 2252 1561 ejus
2280 1493 2426 1561 digni
2459 1504 2604 1550 sunt.
2642 1493 2702 1548 Et
2744 1498 2980 1552 omnibus
3027 1501 3100 1554 eis
3142 1503 3352 1557 nomina
3379 1518 3472 1556 vo-

1879 1602 2022 1640 cans.
2042 1586 2174 1654 Quia
2204 1587 2269 1641 de
2287 1587 2537 1644 Lucifero
2561 1588 2714 1654 dicit,
2746 1591 2887 1645 etde
2915 1593 3115 1649 Orione
3138 1609 3298 1664 quem
3322 1596 3475 1651 vide-

1881 1694 2000 1732 mus
2027 1678 2079 1732 in
2112 1679 2271 1733 coelo.
2309 1680 2372 1736 Et
2419 1679 2522 1734 hoc
2550 1680 2766 1748 quidem
2803 1694 2982 1751 potest
3011 1687 3241 1758 intelligi
3271 1703 3286 1744 :
3317 1689 3474 1744 Mira-

198 1775 289 1832 llbi
330 1792 457 1848 ergo
485 1777 685 1834 dicitur
729 1777 966 1843 laudate,
1012 1776 1066 1832 in
1099 1777 1326 1832 Hebraeo
1359 1776 1558 1832 dicitur
1585 1776 1776 1831 Allelu.
1812 1777 1857 1837 Β
1884 1767 2010 1843 bilis
2044 1769 2206 1835 Deus,
2236 1769 2324 1838 qui
2351 1769 2476 1826 fecit
2505 1771 2705 1825 cwlum
2730 1782 2783 1826 et
2811 1782 3036 1840 terram,
3065 1787 3118 1831 et
3145 1779 3328 1834 omnia
3355 1796 3476 1850 quau

195 1870 275 1926 Sic
298 1871 488 1927 dicitur
533 1872 616 1927 hic
660 1873 831 1926 Allelu
873 1873 924 1926 ia
959 1891 970 1924 :
1009 1871 1280 1942 quomodo
1307 1871 1352 1924 si
1379 1870 1652 1926 diceretur
1687 1869 1780 1922 Αι-

196 1964 292 2020 leltt
319 1966 548 2034 sabaoth,
581 1965 754 2020 Allelu
785 1965 994 2028 saddai,
1022 1963 1194 2018 Allelu
1227 1964 1377 2019 eloim
1413 1983 1423 2016 :
1451 1965 1526 2018 sic
1553 1975 1606 2018 et
1637 1975 1779 2017 nunc

194 2058 378 2114 dicitur
405 2059 576 2113 Allelu
624 2059 694 2112 ia.
733 2057 976 2128 Denique
1012 2055 1337 2125 Theodotio,
1385 2054 1476 2124 qui
1529 2069 1666 2108 unus
1695 2060 1779 2108 est

194 2149 258 2206 de
310 2150 730 2222 lnterpretibus,
781 2151 970 2206 volens
1025 2149 1484 2220 interpretationis
1534 2147 1779 2204 ediscere

197 2245 463 2300 veritatem
508 2244 585 2298 ait
623 2247 806 2302 αἰνεῖτι
835 2244 922 2301 τὸν
950 2245 1036 2320 Ἰὰς
1085 2242 1199 2298 Hoc
1239 2249 1406 2296 totum
1436 2255 1605 2311 quare
1642 2240 1779 2294 dixi-

193 2337 343 2392 mus?
371 2347 428 2392 ut
455 2337 692 2393 sciamus
721 2339 773 2392 in
806 2341 908 2392 isto
930 2337 1138 2406 psalmo
1166 2334 1390 2388 Alleluia
1421 2348 1542 2388 esse
1573 2347 1778 2402 pra‘po-

196 2427 394 2483 ritum:
445 2429 686 2484 Laudate
717 2427 1021 2482 Dominum.
1075 2427 1202 2481 Haec
1253 2423 1632 2495 interpretatio
1675 2432 1777 2479 est.

195 2522 323 2579 Cum
369 2523 573 2596 egressi
629 2522 892 2578 fuerimus
945 2520 1379 2576 eoosidrrahitnr
1423 2519 1475 2573 in
1523 2518 1780 2573 cordibus

193 2615 405 2671 nostris.
435 2615 705 2672 Caeterum
738 2629 919 2668 sermo
946 2613 1258 2669 dilatabitur
1290 2631 1300 2664 :
1331 2609 1564 2665 Laudate
1597 2609 1777 2663 Domi-

192 2723 353 2761 num:
395 2709 640 2778 quoniam
685 2707 871 2761 bonum
930 2707 1182 2778 psalmus.
1237 2705 1351 2760 Non
1407 2703 1575 2767 dixit,
1617 2702 1778 2756 bonus

193 2802 411 2868 psalmus
444 2799 590 2855 :sed
641 2799 910 2865 absolute,
969 2797 1161 2852 bonum
1205 2796 1459 2869 psalmus,
1512 2794 1614 2848 hoc
1669 2803 1776 2860 est,

190 2889 325 2946 bona
373 2907 460 2947 res
510 2898 596 2947 est
644 2891 900 2961 psallere.
958 2888 1200 2944 Psallere
1234 2895 1420 2942 autem
1468 2899 1574 2939 non
1623 2898 1775 2950 voce,

192 2980 283 3035 sed
310 2981 489 3038 corde.
523 2981 721 3049 Quanti
752 2980 946 3035 bonatn
971 2993 1160 3033 vocem
1196 2977 1416 3042 habent,
1440 2984 1496 3029 et
1522 2974 1778 3045 quoniam

195 3085 499 3144 peccatores
544 3081 692 3143 sunt,
737 3073 877 3128 male
932 3070 1191 3144 psallunt.
1251 3069 1396 3124 Bene
1447 3067 1624 3136 psallit
1686 3067 1777 3139 qui

195 3175 367 3221 cantat
387 3168 438 3221 in
463 3165 651 3231 corde,
681 3164 774 3236 qui
805 3172 985 3219 cantat
1015 3163 1231 3240 Christo
1273 3163 1325 3214 in
1350 3156 1702 3215 conscientia.

258 3257 363 3312 Deo
394 3267 574 3311 nostro
616 3258 681 3311 sit
714 3256 955 3327 jucunda
990 3253 1247 3307 laudatio.
1278 3251 1520 3306 Jucunda
1561 3249 1630 3304 sit
1661 3250 1778 3307 lau-

193 3347 333 3404 datio
361 3367 469 3404 non
496 3365 650 3414 voce,
675 3348 770 3403 sed
799 3346 1156 3403 conscientia.
1194 3345 1434 3416 Denique
1463 3352 1516 3398 et
1543 3341 1659 3397 Noe
1685 3343 1782 3396 ob-

197 3445 307 3498 tulit
337 3443 565 3509 bostias,
600 3455 652 3497 et
685 3443 942 3514 odoratus
970 3450 1054 3496 est
1076 3439 1338 3494 Dominus
1386 3437 1608 3492 odorem
1659 3452 1782 3491 sua-

195 3535 367 3591 vitatis
390 3535 546 3609 (Gen.
579 3536 718 3604 vui).
745 3535 914 3590 Multa
942 3541 1070 3588 sunt
1098 3546 1219 3600 qua:
1247 3530 1516 3594 dicantur,
1550 3528 1644 3582 sed
1681 3543 1780 3582 nos

194 3625 424 3684 breviter
461 3627 725 3683 debemus
775 3640 983 3680 summa
1025 3636 1255 3695 quaeque
1297 3620 1680 3692 perstringere,
1727 3628 1782 3673 ttt

191 3730 401 3774 sensum
438 3718 610 3788 magis
642 3715 968 3784 indicemus,
1003 3729 1162 3786 quam
1189 3713 1353 3768 verba
1388 3713 1600 3766 latiora.

251 3809 558 3877 zEdiﬁcatts
597 3805 890 3861 Jerusalem
921 3805 1195 3867 Dominus,
1228 3803 1574 3874 dispersiones
1612 3799 1784 3857 Israel

188 3901 532 3976 congregabit.
578 3899 868 3967 Quomodo
915 3898 1214 3953 aediﬁcetur
1261 3896 1586 3962 Jerusalem,
1641 3911 1783 3966 quo-

186 3996 343 4052 modo
367 4002 758 4063 congregetur,
785 3991 895 4062 jam
926 3990 1128 4046 dictum
1159 4000 1266 4045 est.
1323 3988 1588 4058 Quoniam
1619 3987 1784 4056 igitur

184 4086 240 4145 de
265 4087 393 4144 istis
443 4085 657 4140 duobus
703 4083 986 4139 versiculis
1029 4083 1320 4136 dissertom
1367 4087 1471 4147 est,
1517 4087 1574 4134 et
1618 4093 1784 4147 super

181 4182 424 4238 alienum
481 4178 888 4234 fundamentum
923 4193 1028 4232 non
1079 4175 1342 4232 debemus
1376 4174 1666 4242 aediﬁcare,
1716 4171 1784 4227 ad

180 4274 398 4342 reliqua
436 4281 795 4325 transeamus.
829 4267 1125 4323 Videamus
1159 4265 1324 4337 igitur
1351 4264 1623 4336 quomodo
1653 4262 1786 4318 a3di-

177 4364 376 4423 ﬁcetur
436 4361 762 4419 Jerusalem.
819 4362 874 4417 In
931 4361 1157 4432 reliquis
1223 4359 1370 4415 enim
1434 4359 1787 4432 propheticus

176 4472 366 4519 sermo
399 4457 712 4527 descripsit.

1883 1860 1934 1914 in
1961 1859 2044 1915 eis
2073 1870 2218 1914 sunt.
2251 1859 2519 1916 Czetermn
2547 1864 2627 1916 sic
2658 1863 3050 1933 intelligamus,
3086 1876 3141 1921 ut
3171 1869 3327 1924 nobis
3351 1887 3476 1940 pro-

1879 1951 1948 2005 sit
1977 1951 2120 2022 quod
2152 1952 2394 2022 quotidie
2434 1953 2512 2006 lit.
2556 1952 2623 2008 Et
2657 1955 2895 2013 omnibus
2925 1958 2997 2012 eis
3027 1959 3238 2014 nomina
3266 1976 3474 2017 uocans.

1884 2042 2057 2098 Vultis
2113 2043 2256 2100 scire
2307 2047 2579 2115 quomodo
2638 2048 2705 2102 de
2763 2051 3016 2105 contritis
3071 2054 3245 2107 stella:
3301 2055 3476 2110 ﬁant?

1879 2135 2149 2210 Scriptum
2176 2147 2260 2194 est
2293 2140 2343 2194 in
2375 2139 2571 2196 Genesi
2610 2160 2623 2196 :
2657 2142 2795 2210 Quia
2824 2144 3075 2199 eduxerit
3121 2147 3264 2203 Deus
3304 2150 3478 2205 Abra-

1883 2229 2028 2294 ham,
2058 2241 2109 2284 et
2131 2230 2434 2286 ostenderit
2462 2231 2511 2286 ei
2543 2232 2754 2299 stellas,
2787 2245 2840 2290 et
2875 2233 3078 2290 dixerit
3103 2237 3153 2291 ei
3186 2255 3198 2290 :
3242 2238 3332 2294 Sic
3373 2242 3486 2296 erit

1880 2336 2065 2378 semen
2101 2335 2247 2381 tuum
2284 2324 2436 2394 (Gen.
2468 2326 2578 2396 xv),
2613 2325 2682 2380 Et
2726 2329 2960 2384 omnibus
3005 2331 3080 2384 iis
3127 2332 3339 2386 nomina
3385 2349 3475 2388 vo-

1880 2430 2024 2468 cans.
2059 2414 2136 2470 De
2173 2416 2377 2477 Abram
2408 2427 2566 2472 vocat
2596 2417 2898 2474 Abraham.
2945 2420 3147 2480 Abram
3194 2423 3479 2480 diccbatur

1882 2506 1936 2570 in
1966 2505 2245 2570 Chaldma,
2291 2515 2352 2563 et
2388 2510 2439 2563 in
2481 2510 2623 2566 caelo
2649 2521 2874 2571 vocatur
2913 2513 3210 2570 Abraham.
3243 2513 3324 2571 Eo
3351 2521 3482 2574 tellis

1883 2613 2014 2668 pore
2056 2616 2164 2668 quo
2194 2600 2368 2657 lactus
2403 2603 2557 2658 stella
2589 2614 2695 2674 est,
2731 2617 2958 2666 voeatur
3000 2609 3272 2665 Abraham
3305 2609 3477 2680 (Ibid.

1882 2690 2037 2760 xvn).
2064 2692 2164 2760 Qui
2189 2703 2346 2753 antea
2380 2705 2499 2750 erat
2525 2695 2747 2764 Saulus,
2781 2709 2966 2767 postea
2999 2712 3223 2758 vocatur
3251 2704 3305 2758 in
3331 2705 3476 2760 caelo

1882 2781 2082 2837 Paulus
2109 2782 2248 2854 (Act.
2283 2784 2382 2853 nt).
2434 2784 2675 2844 Joannes
2722 2798 2779 2842 et
2822 2787 3058 2845 Jacobus
3109 2793 3205 2848 ﬁlii
3254 2795 3480 2852 tonitrui

1883 2871 2074 2945 (Marc.
2113 2872 2217 2943 ιιι).
2251 2874 2572 2929 Tonitruum
2621 2879 2806 2948 utique
2853 2881 2907 2934 in
2954 2882 3098 2936 ctelo
3126 2892 3230 2938 est.
3267 2885 3473 2943 Nume-

1882 2972 2073 3018 rantur
2104 2965 2282 3038 itaque
2307 2965 2486 3022 stella:
2515 2983 2528 3019 :
2569 2980 2921 3032 numerantur
2964 2970 3159 3026 inﬁniti
3187 2977 3384 3046 sancti,
3417 2987 3474 3033 et

1881 3056 2130 3112 Christus
2161 3071 2299 3111 unus
2329 3073 2434 3113 non
2464 3065 2643 3128 potest
2673 3061 2971 3116 numerari.

1803 3144 1848 3207 C
1955 3147 2178 3220 Magnus
2209 3148 2461 3204 Dominus
2491 3160 2664 3205 noster
2693 3161 2741 3207 et
2789 3169 2985 3224 magna
3033 3155 3197 3214 uirtus
3234 3158 3378 3228 ejus,
3429 3170 3477 3214 et

1881 3241 2151 3312 sapientia:
2176 3245 2289 3315 ejus
2330 3259 2433 3296 non
2461 3253 2539 3297 est
2569 3260 2831 3300 numerus.
2861 3245 3048 3316 Magna
3081 3248 3273 3319 virtus,
3319 3251 3477 3306 Chri-

1881 3341 1998 3386 stus
2021 3332 2114 3386 Dei
2140 3332 2309 3388 virtus
2345 3340 2403 3388 et
2430 3333 2522 3388 Dei
2553 3335 2826 3405 sapientia
2850 3338 2892 3410 (l
2924 3337 3043 3392 Cor.
3077 3336 3142 3409 ι).
3173 3338 3240 3396 Et
3261 3343 3477 3412 sapien-

1884 3424 1969 3478 tiae
1991 3424 2102 3492 ejus
2129 3440 2229 3477 non
2257 3433 2331 3478 est
2364 3442 2624 3481 numerus.
2674 3428 2929 3485 Christus
2972 3432 3238 3503 sapientia
3279 3443 3382 3490 est.
3413 3437 3481 3492 Et

1883 3528 1988 3569 uua
2019 3515 2282 3583 sapientia
2314 3530 2424 3570 non
2455 3526 2635 3587 potest
2659 3520 2954 3576 mtmerari.

1956 3605 2254 3678 Suscipiens
2283 3618 2577 3664 mansuetos
2600 3609 2877 3668 Dominus.
2899 3612 3032 3682 Qua:
3062 3625 3190 3672 sunt
3215 3618 3330 3676 ista:
3347 3619 3496 3677 stel-.

1884 3697 1988 3752 Ite?
2018 3697 2316 3769 Suscipiens
2342 3713 2635 3757 mansuetos
2661 3702 2934 3759 Dominus.
2968 3707 3236 3764 Mansueti
3261 3723 3480 3766 vertun-

1887 3801 1972 3846 tur
1995 3795 2048 3846 in
2078 3792 2290 3848 stellas.
2337 3793 2480 3850 Justi
2526 3803 2710 3851 autem
2759 3797 3043 3870 fulgebunt
3095 3802 3251 3870 quasi
3303 3804 3482 3859 stella:

1884 3883 2008 3938 caeli
2052 3882 2214 3952 (Dan.
2245 3883 2344 3953 xu)
2382 3901 2393 3937 :
2428 3884 2618 3940 Daniel
2653 3888 2910 3958 loquitur.
2960 3888 3265 3947 Humilians
3292 3902 3478 3956 autem

1884 3983 2173 4046 peccatores
2210 3992 2369 4047 usque
2406 3978 2476 4031 ad
2513 3986 2724 4034 terram.
2758 3979 2945 4037 Videte
2977 3981 3341 4042 dill‘erentiam
3386 4003 3479 4045 re-
3557 4019 3559 4022 -

1887 4084 2028 4124 rum.
2059 4069 2252 4140 Angeli
2283 4071 2334 4123 in
2367 4079 2566 4125 terram
2593 4083 2861 4128 corruunt
2892 4089 2906 4127 :
2938 4077 3192 4134 homines
3219 4080 3288 4136 ad
3309 4083 3482 4140 oculos

1887 4162 2110 4217 vadunt.
2143 4161 2445 4231 Suscipiens
2475 4174 2772 4221 mansuetos
2817 4165 3089 4226 Dominus.
3123 4171 3482 4233 Mansuetudo

1886 4255 1953 4310 ad
1983 4255 2180 4310 caelum
2211 4263 2411 4310 vocat:
2440 4258 2695 4328 superbia
2729 4257 2785 4313 in
2818 4267 3020 4315 terram
3056 4262 3318 4320 detrahit.
3359 4264 3484 4321 Hu-

1887 4348 2095 4404 milians
2118 4357 2290 4404 autem
2314 4359 2606 4420 peccatores
2644 4367 2804 4426 usque
2838 4355 2908 4408 ad
2947 4365 3160 4411 terram.

1960 4440 2236 4499 Prtecinite
2266 4444 2489 4501 Domino
2517 4447 2569 4500 in
2590 4448 2937 4519 confessione.
2965 4451 3076 4505 lloc
3108 4452 3351 4522 implevit
3380 4455 3486 4512 Da-

247 4553 356 4622 Qui
385 4559 539 4604 sanat
565 4549 814 4605 contritas
845 4546 1019 4602 corde.
1057 4545 1164 4602 Cor
1203 4545 1494 4602 contritum
1525 4555 1578 4598 et
1608 4543 1786 4597 humi.
1812 4533 1865 4595 D
1891 4535 1980 4590 vid
2014 4553 2027 4589 :
2059 4539 2148 4606 qui
2178 4538 2334 4592 nobis
2358 4537 2584 4607 iustitiae
2615 4542 2923 4611 exemplum
2973 4544 3303 4615 praebuerat,
3346 4561 3487 4618 prte-

177 4639 398 4699 litatum
446 4641 586 4696 Deus
609 4655 714 4694 non
744 4638 951 4709 spernit
978 4636 1153 4706 (Psal.
1197 4637 1273 4706 ι).
1311 4635 1375 4690 Et
1397 4636 1622 4708 alligans
1662 4651 1789 4688 con-

179 4736 424 4789 tritiones
448 4747 644 4785 eorum.
677 4730 755 4785 Tu
789 4745 884 4786 cor
933 4738 1082 4784 tuum
1131 4739 1374 4798 contere,
1427 4736 1483 4782 et
1532 4727 1792 4780 Dominus

185 4825 392 4896 colligit
431 4823 786 4878 contritiones
816 4831 957 4877 tuas.
992 4822 1367 4875 Samaritanus
1413 4819 1536 4892 ille,
1570 4819 1660 4887 qui
1698 4818 1794 4874 de-

193 4917 488 4974 scendebat
511 4914 579 4972 de
607 4914 910 4970 Jerusalem
946 4915 998 4968 in
1017 4911 1260 4977 Jericho,
1280 4910 1498 4982 quando
1520 4910 1654 4964 vidit
1679 4908 1796 4964 vul-

194 5021 441 5068 neralum
467 5009 746 5080 jacentem
782 5008 834 5062 in
865 5005 1080 5077 itinere,
1127 5005 1404 5078 colligavit
1426 5004 1649 5058 vulnera
1676 5003 1792 5072 eius

196 5102 348 5175 (Luc.
383 5102 462 5173 χ).
500 5101 606 5156 Iste
645 5111 723 5155 est
761 5100 826 5154 de
857 5115 966 5171 quo
997 5107 1052 5155 et
1089 5114 1232 5153 nunc
1277 5097 1517 5153 dicitur:
1561 5093 1633 5149 Et
1675 5095 1794 5149 alli-

195 5211 315 5266 gans
341 5193 680 5250 contritiones
706 5193 939 5248 illorum.
974 5192 1085 5248 Hoc
1110 5191 1305 5247 dicitur
1327 5189 1491 5244 dehis
1516 5190 1603 5260 qui
1633 5195 1796 5258 agunt

195 5287 592 5358 ptenitentiam.
621 5285 895 5341 Caeterum
927 5283 996 5340 de
1022 5283 1108 5340 bis
1137 5284 1224 5356 qui
1260 5299 1366 5339 non
1410 5289 1579 5354 agunt
1624 5281 1795 5353 paeni-

261 5495 282 5522 ³·
324 5484 438 5540 Hoc
470 5495 674 5544 nomen
706 5495 794 5536 IAO
837 5481 1100 5536 Hebraice
1146 5489 1205 5541 ηπ
1237 5488 1265 5538 λ’
1315 5478 1654 5536 confundunt
1696 5493 1791 5533 vc-

196 5565 329 5613 teres
373 5553 657 5611 editiones
693 5567 816 5607 cum
861 5554 968 5606 alio
1022 5551 1241 5606 nomine
1287 5550 1376 5604 Dei
1429 5549 1790 5619 consequenti

195 5633 266 5692 ην,
298 5645 367 5687 ιλ.
411 5626 556 5696 Quia
607 5624 863 5676 Erasmus
894 5633 948 5678 et
977 5623 1248 5696 Marianos
1274 5621 1549 5696 VictOrius
1582 5621 1794 5676 nescie-

197 5691 306 5756 runt
339 5691 545 5755 nomen
581 5701 1063 5764 tetragrammaton
1110 5693 1215 5763 legi
1254 5691 1398 5764 apud
1428 5699 1785 5764 veteresne.

197 5766 419 5839 Consule
449 5779 623 5838 supra
662 5759 993 5840 examplarla
1018 5759 1330 5836 Origeniani
1363 5760 1519 5830 lesici
1569 5759 1793 5818 Hebrai-

1893 4628 2010 4684 buit
2035 4637 2090 4684 et
2113 4630 2466 4697 pmnitentiae.
2503 4631 2690 4685 Docuit
2713 4635 2857 4688 enim
2889 4650 2986 4689 nos
3022 4637 3294 4706 quomodo
3319 4638 3487 4694 debe-

1891 4737 2046 4777 amus
2071 4737 2231 4792 agere
2277 4721 2674 4790 paenitentiam,
2727 4723 2848 4793 ipse
2895 4739 3086 4794 agens.
3122 4727 3316 4786 Videte
3357 4745 3485 4801 sau-

1893 4823 2038 4869 ctum
2066 4812 2411 4885 prophetam,
2438 4812 2566 4884 quia
2593 4830 2700 4870 non
2741 4815 2921 4872 solum
2949 4817 3160 4890 justitia
3184 4820 3305 4891 ejus
3327 4823 3490 4892 nobis

1896 4906 2115 4977 proluit,
2145 4905 2242 4961 sed
2272 4914 2328 4962 et
2359 4915 2666 4975 peccatum.

1970 4995 2190 5051 Psallite
2213 4993 2326 5052 Deo
2345 5009 2518 5051 nostro
2541 4999 2595 5051 in
2623 4997 2843 5053 cithara.
2867 4998 3021 5056 Nulla
3041 5001 3302 5059 virtutum
3328 5004 3484 5068 ebore

1900 5089 1964 5142 da
1995 5099 2150 5157 rupta
2180 5086 2270 5142 sit.
2300 5086 2434 5142 Tota
2461 5088 2722 5144 virtutum
2753 5090 2956 5155 chorda
3004 5091 3278 5150 concinet.
3331 5095 3486 5154 Psale

1897 5183 1984 5236 lite
2010 5179 2121 5234 Deo
2167 5187 2342 5233 nostro
2386 5179 2441 5232 in
2489 5177 2706 5234 cithara.
2757 5181 2976 5236 Cithara
3018 5185 3212 5240 multas
3256 5184 3488 5246 chordas

1899 5274 2061 5330 habet
2089 5289 2102 5327 :
2136 5271 2182 5326 si
2209 5285 2312 5326 una
2344 5281 2500 5342 rupta
2534 5270 2719 5343 fuerit,
2747 5288 2917 5330 sonus
2945 5274 3101 5332 reddi
3147 5292 3252 5334 non
3283 5288 3486 5352 potest.

1901 5476 2484 5570 eorum‘blaminutn,In
2503 5477 2590 5559 ubi
2631 5483 2738 5535 ’1αώ
2787 5481 3424 5570 ᾶῃιεῐρτειειιῃβύριρς,
3457 5489 3490 5553 ἢ

1901 5549 2045 5613 Θεὸς,
2088 5547 2400 5618 ἦἈόρατος,
2438 5547 2709 5612 Dominus,
2746 5552 2822 5605 vel
2861 5547 3022 5618 Deus,
3073 5553 3150 5608 uel
3196 5547 3483 5618 invisibilis:

1901 5567 2045 5613 Θεος,
2088 5567 2119 5603 η
2155 5567 2218 5605 A0
2255 5569 2400 5614 ατος,
2438 5567 2709 5612 uomtnns,
2746 5567 2820 5605 vet
2861 5567 3022 5618 ucus,
3073 5567 3148 5608 uel
3196 5567 3483 5618 invisibilis.

1900 5622 2078 5675 ΜΑιιτ.
2111 5650 2180 5659 —
2203 5567 2317 5675 line
2349 5618 2494 5675 refer
2521 5621 2827 5690 epistolium
2857 5621 2926 5677 de
2955 5623 3145 5690 decem
3193 5628 3284 5684 Del
3317 5635 3491 5689 nomi-

1903 5692 2063 5762 nibus
2104 5692 2170 5753 ad
2214 5690 2521 5762 Marcellam
2556 5689 2630 5762 lin
2669 5702 2850 5752 nostra
2897 5689 3222 5756 recensione
3260 5703 3351 5758 35.
3387 5704 3492 5762 l’ro

1901 5760 1998 5831 Iao
2019 5768 2236 5830 veteres
2266 5760 2536 5830 editiones
2561 5759 2627 5826 la
2661 5763 2974 5833 proderunt.
