3992 6308
569 279 711 338 1255

1361 276 1714 353 ῨΔΡΡΕΝῡΙΧ
1750 279 1844 339 AD
1881 277 2126 339 TOMUM
2162 274 2514 339 SEPTIMUM
2555 281 2611 340 S.
2654 279 3061 344 IIIERONYMI.

3732 280 3864 352 {256

563 395 657 452 Sic
681 403 738 452 et
766 403 986 454 sanctus
1012 397 1116 464 vir,
1146 395 1398 470 quamvis
1429 406 1652 451 sanctus
1683 396 1776 461 sit,
1805 395 1850 450 si
1896 410 1996 450 una
2039 375 2152 450 vir-
2181 398 2234 457 Α
2258 392 2325 448 de
2356 409 2480 449 arca
2529 395 2829 452 dimittitur
2858 406 2914 454 et
2961 413 3069 454 non
3103 401 3398 457 revertitur
3429 401 3588 473 (Gen.
3635 405 3778 476 vin).
3815 406 3863 462 In

560 492 647 541 tus
672 487 926 554 defuerit,
958 489 1200 544 vocalem
1230 502 1426 543 sonum
1457 487 1690 542 reddere
1719 502 1824 541 non
1849 494 2049 558 potest.

631 579 736 646 Qui
757 583 918 651 operit
949 582 1129 636 caelum
1153 581 1389 636 nubibus.
1423 581 1632 637 Caelum
1673 581 1778 636 hoc
1805 581 1948 650 quod
1978 580 2153 636 cerni-

554 675 937 740 mus,nubibus
963 675 1165 746 operiri
1186 691 1292 731 non
1319 685 1514 745 potest.
1542 675 1650 732 Sed
1665 671 1811 730 aliud
1826 685 1908 730 est
1925 674 2147 743 caelum,

553 774 610 821 et
645 764 767 819 aliae
811 775 936 820 sunt
975 767 1164 822 nubes.
1201 765 1271 821 Et
1300 767 1498 822 veritas
1532 775 1620 821 tua
1657 781 1828 836 usque
1863 764 1929 820 ad
1979 766 2151 821 nubes

553 852 728 926 (Psal.
762 856 955 926 xxxv).
982 855 1128 927 Ergo
1156 858 1362 912 veritas
1395 857 1494 912 Dei
1521 871 1690 927 usque
1719 855 1788 911 ad
1811 858 1944 911 istas
1975 856 2148 910 nubes

550 958 694 1015 quae,
728 956 890 1002 vento
918 946 1113 1013 ﬂante,
1152 949 1264 1004 cito
1310 948 1730 1004 dissolvuntur?
1776 947 1986 1003 Veritas
2027 945 2142 1014 Dei,

547 1033 796 1093 Christus
843 1049 950 1096 est.
1003 1041 1121 1113 Ego
1165 1056 1286 1098 sum
1333 1042 1461 1109 via,
1508 1052 1563 1099 et
1632 1043 1779 1112 vita,
1844 1051 1899 1098 et
1946 1041 2147 1096 veritas

545 1127 726 1200 (Joan.
760 1132 915 1204 xtv);
949 1148 1081 1204 ergo
1108 1135 1313 1191 veritas
1352 1132 1556 1190 Christi
1582 1136 1638 1190 in
1665 1134 1751 1189 his
1781 1134 2015 1188 nubibus
2038 1142 2142 1201 est,

543 1234 666 1291 quae
698 1239 805 1278 non
837 1224 1039 1281 habent
1086 1227 1140 1282 in
1182 1241 1242 1282 se
1287 1227 1610 1283 substantiae
1638 1227 1949 1282 veritatem.
1997 1224 2144 1281 Fieri

541 1326 674 1385 ergo
707 1325 906 1386 potest,
932 1327 992 1373 ut
1022 1317 1098 1373 ibi
1119 1317 1190 1372 sit
1220 1317 1444 1386 veritas,
1479 1317 1570 1373 ubi
1609 1326 1802 1376 ventus
1847 1316 2144 1387 dissipandi

540 1417 868 1479 potestatem
926 1409 1130 1466 habet?
1177 1409 1467 1477 Mandabo,
1528 1410 1742 1480 inquit,
1795 1409 2029 1465 nubibus
2075 1424 2144 1464 ne

541 1500 734 1572 pluaut
759 1518 925 1574 super
947 1517 1042 1559 eos
1074 1503 1306 1559 imbrem
1351 1503 1508 1575 (lsai.
1560 1501 1640 1576 v),
1674 1504 1779 1559 hoc
1823 1513 1928 1569 est,
1978 1517 2144 1573 super

537 1594 799 1664 populum
827 1594 1167 1650 Judzeorum.
1196 1594 1380 1651 Nubes
1418 1595 1700 1666 prophetae
1741 1605 1888 1650 sunt.
1916 1596 2140 1650 Manda-

535 1684 616 1740 vit
651 1685 760 1740 illis
787 1685 1046 1742 Dominus
1074 1701 1144 1743 ne
1186 1685 1442 1758 pluerent
1472 1702 1636 1758 super
1671 1687 1838 1743 Israel
1884 1687 2136 1742 imbrem.

2256 483 2460 541 diluvio
2487 502 2612 542 cum
2641 490 2856 544 caeteris
2894 499 2978 544 est
3009 507 3023 543 :
3051 499 3174 560 post
3203 491 3472 547 diluvium
3503 494 3557 548 in
3582 494 3864 551 infelicita-

2257 588 2362 635 tem
2417 582 2719 651 projicitur,
2764 582 2867 639 hoc
2912 593 3016 652 est,
3067 601 3132 642 eo
3181 597 3431 658 tempore
3462 591 3682 660 quando
3717 599 3864 649 tran-

2253 673 2499 742 quillitas
2529 687 2611 731 est
2641 692 2751 732 non
2779 686 2959 748 potest
2989 693 3112 736 esse
3141 680 3196 736 in
3238 697 3362 737 arca
3395 682 3517 739 Dei.
3557 684 3616 740 Si
3643 688 3861 756 quando

2250 763 2515 822 diluvium
2543 780 2646 834 est,
2675 785 2875 841 corpus
2905 772 2959 827 in
2984 772 3165 829 medio
3193 785 3300 832 est.
3333 775 3730 847 Tranquillitas
3777 797 3858 836 re-

2251 857 2351 926 dit,
2387 868 2666 918 etcorvus
2695 864 2855 936 fugit.
2885 865 2988 934 Qui
3039 876 3169 924 sunt
3210 870 3298 925 isti
3343 871 3538 927 corvi?
3582 873 3686 942 Qui
3730 885 3856 931 sunt

2252 952 2380 1022 pulli
2424 957 2759 1011 corvorum?
2788 957 2902 1028 Ego
2945 969 3077 1030 puto
3101 975 3299 1019 corvos
3337 965 3478 1035 nigri
3509 965 3734 1034 coloris,
3771 969 3856 1039 qui

2250 1060 2466 1118 semper
2485 1061 2884 1121 persequuntur
2901 1055 3166 1112 cadavera
3188 1069 3530 1114 mortuorum
3561 1077 3575 1113 :
3599 1061 3693 1131 qui
3720 1077 3856 1117 sem-

2249 1154 2344 1208 per
2373 1155 2505 1197 voce
2530 1144 2848 1201 raucissima
2878 1147 3025 1204 rixas
3042 1159 3385 1220 comparant,
3408 1151 3686 1210 daemones
3703 1169 3851 1222 esse,

2247 1225 2300 1291 Et
2322 1238 2650 1310 quicumque
2675 1239 3018 1296 daemonibus
3051 1243 3360 1311 servierint,
3385 1244 3541 1314 juxta
3570 1261 3769 1304 corvos
3798 1257 3847 1305 et

2247 1327 2347 1397 ipsi
2379 1331 2624 1387 colorem
2654 1347 2956 1388 corvorum
3005 1335 3302 1405 accipiunt.
3351 1336 3519 1408 Igitur
3557 1342 3734 1396 nostri
3764 1357 3850 1413 pa-

2246 1429 2453 1487 rentes,
2487 1422 2629 1478 sicut
2649 1423 2760 1495 jam
2789 1423 3051 1495 diximus,
3085 1427 3177 1497 qui
3229 1427 3391 1485 idolis
3426 1430 3763 1500 serviebant,
3797 1443 3844 1490 et

2243 1512 2603 1585 daemonibus,
2637 1519 2787 1572 corvi
2825 1529 3002 1574 erant.
3033 1519 3153 1574 Non
3181 1522 3327 1576 enim
3355 1523 3708 1581 inveniuntur
3737 1528 3838 1582 nisi

2242 1605 2332 1660 ubi
2366 1606 2599 1676 illuvies,
2653 1618 2710 1664 et
2749 1612 3039 1680 spurcitia,
3092 1623 3148 1667 et
3190 1612 3458 1670 cadavera
3509 1625 3837 1674 mortuorum

2242 1697 2465 1756 fuerint.
2489 1701 2600 1757 Nos
2620 1718 2750 1759 vero
2781 1703 2872 1773 qui
2899 1704 2968 1760 de
3005 1705 3184 1762 corvis
3213 1708 3323 1762 nati
3366 1723 3577 1779 sumus,
3618 1727 3727 1767 non
3754 1730 3839 1769 ca-

534 1775 618 1833 Ad
645 1791 745 1833 nos
775 1778 1078 1849 prophetia:
1109 1793 1290 1834 sermo
1316 1793 1618 1835 conversus
1647 1789 1750 1835 est.
1793 1778 1978 1834 Nubes
2020 1780 2114 1834 ista

2240 1793 2440 1850 davera
2470 1804 2872 1867 exspectamus,
2907 1797 3003 1854 sed
3051 1814 3254 1856 rorem.
3305 1800 3447 1857 Pulli
3475 1803 3614 1858 enim
3643 1819 3838 1861 corvo-

533 1869 582 1926 si
612 1869 683 1925 ibi
711 1869 922 1925 collisae
949 1869 1173 1940 fuerint,
1215 1871 1513 1927 tonitruum
1561 1872 1776 1927 faciunt
1815 1881 1871 1927 et
1898 1871 2132 1944 fulgura.

538 1962 641 2031 Qui
680 1963 844 2035 operit
871 1965 1054 2019 caelum
1086 1963 1329 2020 nubibus.
1361 1964 1420 2022 Si
1450 1965 1622 2021 nubes
1677 1965 1956 2037 prophetae
1987 1977 2132 2034 sunt,

530 2061 588 2110 et
615 2055 885 2125 apostoli;
919 2057 1196 2127 quomodo
1231 2065 1416 2114 autem
1449 2057 1739 2128 apostolis,
1767 2067 1823 2114 et
1851 2059 2134 2130 prOphetis

528 2145 732 2203 coelum
760 2148 1006 2219 tegitur?
1047 2149 1260 2206 Caelum
1292 2149 1546 2222 mysteria
1587 2159 1714 2206 sunt
1752 2151 1956 2207 divina.
1987 2152 2133 2220 Quo-

529 2239 676 2295 niam
708 2241 874 2311 igitur
903 2243 1170 2313 mysteria
1214 2257 1570 2312 quaecumque
1609 2243 1794 2297 divina
1825 2252 1975 2312 sunt,
2020 2259 2133 2300 εω-

525 2330 638 2387 Ium
681 2333 1069 2402 appellantur:
1127 2331 1702 2405 quicumque'dignus
1739 2334 1922 2402 fuerit,
1966 2335 2128 2391 istum

525 2423 701 2482 nubes
733 2433 1041 2496 protegunt.
1089 2425 1146 2483 Si
1185 2427 1312 2498 quis
1362 2427 1618 2498 indignus
1664 2437 1748 2483 est
1788 2438 2127 2483 sacramenta

523 2517 792 2587 accipere,
824 2533 934 2573 non
964 2526 1145 2588 potest
1172 2518 1282 2590 tegi
1315 2535 1346 2575 a
1371 2520 1631 2576 nubibus.
1659 2520 1762 2588 Qui
1800 2531 1952 2593 parat
1978 2532 2127 2578 terra:

526 2607 774 2678 pluviam.
798 2607 1011 2679 lndiget
1035 2609 1216 2680 pluvia
1249 2619 1393 2667 terra
1420 2622 1629 2681 nostra,
1669 2622 1724 2667 et
1753 2614 1856 2668 nisi
1883 2614 2122 2684 pluviam

523 2699 818 2770 acceperit,
845 2699 898 2755 id
928 2709 1032 2768 est,
1065 2701 1438 2758 doctrinarum
1475 2703 1704 2772 fontem,
1752 2704 1986 2761 fructum
2015 2723 2121 2762 non

524 2791 740 2849 alleret.
783 2792 954 2849 Terra
978 2809 1102 2850 cum
1128 2796 1381 2852 humecta
1403 2796 1564 2853 fuerit
1587 2797 1893 2855 istiusmodi
1923 2799 2123 2856 doctri-

521 2901 720 2942 narum
747 2886 918 2956 fonte,
952 2887 1083 2960 quid
1105 2889 1388 2959 sequitur?

597 2981 697 3048 Qui
727 2981 966 3052 producit
1005 2983 1059 3036 in
1093 2982 1354 3038 montibus
1397 2985 1592 3054 fenum,
1639 2993 1744 3042 etc.
1801 2986 1859 3044 Si
1887 2987 1956 3044 de
1999 2987 2118 3044 solo

517 3072 642 3130 feno
673 3074 988 3145 loqueretur
1018 3093 1029 3128 :
1056 3075 1243 3146 utique
1271 3075 1458 3133 fenum
1489 3077 1663 3149 magis
1693 3079 1746 3134 in
1776 3079 2117 3136 convallibus

2240 1901 2358 1940 rum
2381 1887 2638 1942 dicuntur
2662 1887 2728 1944 de
2759 1905 2884 1944 rore
2925 1890 3134 1947 vivere.
3188 1891 3279 1948 Sic
3332 1894 3479 1949 enim
3528 1895 3834 1969 phil050phi

2239 1975 2449 2046 dicunt,
2484 1979 2626 2048 quod
2669 1979 2738 2035 de
2766 1996 2888 2037 rore
2926 1981 3110 2037 vivant
3155 1984 3288 2054 pulli
3319 2000 3628 2043 corvorum.
3665 1987 3834 2046 Vultis

2236 2079 2292 2126 et
2320 2071 2465 2127 aliud
2498 2075 2640 2130 scire
2672 2075 2991 2146 mysterium
3024 2076 3093 2132 de
3127 2078 3342 2134 corvis?
3378 2080 3525 2136 Elias
3574 2083 3835 2153 interpre-

2235 2177 2402 2235 tatur,
2434 2167 2572 2224 Deus
2598 2167 2875 2226 Dominus.
2902 2171 3071 2240 Elias,
3098 2172 3201 2229 hoc
3225 2180 3330 2238 est,
3362 2173 3623 2232 Dominus
3645 2189 3831 2233 noster

2233 2269 2395 2332 atque
2433 2263 2705 2329 Salvator,
2739 2280 2770 2320 a
2798 2265 3000 2321 Judaeis
3043 2268 3480 2337 persecutionem
3523 2269 3749 2341 patitur,
3775 2280 3828 2327 et

2231 2369 2260 2408 a
2283 2357 2482 2424 corvis,
2513 2357 2566 2412 id
2593 2369 2699 2425 est,
2724 2360 2968 2429 gentium
3011 2361 3213 2431 populo
3259 2364 3523 2432 pascitur.
3557 2363 3625 2418 Et
3669 2366 3826 2437 pullis

2231 2463 2498 2504 corvorum
2510 2452 2862 2508 invocantibus
2884 2471 3019 2510 eum.
3053 2455 3109 2510 Si
3133 2457 3354 2512 invocas
3371 2473 3520 2526 eum,
3547 2460 3721 2528 pullus
3735 2475 3790 2516 es
3809 2478 3820 2513 :

2226 2548 2271 2602 si
2303 2557 2474 2616 taces,
2507 2564 2702 2605 corvus
2741 2565 2829 2606 es.
2860 2550 2928 2605 Et
2953 2552 3127 2624 ‘pullis
3169 2569 3442 2607 corvorum
3482 2555 3822 2610 invocantibus

2225 2657 2359 2695 eum.
2389 2641 2642 2713 Legimus
2671 2643 2723 2698 in
2754 2643 3018 2714 pr0pheta
3050 2662 3064 2698 :
3094 2657 3148 2701 et
3176 2647 3356 2702 omnis
3386 2647 3478 2717 qui
3502 2648 3822 2705 invocaverit

2224 2750 2420 2790 nomen
2453 2735 2689 2807 Domini,
2717 2737 2902 2793 salvus
2927 2738 3031 2794 erit
3061 2739 3226 2807 (Joel.
3251 2739 3518 2812 u).Igitur
3539 2741 3584 2796 si
3613 2742 3678 2797 de
3699 2757 3819 2798 cor-

2224 2825 2305 2881 vis
2330 2825 2649 2898 simpliciter
2672 2828 3000 2899 accipimus:
3036 2845 3168 2901 ergo
3189 2843 3246 2886 et
3272 2830 3427 2886 corvi
3461 2832 3595 2886 salvi
3625 2833 3818 2888 erunt?

2221 2918 2531 2989 Responde,
2575 2920 2786 2990 Iudaee,
2829 2923 3100 2994 responde
3141 2924 3233 2995 qui
3275 2923 3556 2980 Iudaicam
3587 2924 3818 2982 litteram

2224 3021 2431 3068 tantum
2478 3013 2756 3085 sequeris,
2813 3015 2951 3072 dicis
3005 3020 3141 3072 istos
3191 3032 3386 3072 corvos
3447 3033 3577 3074 vere
3630 3033 3818 3075 corvos

2220 3105 2372 3161 esse?
2396 3105 2512 3161 Non
2547 3106 2932 3177 interpretaris
2953 3107 3336 3178 spiritualiter,
3373 3109 3472 3165 sed
3502 3109 3812 3179 carnaliter,

517 3166 966 3276 nasciturlquam
995 3167 1420 3276 ἰιιθιιιοιιιιιοεὶε.⁸
1447 3168 1788 3276 Ubicumque
1815 3173 1960 3276 enim
1999 3172 2116 3276 plll'
2145 3166 2190 3230 (ἶ
2222 3202 2354 3258 dicis
2385 3202 2530 3258 enim
2561 3166 2822 3273 scriptum
2851 3166 3073 3261 esse-dc
3117 3166 3406 3262 corvis.'Si
3437 3221 3569 3276 ergo
3606 3205 3671 3261 de
3700 3166 3816 3276 pol;

517 3262 605 3317 via
639 3261 875 3332 amplior
926 3261 1114 3330 fuerit,
1165 3263 1240 3318 ibi
1283 3262 1455 3335 magis
1497 3263 1679 3320 fenum
1726 3265 1986 3321 nascitur.
2037 3265 2116 3321 De

517 3352 797 3410 montibus
838 3353 1084 3411 defluunt
1126 3369 1283 3427 aqua:
1331 3356 1384 3412 in
1429 3355 1790 3425 convallibus,
1844 3367 1901 3414 et
1943 3356 2114 3429 magis

516 3446 685 3504 herba
716 3448 979 3505 nascitur.

586 3539 660 3596 Et
709 3542 800 3596 dat
843 3542 1100 3615 jumentis
1149 3558 1320 3598 escam
1367 3543 1615 3614 ipsorum.
1678 3542 1957 3615 Scriptura
2008 3543 2111 3601 ista

513 3648 677 3705 quam
697 3634 952 3705 legimus,
989 3651 1152 3707 quam
1193 3644 1512 3702 tractamus,
1554 3652 1715 3706 quam
1759 3638 2021 3693 habemus
2055 3639 2107 3693 in

513 3729 786 3798 manibus,
820 3737 1034 3786 montes
1056 3729 1229 3786 sancti
1254 3728 1508 3786 dicuntur
1532 3731 1588 3786 in
1615 3730 1913 3802 Scripturis
1931 3730 2103 3804 (Psal.

516 3822 712 3893 xxxv).
733 3822 884 3878 Mons
900 3831 1128 3879 vocatur
1148 3821 1423 3880 Abraham
1445 3839 1460 3889 ;
1489 3838 1644 3878 mons
1674 3833 1902 3879 vocatur
1922 3823 2102 3890 Isaac;

415 3927 418 3930 ·
512 3929 670 3971 mons
689 3913 990 3971 Jeremias:
1020 3923 1233 3972 montes
1254 3917 1426 3973 sancti
1456 3915 1755 3986 prophetae.
1779 3915 1985 3973 Montes
2015 3917 2102 3972 isti

512 4003 716 4061 habent
753 4017 808 4062 et
835 4005 1131 4076 frumenta,
1161 4005 1367 4064 habent
1395 4017 1452 4064 et
1479 4009 1686 4065 fenum.
1723 4009 1782 4065 Si
1809 4009 1977 4065 homo
2005 4024 2099 4065 es:

509 4097 712 4168 accipis
728 4099 793 4153 ab
812 4098 942 4170 ipsis
963 4099 1293 4157 frumentum
1323 4119 1335 4156 :
1362 4103 1410 4157 si
1441 4118 1609 4173 pecus
1639 4118 1722 4171 es,
1758 4105 1938 4160 fenum
1962 4106 2102 4160 acci-

511 4188 616 4260 pis.
649 4187 910 4246 Homines
946 4199 1003 4246 et
1023 4189 1269 4261 jumenta
1295 4192 1473 4249 salvos
1501 4194 1688 4261 facies,
1727 4195 1978 4252 Domine.
2005 4196 2103 4253 Se-

512 4280 748 4338 cundum
774 4281 935 4338 fidem
951 4292 1096 4338 tuam
1121 4284 1368 4340 salvaris.
1397 4283 1500 4354 Qui
1522 4286 1759 4354 producit
1774 4289 1825 4342 in
1849 4289 2101 4346 montibus

509 4375 706 4444 fenum,
738 4373 1154 4445 etdatjumentis
1180 4391 1348 4428 escam
1376 4377 1626 4445 ipsorum.
1654 4378 1711 4434 Si
1743 4381 1904 4434 homo
1935 4395 2016 4448 es,
2044 4380 2099 4437 in

509 4467 801 4538 Scripturis
831 4471 1034 4526 sanctis
1063 4471 1264 4543 accipis
1279 4471 1612 4542 spiritualem
1639 4475 2056 4548 intelligentiam
2082 4497 2092 4531 :

2217 3292 2284 3348 lis
2312 3307 2600 3350 corvorum
2625 3296 2889 3366 scriptum
2920 3307 3026 3362 est,
3056 3307 3111 3352 et
3136 3297 3224 3352 hic
3251 3296 3460 3353 dictum
3488 3307 3591 3364 est,
3616 3307 3662 3352 et
3695 3299 3812 3366 pul-

2215 3386 2278 3442 lis
2307 3404 2572 3443 corvorum
2595 3389 2950 3444 invocantibus
2971 3407 3108 3445 eum.
3145 3390 3214 3444 Et
3242 3391 3506 3458 scriptum
3533 3401 3614 3446 est
3640 3407 3656 3445 :
3686 3391 3806 3448 Om‘

2213 3478 2298 3534 nis
2329 3479 2422 3550 qui
2453 3481 2786 3536 invocaverit
2806 3495 3006 3540 nomen
3037 3481 3251 3537 Domini
3279 3482 3464 3538 salvus
3494 3483 3595 3539 erit
3625 3501 3639 3538 :
3681 3499 3809 3556 ergo

2212 3578 2268 3626 et
2295 3572 2426 3641 pulli
2455 3587 2741 3628 corvorum
2770 3572 2906 3629 salvi
2944 3582 3103 3629 erunt
3134 3573 3187 3629 in
3235 3575 3651 3631 resurrectione.
3699 3575 3805 3632 Nos

2210 3676 2339 3733 ergo
2389 3663 2519 3732 pulli
2585 3679 2872 3719 corvorum
2922 3665 3239 3721 invocamus
3295 3675 3458 3738 atque
3505 3668 3798 3724 salvamur.

2207 3753 2454 3825 Denique
2503 3763 2557 3810 et
2597 3755 2795 3812 Paulus
2822 3758 3102 3827 apostolus
3132 3757 3354 3829 scripsit
3392 3757 3461 3814 ad
3501 3770 3798 3815 sanctorum

2210 3846 2510 3902 Ecclesiam
2533 3892 2548 3916 ,
2589 3849 2806 3920 scripsit
2845 3850 2912 3906 ad
2941 3865 3035 3908 cos
3060 3851 3440 3923 qui.invocant
3464 3867 3652 3909 nomen
3691 3851 3798 3908 Do.

2206 3939 2339 3996 mini
2364 3939 2382 4014 (
2412 3940 2432 3994 ι
2462 3941 2581 3996 Cor.
2605 3941 2667 4014 t).

2279 4032 2404 4088 Non
2433 4034 2489 4088 in
2525 4034 2827 4105 fortitudine
2857 4037 2972 4106 equi
2999 4034 3316 4094 voluntatem
3355 4038 3574 4095 habebit.
3616 4039 3796 4094 Brevid

2207 4131 2368 4179 tatem
2410 4125 2780 4195 promisimus,
2834 4136 2889 4183 ει
2930 4130 3261 4185 necessitate
3307 4132 3572 4203 compulsi
3614 4144 3792 4185 sumus

2204 4215 2362 4272 latius
2392 4215 2670 4288 disputare
2696 4235 2710 4272 :
2741 4219 2952 4275 mentiti
2975 4235 3183 4289 sumus,
3216 4221 3312 4277 sed
3339 4223 3670 4279 mendacium
3694 4223 3792 4278 uti:

2202 4306 2468 4364 lissimum
2497 4317 2599 4364 est.
2633 4310 2852 4366 Utinam
2894 4310 3140 4369 Herodes
3165 4314 3426 4370 mentitus
3457 4324 3597 4371 esset
3620 4323 3672 4370 et
3695 4329 3791 4384 pe-

2197 4401 2429 4470 jerasset
2455 4401 2669 4475 (Matth.
2703 4406 2839 4474 xiv).
2875 4405 2942 4460 Et
2972 4421 3071 4460 nos
3117 4407 3281 4477 igitur
3312 4408 3522 4463 minora
3550 4408 3792 4478 promisi-

2202 4508 2340 4559 mus,
2377 4505 2433 4550 et
2468 4496 2749 4551 orantibus
2777 4495 2929 4552 vobis
2982 4497 3187 4568 majora
3242 4499 3591 4569 praebuimus.
3647 4498 3788 4555 liora

504 4559 556 4617 si
611 4560 918 4634 jumentum
948 4579 1036 4633 es,
1070 4565 1366 4622 secundum
1399 4566 1636 4623 litteram
1663 4547 2090 4630 moreiJudaico.

2386 4547 2429 4550 ν-
2476 4547 2746 4551 μακρῇ-
2788 4547 2926 4552 -ν--ψ
2982 4547 3187 4568 ---Ἴη-
3242 4547 3591 4569 ,ν--η---υψ
3647 4547 3788 4555 ην-

2221 4587 2499 4656 :ompellit,
2530 4594 2590 4643 ut
2619 4601 2821 4644 taceam
2855 4605 2869 4642 :
2901 4591 3217 4660 magnitudo
3243 4594 3622 4662 mysteriorum
3649 4606 3788 4647 corn-

504 4655 642 4713 Bem
661 4673 912 4730 magnam
924 4659 1105 4737 video.
1122 4660 1267 4716 Deus
1281 4661 1371 4732 qui
1395 4663 1556 4718 tantis
1579 4665 1866 4734 praeconiis
1891 4667 2093 4722 collau-

508 4748 668 4805 datus
694 4760 798 4818 est,
835 4750 1121 4808 deducitur
1148 4752 1217 4808 ad
1245 4753 1456 4822 viliora,
1483 4764 1537 4810 et
1562 4753 1758 4812 dicitur
1783 4776 1794 4810 :
1821 4757 1890 4812 Et
1933 4759 2091 4828 pullis

501 4857 773 4898 corvorum
801 4844 1150 4900 invocantibus
1171 4861 1308 4900 eum.
1337 4846 1394 4902 Si
1422 4846 1492 4904 de
1515 4848 1706 4906 avibus
1721 4850 1844 4906 caeli
1860 4850 2084 4922 diceret,

502 4936 676 5008 magis
704 4937 914 5008 aquilas
959 4939 1294 4996 nominasset
1343 4950 1437 4997 aut
1488 4942 1754 5001 vultures.
1807 4943 1877 5000 Et
1929 4948 2090 5017 pullis

500 5044 769 5086 corvorum
797 5031 1154 5089 invocantibus
1183 5050 1319 5090 eum.
1341 5035 1494 5091 Nulla
1533 5037 1639 5094 alia
1662 5040 1777 5095 avis
1815 5057 2090 5114 nuncupa-

500 5132 609 5192 tur,
653 5123 756 5180 nisi
787 5125 970 5196 pullus
1010 5141 1325 5193 corvorum,
1376 5138 1431 5184 et
1473 5144 1582 5186 non
1622 5130 1724 5202 ipsi
1773 5134 1941 5202 corvi,
1989 5135 2086 5192 sed

494 5216 627 5287 pulli
653 5231 962 5273 corvorum.
995 5217 1114 5274 Non
1141 5219 1384 5276 salvatur
1411 5235 1632 5292 corvus,
1663 5223 1760 5280 sed
1788 5225 1970 5295 pullus
1991 5228 2082 5298 qui

493 5309 561 5366 de
590 5323 657 5366 eo
677 5317 838 5365 natus
861 5320 965 5366 est.
1006 5307 1116 5365 Nos
1143 5310 1278 5382 pulli
1306 5327 1593 5368 corvorum
1636 5330 1846 5371 sumus.
1888 5319 1961 5372 De
1987 5334 2078 5388 pa-

486 5402 731 5460 rentibus
756 5403 903 5458 enim
927 5401 1226 5459 idololatris
1245 5404 1542 5461 nascimur.
1569 5406 1822 5480 Legimus
1849 5408 1904 5464 in
1926 5407 2080 5466 Salo-

486 5511 670 5564 mone,
705 5496 958 5568 quoniam
989 5496 1178 5553 oculus
1200 5499 1290 5570 qui
1313 5499 1509 5556 irridet
1532 5512 1762 5572 patrem,
1789 5511 1845 5559 et
1869 5518 2077 5560 sermo-

482 5604 608 5646 nem
653 5589 880 5660 matris,
929 5589 1196 5646 effodiant
1255 5607 1380 5648 eum
1423 5594 1570 5650 corvi
1625 5594 1692 5651 dc
1737 5597 2074 5653 convallibus

488 5681 674 5753 (Prov.
705 5685 858 5755 xxx).
886 5682 1008 5740 Non
1031 5683 1168 5740 dixit
1194 5685 1325 5757 pulli
1351 5701 1658 5756 corvorum,
1689 5689 1784 5745 sed
1811 5689 1915 5760 ipsi
1951 5705 2074 5746 cor-

483 5772 555 5827 vi.
589 5773 692 5840 Qui
721 5774 866 5830 enim
899 5789 1094 5834 corvus
1122 5784 1230 5847 est,
1260 5777 1459 5836 salvari
1496 5793 1606 5836 non
1635 5788 1831 5852 potest.
1863 5778 2069 5840 Corvus

2200 4678 2350 4749 pellit
2379 4690 2436 4734 ut
2465 4679 2676 4751 loquar.
2707 4680 2825 4737 Non
2865 4682 2917 4737 in
2957 4682 3273 4742 fortitudine
3302 4687 3428 4758 equi
3461 4687 3784 4743 voluntatem

2199 4771 2437 4829 habebit.
2470 4765 2649 4831 Audio
2671 4791 2869 4847 equum
2899 4776 3253 4847 hinnientem,
3284 4789 3338 4836 et
3367 4796 3476 4838 non
3507 4795 3785 4853 possumus

2199 4867 2500 4936 praeterire.
2534 4868 2809 4939 Scriptum
2847 4879 2933 4926 est
2958 4871 3013 4928 in
3053 4874 3354 4943 psalterio:
3404 4875 3591 4932 Fallax
3615 4891 3783 4948 equus

2196 4960 2263 5016 ad
2295 4961 2526 5018 salutem
2566 4962 2740 5034 (Psal.
2775 4967 2970 5039 xxxn).
3021 4967 3092 5024 Et
3119 4970 3228 5024 alio
3278 4972 3400 5027 loco
3432 4990 3446 5028 :
3495 4973 3695 5043 Equum
3725 4981 3782 5028 et

2195 5066 2542 5108 ascensorem
2570 5053 2767 5126 dejecit
2797 5058 2853 5112 in
2884 5073 3033 5116 mare
3073 5057 3270 5133 (Exod.
3301 5060 3417 5133 xv).
3473 5062 3780 5132 Praecipitur

2193 5153 2243 5200 et
2277 5145 2461 5215 Israel,
2488 5163 2558 5204 ne
2597 5164 2765 5220 equos
2795 5152 3058 5206 nutriant.
3103 5154 3346 5227 Denique
3373 5155 3624 5213 Salomon
3648 5157 3777 5226 quia

2191 5238 2477 5308 quadrigas
2508 5241 2810 5298 adducebat
2851 5258 2914 5299 ex
2945 5243 3202 5318 Egypto,
3239 5250 3526 5320 voluptate
3556 5265 3776 5317 supera-

2193 5336 2277 5384 tus
2299 5339 2383 5412 est
2410 5330 2590 5405 (Deut.
2622 5350 2764 5400 xvtt;
2819 5334 2886 5390 III
2935 5335 3067 5407 Reg.
3111 5338 3192 5410 χ).
3242 5338 3364 5394 Νοη
3394 5343 3448 5397 in
3478 5342 3773 5412 fortitudine

2189 5409 2640 5492 cquivolttnlatet-n
2673 5425 2894 5482 habebit.
2925 5409 3220 5499 Equumet
3247 5409 3592 5490 ascensorem
3618 5431 3769 5503 deje-

2183 5514 2260 5569 cit
2296 5516 2351 5570 in
2383 5531 2551 5573 mare.
2587 5517 2725 5589 Equi
2756 5519 3088 5577 insanientes
3117 5522 3172 5578 in
3205 5522 3434 5582 feminas
3483 5525 3600 5582 facti
3639 5537 3769 5581 sunt

2183 5606 2316 5662 mihi
2345 5626 2357 5662 :
2388 5611 2757 5683 unusquisque
2783 5613 2837 5668 in
2867 5628 3090 5670 uxorem
3121 5617 3354 5688 proximi
3385 5617 3767 5676 suihinniebat

2180 5694 2397 5769 (Jerem.
2437 5699 2529 5770 v):
2575 5702 2810 5774 loquitur
2831 5701 3119 5760 Jeremias.
3151 5707 3291 5779 Ergo
3331 5723 3495 5779 super
3540 5708 3669 5764 tales
3701 5724 3763 5764 e-

2178 5801 2312 5861 quos
2345 5790 2487 5850 Deus
2516 5809 2623 5850 non
2651 5794 2816 5852 habet
2843 5795 3190 5856 voluntatem.
3224 5799 3470 5861 Diximus
3495 5801 3562 5860 de
3579 5814 3757 5871 equo:
