3992 6318
163 360 289 421 {257

1044 369 1476 432 BREVIAIHUM
1514 371 1579 430 ΙΝ
1621 371 1954 431 I‘S.\LMOS.
1994 375 2242 435 PSALM.
2285 378 2541 437 CXLVII.

3298 390 3439 446 19.58

159 496 343 551 equum
372 489 426 537 et
469 495 811 539 ascensorem
842 483 1041 552 deiecit
1087 487 1139 542 in
1171 503 1342 543 mare.
1375 488 1619 543 Diximus
1646 487 1736 559 qui
1765 487 1818 547 A
1843 497 2082 544 mentum
2130 491 2344 562 adipem
2392 493 2588 549 habet?
2632 494 2687 551 Si
2718 510 2849 567 ergo
2892 497 3220 555 frumentum
3253 498 3441 573 adipes

163 584 277 629 sunt
306 576 423 645 equi
458 593 471 629 :
495 574 736 632 dicamus
756 578 848 647 qui
876 589 1005 634 sunt
1025 582 1260 652 equites.
1296 582 1408 653 Ego
1431 591 1558 652 puto
1576 596 1744 650 equos

159 666 389 723 homines
416 682 537 724 esse
568 677 899 739 peccatores,
954 680 1010 727 et
1064 672 1276 743 equites
1321 676 1602 728 daemones
1650 673 1741 739 qui

159 759 384 829 equitant
417 759 470 813 in
493 760 593 815 eis.
638 760 694 816 Si
746 761 964 832 quando
1006 778 1139 834 ergo
1179 764 1474 820 viderimus
1504 764 1741 836 aliquem

160 848 368 905 fratrem
409 861 828 921 persequentem
879 862 935 909 et
984 853 1262 911 inimicum
1316 872 1462 918 esse.
1507 856 1743 913 sciamus

159 941 266 1013 quia
294 943 383 998 ille
412 959 582 1017 equus
611 951 716 1001 est.
743 943 1015 1003 Caeterum
1045 963 1215 1018 eques
1241 948 1493 1005 diabolus
1518 959 1626 1017 est,
1650 953 1741 1021 qui

160 1051 241 1092 sua
269 1036 450 1093 lancea
480 1053 583 1094 nos
615 1041 868 1109 percutit.
904 1031 1010 1098 Iste
1049 1042 1245 1109 currit,
1276 1051 1333 1099 et
1361 1042 1456 1097 ille
1489 1044 1739 1113 percutit.

160 1127 257 1185 Sed
282 1139 333 1185 et
362 1132 474 1201 ipse
513 1146 682 1203 equus
711 1132 1018 1190 calcaribus
1044 1135 1284 1201 ducitur,
1315 1135 1649 1203 confoditur,
1687 1145 1744 1193 et

159 1220 339 1277 invitus
369 1223 591 1279 insanit.
618 1224 732 1280 Nec
758 1226 812 1280 in
841 1226 981 1281 tibiis
1011 1228 1105 1282 tiri
1131 1227 1510 1297 beneptacitum
1546 1230 1640 1284 erit
1672 1232 1738 1283 ei.

164 1314 332 1370 Videte
360 1315 491 1386 quid
523 1316 686 1372 dirat.
740 1317 856 1373 Non
894 1317 1053 1385 dixit,
1106 1318 1162 1373 in
1212 1320 1393 1389 capite
1445 1320 1543 1375 viri
1584 1337 1597 1373 :
1635 1335 1741 1376 non

162 1406 298 1473 dixit,
332 1407 383 1461 in
410 1408 662 1463 manibus
701 1409 802 1463 viri
835 1427 849 1463 :
880 1409 1003 1472 sed,
1036 1413 1093 1463 in
1122 1410 1260 1464 tibiis
1291 1426 1310 1465 :
1338 1427 1459 1481 quae
1486 1411 1740 1467 deorsum

161 1511 288 1556 sunt.
317 1500 427 1555 Nec
453 1501 507 1555 in
529 1502 666 1557 tibiis
686 1503 785 1557 uiri
824 1502 1202 1572 benepfacitum
1231 1503 1328 1557 erit
1356 1504 1421 1557 ei.
1455 1503 1628 1559 Tibiae
1656 1503 1744 1559 hic

162 1593 283 1648 sicut
307 1602 360 1648 et
388 1592 621 1663 femora,
656 1609 875 1665 semper
901 1594 958 1650 in
990 1594 1213 1652 libidine
1242 1596 1604 1665 accipiuntur.
1639 1596 1743 1651 De-

165 1685 305 1756 nique
331 1687 462 1743 etin
495 1687 754 1744 Ezechiel
806 1688 953 1744 Deus
991 1688 1210 1745 videtur
1248 1706 1280 1744 a
1329 1689 1527 1746 lumbis
1572 1704 1743 1760 usque

164 1794 381 1848 sursum,
420 1782 688 1839 electreus
717 1801 732 1837 :
765 1798 797 1838 a
827 1783 1033 1839 lumbis
1061 1799 1232 1854 usque
1259 1782 1519 1840 deorsum
1552 1784 1742 1854 igneus

1848 596 1953 637 non
1996 581 2188 652 habet,
2238 593 2295 640 et
2323 586 2669 656 compelleris
2715 590 3042 645 necessitate
3082 593 3444 662 spiritualiter

1845 676 2183 748 intelligere,
2233 681 2528 735 secundum
2570 680 2733 737 istum
2784 684 3116 739 versiculum
3158 695 3212 741 et
3244 697 3442 743 czetera

1844 767 2197 840 intelligenda
2224 782 2369 827 sunt.
2405 772 2621 843 Lauda,
2651 772 2981 846 Jerusalem,
3016 776 3320 834 Dominum.
3354 780 3445 836 Je-

1844 862 2079 917 rusalem
2105 907 2120 931 ,
2168 865 2297 919 visio
2323 867 2488 937 pacis.
2517 865 2703 921 Lauda
2736 867 2902 922 Deum
2931 878 3097 937 tuum,
3127 868 3277 924 Sion.
3308 869 3441 927 Sion

1844 954 2054 1024 specula
2080 957 2485 1026 interpretatur.
2515 959 2722 1015 Videtis
2744 976 2876 1033 ergo
2896 962 3023 1033 quid
3048 962 3213 1018 dicat.
3228 962 3439 1033 Lauda,

1842 1044 2180 1117 Jerusalem,
2225 1049 2532 1106 Dominum.
2583 1051 2916 1122 Ubicumque
2963 1055 3102 1111 visio
3133 1057 3283 1126 pacis
3321 1067 3440 1125 est,

1844 1140 2174 1213 ubicumque
2198 1145 2584 1215 contemplatio
2618 1147 2710 1202 Dei
2740 1165 2753 1202 :
2789 1147 2861 1203 ibi
2894 1148 3011 1204 laus
3043 1149 3137 1205 Dei
3177 1150 3256 1205 ﬁt.
3292 1150 3437 1206 Lau-

1845 1232 1938 1288 dat
1958 1249 2090 1305 ergo
2121 1236 2363 1293 Ecclesia
2379 1237 2696 1305 Dominum,
2720 1238 2934 1311 quando
2954 1243 3185 1311 coeperit
3211 1242 3264 1297 in
3286 1243 3439 1299 illum

1844 1324 2071 1382 credere
2097 1337 2152 1382 et
2182 1326 2384 1384 habere
2417 1322 2637 1397 pacem;
2662 1341 2715 1385 et
2747 1332 2976 1401 coeperit
3002 1334 3189 1390 videre
3211 1350 3399 1405 pacem
3423 1381 3436 1405 ,

1848 1416 1951 1472 hoc
1999 1430 2114 1483 est,
2154 1421 2457 1477 Jerusalem
2490 1422 2755 1479 visionem
2792 1424 2959 1493 pacis.
3004 1424 3106 1494 Qui
3142 1426 3291 1493 prius
3319 1444 3442 1484 eras

1844 1522 2038 1565 servus
2084 1510 2382 1580 idolorum,
2417 1511 2597 1568 factus
2620 1530 2680 1569 es
2710 1529 2906 1571 servus
2946 1516 3060 1572 Dei.
3101 1516 3282 1572 Lauda
3312 1535 3441 1588 ergo

1846 1601 2016 1658 Deum
2035 1613 2207 1659 tuum.
2227 1605 2457 1671 Quando
2480 1621 2610 1661 vero
2640 1608 2876 1678 cmperis
2895 1608 3008 1679 jam
3039 1610 3241 1665 habere
3264 1612 3443 1666 scien-

1846 1693 2000 1761 tiam,
2030 1703 2234 1752 etesse
2261 1698 2512 1768 specula,
2566 1699 2672 1754 hoc
2699 1707 2804 1767 est,
2850 1699 2981 1756 Sion
3018 1718 3031 1755 :
3065 1701 3224 1757 lauda
3260 1703 3443 1758 Domi-
3517 1710 3523 1719 '

1847 1803 2006 1855 num,
2042 1789 2146 1845 hoc
2184 1799 2301 1857 est,
2338 1801 2391 1847 tu
2425 1792 2581 1847 lauda
2610 1794 2947 1861 Jerusalem,
2994 1805 3051 1851 tu
3079 1797 3238 1853 lauda
3269 1798 3398 1854 Sion
3427 1817 3441 1855 :

164 1873 353 1944 (Emit.
384 1874 449 1946 ι).
480 1876 538 1932 Si
573 1877 699 1948 quis
725 1893 944 1941 sursum
973 1885 1081 1945 BSt,
1132 1876 1261 1933 huic
1304 1892 1507 1933 aureus
1533 1887 1616 1934 est
1648 1895 1661 1931 :
1696 1878 1742 1933 si
1771 1868 1819 1930 Β
1849 1891 1902 1937 ιιι
1935 1882 2316 1940 Ecclesiastica
2347 1886 2550 1951 anima,
2575 1893 2631 1940 tu
2655 1887 2919 1942 Ecclesia.
2946 1886 3061 1943 Non
3086 1889 3311 1945 laudent
3332 1890 3444 1945 hac-

164 1968 270 2038 quis
294 1968 569 2033 deorsum.
606 1970 732 2027 huic
763 1970 1009 2042 gehenna
1040 1980 1346 2043 prteparata
1376 1981 1482 2027 est.
1538 1970 1650 2026 Nec
1688 1972 1744 2026 in

166 2062 281 2121 tibiis
304 2065 392 2120 viri
419 2066 797 2137 beneplacitum
826 2077 901 2124 est
929 2070 995 2124 ei.
1039 2069 1295 2125 Dicamus
1322 2069 1625 2125 secundum
1649 2070 1740 2125 lit-

165 2163 336 2214 teram.
365 2161 633 2230 Quoniam
664 2161 901 2229 dixerat,
934 2162 1058 2218 Non
1086 2166 1139 2217 in
1165 2164 1474 2234 fortitudine
1512 2166 1626 2231 equi
1656 2181 1746 2218 vo-

166 2249 387 2307 luntatem
422 2251 655 2322 habebit,
693 2262 750 2310 et
770 2255 923 2324 quasi
966 2254 1287 2311 bellatorem
1316 2255 1490 2310 virum
1535 2254 1744 2310 descri-

168 2357 327 2415 pserat
359 2364 372 2401 :
404 2348 624 2404 videtur
648 2348 779 2404 mihi
824 2348 913 2405 hic
958 2349 1050 2405 ubi
1100 2349 1259 2418 dixit,
1314 2350 1422 2405 non
1466 2351 1521 2405 in
1569 2350 1738 2416 tibiis,

166 2450 254 2492 non
278 2453 466 2497 vocare
491 2448 518 2478 λ
555 2440 740 2506 tibias,
768 2440 866 2497 scd
892 2440 1285 2515 περικνήμιδας.
1322 2441 1584 2498 Videmus
1609 2457 1743 2514 ergo

168 2529 511 2601 quodcumque
554 2532 719 2589 tibias
747 2534 953 2589 texerit
981 2549 1088 2588 non
1125 2534 1344 2603 placere
1368 2534 1504 2602 Deo,
1538 2534 1633 2591 sed
1676 2535 1743 2590 il-

166 2617 243 2675 lud
263 2623 393 2693 quod
420 2638 644 2680 sursum
670 2634 777 2681 est.
808 2624 928 2681 Non
961 2625 1141 2696 placet
1169 2626 1280 2682 Deo
1308 2627 1367 2682 in
1398 2626 1740 2697 fortitudine,

163 2726 254 2768 non
279 2715 440 2785 placet
468 2718 523 2773 in
557 2717 711 2774 tibiis
741 2718 867 2783 viri,
892 2719 1068 2789 placet
1088 2729 1268 2775 autem
1301 2720 1355 2774 in
1396 2720 1589 2775 timore
1614 2734 1739 2777 suo.

168 2805 329 2866 Virtus
366 2828 469 2867 non
501 2814 707 2884 placet,
734 2814 897 2869 timor
926 2815 1124 2885 placet.
1156 2813 1454 2869 Bellantem
1482 2815 1738 2886 destruit,

163 2912 415 2970 rogantem
446 2905 655 2972 elevat,
687 2906 921 2961 humiles
963 2906 1193 2973 exaltat,
1238 2907 1505 2977 superbos
1533 2905 1738 2977 dejicit.

223 2991 605 3069 Beneplacitum
626 3005 698 3052 est
721 2995 833 3053 Deo
858 3015 1015 3071 super
1046 3000 1278 3053 timentes
1322 3016 1461 3054 eum.
1496 2998 1650 3056 Unus
1680 3000 1745 3054 ti-

164 3099 265 3141 mor
285 3090 454 3158 plures
482 3092 713 3146 timores
733 3091 972 3163 projicit.
991 3092 1190 3148 Melius
1208 3101 1292 3148 est
1320 3106 1486 3146 unum
1518 3093 1738 3160 timere,

166 3187 216 3235 ut
239 3180 405 3251 plures
425 3201 530 3240 non
567 3185 767 3241 timeas
799 3202 815 3239 :
843 3200 1004 3254 quam
1035 3187 1220 3256 plures
1243 3187 1462 3252 timere,
1495 3192 1557 3240 ut
1572 3200 1738 3240 unum

167 3287 260 3328 non
294 3277 491 3332 timeas.
527 3275 606 3331 Et
638 3277 693 3331 in
722 3278 796 3331 eis
821 3278 911 3347 qui
938 3285 1150 3350 sperant
1192 3294 1351 3349 super
1380 3277 1739 3332 misericordia
1765 3256 1813 3322 (ἶ

167 3368 279 3437 ejus.
300 3367 525 3439 Sperant
585 3385 692 3425 non
739 3370 792 3424 iu
824 3370 1080 3441 operibus
1111 3370 1224 3427 suis
1248 3411 1263 3437 ,
1314 3370 1411 3427 sed
1440 3372 1495 3426 in
1525 3370 1739 3426 miseri-

168 3459 328 3516 cordia
351 3461 565 3533 judicii.
602 3461 847 3519 Laudato
886 3462 1180 3519 Dominum
1203 3504 1219 3531 ,
1252 3462 1508 3535 quoniam
1538 3463 1739 3519 bonum

168 3561 239 3607 est
265 3556 490 3625 psalmus
520 3577 532 3612 :
570 3557 826 3627 quoniam
856 3556 948 3628 qui
979 3567 1202 3629 sperant
1229 3572 1395 3629 super
1425 3558 1738 3616 misericor-

169 3646 241 3703 dia
262 3651 392 3720 ejus,
420 3654 531 3711 sola
569 3652 878 3709 salvatione
917 3661 1203 3709 sanantur.
1234 3651 1334 3710 Cui
1365 3661 1453 3711 est
1479 3653 1653 3725 gloria
1685 3654 1739 3710 in

169 3742 341 3798 szccula
366 3746 719 3803 saeculorum.
749 3744 947 3801 Amen.

603 3827 621 3837 ’
641 3836 967 3896 PSALMUS
996 3837 1255 3895 CXLVII.

228 3925 416 3998 Lauda,
448 3931 773 4001 Jerusalem,
807 3932 1084 3988 Dominum
1113 3949 1132 3988 :
1160 3930 1323 3987 lauda
1351 3929 1521 3986 Deum
1549 3941 1699 3985 tuum
1725 3976 1739 4000 ,

172 4012 300 4077 Sion.
344 4023 497 4082 Modo
522 4024 845 4081 audivimus
888 4034 1137 4081 sanctum
1182 4023 1502 4095 pr0pbetam
1548 4023 1740 4094 praedi-

171 4123 357 4172 cantem
395 4130 625 4191 propter
662 4118 1163 4188 praevaricationem
1194 4117 1330 4189 legis
1360 4116 1617 4188 pupulum
1648 4114 1744 4171 Ju-

170 4199 359 4263 daicum
390 4224 509 4268 esse
533 4209 819 4268 desertum
840 4252 855 4277 ,
886 4217 943 4266 et
987 4209 1258 4281 quomodo
1302 4224 1449 4264 nunc
1494 4208 1698 4264 dicitur
1728 4226 1740 4261 :

171 4293 335 4356 Lauda
355 4343 370 4368 ,
413 4302 715 4362 Jerusalem
740 4347 756 4373 ,
802 4305 1083 4361 Dominum
1110 4320 1129 4359 :
1164 4303 1328 4359 lauda
1353 4304 1515 4358 Deum
1554 4310 1701 4356 tuum
1724 4344 1739 4370 ,

171 4387 304 4447 Sion.
356 4394 571 4456 Deinde
607 4397 739 4469 quid
768 4397 1064 4469 sequitur?

235 4483 476 4553 Quoniam
518 4493 840 4563 confortavit
870 4508 1013 4548 seras
1042 4499 1312 4564 portarum
1339 4498 1569 4545 tuarum.
1598 4488 1747 4560 Ergo

172 4574 233 4632 de
270 4580 364 4636 ista
409 4585 715 4642 Jerusalem
763 4585 1045 4656 loquitur,
1097 4584 1165 4640 de
1216 4585 1321 4640 ista
1373 4583 1507 4638 Sion
1542 4601 1557 4638 :
1588 4582 1749 4637 lauda

1844 1977 2018 2041 retici,
2050 1992 2157 2033 non
2185 1977 2406 2033 laudent
2432 1978 2756 2051 Synagogie,
2787 1979 2884 2035 sed
2919 1992 2974 2034 tu
3008 1980 3192 2036 lauda.
3216 1982 3444 2050 Quare?

1847 2069 2106 2136 Quoniam
2149 2071 2459 2141 confortavit
2498 2087 2638 2126 seras
2683 2079 2953 2142 portarum
2997 2080 3226 2132 tuarum.
3257 2074 3443 2145 Diligit

1843 2159 2106 2215 Dominus
2133 2170 2320 2231 portas
2348 2160 2481 2218 Sion
2500 2204 2515 2228 ,
2562 2177 2727 2232 super
2752 2164 2935 2218 omnia
2973 2164 3322 2220 tabernacula
3346 2165 3439 2221 Ja-

1842 2252 1946 2307 cob
1973 2250 2156 2324 (Psal.
2191 2269 2386 2308 Lxxxvt
2405 2253 2447 2321 ).
2474 2253 2667 2310 Portas
2694 2254 2823 2311 Sion
2857 2255 3093 2310 diximus
3117 2257 3436 2327 prOphetas.

1843 2344 2112 2413 Quoniam
2151 2360 2282 2415 ergo
2302 2355 2491 2414 portas
2521 2347 2649 2402 Sion
2678 2349 2929 2403 novimus
2965 2348 3260 2420 prophetas
3288 2349 3399 2406 dici
3424 2368 3436 2405 :

1843 2437 2124 2494 videamus
2145 2452 2266 2509 quae
2283 2438 2394 2494 sint
2415 2454 2551 2495 serae
2580 2449 2880 2510 portarum.
2907 2440 3064 2496 Verae
3081 2443 3226 2496 enim
3253 2442 3442 2498 Eccle-

1842 2529 1940 2584 siae
1970 2541 2141 2600 porta:
2172 2532 2451 2599 propheta:
2474 2542 2620 2587 sunt.
2666 2532 2798 2588 Sine
2829 2533 3112 2603 prOphetis
3140 2533 3437 2591 Ecclesiam

1842 2624 2054 2694 ingredi
2080 2639 2188 2678 non
2212 2639 2522 2693 possumus.
2539 2624 2868 2681 Manichacus
2894 2627 3100 2683 intrare
3128 2628 3302 2684 voluit
3322 2629 3440 2685 sine

1843 2716 2057 2786 portis,
2108 2725 2164 2771 et
2193 2730 2300 2772 non
2342 2716 2586 2772 intravit.
2621 2717 2861 2772 Marcion
2909 2733 3017 2774 non
3068 2721 3257 2791 recipit
3284 2731 3445 2777 vetus

1844 2805 2250 2862 Testamentum
2274 2849 2289 2875 ,
2322 2816 2381 2862 et
2408 2807 2527 2862 sine
2557 2807 2732 2877 portis
2768 2809 2971 2865 veteris
3011 2809 3347 2867 Testamenti
3388 2812 3445 2867 in

1845 2898 2200 2970 Evangelium
2234 2900 2439 2955 intrare
2476 2915 2583 2955 non
2615 2902 2814 2970 potuit.
2844 2901 2954 2957 Nos
2981 2918 3114 2973 ergo
3142 2907 3441 2976 recipimus

1845 3001 2030 3063 portas
2064 2992 2378 3063 prephetas,
2412 3000 2469 3049 et
2499 3009 2595 3063 per
2623 3004 2807 3061 portas
2831 2995 3187 3065 ingredimur.
3218 2999 3326 3055 Sed
3356 3000 3440 3055 vi-

1843 3089 2069 3143 deamus
2097 3102 2221 3157 qua;
2269 3088 2379 3142 sint
2418 3102 2557 3144 serie
2606 3099 2905 3158 portarum.
2938 3090 3091 3145 Multi
3142 3090 3390 3147 latrones
3423 3137 3438 3163 ,

1846 3183 2001 3237 multi
2048 3182 2192 3236 fures
2222 3182 2446 3253 cupiunt
2488 3183 2693 3238 intrare
2725 3198 2819 3252 per
2859 3194 3064 3253 portas.
3110 3182 3311 3239 Omnes
3350 3186 3444 3255 qui

1841 3288 1966 3334 ante
1982 3292 2068 3333 me
2085 3287 2371 3344 venerunt,
2398 3277 2542 3333 fures
2574 3277 2785 3334 fuerunt
2800 3286 2857 3333 et
2881 3278 3121 3335 latrones
3148 3278 3343 3349 (Joan.
3358 3278 3438 3351 χ).

1841 3369 1886 3426 0
1914 3368 1961 3425 si
1987 3380 2041 3425 et
2068 3369 2198 3425 mihi
2224 3370 2550 3426 concederet
2589 3370 2881 3438 Dominus,
2925 3380 2985 3426 ut
3018 3387 3140 3427 sera
3167 3386 3343 3428 essem
3373 3373 3442 3429 de

1842 3463 2015 3534 portis
2037 3462 2167 3519 Sion
2192 3463 2206 3516 l
2235 3461 2292 3519 Si
2320 3464 2442 3533 quis
2469 3463 2854 3520 haereticorum
2885 3479 2981 3535 per
3011 3464 3131 3520 illas
3162 3465 3219 3520 in
3251 3464 3435 3520 Evan-

1840 3556 1968 3626 gelii
1998 3556 2412 3626 dispositionem
2441 3557 2609 3614 vellet
2634 3558 2872 3614 intrare:
2897 3574 2998 3630 ego
3020 3568 3218 3615 starem
3240 3559 3291 3614 in
3319 3574 3442 3629 por-

1844 3650 1913 3705 tis
1933 3691 1950 3719 ,
1994 3658 2049 3706 et
2076 3650 2427 3720 prohiberem
2452 3649 2626 3705 illum.
2663 3650 2923 3719 Quoniam
2953 3651 3267 3722 confortavit
3297 3668 3439 3707 seras

1843 3751 2117 3814 portarum
2147 3752 2377 3798 tuarum.
2429 3743 2505 3798 Da
2545 3743 2679 3799 mihi
2726 3746 2963 3815 aliquem
3008 3744 3442 3801 ecclesiasticum

1843 3838 2045 3906 virum,
2077 3837 2379 3909 Scripturis
2400 3837 2721 3895 etelestibus
2741 3838 3039 3907 eruditum,
3057 3839 3102 3893 si
3132 3838 3330 3894 viderit
3349 3853 3444 3895 ve-

1844 3932 1963 3987 nire
1990 3931 2338 3997 Eunomium,
2368 3930 2558 3986 venire
2581 3929 2771 3985 Arium
2799 3970 2814 3994 ,
2842 3930 2986 3986 velle
3014 3930 3209 3986 tollere
3236 3930 3445 4002 aliquid

1846 4023 1913 4079 de
1957 4022 2240 4094 prophetis
2285 4031 2477 4078 contra
2504 4037 2651 4078 nos:
2685 4038 2867 4079 nonne
2910 4030 3021 4079 stat
3067 4023 3227 4094 quasi
3270 4037 3392 4079 sera
3421 4024 3447 4078 ἲ

1846 4131 2028 4187 nonne
2069 4116 2240 4172 vincit
2264 4116 2421 4186 quasi
2451 4113 2620 4170 sera?
2669 4113 2931 4181 Quoniam
2958 4116 3270 4187 confortavit
3298 4131 3441 4170 seras

1846 4221 2119 4283 portarum
2175 4218 2405 4264 tuarum.
2469 4207 2704 4264 Pulchre
2748 4207 2923 4273 dixit,
2977 4207 3289 4279 confortavit
3325 4222 3344 4259 :
3386 4215 3447 4261 ut

1847 4302 2065 4375 quando
2102 4301 2305 4358 videris
2345 4302 2524 4357 virum
2570 4299 3005 4357 ecclesiasticum
3036 4299 3446 4371 disputantem,

1848 4411 1957 4451 non
1990 4402 2145 4466 putes
2172 4394 2324 4450 illum
2352 4406 2474 4449 esse
2497 4393 2589 4464 qui
2611 4391 2879 4463 disputat,
2907 4391 3004 4448 sed
3030 4393 3123 4463 qui
3174 4390 3473 4447 confortat.

1850 4488 2299 4546 ecclesiasticum.
2361 4484 2430 4538 Et
2481 4485 2638 4553 adipe
2688 4484 2936 4554 frumenti
2990 4480 3147 4537 satiat
3196 4491 3265 4537 te.
3294 4480 3448 4550 Nisi,

1850 4581 2049 4649 inquit,
2078 4592 2305 4649 granum
2336 4573 2502 4630 tritici
2529 4574 2811 4642 ceciderit,
2845 4574 3018 4643 ipsum
3039 4573 3219 4628 solum
3238 4572 3452 4627 salvum

174 4663 324 4725 Deum
349 4683 513 4745 tuum,
545 4676 703 4734 Sion.
736 4676 962 4744 Quare?
995 4676 1257 4745 Quoniam
1274 4676 1583 4748 confortavit
1609 4692 1751 4731 seras
1776 4679 1831 4741 D
1855 4673 1960 4730 erit
1989 4669 2205 4745 (Joan.,
2237 4665 2374 4739 xu).
2406 4665 2465 4721 Si
2497 4671 2679 4719 autem
2712 4665 2889 4734 ipsum
2922 4662 3201 4728 ceciderit,
3249 4666 3449 4717 multos

176 4774 421 4839 portarum
448 4779 682 4825 tuarum.
715 4769 835 4825 Non
862 4778 991 4826 sunt
1021 4780 1213 4840 portae,
1234 4778 1289 4824 et
1318 4767 1591 4839 quomodo
1612 4781 1752 4823 sera:

176 4856 322 4914 salvte
347 4865 507 4919 sunt?
534 4864 813 4920 Benedixit
842 4865 983 4935 filios
1006 4871 1122 4920 tuos
1152 4864 1210 4918 in
1241 4873 1308 4918 te.
1339 4862 1627 4931 Quomodo
1658 4863 1752 4919 be-

175 4950 362 5010 nedixit
384 4999 399 5024 ,
442 4960 534 5028 qui
562 4958 731 5014 dixit:
777 4958 1138 5030 Relinquetur
1167 4957 1322 5015 vobis
1347 4958 1546 5015 domus
1570 4966 1753 5015 vestra

175 5038 372 5103 deserta
394 5048 558 5118 (Luc.
584 5065 678 5106 xm
696 5049 750 5121 )?

240 5139 335 5207 Qui
362 5147 534 5214 posuit
573 5147 704 5216 ﬁnes
742 5156 860 5201 tuos
902 5162 1103 5219 pacem.
1143 5144 1242 5201 Ubi
1287 5159 1392 5214 pax
1422 5144 1596 5216 posita
1626 5151 1713 5199 est
1736 5186 1752 5211 ,

177 5240 289 5297 ίιηεε
313 5233 457 5291 bello
478 5237 743 5295 subversa
774 5237 899 5293 est?
930 5235 1001 5291 Et
1040 5236 1196 5308 adipe
1224 5235 1472 5307 frumenti
1501 5235 1659 5290 satiat
1687 5242 1756 5288 te.

178 5312 515 5384 Frumentum
532 5328 747 5400 adipem
770 5326 976 5384 habet?
1002 5326 1048 5384 Ο
1067 5326 1277 5396 Judaee,
1309 5326 1602 5399 responde.
1619 5324 1762 5382 Fru.

244 5496 463 5556 l‘lmmo
507 5517 641 5560 vero
692 5504 854 5561 tibias
903 5504 1073 5575 ipsas,
1128 5508 1321 5577 κνήμας
1374 5516 1628 5577 nempe,
1666 5514 1774 5556 non

183 5574 386 5655 9939M,
411 5587 508 5629 seu
535 5576 904 5655 fsptmttidotc
929 5571 1162 5655 intelligi
1214 5571 1463 5655 opus‘est
1487 5571 1552 5629 ex
1582 5571 1780 5655 Graeco

184 5639 354 5720 ξςξιιι.
405 5654 463 5720 et
508 5639 758 5720 APa'trum'
808 5639 1284 5720 interpretafione'.
1342 5644 1666 5701 Ambrosius
1727 5644 1782 5698 in

186 5699 404 5766 Psalter.
436 5699 603 5772 habet
618 5699 992 5775 animus;

245 5775 420 5863 Pulluc
457 5786 602 5863 refer
645 5792 1133 5863 interpolatorem;
1164 5790 1469 5863 lgnatianag
1505 5785 1688 5863 θρίείτ-
1716 5783 1785 5841 ad

185 5840 254 5899 Ph
269 5840 780 5929 iladelphicnos,vubi-
795 5840 857 5919 in;
868 5840 977 5930 Eii,
987 5840 1105 5921 ὀἶιῆ
1114 5840 1317 5934 ru'é’é‘r’é
1324 5840 1407 5917 Eii
1418 5840 1786 5931 ‘Eva'ngelium

452 5948 729 6017 Ρηιιοι..
775 5953 1013 6017 XXVI.

1857 4766 2038 4824 salvos
2064 4764 2210 4819 facit.
2248 4759 2509 4816 Dominus
2531 4766 2717 4813 noster
2738 4759 2966 4826 granum
2993 4754 3157 4810 tritici
3173 4756 3223 4808 in
3248 4761 3454 4810 terram

1860 4857 2079 4921 cecidit,
2110 4864 2167 4912 et
2193 4869 2293 4910 nos
2317 4850 2724 4921 multiplicavit.
2757 4848 2865 4904 Sed
2905 4846 3050 4904 istud
3078 4862 3304 4918 granum
3342 4846 3456 4902 fru-

1862 4950 2029 5007 menti
2055 4946 2464 5019 pinguissimum
2496 4950 2579 5000 est
2606 4984 2621 5007 ,
2672 4940 2969 4997 medullam
2999 4938 3201 5005 habet,
3242 4938 3460 5009 adipem

1862 5042 2045 5099 habet.
2100 5039 2167 5093 Et
2207 5038 2359 5108 adipe
2399 5035 2645 5109 frumenti
2680 5033 2837 5090 satiat
2878 5042 2946 5089 te.
2979 5030 3130 5087 Felix
3162 5039 3249 5087 est
3276 5031 3367 5102 qui
3407 5031 3463 5086 in

1867 5135 2139 5192 frumento
2179 5131 2286 5186 isto
2337 5129 2554 5200 adipem
2598 5126 2879 5197 intelligit.
2929 5122 3189 5193 Legimus
3245 5134 3466 5179 sanctas

1866 5225 2198 5295 Scripturas.
2249 5222 2366 5293 Ego
2395 5219 2422 5260 δ
2445 5234 2648 5292 corpus
2686 5218 2853 5287 Jesu,
2895 5216 3253 5288 Evangelium
3300 5223 3466 5287 puto:

1878 5328 2097 5376 sanctas
2120 5316 2456 5389 Scripturas,
2495 5323 2627 5387 puto
2654 5312 2957 5370 doctrinam
2985 5309 3127 5380 ejus.
3161 5309 3228 5366 Et
3256 5309 3474 5381 quando

1889 5505 2155 5565 tamquam
2202 5492 2272 5565 ad
2301 5507 2510 5565 carnem
2535 5488 2665 5545 Jesu
2695 5487 2914 5565 Christi.
2945 5485 3084 5542 Vide
3129 5494 3185 5565 et
3209 5485 3481 5565 Clement.

1885 5558 2155 5624 Aleiand.
2211 5562 2497 5634 PardagJ.
2530 5575 2656 5634 ιλιι.
2689 5562 2758 5634 (if,
2811 5558 3200 5634 Origenemin
3254 5558 3480 5634 l_._evitic.

1889 5638 2080 5695 homil.
2109 5637 2165 5704 ’7,
2195 5648 2247 5691 c.
2294 5629 2402 5701 1οξ
2439 5632 2643 5689 Euseb.
2696 5630 2796 5685 lib.
2854 5629 3222 5704 _n_t_ATheolog_.
3272 5630 3485 5704 Eccles.

1893 5721 2083 5766 contra
2104 5699 2423 5775 Marcellum
2441 5707 2817 5775 Ancyranum.
2838 5700 2946 5757 Alii
2966 5701 3094 5760 libri
3117 5699 3342 5770 habent,
3356 5699 3489 5758 Cor-

1896 5797 1992 5853 pus
2023 5777 2237 5849 Christi,
2267 5792 2366 5851 pro
2395 5774 2548 5835 Iesu.

2886 5940 2970 6002 IsO
