3992 6302
582 288 724 386 isse

1370 310 1717 373 APPENDlX
1758 310 1852 371 AD
1886 309 2134 369 τουιῖκ
2168 308 2525 370 εευτικωι
2573 308 2631 371 S.
2674 307 3079 373 HIEROXYMI.

3757 305 3876 371 ῗὲυ

580 443 735 509 dicit,
771 436 863 511 qui
904 451 1012 495 non
1042 432 1344 492 comederit
1372 448 1598 489 carnem
1627 447 1805 490 meam
1826 474 1843 499 ,
1891 439 1949 486 et
1979 428 2178 484 biberit
2202 427 2258 507 ᾼ
2281 429 2481 495 deinde
2511 445 2538 485 s
2560 429 2782 499 -quitur,
2812 437 2863 483 ct
2894 426 3025 482 dicit
3052 424 3170 496 ipse
3197 435 3385 482 sermo
3413 420 3507 495 qui
3530 418 3872 491 prediserat,

586 532 903 606 sanguinem
944 544 1122 584 meum
1153 525 1347 598 (Joaa.
1380 528 1468 597 vt)
1500 546 1513 581 ;
1548 526 1681 583 licet
1716 536 1773 585 et
1823 527 1877 579 iu
1918 522 2180 596 mysterio

588 627 758 699 possit
790 623 1014 694 intelligi
1044 640 1057 676 :
1093 632 1272 677 tamen
1298 620 1487 676 verius
1515 634 1719 691 corpus
1738 617 2035 685 Christi,et
2055 632 2182 673 san—

580 720 703 790 guis
727 717 845 789 ejus
864 755 881 782 ,
907 730 1093 773 sermo
1115 711 1525 785 Scripturarum
1555 721 1641 767 est
1659 753 1676 781 ,
1706 711 1953 768 doctrina
1993 707 2181 765 divina

582 820 685 866 est.
716 808 774 865 Si
805 806 1024 881 quando
1048 806 1192 863 imus
1221 804 1293 861 ad
1322 806 1645 879 mysterium
1674 849 1690 875 ,
1720 804 1815 876 qui
1845 802 2024 859 ﬁdelis
2050 810 2134 859 est
2160 843 2179 868 ,

583 898 868 979 intelligit,
915 898 960 955 si
989 897 1046 953 in
1077 896 1348 953 maculam
1378 896 1684 969 ceciderit,
1724 895 2087 969 periclitatur.
2120 892 2178 949 Si

581 994 803 1070 quando
830 992 1083 1049 audimus
1114 1005 1431 1047 sermonem
1475 990 1615 1063 Dei,
1657 998 1715 1045 et
1751 1003 1935 1049 sermo
1963 988 2093 1055 Dei,
2124 996 2182 1045 et

580 1103 712 1144 caro
733 1085 963 1155 Christi,
992 1094 1049 1141 et
1077 1083 1300 1155 sanguis
1325 1085 1446 1154 ejus
1475 1083 1529 1137 in
1566 1081 1791 1138 auribus
1820 1082 2024 1137 nostris
2057 1078 2182 1135 lun-

579 1180 749 1243 ditur,
779 1187 836 1235 et
858 1191 959 1233 nos
988 1174 1135 1231 aliud
1159 1173 1488 1247 cogitamus,
1508 1172 1565 1229 in
1590 1183 1854 1249 quantum
1874 1171 2178 1247 periculum

582 1271 940 1329 incurrimus!
964 1268 1035 1324 Et
1056 1270 1211 1339 adipe
1231 1267 1482 1339 frumenti
1505 1268 1663 1321 satiat
1691 1276 1757 1320 te.
1780 1264 2180 1337 Pinguissimns

578 1378 763 1422 sermo
782 1363 1001 1419 divinus
1020 1370 1129 1416 est.
1153 1360 1357 1416 Omnes
1383 1358 1549 1415 habet
1577 1358 1631 1413 in
1650 1373 1710 1412 se
1738 1356 1985 1413 delicias.
2010 1357 2179 1425 Quid—

578 1458 710 1531 quid
740 1457 1019 1523 volueris,
1069 1470 1138 1511 ex
1167 1468 1426 1511 sermone
1475 1452 1662 1507 divino
1704 1451 1985 1518 nascitur,
2035 1452 2180 1506 sicut

578 1551 800 1621 tradunt
816 1546 992 1607 Judaei
1016 1564 1030 1600 :
1049 1546 1308 1618 quoniam
1327 1559 1526 1601 manna
1548 1543 1767 1616 quando
1787 1542 2173 1612 comedebant,

578 1640 876 1698 secundum
922 1638 1259 1695 voluntatem
1291 1636 1759 1707 uniuscujusque,
1804 1636 1886 1692 sic
1927 1635 2178 1706 sapiebat

573 1734 627 1793 in
659 1747 756 1791 ore
782 1730 953 1804 (Sap.
980 1728 1133 1800 nt).
1165 1729 1243 1783 Ac
1271 1728 1319 1784 si
1341 1726 1572 1783 dixisset
1596 1726 1728 1797 :Qui
1763 1741 1962 1782 manna
1989 1741 2175 1782 come-

2283 523 2353 581 de
2377 524 2681 581 Jerusalem
2712 536 2886 591 usque
2916 520 2984 574 ad
3018 519 3291 591 Illyricum
3323 537 3337 571 :
3365 517 3494 571 volo
3515 526 3703 571 autem
3730 516 3874 571 ireet

2282 616 2353 671 ad
2427 616 2737 685 llispanias.
2806 614 2923 668 Hoc
2998 612 3238 680 loquitur
3312 609 3605 681 apostolus
3689 608 3875 673 Paulus

2288 711 2477 782 (Rom.
2512 708 2635 781 xv).
2666 708 2862 769 Videte
2905 706 3259 763 velocitatem
3304 703 3602 771 sermonis.
3654 701 3775 757 Non
3802 710 3873 759 est

2280 813 2577 875 contentus
2629 801 2697 861 ad
2749 802 3057 866 orientem,
3117 799 3189 859 ad
3248 797 3593 859 cecidetttem
3664 812 3873 856 curras

2283 895 2581 954 desiderat.

2357 990 2460 1058 Qui
2502 989 2597 1044 dat
2625 989 2789 1045 nivem
2816 989 2948 1047 sicut
2977 988 3153 1053 lauant
3174 1003 3194 1040 :
3223 984 3470 1047 nebulam
3496 986 3632 1049 sicut
3664 986 3871 1043 sineret:

2281 1082 2503 1155 spargit,
2558 1092 2664 1137 etc.
2714 1079 2923 1141 Videtis
2981 1087 3181 1151 quanta
3226 1077 3299 1141 sit
3341 1076 3673 1143 difﬁcultas,
3725 1093 3869 1146 quam

2283 1173 2514 1241 obscura
2543 1182 2671 1233 sunt
2698 1188 2821 1243 qua:
2847 1170 3123 1233 dicuntur.
3146 1170 3280 1235 Aule
3305 1170 3493 1242 [aciep
3526 1170 3746 1242 [rigoris
3768 1174 3868 1241 ejus

2280 1268 2400 1339 quis
2453 1266 2771 1322 sustinebit?
2810 1264 3025 1336 Cujus?
3075 1263 3223 1321 Nihil
3265 1263 3489 1319 dicitur.
3540 1262 3750 1318 Deinde
3795 1263 3867 1317 di-

2281 1363 2423 1418 citur
2448 1379 2462 1416 :

2355 1452 2563 1508 Emittit
2591 1453 2853 1524 eloquium
2878 1468 3050 1517 suum,
3070 1461 3121 1513 et
3147 1451 3446 1522 liquefaciet
3468 1467 3556 1513 ea.
3589 1449 3668 1507 De
3695 1449 3785 1503 illo
3805 1448 3861 1505 de

2280 1561 2389 1617 quo
2432 1546 2645 1601 dixerat
2676 1564 2688 1598 :
2725 1544 2927 1601 Emittit
2952 1546 3220 1614 eloquium
3262 1560 3413 1601 suum
3450 1553 3625 1601 teme.
3676 1542 3864 1603 Emittit

2282 1637 2509 1699 verbum
2531 1652 2710 1697 suum.
2746 1637 2882 1704 Quis
2903 1637 3142 1695 etnittit?
3163 1637 3309 1703 Deus
3330 1635 3516 1697 Pater.
3548 1635 3620 1692 Et
3648 1634 3860 1695 Verbum

2276 1740 2397 1791 erat
2416 1730 2566 1800 apud
2608 1730 2777 1784 Deum
2804 1773 2821 1798 ,
2874 1737 2932 1786 et
2976 1729 3125 1787 Deus
3159 1737 3280 1789 erat
3320 1727 3586 1791 Verbum.
3637 1726 3860 1791 Diximus

573 1824 762 1889 debat,
786 1824 830 1879 si
862 1820 1209 1877 desiderabat
1232 1819 1399 1891 mala,
1428 1824 1473 1873 si
1504 1818 1765 1890 pirum,si
1790 1833 1973 1883 uvam,
1997 1819 2042 1873 si
2075 1835 2171 1885 pa-
2206 1819 2251 1885 Β
2281 1824 2497 1881 Patrem
2527 1841 2540 1876 :
2580 1823 2823 1879 diximus
2852 1822 3050 1881 Filium
3087 1840 3100 1876 :
3133 1837 3243 1889 non
3291 1837 3586 1891 possumus
3624 1822 3680 1878 in
3713 1820 3860 1891 duplo

568 1933 720 1983 netu,
745 1915 791 1981 si
819 1928 1035 1979 carnes,
1061 1912 1364 1971 secundum
1384 1911 1709 1984 qualitatem
1738 1919 1795 1967 et
1834 1910 2171 1970 voluntatem

569 2010 912 2069 comedentis
933 2052 952 2079 ,
985 2011 1060 2065 ita
1099 2017 1156 2066 et
1182 2023 1349 2082 sapor
1376 2008 1436 2064 in
1487 2024 1688 2069 manna
1737 2018 1876 2065 erat.
1908 2008 2003 2065 Sic
2031 2019 2087 2063 et
2118 2008 2171 2065 in

568 2119 734 2163 carne
758 2103 982 2170 Christi,
998 2102 1095 2176 qui
1114 2110 1201 2158 est
1226 2115 1411 2158 sermo
1428 2100 1719 2168 doctrinae,
1740 2098 1964 2168 bocest,
1980 2098 2172 2170 Scrip-

572 2207 814 2265 turarutn
841 2203 1152 2252 sanctarum
1182 2192 1591 2263 interpretatio,
1620 2193 1762 2247 sicut
1791 2191 2066 2256 volumus,
2098 2190 2172 2245 ita

569 2303 624 2348 et
651 2290 832 2347 cibum
864 2290 1183 2360 accipimus.
1214 2286 1274 2344 Si
1302 2295 1528 2343 sanctus
1549 2299 1648 2357 es,
1700 2284 1916 2341 invenis
1942 2282 2173 2355 refrige-

570 2384 732 2441 rium.
761 2382 818 2437 Si
852 2387 1111 2449 peccator
1145 2393 1241 2447 es,
1290 2376 1508 2433 invenis
1535 2383 1892 2439 tormentum.
1920 2372 1990 2431 Et
2016 2374 2173 2446 adipe

571 2473 819 2545 frumenti
841 2472 995 2527 satiat
1024 2480 1094 2526 te.
1124 2468 1242 2524 Non
1271 2469 1502 2524 dimittit
1525 2467 1731 2539 aliquas
1760 2466 2039 2538 reliquias.
2065 2466 2170 2522 Be-

572 2564 781 2625 nedisit
812 2562 952 2619 lilios
978 2573 1098 2618 tuos
1125 2561 1180 2617 in
1210 2569 1284 2616 te.
1316 2559 1597 2629 Quotquot
1632 2567 1812 2615 autem
1841 2567 2175 2627 receperunt

570 2677 721 2727 euut,
756 2657 908 2713 dedit
956 2657 1038 2713 eis
1071 2664 1392 2729 potestatem
1426 2652 1565 2708 illius
1596 2652 1691 2709 Dei
1724 2650 2061 2725 ﬁeri(Joatt.
2086 2651 2169 2724 ι).

572 2752 675 2829 Qui
698 2749 871 2820 posuit
890 2749 1021 2823 ﬁnes
1061 2758 1176 2804 tuos
1214 2762 1413 2821 pacem,
1442 2745 1496 2801 in
1523 2744 1632 2800 alio
1660 2744 1869 2814 psalmo
1902 2743 2128 2818 legimus
2154 2762 2167 2797 :

574 2842 833 2899 Etfactus
848 2853 932 2897 est
957 2841 1010 2895 in
1037 2854 1168 2910 pace
1204 2839 1354 2901 locus
1374 2839 1493 2908 ejus
1528 2836 1708 2907 (Psal.
1740 2835 1941 2908 vav).
1974 2836 2169 2895 Pacem

573 2950 749 2992 meam
779 2933 849 2991 do
879 2934 1038 2989 vobis
1072 2952 1084 2986 :
1117 2948 1304 3004 pacem
1335 2946 1510 2991 meam
1544 2931 1797 3003 relinquo
1825 2930 2013 2996 vobis,
2059 2945 2171 2987 non

572 3028 711 3085 sicut
754 3026 987 3101 mundus
1030 3024 1199 3083 habet
1238 3039 1432 3097 pacem
1462 3023 1481 3091 (
1502 3021 1662 3081 Joan.
1694 3022 1824 3094 xiv)
1859 3040 1871 3075 :
1901 3022 2168 3093 siquidem

2277 1933 2508 1973 numero
2538 1915 2799 1986 credere,
2828 1916 2933 1973 nisi
2962 1917 3303 1987 compleatur
3326 1916 3594 1983 Trinitas.

2348 2007 2525 2063 Flarit
2545 2011 2757 2082 spiritus
2777 2012 2917 2082 ejus,
2938 2018 2989 2065 et
3010 2012 3358 2081 ﬂuentaque.
3384 2006 3604 2073 Videtis
3622 2008 3857 2080 quoniam

2275 2101 2367 2165 ubi
2399 2102 2582 2169 Pater,
2606 2111 2664 2159 et
2691 2100 2931 2163 Verbum
2962 2102 3080 2176 Dei,
3111 2101 3292 2165 statim
3316 2110 3371 2157 et
3394 2099 3633 2172 Spiritus
3660 2110 3857 2165 sanctus

2274 2204 2379 2253 est.
2410 2196 2705 2255 Videamus
2731 2212 2860 2267 ergo
2885 2195 2955 2251 ab
2984 2195 3138 2251 initio
3167 2194 3315 2271 quod
3341 2194 3542 2252 dicitur
3575 2212 3591 2250 ε
3637 2192 3699 2253 Et
3720 2194 3856 2265 adipe

2275 2292 2525 2363 frumenti
2552 2292 2711 2347 satiat
2741 2301 2788 2346 te
2808 2309 2829 2344 .'
2860 2290 3048 2346 emittit
3069 2290 3327 2361 eloquium
3351 2305 3503 2345 suum
3530 2297 3702 2353 terra,
3734 2285 3854 2343 Delo.

2272 2385 2403 2445 sita
2441 2384 2603 2441 currit
2630 2399 2800 2445 sermo
2844 2385 2979 2456 ejus.
3012 2382 3259 2455 [tepente
3287 2381 3418 2455 quid
3448 2378 3730 2451 sequitur!
3764 2376 3853 2445 Qui

2275 2481 2365 2538 dat
2412 2480 2578 2535 nivem
2617 2480 2751 2535 sicut
2776 2478 2972 2535 lanam.
3003 2476 3202 2543 Sermo
3226 2474 3469 2543 Domitii,
3499 2475 3592 2546 qui
3621 2472 3852 2529 velociter

2274 2572 2470 2647 currit,
2498 2570 2578 2625 sic
2605 2570 2767 2625 datur
2794 2570 2945 2642 quasi
2969 2570 3083 2635 nis,
3113 2576 3172 2625 et
3192 2569 3308 2638 ipsa
3335 2568 3427 2623 nix
3447 2575 3535 2625 est
3554 2566 3700 2637 quasi
3724 2564 3848 2625 lana.

2276 2664 2467 2723 Videte
2494 2662 2928 2719 misericordiam
2960 2660 3201 2725 Domini.
3230 2660 3402 2719 Cibus
3427 2658 3663 2722 Domini.
3716 2657 3854 2721 nobis

2274 2756 2329 2815 in
2357 2757 2736 2821 vestimentum
2757 2756 3005 2811 vertitur.
3039 2754 3264 2817 Dixerat
3287 2752 3528 2819 Joannes
3547 2750 3618 2809 de
3643 2751 3852 2817 Domino

2274 2848 2563 2921 Salvatore
2595 2866 2610 2902 :
2641 2849 2781 2905 Ecce
2807 2848 2995 2917 Agnus
3019 2846 3140 2917 Dei,
3162 2847 3254 2918 qui
3280 2845 3425 2901 tollit
3445 2852 3662 2915 peccata
3685 2839 3851 2903 mundi

2270 2938 2467 3012 (Joan.
2494 2940 2578 3012 ι).
2600 2941 2665 2996 Ει
2686 2941 2743 2994 in
2771 2940 2881 2997 alio
2900 2939 3025 2997 loco
3052 2939 3222 3003 Isaias
3248 2956 3263 2999 ;
3292 2936 3459 3007 Quasi
3481 2937 3600 2991 ovis
3627 2934 3690 2993 ad
3712 2931 3848 2989 victi-

2275 3048 2421 3089 mam
2460 3033 2655 3091 ductus
2696 3042 2781 3088 est
2808 3030 2978 3102 (Isai.
3008 3047 3101 3093 uti
3129 3032 3172 3101 ).
3202 3030 3281 3086 De
3320 3029 3430 3085 isto
3483 3028 3646 3100 igitur
3688 3039 3849 3095 agno,
3942 3058 3943 3063 η

571 3121 759 3181 mundi
800 3137 903 3192 pax
934 3166 949 3190 ,
1008 3129 1253 3177 nostrum
1300 3117 1504 3175 bellum
1535 3126 1639 3173 est.
1676 3117 1850 3174 Meam
1883 3130 2070 3186 pacem
2101 3116 2172 3174 do
2274 3134 2331 3197 et
2357 3125 2427 3182 de
2457 3125 2558 3181 ista
2591 3140 2713 3193 ove,
2740 3125 2863 3189 lana
2889 3129 2989 3185 ista
3021 3134 3104 3183 est
3139 3122 3292 3197 quasi
3325 3120 3438 3175 nix.
3470 3120 3614 3177 Dicit
3653 3117 3846 3173 lsaias:

570 3213 747 3283 vobis.
781 3213 992 3268 Bellum
1037 3211 1297 3269 habetote
1335 3225 1459 3265 cum
1492 3209 1696 3269 mundo
1715 3251 1732 3275 .
1780 3219 1836 3266 et
1865 3224 2041 3265 meam
2075 3225 2170 3280 pa-
2277 3216 2785 3292 Sifueriutpeccata
2808 3224 2993 3277 vestra
3012 3214 3165 3295 quasi
3183 3213 3489 3281 coccinum,
3513 3210 3662 3283 quasi
3683 3209 3846 3264 nivem

573 3322 689 3364 cem
715 3306 1005 3377 habebitis.
1043 3304 1146 3372 Qui
1170 3304 1343 3375 posuit
1370 3303 1500 3374 lines
1531 3312 1645 3357 tuos
1671 3318 1870 3375 pacem.
1898 3301 1999 3370 Qui
2040 3318 2171 3373 ergo

574 3416 679 3456 non
709 3407 793 3455 est
822 3398 875 3453 in
905 3412 1036 3471 pace
1060 3411 1182 3453 cum
1226 3396 1393 3452 fratre
1413 3436 1429 3463 ,
1475 3395 1578 3451 iste
1609 3410 1715 3450 non
1758 3403 1844 3457 est
1887 3396 1939 3451 in
1970 3393 2171 3451 ﬁnibus

574 3490 901 3548 Jerusalem.
964 3489 1119 3544 Dicat
1168 3487 1402 3558 aliquis:
1456 3486 1595 3553 Quid
1648 3486 1831 3543 facio?
1880 3485 1998 3542 Non
2056 3486 2173 3542 vult

576 3585 707 3641 mihi
739 3580 1084 3641 reconciliari
1108 3578 1298 3648 frater,
1330 3594 1465 3651 ergo
1495 3589 1650 3637 extra
1680 3579 1813 3634 lines
1854 3594 1972 3634 sum
2007 3578 2168 3637 Jeru-

570 3677 740 3733 salem
762 3674 786 3729 2
805 3675 1104 3745 Quantum,
1139 3673 1337 3745 inquit,
1364 3687 1429 3728 ex
1457 3671 1612 3726 vobis
1640 3681 1743 3739 est,
1769 3686 1893 3726 cum
1917 3670 2170 3731 omnibus

573 3765 885 3839 hominibus
917 3777 1105 3835 pacem
1133 3761 1435 3834 habentes(
1459 3760 1610 3829 Rom.
1644 3759 1774 3831 stt).
1806 3760 1942 3831 Cum
1973 3761 2055 3815 his
2077 3761 2167 3834 qui

572 3860 809 3923 oderunt
839 3872 1027 3929 pacem
1054 3871 1203 3913 eram
1236 3854 1498 3925 pacificus
1528 3851 1714 3924 (Psal.
1741 3868 1864 3909 CXIX
1893 3854 1933 3923 ).
1961 3853 2039 3911 Tu
2074 3853 2167 3908 Ita-

572 3952 699 4009 beto
727 3964 940 4025 pacem,
973 3949 1017 4002 si
1054 3947 1193 4002 alius
1222 3945 1494 4017 irascitur.
1530 3944 1625 4001 llle
1654 3945 1857 4000 bellum
1889 3945 2083 4010 habet,
2114 3954 2170 4002 ct

572 4067 668 4127 per
698 4050 900 4109 bellum
928 4048 1072 4106 illius
1096 4046 1191 4105 tibi
1224 4062 1323 4119 pax
1352 4046 1612 4105 nascitur.
1648 4044 1821 4121 Vpltis
1858 4045 2000 4113 scire
2029 4061 2167 4119 quo-

575 4143 738 4203 modo
776 4151 832 4198 et
864 4139 1065 4211 bellum
1105 4154 1206 4208 pax
1235 4138 1340 4193 sit?
1388 4136 1581 4203 Infelix
1610 4137 1778 4195 ludas
1808 4136 2065 4192 veniebat
2100 4136 2166 4207 ad

574 4235 971 4319 proditionem,
1000 4243 1054 4287 et
1100 4231 1362 4295 Dominus
1392 4231 1441 4291 ei
1484 4231 1631 4302 pacis
1664 4231 1909 4295 osculum
1940 4230 2170 4303 porrigit

574 4331 753 4402 (Luc.
784 4343 901 4383 χιιι
924 4326 968 4397 ),
1002 4326 1093 4381 ille
1123 4325 1312 4383 osculo
1332 4324 1530 4385 bellum
1560 4334 1730 4383 creat.

647 4422 750 4497 Qui
768 4419 956 4477 emittit
970 4416 1229 4486 eloquium
1256 4431 1408 4473 suum
1424 4426 1593 4471 terra.
1609 4414 1923 4487 Responde,
1938 4415 2123 4473 Judme
2150 4435 2161 4469 :

567 4516 615 4583 si
644 4514 714 4579 de
743 4512 1017 4569 frumento
1047 4507 1295 4577 dicebat,
1327 4515 1382 4563 et
1410 4506 1568 4577 adipe
1594 4507 1855 4567 frumenti
1893 4513 2052 4565 satiat
2078 4520 2164 4578 te,

2274 3308 2541 3371 dealbabo
2571 3306 2737 3380 (Isai.
2769 3307 2846 3375 ι).
2881 3311 3149 3385 Asperges
3180 3320 3265 3360 me
3286 3346 3300 3367 ,
3335 3303 3596 3367 Domine,
3629 3302 3847 3373 hyssOpo

2272 3413 2327 3465 et
2352 3402 2656 3461 mundabor
2678 3418 2691 3455 :
2712 3400 2917 3463 lavabis
2937 3415 3046 3467 me,
3073 3408 3131 3459 et
3155 3412 3321 3471 super
3352 3398 3534 3454 nivem
3562 3390 3839 3455 dealbabor

2275 3497 2458 3569 (Psal.
2483 3514 2513 3553 ι.
2535 3496 2576 3570 ).
2607 3497 2709 3565 Qui
2730 3496 2819 3549 dat
2846 3498 3011 3550 nivem
3031 3495 3162 3548 sicut
3190 3496 3390 3549 lanam.
3410 3490 3585 3561 Tolle,
3614 3486 3842 3549 Domine,

2272 3593 2465 3651 sordes
2508 3604 2659 3653 meas
2693 3606 2706 3642 :
2740 3588 2872 3647 tolle
2922 3586 3304 3663 quodcumque
3358 3582 3475 3638 vitii
3530 3588 3632 3638 est.
3670 3578 3842 3634 Nivcm

2275 3690 2442 3745 tuam,
2465 3691 2516 3734 et
2541 3679 2829 3748 puritatem
2855 3687 2999 3729 tuam
3025 3675 3203 3729 tribue
3227 3671 3502 3741 mentibus
3521 3665 3839 3726 Christianis.

2277 3770 2394 3827 Nisi
2442 3778 2496 3824 ttt
2524 3770 2681 3825 nobis
2711 3771 2898 3827 nivem
2938 3767 3157 3831 dederis
3184 3765 3570 3833 munditiarum
3611 3771 3801 3816 tuarum
3823 3797 3837 3821 ,

2272 3863 2655 3923 vestimentum
2700 3868 2849 3933 tuum
2878 3859 3082 3923 habere
3123 3874 3229 3923 nun
3264 3870 3578 3933 possumus.
3620 3851 3839 3907 Christus

2272 3958 2653 4021 vestimentum
2679 3963 2923 4017 nostrum
2947 3962 3052 4008 est.
3084 3951 3138 4007 Si
3166 3950 3419 4011 volumus
3442 3946 3638 4009 Christi
3660 3944 3838 4009 habere

2272 4047 2678 4112 vesnmeutum,
2712 4043 2900 4109 mundi
2923 4045 3093 4115 simus
3108 4040 3263 4115 quasi
3282 4042 3395 4094 nix.
3422 4037 3673 4093 Nebulam
3695 4032 3829 4103 quasi

2271 4139 2495 4194 cinerem
2517 4142 2733 4215 spargit.
2766 4136 2908 4193 Male
2928 4138 3315 4207 interpretatus
3341 4141 3427 4191 est
3444 4132 3665 4201 Latinus
3690 4127 3836 4184 nebu-

2272 4228 2401 4283 lam.
2446 4228 2601 4298 Quod
2652 4228 2799 4283 enitn
2849 4226 3046 4300 ὁμίχλη
3094 4225 3295 4303 dicitur
3325 4225 3377 4279 in
3406 4221 3714 4299 Grtecp:in
3754 4219 3835 4273 lle-

2271 4321 2457 4376 braico
2494 4322 2660 4376 habet
2694 4322 2939 4392 pruinam
2968 4320 3186 4393 (πω).
3220 4319 3460 4395 Denique
3481 4318 3552 4383 ita
3580 4316 3832 4386 sequitur:

2274 4411 2534 4469 Pruiuam
2578 4414 2712 4479 sicut
2743 4414 2966 4467 cinerem
3006 4411 3227 4489 spargit.
3276 4411 3440 4483 Docet
3481 4425 3609 4477 nos,
3639 4418 3691 4464 et
3732 4406 3836 4463 iacit

2275 4504 2432 4561 nobis
2463 4504 2843 4579 vestimentum
2878 4504 3033 4576 quasi
3067 4504 3271 4571 nivem,
3298 4515 3348 4557 et
3377 4517 3500 4573 cum
3535 4514 3631 4557 nos
3663 4496 3836 4553 vestie-

569 4602 847 4680 qnomodo
896 4616 1042 4659 nunc
1086 4599 1265 4657 dicit:
1299 4598 1402 4666 Qui
1446 4600 1636 4655 emittit
1690 4600 1951 4671 eloquium
2012 4618 2163 4659 suum
2274 4598 2343 4652 rit
2397 4597 2721 4659 vestimento
2774 4612 2873 4652 suo
2900 4639 2915 4664 ,
2966 4605 3093 4655 tunc
3140 4598 3297 4652 nobis
3346 4597 3539 4653 tribuit
3585 4594 3834 4650 alimenta.

570 4697 767 4754 teme?
811 4693 868 4751 ln
918 4692 1187 4769 principio
1233 4700 1353 4749 erat
1401 4689 1637 4749 Verbum
1685 4691 1885 4771 (Joan.
1920 4693 1999 4764 ι).
2052 4695 2163 4761 [loc

567 4790 807 4847 Verbum
839 4788 893 4845 in
921 4800 1085 4843 carne
1118 4784 1372 4841 mittitur.
1406 4783 1473 4841 Et
1508 4784 1745 4841 Verbum
1792 4800 1921 4843 caro
1965 4786 2161 4842 factum

562 4891 680 4955 est,
727 4891 783 4937 et
835 4877 1095 4935 habitavit
1129 4877 1181 4933 in
1228 4876 1386 4934 nobis
1414 4873 1655 4948 (Ibid.).
1690 4877 1792 4944 Qui
1819 4879 2004 4933 emittit
2048 4879 2161 4935 elo-

562 4974 744 5047 quium
768 4987 920 5027 suum
941 4979 1111 5025 terrm.
1145 4968 1222 5024 Eo
1250 4975 1497 5038 tempore
1521 4968 1849 5039 completum
1874 4977 1961 5027 est
1985 4988 1997 5023 :
2029 4969 2163 5026 Ter-

556 5082 623 5125 ra
654 5064 802 5137 dedit
825 5063 1060 5123 fructum
1091 5076 1249 5117 suum
1281 5058 1463 5131 (Psal.
1489 5059 1673 5132 vat).
1710 5059 1813 5133 Qui
1841 5062 2023 5117 emittit
2051 5061 2161 5117 elo-

559 5159 739 5232 quium
780 5174 932 5219 suum
972 5164 1142 5213 terra.
1174 5152 1251 5223 De
1278 5151 1670 5227 prtedicatione
1710 5152 1951 5223 loquitur
1977 5155 2159 5215 Evan-

557 5251 757 5325 gelica,
799 5257 857 5311 et
880 5248 948 5305 de
977 5246 1219 5307 doctrina
1254 5244 1655 5319 apostolorum.
1698 5244 1946 5327 Denique
1977 5248 2160 5321 sequi-

557 5356 644 5399 tur
673 5361 687 5396 :
726 5340 982 5396 Velociter
1008 5338 1171 5391 currit
1195 5352 1364 5391 sermo
1397 5338 1532 5408 ejus.
1569 5336 1624 5390 ln
1654 5338 1802 5392 omni
1836 5339 1981 5393 enim
2012 5348 2158 5395 terra

554 5434 770 5495 auditus
797 5439 883 5491 est
913 5444 1094 5499 sermo
1124 5427 1265 5499 ejus,
1293 5437 1343 5497 et
1374 5427 1427 5491 in
1451 5426 1586 5497 urbe
1618 5436 1908 5497 terrarum.
1934 5439 2153 5507 aposto-

552 5527 654 5585 lica
685 5523 954 5584 doctrina.
979 5520 1129 5583 littus
1156 5519 1318 5581 horno
1347 5534 1575 5590 pauper,
1606 5520 1792 5589 etiam
1822 5535 1989 5584 senex
2014 5540 2156 5592 pra:-

549 5618 753 5687 dieavit
777 5616 847 5671 ab
868 5611 1176 5685 derusalem
1211 5626 1384 5679 usque
1403 5609 1472 5666 ad
1501 5610 1797 5683 Illyricum,
1830 5622 1884 5668 et
1913 5612 2154 5668 velociter

548 5709 708 5762 currit
752 5721 920 5761 sermo
964 5706 1097 5776 ejus.
1130 5704 1397 5771 Quoniam
1429 5720 1557 5777 ergo
1587 5717 1813 5765 venerat
1838 5706 1905 5775 de
1930 5707 2152 5765 Jerusa-

542 5795 673 5860 lem,
701 5810 870 5856 usque
899 5794 1194 5865 Illyricum,
1217 5803 1271 5851 et
1286 5795 1526 5851 velociter
1555 5798 1969 5852 cucurritscrmo
1996 5799 2108 5869 ejus
2132 5815 2151 5854 :

2274 4689 2531 4746 Pruinam
2558 4691 2691 4744 sicut
2718 4692 2941 4745 cinerem
2971 4690 3192 4764 spargit.
3223 4689 3357 4744 Vide
3386 4688 3515 4761 quid
3543 4687 3683 4743 dicat
3710 4702 3722 4736 :
3746 4683 3834 4737 sic-

2269 4794 2322 4837 ut
2350 4784 2595 4838 cinerem.
2633 4783 2724 4838 \‘is
2754 4796 2876 4838 esse
2914 4781 3183 4838 mundus?
3211 4796 3311 4852 age
3344 4780 3727 4853 paenitentiam.
3748 4773 3833 4829 Pa-

2267 4891 2390 4932 nem
2450 4891 2629 4931 meum
2688 4873 2828 4930 sicut
2872 4875 3111 4930 cinerem
3164 4872 3512 4935 manducavi,
3572 4880 3625 4928 et
3669 4877 3833 4940 potum

2266 4983 2446 5023 meum
2475 4982 2597 5022 cum
2621 4966 2749 5021 llctu
2789 4966 3083 5022 miscebam
3117 4964 3305 5038 (Psal.
3338 4963 3446 5038 cr).
3482 4962 3667 5025 Nonne
3701 4959 3834 5012 vides

2264 5059 2539 5127 quomodo
2591 5056 2841 5128 pruinam
2897 5073 3051 5113 suam
3112 5058 3255 5113 sicut
3309 5058 3552 5131 cinerem
3614 5045 3831 5123 spargit?

2261 5149 2492 5207 Grandis
2520 5165 2700 5225 rerum
2728 5150 2977 5215 mutatio.
3011 5149 3088 5209 De
3115 5151 3299 5215 cinere
3341 5148 3433 5203 nit
3473 5149 3552 5202 lit.
3584 5146 3658 5211 De
3682 5137 3831 5223 pgtni-

2261 5246 2458 5317 tentia,
2489 5244 2722 5300 mundus
2745 5242 3003 5301 efﬁcitur.

2331 5336 2496 5392 Mittit
2545 5334 2853 5407 crystallum
2897 5350 3045 5388 suam
3085 5334 3218 5388 sicut
3260 5332 3541 5388 but-cellas.
3573 5325 3827 5400 Quomodo

2258 5445 2426 5503 partes
2460 5430 2809 5505 franguntur,
2842 5437 2898 5499 et
2926 5426 3193 5499 buccellae
3224 5426 3356 5485 liunt
3391 5442 3404 5479 :
3434 5426 3516 5482 sic
3543 5435 3599 5483 et
3627 5417 3824 5495 crystal-

2256 5523 2342 5590 lus
2372 5522 2670 5595 frangitur,
2710 5533 2768 5585 et
2818 5522 2870 5579 in
2916 5519 3193 5585 buccellae
3234 5518 3492 5587 vertitur.
3545 5512 3823 5590 Crystalltl!

2258 5627 2506 5671 naturam
2534 5616 2674 5671 hanc
2706 5614 2900 5680 habet,
2931 5615 3075 5669 sicut
3102 5628 3258 5687 aqua:
3301 5611 3527 5683 quando
3567 5609 3821 5680 congelati-

2260 5719 2345 5764 lur
2378 5731 2390 5768 :
2422 5708 2567 5789 quod
2624 5722 2722 5767 nos
2760 5707 2987 5781 glaciem
3038 5705 3290 5777 dicimus.
3348 5703 3497 5761 Inter
3534 5701 3817 5777 crystallum

2256 5815 2388 5873 ergo
2419 5812 2473 5861 et
2507 5815 2702 5877 aquam
2735 5798 2840 5865 hoc
2888 5798 3147 5867 interest,
3187 5795 3335 5872 quod
3370 5797 3627 5872 estinter
3651 5802 3815 5865 aqua!
