3982 6356
546 396 685 455 libb

1333 388 1683 449 APPENDIX
1721 390 1813 449 AD
1853 388 2096 449 TOllUM
2136 388 2489 474 SEPTIMUM
2527 393 2585 450 S.
2629 389 3031 448 HlEliONYMl.

3714 383 3835 442 ιξα

546 514 602 569 in
629 509 961 567 cmlestibus.
1002 506 1095 563 Sol
1136 508 1280 562 enim
1322 515 1377 564 et
1417 508 1544 564 luna
1568 548 1583 575 ,
1634 516 1689 564 et
1717 508 1894 565 stella:
1924 515 2145 579 propter
2169 512 2423 574 Avatur.
2459 508 2590 563 Mari
2622 514 2951 577 praeceptum
2982 502 3199 576 posuit,
3248 509 3306 557 ιιι
3349 500 3536 557 littora
3587 512 3687 555 sua
3736 514 3836 553 non

550 622 651 663 nos
682 617 810 661 sunt
842 624 853 660 :
885 604 1044 662 nobis
1072 603 1341 660 serviunt.
1375 603 1516 660 Dicit
1542 611 1599 659 et
1632 604 1926 673 Apostolus
1956 620 1968 658 :
2000 600 2146 673 quod

549 700 667 770 ipsa
694 707 941 754 creatura
978 697 1360 768 congemiscit,
1394 706 1450 753 et
1476 697 1707 768 parturit
1740 697 1793 751 in
1822 695 2145 751 liberatione

542 808 826 848 servorum
877 791 973 846 Dei
1015 791 1197 864 (Rom.
1243 787 1382 863 vui).
1435 789 1667 859 Quando
1698 798 1877 846 autem
1911 789 2004 844 lilii
2049 787 2147 843 Dei

546 886 808 955 assumpti
834 883 1066 954 fuerint,
1093 891 1150 940 et
1174 884 1287 955 ipsa
1321 893 1570 940 creatura
1609 883 1680 941 de
1710 885 1812 940 lioc
1837 882 2055 939 servitio
2082 882 2148 937 li-

544 978 790 1034 beratur.
827 977 981 1033 Dicat
1008 977 1208 1049 aliquis
1242 995 1254 1031 :
1296 978 1581 1045 Quomodo
1624 979 1705 1033 sol
1745 978 1952 1043 servit,
1986 985 2040 1032 et
2078 977 2146 1032 li-

547 1071 811 1127 beratur?
833 1070 1117 1139 Quomodo
1135 1070 1295 1126 luna?
1314 1068 1599 1139 Quomodo
1622 1068 2148 1126 stellaeliberantur?

549 1162 641 1219 Sol
671 1162 953 1229 liberatur,
986 1178 1056 1218 ne
1081 1162 1299 1220 .ludmos
1346 1162 1569 1218 videat:
1603 1176 1704 1217 nec
1735 1161 1997 1232 gentiles,
2046 1174 2149 1216 nec

545 1252 1327 1325 blasphemantesDominum
1368 1269 1546 1309 suum.
1599 1252 1756 1308 Videt
1813 1250 2143 1322 parricidas,

541 1348 695 1404 videt
736 1348 1071 1413 homicidas,
1114 1357 1169 1403 et
1200 1358 1381 1404 tamen
1412 1348 1579 1405 servit
1621 1347 1850 1418 imperio
1889 1346 2009 1417 ejus
2055 1345 2148 1417 qui

541 1440 725 1511 jussit.
758 1440 943 1497 Solem
984 1441 1129 1496 enim
1155 1456 1312 1497 suum
1354 1440 1488 1497 oriri
1529 1440 1658 1496 facit
1693 1454 1859 1510 super
1883 1439 2061 1509 justos
2093 1447 2151 1495 et

543 1534 739 1605 impios
773 1532 793 1604 (
816 1532 1013 1587 Matth.
1047 1549 1079 1588 v
1105 1535 1146 1603 ).
1175 1532 1412 1589 Laudate
1437 1550 1576 1602 eum,
1607 1549 1780 1587 omnes
1800 1531 1967 1588 stella
1996 1541 2041 1587 et
2069 1530 2150 1586 lu-

546 1642 684 1681 men.
709 1625 863 1680 Dicat
892 1625 1090 1697 aliquis
1118 1643 1129 1678 :
1165 1624 1321 1692 Quod
1368 1633 1454 1681 est
1495 1624 1678 1680 lumen
1706 1625 1825 1680 sine
1849 1624 1966 1679 sole
1986 1667 2001 1691 ,
2030 1622 2150 1678 sine

544 1716 715 1771 stellis
736 1756 752 1784 ,
778 1716 900 1771 sine
928 1717 1093 1772 luna‘t
1137 1716 1331 1773 Dicere
1371 1731 1661 1788 possumus
1689 1716 1829 1772 inter
1854 1722 2066 1773 noctem
2093 1723 2150 1784 et

542 1810 687 1866 diem
709 1852 724 1879 ,
766 1809 855 1867 vel
886 1810 1029 1866 inter
1067 1809 1209 1865 diem
1263 1818 1320 1866 et
1350 1816 1594 1877 noctem,
1628 1808 1770 1880 quod
1801 1808 2006 1879 absque
2032 1807 2150 1864 sole

2250 600 2581 672 egrediatur.
2610 600 2771 656 Venit
2794 613 3035 655 oceanus
3065 605 3281 652 tumens
3306 593 3591 661 ﬂuctibus,
3623 600 3682 648 et
3713 591 3767 646 in
3792 605 3844 646 se

2250 694 2424 759 redit,
2476 700 2531 748 et
2581 700 2911 764 praeceptum
2944 688 3044 745 Dei
3091 686 3361 744 meminit.
3395 686 3571 741 Totus
3616 681 3843 739 mundus

2250 785 2363 840 Deo
2391 784 2596 853 servit,
2629 792 2686 839 et
2718 791 3049 854 prteceptum
3095 779 3216 850 ejus
3256 777 3542 844 meminit,
3582 783 3643 830 et
3688 775 3844 829 homo

2250 876 2402 933 solus
2430 891 2535 933 non
2566 874 2828 932 meminit.
2862 873 2993 931 Ideo
3012 873 3265 940 dicimus,
3298 880 3355 928 et
3379 872 3432 926 in
3456 869 3728 926 Oratione
3752 869 3846 923 Do-

2250 972 2499 1029 minica:
2532 971 2651 1026 Fiat
2676 969 2929 1026 voluntas
2965 979 3056 1023 tua
3087 968 3227 1024 sicut
3257 967 3311 1021 in
3341 965 3487 1022 coelo
3515 975 3576 1021 et
3606 964 3664 1018 in
3710 971 3845 1017 terra
3930 964 3931 1027 l

2230 1063 2432 1145 (Matt.
2459 1062 2559 1135 γι).
2582 1062 2733 1120 Sicut
2757 1062 2813 1117 in
2840 1061 2983 1119 coelo
3003 1060 3180 1132 angeli
3205 1058 3300 1115 tibi
3320 1056 3587 1123 serviunt,
3611 1065 3668 1112 et
3696 1069 3844 1110 crea-

2251 1164 2369 1211 tura
2396 1156 2604 1224 servit,
2635 1157 2707 1210 ita
2734 1155 2942 1211 serviat
2967 1162 3023 1211 et
3051 1153 3236 1210 homo.
3265 1151 3312 1209 0
3343 1149 3532 1207 infelix
3566 1148 3843 1205 hominum

2249 1249 2449 1320 genus!
2486 1247 2778 1305 Descendit
2802 1246 2872 1303 ad
2891 1258 2940 1302 te
2969 1246 3110 1303 Deus
3139 1265 3152 1299 :
3177 1245 3435 1316 quoniam
3471 1254 3527 1298 tu
3549 1241 3623 1299 ad
3650 1241 3843 1299 cretum

2249 1358 2357 1399 non
2384 1343 2465 1398 vis
2493 1341 2813 1398 ascendere.
2845 1340 2963 1397 Non
2994 1340 3091 1397 tibi
3120 1338 3353 1406 sufficit,
3397 1337 3547 1410 quod
3590 1352 3703 1392 non
3734 1351 3846 1392 sus-

2250 1436 2425 1508 cipis:
2456 1435 2554 1491 sed
2580 1434 2804 1501 occidis,
2828 1434 3126 1506 crueiligis,
3168 1432 3534 1506 blasphemas,
3567 1430 3845 1503 ﬂagellas?

2248 1530 2371 1587 Non
2400 1530 2495 1586 tibi
2525 1529 2745 1596 sufﬁcit,
2777 1529 2922 1601 quod
2952 1528 3177 1597 occidis,
3206 1528 3307 1584 sed
3334 1543 3438 1585 nec
3467 1524 3844 1597 ptenitentiaai

2250 1623 2366 1696 agis
2386 1623 2533 1695 quod
2561 1622 2847 1680 occideris.
2878 1620 3029 1678 Dixit
3066 1622 3136 1678 de
3177 1619 3545 1677 invisibilibus
3578 1637 3592 1673 :
3623 1617 3759 1675 dixit
3798 1624 3845 1673 et

2251 1715 2319 1772 de
2342 1715 2669 1781 visibilibus,
2697 1714 2792 1772 sed
2825 1713 2896 1771 de
2932 1713 3241 1770 visibilibus
3269 1711 3597 1771 caelestibus
3644 1730 3657 1763 :
3706 1723 3845 1765 nunc

2250 1810 2414 1883 etiam
2459 1810 2528 1866 de
2578 1817 2745 1866 terra.
2772 1806 2965 1864 Videte
3001 1805 3248 1864 ordinem
3277 1805 3577 1861 laudantis.
3609 1802 3845 1859 Primum

543 1903 688 1959 lucet
718 1919 732 1956 :
782 1902 909 1959 licet
951 1902 1105 1961 multi
1150 1911 1340 1973 putent
1384 1902 1561 1973 ipsum
1605 1901 1956 1972 Splendorem
2013 1900 2145 1956 solis
2175 1908 2226 1969 Β
2252 1902 2473 1958 laudant
2496 1900 2812 1968 invisibilia,
2846 1899 3045 1957 deinde
3070 1898 3327 1956 visibilia.
3352 1898 3420 1954 Et
3445 1898 3562 1968 ipsa
3588 1894 3844 1959 visibilis,

542 2011 687 2052 csse.
716 1995 858 2052 Dicit
887 1995 1070 2067 igitur.
1105 1994 1347 2051 Laudate
1387 2012 1535 2064 eum,
1572 2011 1748 2050 omnes
1778 1993 1946 2050 slellw
1982 2002 2029 2049 et
2067 1994 2148 2048 lu-

547 2108 687 2148 men.
713 2091 784 2149 Ut
811 2090 1088 2165 quomodo
1125 2093 1193 2148 de
1231 2090 1593 2148 invisibilibus
1643 2090 1887 2158 dixerat,
1935 2089 2149 2143 laudate

541 2200 679 2251 eum,
707 2199 883 2239 omnes
909 2185 1122 2239 virtutes
1152 2185 1266 2256 ejus
1295 2200 1313 2239 :
1340 2183 1419 2239 sic
1447 2191 1502 2239 et
1531 2182 1598 2239 de
1628 2181 1933 2238 visibilibus
1968 2181 2144 2248 dicat,

539 2277 762 2333 laudate
790 2292 946 2345 eum,
972 2292 1135 2332 omne
1160 2277 1304 2347 quod
1331 2277 1496 2334 lucet.

610 2367 854 2423 Laudate
883 2384 1021 2437 eum,
1052 2367 1169 2424 coeli
1187 2368 1458 2423 caelorum.
1487 2366 1679 2423 Plures
1696 2367 1868 2424 caelos
1894 2366 2142 2423 dicimus.

542 2457 791 2529 Denique
814 2458 1109 2528 Apostolus
1137 2473 1307 2529 usque
1337 2458 1405 2513 ad
1437 2456 1656 2513 tertium
1686 2459 1890 2514 caelum
1931 2466 2146 2529 raptum

541 2565 603 2607 se
632 2563 753 2606 esse
781 2547 914 2604 dicit
940 2547 1008 2619 (ll
1034 2547 1156 2604 Cor.
1185 2548 1507 2620 xu).Videte
1532 2548 1695 2619 igitur
1715 2560 1949 2620 quantus
1968 2549 2147 2621 fulgor

542 2648 660 2710 est,
687 2648 747 2696 ut
774 2639 976 2697 ccelum
1014 2640 1140 2696 cteli
1181 2640 1273 2696 sit.
1328 2640 1395 2696 Et
1433 2650 1631 2696 caztcra
1659 2657 1780 2713 quae
1821 2653 2145 2714 sequuntur,

545 2735 687 2791 dixit
709 2732 778 2790 de
808 2732 1127 2789 visibilibus.

618 2826 754 2895 Quia
784 2826 895 2898 ipse
924 2826 1077 2892 dixit,
1107 2834 1157 2881 et
1187 2827 1327 2897 facta
1354 2835 1496 2881 sunt.
1530 2826 1627 2883 Dei
1676 2826 1907 2897 jussisse
1955 2826 2147 2884 fecisse

545 2929 630 2977 est
662 2938 676 2976 :
707 2919 828 2990 ejus
854 2919 1140 2990 imperium
1166 2918 1370 2975 fabrica
1398 2928 1505 2976 est.
1541 2920 1680 2987 Quia
1724 2921 1835 2989 ipse
1888 2920 2054 2987 dixit,
2099 2930 2147 2974 et

543 3016 687 3083 facta
713 3020 869 3081 sunt,
902 3011 1201 3068 secundum
1233 3012 1361 3069 illud
1394 3013 1537 3085 quod
1574 3011 1629 3069 in
1658 3012 1856 3070 Genesi
1884 3014 2146 3085 scriptum

546 3115 632 3161 est
663 3124 676 3160 :
707 3104 775 3160 Et
794 3102 931 3159 dixit
958 3103 1105 3161 Deus
1127 3145 1142 3172 ,
1177 3112 1230 3161 et
1257 3104 1380 3161 fecit
1416 3105 1555 3162 Deus
1585 3103 1743 3176 (Gen.
1771 3104 1838 3178 ι).
1870 3105 1987 3162 Hoc
2028 3113 2145 3176 est,

549 3196 688 3252 dixit
715 3195 860 3252 Deus
904 3193 1105 3261 Pater;
1134 3194 1264 3252 fecit
1303 3194 1496 3254 Filius.
1537 3196 1689 3251 Dicat
1717 3196 1959 3267 aliquis:
2003 3197 2145 3268 Ergo

2248 1996 2567 2052 dividuntur
2589 1996 2643 2051 in
2667 1995 2774 2051 duo
2802 2013 2816 2050 :
2847 1996 2901 2050 in
2924 1994 3164 2051 caelestia
3194 2002 3249 2049 et
3281 1992 3586 2049 terrestria.
3614 1992 3764 2048 Dixit
3782 1991 3845 2047 de

2248 2090 2586 2157 coelestibus,
2617 2103 2761 2145 nunc
2789 2088 2920 2144 dicit
2945 2088 3014 2145 de
3041 2088 3418 2144 terrestribus.

2318 2183 2556 2238 Laudate
2586 2180 2879 2255 Dominum
2894 2181 2961 2236 de
2986 2190 3146 2237 terra.
3177 2180 3451 2248 Quoniam
3479 2179 3844 2237 laudaretunt

2247 2274 2465 2346 angeli,
2507 2274 2751 2330 laudavit
2775 2274 2976 2331 etelum
3007 2292 3018 2326 :
3050 2273 3238 2329 laudet
3266 2282 3321 2328 et
3348 2282 3524 2329 terra.
3554 2272 3843 2328 Videamus

2248 2368 2319 2423 de
2351 2375 2498 2423 terra
2523 2367 2613 2437 qui
2643 2366 2796 2436 prius
2818 2364 3067 2422 laudent.
3088 2361 3357 2420 Dracones
3378 2372 3425 2420 et
3447 2380 3627 2420 omnes
3651 2363 3838 2435 abyssi,

2247 2461 2409 2532 ignis,
2436 2459 2661 2531 grando,
2694 2460 2805 2525 nix,
2830 2458 3044 2531 glacies,
3068 2458 3286 2530 spiritus
3313 2456 3702 2530 procellarum,
3734 2471 3842 2526 qua

2248 2552 2449 2623 faciunt
2494 2550 2703 2606 verbum
2742 2551 2856 2622 ejus
2888 2565 2906 2603 :
2934 2558 3133 2605 montes
3171 2559 3221 2604 et
3257 2564 3433 2604 omnes
3476 2548 3657 2616 colles,
3706 2547 3843 2619 ligas

2249 2643 2541 2715 fructifera,
2566 2652 2617 2699 et
2638 2659 2811 2698 omnes
2841 2642 3012 2710 cedri,
3059 2642 3249 2713 bestia,
3279 2650 3327 2696 et
3355 2642 3600 2696 universa
3626 2655 3839 2713 pecora,

2247 2746 2511 2807 serpentes
2536 2745 2583 2791 et
2606 2735 2842 2791 uolucres
2863 2743 3121 2805 pennata.
3138 2734 3269 2790 Post
3289 2743 3436 2790 tanta
3459 2732 3593 2805 quid
3613 2732 3842 2789 dicitur?

2249 2830 2380 2887 Post
2400 2828 2690 2894 dracones,
2705 2837 2830 2901 post
2853 2836 3160 2899 serpentes,
3176 2836 3303 2898 post
3323 2827 3526 2898 ignem,
3542 2834 3666 2897 post
3683 2840 3845 2897 gran-

2248 2919 2431 2977 dinem
2450 2962 2465 2986 ,
2482 2929 2603 2992 post
2620 2920 2842 2988 bestias,
2867 2928 2925 2976 et
2946 2920 3194 2975 universa
3222 2933 3456 2990 pecora:
3481 2933 3513 2974 o
3540 2915 3733 2985 homo,
3756 2914 3844 2988 qui

2246 3013 2350 3068 tibi
2376 3012 2599 3084 grandis
2621 3011 2821 3069 videris
2840 3012 2939 3078 ,de
2969 3019 3027 3068 te
3052 3011 3279 3080 dicitur,
3307 3019 3364 3068 et
3388 3025 3500 3066 non
3525 3009 3595 3066 de
3615 3007 3843 3081 simplici

2251 3102 2495 3169 homine,
2517 3103 2612 3161 sed
2642 3102 2818 3160 dehis
2844 3102 3157 3159 hominibus
3177 3103 3269 3175 qui
3293 3104 3438 3161 inter
3460 3102 3715 3159 homines
3735 3116 3844 3158 Ina-

2244 3196 2395 3268 jores
2424 3206 2572 3252 sunt.

540 3291 719 3362 major
746 3300 833 3348 est
867 3289 961 3347 ille
984 3290 1075 3362 qui
1102 3290 1293 3362 jubet,
1329 3298 1384 3347 et
1423 3290 1604 3346 minor
1631 3298 1718 3347 est
1747 3290 1850 3346 iste
1873 3291 1960 3347 cui
1986 3290 2146 3362 jube-
2175 3297 2220 3360 Ο
2324 3289 2490 3361 Reges
2515 3300 2685 3357 tet-rte,
2713 3298 2761 3345 et
2787 3304 2962 3344 omnes
2993 3289 3174 3359 populi
3214 3304 3232 3343 :
3261 3288 3553 3361 principes,
3585 3296 3634 3342 et
3672 3303 3846 3342 omnes

544 3394 653 3441 tur.
704 3384 900 3440 Dicunt
943 3382 1049 3441 hoc
1076 3383 1304 3451 Ariani,
1336 3383 1525 3440 dicunt
1557 3383 1662 3464 boc
1693 3383 2050 3453 Eunomiani,
2090 3392 2147 3439 et

547 3478 734 3533 dicunt
768 3474 1167 3533 Macedoniani.
1200 3475 1529 3548 Respondeo
1561 3476 1657 3532 tibi
1688 3476 1987 3533 secundum
2013 3491 2143 3534 sen-

544 3586 665 3627 sum
705 3579 889 3625 tuum:
938 3568 984 3624 Ο
1020 3568 1306 3638 baarctice,
1339 3568 1499 3637 dicis,
1548 3567 1722 3639 major
1756 3579 1841 3625 est
1869 3569 2027 3626 Pater
2052 3567 2147 3640 qui

545 3660 768 3732 iubeat,
797 3670 853 3716 et
893 3659 1073 3715 minor
1099 3671 1183 3715 est
1219 3659 1389 3716 Filius
1420 3660 1477 3715 in
1509 3676 1575 3716 eo
1605 3661 1748 3732 quod
1781 3661 2040 3730 jubeatur
2077 3661 2145 3717 ab

545 3752 663 3807 illo.
693 3751 751 3807 Si
791 3751 895 3807 hoc
925 3752 1226 3807 secundum
1258 3766 1479 3809 sensum
1537 3752 1833 3808 humanum
1885 3754 2085 3825 accipis
2124 3771 2140 3808 :

540 3847 820 3919 responde
857 3847 1020 3915 milii,
1053 3846 1182 3919 quid
1212 3856 1296 3903 est
1335 3847 1508 3918 majus
1532 3889 1549 3916 ,
1578 3847 1789 3919 jubere,
1816 3862 1884 3903 an
1927 3848 2147 3905 facere?

545 3942 681 3997 Dico
714 3958 730 3998 :
761 3942 857 3997 flat
884 3941 1097 4008 domus,
1127 3948 1189 3997 et
1230 3940 1368 3996 alius
1392 3940 1522 3996 facit
1557 3941 1801 3997 domum.
1833 3941 2027 3999 Dicere
2057 3941 2146 3998 ni-

550 4034 628 4089 hil
658 4034 866 4106 grande
892 4044 1006 4103 est,
1044 4033 1225 4091 facere
1266 4033 1511 4091 difficile.
1540 4034 1715 4106 Major
1752 4049 1884 4106 ergo
1923 4035 2016 4091 ille
2054 4036 2146 4107 qui

544 4122 699 4191 facit,
730 4139 891 4195 quam
921 4125 1013 4195 qui
1052 4125 1320 4194 praecipit.
1374 4125 1483 4181 Sed
1518 4135 1577 4181 et
1623 4126 1729 4181 hoc
1755 4126 1981 4196 impium
2021 4136 2142 4183 est:

544 4216 667 4274 Non
720 4219 865 4275 enim
912 4217 1082 4273 Filius
1128 4219 1303 4289 major
1327 4228 1409 4274 est
1456 4219 1637 4275 Patre.
1672 4220 1825 4275 Sicut
1859 4220 2002 4276 enim
2043 4220 2147 4279 hoc

546 4310 777 4381 impium
823 4319 907 4367 est
949 4308 1018 4367 de
1050 4308 1192 4366 Filio
1218 4319 1407 4367 contra
1454 4311 1671 4368 Patrem
1709 4312 1956 4382 credere,
1985 4312 2064 4371 sic
2088 4323 2148 4372 et

549 4401 683 4457 illud
730 4402 956 4471 impium
986 4410 1071 4456 est
1099 4401 1167 4456 de
1208 4401 1371 4457 Patre
1403 4410 1591 4458 contra
1640 4402 1841 4459 Filium
1896 4404 2143 4462 credere.

554 4495 695 4562 Quia
720 4495 831 4568 ipse
856 4494 1011 4564 dixit,
1028 4501 1075 4550 et
1106 4495 1248 4566 facta
1274 4503 1435 4550 sunt:
1458 4496 1567 4568 ipse
1585 4497 1868 4569 mandavit,
1894 4507 1943 4554 et
1972 4508 2147 4555 creata

548 4599 687 4645 sunt.
712 4587 831 4647 Una
864 4597 1053 4645 natura
1077 4587 1234 4661 jubet
1264 4597 1319 4645 et
1346 4589 1490 4646 facit.
1525 4589 1671 4648 Deus
1694 4590 1879 4662 jubet,
1915 4602 1969 4649 et
2001 4593 2145 4649 Deus

2237 3381 2454 3454 judices
2481 3391 2651 3438 teme.
2687 3382 2893 3438 Deinde
2917 3381 3048 3453 quid
3074 3381 3370 3453 sequitur?

2318 3474 2539 3532 Iuvenes
2581 3487 2629 3532 et
2666 3477 2921 3549 virgines,
2960 3492 3107 3534 senes
3145 3492 3262 3531 cum
3290 3476 3596 3550 junioribus
3631 3476 3845 3533 laudent

2249 3586 2434 3625 nomen
2459 3567 2704 3635 Domini,
2731 3571 2858 3641 quia
2884 3570 3169 3625 exaltatum
3193 3577 3270 3625 est
3301 3584 3489 3624 nomen
3515 3568 3632 3640 ejus
3661 3569 3840 3634 solius,

2248 3671 2305 3718 et
2325 3669 2522 3717 etetera
2547 3677 2666 3733 quas
2691 3671 3017 3733 sequuntur.
3041 3660 3086 3717 0
3107 3671 3313 3733 quanta
3343 3662 3397 3717 in
3428 3660 3554 3717 istis
3585 3662 3842 3734 mysteria

2248 3756 2627 3811 continentur!
2662 3756 3048 3812 Laudaverunt
3073 3756 3342 3821 caelestia,
3371 3754 3739 3812 laudaverunt
3769 3756 3844 3812 ia—

2248 3848 2482 3905 visibilia
2508 3867 2522 3904 :
2557 3864 2700 3905 nunc
2731 3849 2797 3905 ad
2828 3859 3044 3905 terrena
3068 3848 3382 3915 descendit,
3404 3857 3463 3905 et
3483 3848 3554 3904 ad
3581 3850 3845 3906 laudatio-

2250 3957 2375 3998 nem
2407 3943 2529 4012 Dei,
2562 3941 2800 4013 primum
2846 3943 3116 3999 dracones
3157 3953 3215 3999 et
3250 3941 3438 4015 abyssi
3482 3943 3841 3998 concitantur.

2254 4034 2353 4092 Ubi
2413 4036 2716 4093 abundavit
2770 4044 3094 4108 peccatum,
3151 4035 3625 4106 superabundavit
3679 4036 3845 4108 gratia

2252 4127 2434 4199 (Rom.
2465 4127 2543 4201 v).
2576 4128 2681 4197 Qui
2710 4128 2944 4201 primum
2974 4128 3142 4185 draco
3173 4143 3329 4197 eras,
3358 4130 3453 4201 qui
3487 4129 3738 4186 habebas
3761 4145 3848 4187 ve-

2248 4236 2393 4278 nena
2430 4224 2707 4294 serpentis
2736 4240 2750 4277 :
2780 4240 2813 4278 o
2844 4233 2899 4279 tu
2931 4222 3024 4295 qui
3068 4223 3307 4294 primum
3348 4222 3584 4297 abyssus
3619 4239 3772 4291 eras,
3796 4231 3847 4280 et

2252 4314 2494 4371 tenebrae
2527 4330 2694 4387 super
2723 4316 2921 4388 abysso
2967 4314 3286 4371 ferebantur
3316 4313 3489 4387 (Gen.
3531 4314 3611 4389 ι).
3663 4316 3847 4373 Videte

2248 4407 2381 4478 quid
2409 4407 2557 4463 dicat
2593 4425 2606 4461 :
2643 4407 2745 4465 Ubi
2773 4408 3063 4476 dracones,
3095 4408 3188 4466 ubi
3212 4424 3447 4477 venena,
3475 4410 3571 4465 ubi
3600 4410 3846 4483 abyssus,

2252 4501 2342 4557 ubi
2389 4502 2682 4559 tenebrae?
2716 4501 2797 4560 Ne
2831 4501 3096 4575 desperes
3140 4502 3325 4575 igitur.
3356 4502 3403 4560 0
3440 4512 3500 4559 tu
3546 4505 3643 4576 qui
3689 4505 3849 4563 draco

2250 4612 2398 4666 eras,
2427 4597 2523 4669 qui
2552 4597 2881 4654 tenebrosus
2909 4611 3056 4665 cras,
3080 4605 3136 4654 et
3162 4596 3339 4653 Deum
3370 4597 3601 4656 laudare
3626 4614 3742 4655 non
3763 4614 3851 4653 au.

546 4684 697 4741 facit.
726 4683 889 4740 Jubct
906 4684 1104 4755 pictor,
1128 4693 1185 4740 ut
1208 4684 1396 4755 pingat
1417 4685 1591 4756 pictor
1618 4703 1631 4740 :
1665 4695 1719 4741 et
1749 4685 1923 4756 pictor
1947 4686 2139 4758 pingit,
2167 4701 2224 4763 Β
2247 4690 2419 4749 debas
2444 4708 2457 4745 :
2483 4706 2583 4763 age
2605 4690 3002 4762 paenitentiam,
3025 4699 3083 4748 et
3105 4690 3294 4747 statim
3315 4692 3683 4750 converteris.
3705 4692 3850 4749 Licet

548 4776 696 4847 quod
726 4775 875 4848 pingi
904 4784 1263 4847 praeceperat.
1351 4779 1356 4784 ‘

632 4868 830 4927 Statuit
873 4886 933 4925 ea
978 4870 1036 4924 in
1068 4869 1313 4925 saeculum
1343 4914 1356 4939 ,
1419 4879 1465 4924 et
1510 4871 1565 4925 in
1622 4870 1869 4926 srrculum
1926 4872 2147 4927 steculi:

506 4953 518 4962 ’
545 4972 861 5033 ρνωεερεωη
887 4962 1080 5033 posuit,
1109 4970 1157 5016 et
1187 4977 1291 5016 non
1332 4960 1636 5031 praeteribit.
1663 4961 1899 5019 Grandis
1926 4973 2011 5019 est
2047 4964 2146 5019 lio-

542 5058 709 5113 minis
738 5056 936 5124 lionor,
967 5064 1025 5111 et
1059 5054 1285 5125 grandis
1314 5053 1623 5111 infelicitas.
1672 5055 1769 5112 Sol
1799 5056 1892 5113 tibi
1939 5057 2141 5128 currit,

544 5149 816 5206 elementa
859 5148 955 5203 tibi
1010 5147 1303 5204 serviunt:
1346 5159 1401 5203 et
1451 5157 1507 5203 tu
1557 5150 1777 5220 ignoras
1823 5149 2137 5209 Creatorem

539 5242 732 5299 tuum?
786 5239 1117 5312 Prteceptum
1143 5241 1335 5312 posuit,
1368 5251 1417 5295 et
1455 5258 1558 5297 non
1587 5241 1891 5314 prmteribit.
1922 5244 2137 5301 Prmce-

531 5346 693 5408 ptum
725 5333 829 5390 soli
862 5334 1063 5404 posuit.
1094 5332 1236 5411 Ecce
1261 5348 1361 5403 per
1391 5318 1571 5390 tantos
1599 5350 1775 5392 annos
1802 5347 2139 5409 praeceptum

539 5425 639 5483 Dei
669 5441 961 5499 numquam
994 5427 1280 5496 praeteriit.
1316 5426 1586 5483 lntantum
1626 5443 1734 5484 non
1764 5430 2046 5498 prmteriit,
2080 5437 2140 5486 ut

539 5535 738 5578 cursus
765 5521 885 5591 ejus
905 5535 971 5575 ex
1012 5518 1245 5576 humana
1292 5520 1672 5578 observatione
1712 5523 2136 5594 comprehensus

537 5613 634 5670 sit.
663 5611 991 5686 Prwceptum
1020 5614 1222 5685 posuit,
1264 5624 1313 5669 et
1337 5630 1441 5669 non
1480 5616 1779 5688 praztcribit.
1808 5616 1975 5674 Luna:
1994 5634 2135 5689 pra:-

538 5717 755 5777 ceptum
789 5707 1001 5777 posuit,
1027 5717 1083 5763 ut
1106 5722 1201 5778 per
1231 5708 1448 5779 triginta
1471 5709 1589 5767 dies
1611 5722 1822 5767 crescat
1842 5722 2007 5782 atque
2036 5713 2133 5768 de-

540 5808 773 5873 crescat.
806 5798 1075 5869 Numquid
1103 5814 1298 5856 cursus
1322 5814 1452 5856 suos
1490 5802 1782 5873 aliquando
1828 5804 2033 5860 mutat?
2073 5804 2131 5860 In

536 5888 678 5942 coelo
708 5899 1037 5960 praeceptum
1081 5892 1176 5947 Dei
1204 5901 1477 5961 servatur,
1503 5904 1559 5951 et
1589 5896 1641 5953 in
1692 5905 1836 5953 terra
1866 5912 1974 5955 non
2014 5913 2130 5957 scr-

2249 4784 2305 4839 in
2339 4783 2571 4839 Hebrtco
2601 4799 2709 4839 non
2740 4782 2944 4841 habeat
2976 4783 3259 4851 dracones,
3294 4783 3393 4840 sed
3427 4784 3634 4843 habeat
3664 4801 3851 4843 rnam-

2247 4892 2361 4945 nnt,
2390 4875 2535 4947 quod
2562 4876 2975 4948 interpretatur,
3004 4885 3128 4931 cete.
3164 4876 3378 4932 Dicitur
3405 4886 3593 4934 autem
3619 4888 3750 4935 cete
3775 4879 3852 4934 ia-

2247 4968 2418 5025 finitaa
2477 4985 2601 5027 esse
2656 4968 3379 5042 magnitudinisnDenique
3439 4970 3564 5042 ipse
3617 4980 3748 5029 cete
3799 4970 3851 5027 in

2246 5063 2468 5136 abyssis
2498 5079 2622 5121 esse
2658 5063 2883 5120 dicitur.
2914 5063 3170 5120 Dicamus
3200 5079 3333 5137 ergo
3373 5066 3615 5137 primum
3657 5081 3851 5122 secun-

2247 5154 2376 5211 dum
2407 5156 2668 5212 litteram.
2695 5155 2890 5212 Videte
2916 5156 3045 5228 quid
3074 5155 3220 5212 dicat
3242 5173 3257 5211 :
3279 5157 3524 5216 Laudate
3549 5175 3615 5216 ea
3646 5175 3772 5231 qua:
3798 5159 3848 5213 in

2248 5246 2388 5302 mari
2417 5254 2566 5313 sunt,
2599 5254 2657 5302 et
2686 5245 2902 5303 laudate
2926 5262 2989 5303 ea
3013 5262 3136 5318 quae
3157 5256 3314 5303 extra
3344 5264 3502 5307 mare
3531 5260 3687 5305 sunt.
3718 5249 3847 5306 Dra-

2244 5354 2415 5396 cones
2454 5349 2509 5396 et
2536 5355 2732 5396 omnes
2765 5340 2970 5414 abys:i.
3004 5344 3049 5397 A
3081 5353 3236 5413 parte
3267 5353 3441 5400 totum
3482 5345 3845 5418 synecdocbi-

2246 5448 2361 5491 cos.
2394 5434 2600 5491 Deinde
2656 5412 2946 5508 sequitur:
2990 5435 3157 5509 Ignis.
3182 5436 3377 5495 Videte
3417 5412 3843 5495 concordantem

2240 5524 2571 5583 discordiam
2592 5543 2745 5600 aqua:
2768 5539 2823 5585 et
2852 5529 3026 5600 ignis:
3048 5529 3212 5585 simul
3234 5529 3464 5586 laudant
3484 5530 3693 5587 Deum.
3712 5529 3844 5585 Dm.

2244 5636 2394 5675 canes
2442 5629 2492 5674 et
2536 5637 2710 5676 omnes
2742 5621 2936 5694 abyssi.
2970 5621 3234 5679 Universa
3265 5637 3388 5694 qua:
3435 5634 3745 5681 nascuntur
3778 5636 3838 5678 es

2244 5727 2416 5783 aqua,
2451 5720 2756 5769 nascuntur
2784 5729 2854 5770 ex
2894 5715 3050 5786 igne,
3093 5714 3197 5770 hoc
3229 5724 3316 5771 est
3341 5756 3357 5780 .
3387 5729 3462 5772 ex
3498 5717 3768 5783 humore,
3790 5720 3836 5769 et
3930 5702 3931 5781 ξ

2240 5805 2460 5873 calore;
2491 5820 2589 5862 nec
2610 5804 2753 5879 ignis
2773 5807 2927 5864 solus
2946 5821 3214 5880 generare
3238 5815 3422 5879 potest
3448 5809 3578 5868 sine
3597 5810 3831 5872 humore.

2242 5914 2342 5956 nec
2386 5900 2582 5958 humor
2633 5901 2752 5959 sine
2789 5901 2932 5973 igne.
2979 5900 3126 5959 Nihil
3160 5910 3246 5959 est
3297 5909 3405 5959 tam
3468 5905 3824 5965 contrarium.
