3992 6328
148 324 304 385 sane
1032 320 1354 412 secusne
1399 284 1768 388 tzxrosmo
1805 331 2032 391 suasu
2073 322 2406 390 ossuum
2444 318 2632 390 mox.
3354 332 3496 396 l270

219 443 491 500 Laudato
536 462 660 502 eum
691 446 743 500 in
772 446 1047 500 virtutibus
1073 449 1210 519 ejus.
1253 446 1359 503 Pro
1388 458 1453 502 eo
1478 448 1622 518 quod
1651 456 1795 504 mor-
1820 451 1870 511 Α
1899 448 2279 507 absunentiam
2322 452 2539 507 retortis
2578 453 2905 520 visceribus,
2938 456 3498 528 concupiscentiisqne

144 548 259 594 tem
309 538 757 594 immortalitate
802 539 1170 608 potentialiter
1204 552 1553 609 consumens,
1593 543 1796 596 incom-
1896 542 2087 599 evictis
2127 544 2457 615 carnalibus,
2509 545 2656 615 digni
2689 546 2888 601 intenti
2921 554 3048 603 sunt
3085 552 3254 620 regno
3284 548 3401 619 Del,
3431 545 3499 605 ad

143 632 451 687 mutabilis
485 632 623 687 vitae
653 633 735 686 eis
765 630 1012 687 tribuerit
1039 632 1266 703 gloriam
1301 650 1317 689 :
1348 647 1509 704 quam
1540 648 1639 690 nec
1666 649 1797 690 ocu-
1895 635 2261 691 concinendas
2288 634 2501 691 divinas
2533 636 2743 693 laudes.

141 727 233 783 ius
263 726 441 793 vidit,
479 740 595 784 nec
618 728 765 783 auris
785 726 1008 792 audivit,
1036 732 1135 783 nec
1156 725 1208 781 in
1232 741 1327 783 cor
1348 726 1583 783 hominis
1605 742 1794 785 ascen-
1965 725 2199 784 Laudate
2236 744 2350 784 eum
2389 730 2442 783 in
2471 731 2723 801 cymbalis
2750 730 2874 787 bene
2902 734 3207 789 sanantibus
3238 749 3256 787 :
3287 733 3497 790 laudata

145 819 227 877 dit
268 818 317 892 (l
348 818 488 876 Cor.
542 821 632 891 ιι).
674 818 910 875 Laudate
944 834 1061 874 eum
1087 821 1368 876 secundum:
1406 820 1793 877 multitudinem
1893 836 2009 877 eum
2047 822 2100 876 in
2127 823 2376 894 cymbalis
2401 822 2907 881 beastinnientibus.
2945 826 3203 897 impletur
3231 826 3347 882 hac
3375 828 3497 885 laus

104 911 120 919 ‘
147 911 567 984 magnitudinis
599 915 733 985 ejus.
771 911 907 980 Quia
950 910 1247 967 multifario
1277 912 1482 969 honore
1509 914 1792 972 distinctas
1892 911 1949 969 in
1995 915 2262 986 cymbalis
2307 915 2445 973 bene
2491 917 2813 975 sonantibus
2856 918 3389 991 exsultantibusque,
3431 932 3504 976 eo

146 1002 478 1060 ctelestium
525 1014 823 1074 corporum
863 1002 1085 1073 deputat
1125 1004 1453 1071 mansiones,
1496 1007 1635 1062 sicut
1678 1007 1789 1063 Do-
1892 1007 2037 1079 quod
2068 1009 2424 1079 corruptione
2451 1011 2632 1066 carnis
2661 1011 3048 1084 sanguinisque
3093 1012 3339 1084 depulsa,
3367 1019 3499 1070 coh-

147 1095 337 1150 minus
380 1096 469 1151 ait
518 1111 536 1150 :
587 1094 745 1164 Apud
787 1095 1003 1152 Patrem
1043 1111 1223 1154 meum
1265 1099 1446 1153 multae
1483 1100 1793 1158 mansiones
1891 1097 2109 1155 formati
2155 1100 2223 1155 ad
2269 1101 2561 1172 imaginem
2606 1103 2916 1172 Creatoris,
2968 1107 3116 1161 omni
3162 1106 3500 1177 plenitudine

150 1196 285 1245 sunt
315 1187 530 1257 (lactt.
573 1188 710 1261 ιιι).
1891 1192 2007 1262 spei
2046 1192 2335 1257 completa,
2379 1194 2521 1249 sicut
2558 1196 2639 1249 sol
2676 1194 3063 1265 resplendeant
3097 1196 3151 1252 in
3192 1208 3360 1269 regno
3399 1197 3497 1254 Dei

222 1279 486 1336 Laudate
535 1296 656 1336 eum
684 1282 737 1336 in
764 1297 892 1336 sono
923 1282 1075 1338 tubae:
1109 1283 1165 1339 ln
1197 1298 1307 1355 quo
1338 1284 1481 1341 bello
1511 1285 1673 1340 occisi
1707 1287 1788 1341 vi-
1893 1282 2072 1338 Patris
2100 1284 2511 1353 onmipotentis.
2538 1283 2721 1340 Omnis
2745 1287 2964 1355 spiritus
2986 1286 3165 1343 laudet
3186 1286 3492 1343 Dominum.

153 1384 354 1433 ceruut
405 1393 422 1430 :
481 1383 813 1432 conterente
854 1374 1088 1432 Domino
1127 1378 1381 1433 Satanam
1424 1378 1526 1434 sub
1564 1377 1791 1449 pedibus
1891 1375 1952 1431 In
1992 1378 2098 1432 boc
2132 1391 2266 1448 ergo
2295 1392 2466 1448 regno
2494 1394 2605 1433 non
2635 1394 2784 1447 caro,
2821 1392 2927 1434 non
2970 1383 3211 1451 sanguis,
3245 1397 3351 1438 non
3377 1394 3502 1439 cors

156 1485 373 1526 eorum.
410 1469 676 1524 Laudate
702 1482 822 1523 eum
850 1471 905 1523 in
932 1470 1185 1539 psalterio
1211 1480 1259 1525 et
1288 1469 1507 1525 cithara.
1544 1472 1621 1526 Eo
1646 1472 1789 1542 quod
1892 1472 2111 1541 ruptio,
2162 1472 2260 1528 sed
2306 1470 2471 1527 homo
2512 1473 2624 1542 jam
2677 1473 2972 1545 spiritualis
3020 1483 3168 1532 totus
3210 1474 3434 1532 eﬂ'ectus
3484 1492 3498 1531 :

155 1565 233 1621 eis
265 1564 354 1618 vel
397 1564 478 1619 de
524 1563 671 1619 ctelo
700 1564 976 1619 canticum
1008 1564 1141 1635 legis
1173 1565 1397 1635 implere
1427 1564 1744 1635 prmstiterit
1773 1582 1785 1620 :
1894 1561 2063 1618 Deum
2107 1563 2160 1617 in
2199 1564 2395 1633 spiritu
2425 1563 2539 1634 (qui
2568 1573 2652 1619 est
2694 1564 2945 1637 spiritus)
2975 1566 3195 1622 laudare
3222 1581 3327 1622 non
3357 1567 3503 1622 desi-

158 1657 238 1713 vel
268 1665 399 1729 post
443 1656 840 1711 mortilicatam
879 1670 1098 1712 carnem
1143 1655 1320 1731 (llum.
1358 1660 1475 1727 xvi)
1499 1700 1516 1726 ,
1555 1675 1676 1729 quae
1707 1659 1787 1731 ci-
1892 1663 2004 1711 nat.
2045 1656 2147 1725 Qui
2194 1656 2354 1711 nobis
2400 1665 2664 1726 prmstare
2694 1657 2967 1729 dignetur,
3002 1666 3059 1714 ut
3087 1660 3138 1713 in
3169 1658 3273 1714 hoc
3298 1658 3503 1715 saeculo

158 1750 311 1807 tltara
344 1753 727 1824 accipitur,iu
750 1768 810 1808 se
835 1753 1211 1810 vivilicaverit.
1891 1751 2126 1806 factores
2156 1751 2290 1822 legis
2315 1749 2515 1815 eﬂ‘ecti,
2550 1748 2605 1805 in
2638 1751 2797 1821 hujus
2823 1752 2952 1807 vitae
2981 1766 3154 1824 agone
3186 1752 3421 1823 probati,
3446 1759 3501 1808 et

226 1843 482 1900 Laudate
532 1861 657 1900 eum
694 1845 748 1899 iu
798 1852 1045 1916 tympano
1092 1855 1141 1900 et
1179 1844 1359 1901 choro.
1406 1846 1462 1903 In
1505 1854 1783 1918 tympano,
1820 1839 1862 1899 Β
1893 1844 2080 1900 lideles
2122 1843 2351 1910 inventi,
2394 1843 2766 1913 spiritualibus
2786 1843 2940 1899 ditati
2965 1843 3255 1912 fructibus,
3282 1845 3367 1900 bis
3388 1859 3502 1901 me.

158 1937 299 2008 quod
351 1938 762 1993 mortiﬁcatum
812 1950 1015 2007 corpus
1054 1939 1125 1993 sit
1170 1938 1578 1994 immortalitate
1618 1939 1788 1994 dona—
1889 1942 2107 1991 reamur
2148 1936 2362 2008 adiungi
2402 1936 2837 1995 concinentibus.
2885 1935 2991 2007 Ipsi
3021 1937 3195 2008 gloria
3224 1947 3278 1992 et
3302 1938 3481 2015 [impe-

161 2039 291 2087 tum.
343 2031 404 2087 In
446 2031 657 2100 choro,
690 2033 831 2101 quod
872 2033 1053 2087 choris
1093 2033 1163 2088 sit
1207 2032 1466 2113 angelicis
1494 2033 1783 2088 sociatum.
1890 2029 2029 2084 rium
2073 2044 2197 2084 cum
2249 2037 2462 2084 aeterno
2510 2028 2672 2084 Patre
2714 2035 2771 2084 et
2816 2029 3022 2100 Spiritu
3067 2037 3294 2097 sancto,
3342 2036 3400 2085 et
3438 2031 3495 2086 in

158 2121 398 2180 Laudato
425 2139 557 2180 eunt
588 2124 645 2179 in
674 2124 878 2180 chordis
906 2133 954 2180 et
990 2140 1206 2197 organo.
1239 2123 1394 2193 Quod
1424 2139 1518 2195 per
1542 2123 1787 2179 ciborum
1893 2132 2087 2180 cuncta
2116 2124 2317 2180 saecula
2347 2123 2695 2181 saeculorum.
2728 2124 2925 2181 Amen.

736 2326 747 2331 -
944 2326 951 2331 .
1122 2324 1155 2333 ο.
1550 2324 1563 2333 ρ.
1714 2324 1719 2329 .
1777 2318 1799 2331 «δ
2220 2324 2225 2327 Α
2628 2322 2633 2345 i
2686 2322 2695 2344 Ε
2782 2322 2787 2327 .
2850 2322 2855 2329 .
2990 2322 3001 2343 Ξ
3052 2320 3063 2344 Ξ
3120 2322 3129 2343 Ι
3242 2320 3257 2343 a
3346 2319 3359 2342 ε
3410 2319 3419 2323 -

416 2515 986 2604 SECUNDA
1063 2510 1700 2611 EXPOSITIO
1778 2514 2205 2608 SUPER'
2254 2512 2811 2645 PsALMUM
2889 2514 3232 2613 CXIX.

1572 2712 2103 2742 ——B-———_

240 2949 545 3005 Veniamus
575 2947 649 3004 ad
670 2947 949 3018 psalmum
969 2948 1060 3018 qui
1088 2956 1212 3018 post
1231 2947 1594 3003 centesimum
1620 2945 1779 3003 decia

177 3036 316 3075 mum
346 3030 614 3077 octavum
652 3020 920 3089 psalmum
947 3021 1127 3075 lectus
1165 3030 1270 3075 est.
1300 3019 1650 3075 Centesimus
1678 3019 1776 3089 de:

178 3096 345 3163 cimus
410 3087 661 3148 octavus
704 3093 943 3161 psalmus
982 3092 1120 3163 (ut!
1149 3091 1463 3159 frequenter
1510 3087 1774 3163 diximus)

180 3162 453 3219 litteratus
482 3172 596 3226 est,
636 3163 736 3217 hoc
775 3171 896 3228 est,
941 3161 1309 3231 alphabetites
1340 3171 1458 3216 est:
1499 3161 1571 3216 ab
1602 3161 1775 3216 nuru

182 3234 319 3289 enim
353 3236 547 3305 incipit
568 3248 746 3300 usuue
775 3234 840 3288 ad
866 3245 1167 3289 extremam
1200 3234 1441 3305 litteram
1463 3231 1773 3294 ﬂebmam.

181 3319 298 3373 qua:
326 3304 607 3363 llebraice
637 3305 837 3360 dicitur
867 3321 1029 3360 suae.
1060 3306 1123 3359 Et
1138 3304 1342 3374 ,singuli
1366 3318 1583 3369 versus,
1608 3319 1638 3358 a
1661 3304 1771 3358 sin-

222 3377 318 3430 ulis
346 3376 551 3433 litteris
586 3377 878 3447 incipiunt.
916 3376 1118 3447 Viginti
1138 3363 1424 3447 'dut'ésunt
1454 3363 1647 3429 littera!
1665 3375 1771 3429 He-
1799 3363 1845 3426 C

206 3448 402 3517 traictc,
428 3456 486 3503 ct
506 3446 921 3504 ocloniversus
946 3466 973 3500 a
994 3446 1231 3517 Singulis
1257 3446 1454 3500 litteris
1484 3446 1772 3516 incipiunt.

186 3515 341 3573 Verbi
369 3533 564 3583 causa,
611 3517 739 3573 aba
767 3519 966 3583 littera,
1009 3515 1135 3587 quin
1176 3518 1387 3573 dicitur
1412 3515 1607 3582 nuru,
1651 3522 1777 3573 octo

188 3601 371 3645 versus
419 3591 713 3661 incipiunt.
752 3588 988 3644 Rursum
1037 3604 1162 3645 cum
1196 3589 1271 3642 illi
1317 3587 1451 3661 liniti
1486 3588 1713 3655 fuerint,
1746 3602 1778 3643 ιι

187 3661 417 3730 secunda
457 3658 652 3718 littera
689 3677 807 3730 quae
838 3663 1043 3717 dicitur
1070 3675 1245 3725 seru,
1281 3658 1372 3713 alii
1422 3668 1545 3715 octo
1589 3672 1778 3715 versus

191 3728 464 3800 incipiunt.
504 3735 569 3789 Et
602 3733 662 3786 in
689 3728 851 3787 tertio
876 3733 989 3787 illis
1017 3734 1206 3796 linitis,
1230 3730 1302 3785 ab
1329 3731 1499 3785 altera
1523 3747 1641 3800 qua:
1683 3747 1779 3783 vo-
1869 3746 1878 3763 κ

190 3810 337 3858 catur
373 3818 563 3871 GIIEL,
594 3802 695 3859 alii
722 3812 853 3859 octo
881 3818 1075 3858 versus
1102 3801 1388 3872 incipiunt.
1424 3800 1570 3872 Ergo
1599 3808 1785 3872 conte-

192 3872 353 3930 simus
385 3876 641 3933 decimus
661 3883 887 3931 octavus
915 3874 1160 3941 psalmus
1199 3871 1561 3943 alphabetites
1583 3884 1688 3928 est.
1720 3871 1780 3928 Si

196 3944 440 4019 volumus
483 3948 673 4019 legere
713 3946 1036 4019 epistolam,
1068 3961 1175 4019 non
1227 3958 1519 4019 possumus
1568 3944 1779 4011 legere,

196 4012 290 4069 nisi
325 4020 474 4086 prius
524 4012 768 4074 s'ciamus
816 4016 1053 4071 litteras.
1099 4017 1188 4072 Sic
1234 4012 1412 4088 igitur
1437 4023 1493 4069 et
1538 4029 1640 4088 nos
1671 4029 1779 4088 non

191 4084 473 4158 possumus
497 4088 815 4156 Scripturas
835 4084 1305 4158 cognosceremisi
1331 4084 1567 4155 primum
1593 4085 1784 4155 alpha-

195 4152 367 4214 betum
395 4152 733 4217 noverimus.
764 4152 1111 4215 Ceutesimus
1131 4152 1263 4228 ergo
1287 4152 1533 4213 decimus
1559 4152 1785 4213 octavus

199 4229 428 4296 psalmus
471 4231 845 4303 aipttabetites
877 4229 1100 4285 moralis
1129 4239 1237 4294 est,
1269 4239 1323 4283 et
1355 4229 1579 4303 instruit
1608 4230 1785 4303 vitam

198 4311 446 4372 nostram.
483 4299 551 4357 Et
578 4306 704 4372 quia
737 4317 876 4356 nunc
904 4316 1011 4356 non
1037 4309 1119 4353 est
1152 4300 1407 4372 temporis
1436 4299 1506 4356 de
1532 4300 1787 4372 uniuerso

202 4371 396 4443 psalmo
440 4370 652 4441 dicere,
698 4373 939 4428 dicamus
993 4382 1138 4427 nunc
1179 4370 1475 4440 de’primo
1523 4370 1786 4443 graduum

206 4442 421 4512 Pssimo,
452 4447 545 4518 qui
577 4446 662 4501 sic
688 4443 913 4515 incipit:

270 4613 346 4670 Ad
372 4615 663 4675 Dominum
695 4631 812 4671 cum
850 4614 1126 4671 tribulam
1150 4614 1393 4679 clamavi,
1436 4623 1485 4667 et
1526 4611 1791 4668 exaudivit

208 4718 300 4759 me.
344 4708 645 4781 Propterea
687 4717 866 4765 autem
895 4715 1158 4764 vocantur
1183 4705 1445 4777 graduum
1487 4704 1701 4775 psalmi,
1735 4712 1792 4759 ut

208 4795 509 4870 frequenter
554 4802 816 4869 diximus,
862 4799 1113 4872 quoniam
1164 4797 1419 4869 gradibus
1465 4794 1788 4868 quibusdam

208 4888 272 4943 ad
301 4893 498 4964 majora
527 4895 962 4952 conscendimus.
1003 4892 1157 4948 Nunc
1185 4907 1290 4946 non
1321 4900 1407 4947 eat
1436 4890 1696 4960 temporis
1721 4888 1793 4946 de

212 4984 452 5041 omnibus
476 4986 700 5058 psalmis
727 4986 993 5058 graduum
1021 4984 1320 5056 disputare,
1352 4992 1408 5039 et
1434 4982 1636 5048 dicere,
1662 4998 1796 5052 quo-

216 5075 366 5132 modo
381 5093 476 5148 per
494 5080 746 5152 singulos
769 5082 1006 5151 psalmos
1019 5079 1220 5150 gradus
1236 5076 1389 5147 ﬁant,
1409 5086 1470 5131 ut
1491 5077 1558 5131 ad
1584 5090 1794 5132 sutnnta

219 5168 512 5227 veniamus.
561 5173 789 5229 Interim
827 5173 1074 5229 dicamus
1105 5186 1250 5227 nunc
1277 5170 1344 5226 de
1384 5169 1560 5242 primo
1600 5169 1792 5240 gradu,

221 5257 583 5331 relinquentes
611 5265 930 5338 mysterium
957 5277 1126 5335 quare
1154 5262 1400 5319 decimus
1428 5262 1648 5332 quintus
1673 5275 1802 5332 gra-

227 5348 315 5406 dus
353 5355 599 5426 dicatur;
632 5358 875 5414 eamdem
916 5358 1062 5414 enim
1108 5373 1222 5412 rem
1251 5357 1561 5426 frequenter
1592 5353 1804 5422 dicere,

1886 2948 2151 3003 exaudiuit
2179 2961 2280 3002 me.
2308 2947 2648 3020 Quicumque
2687 2948 2865 3004 adhuc
2909 2949 2963 3004 in
3008 2950 3120 3007 imo
3165 2953 3335 3022 gradu
3378 2964 3484 3019 est.

1884 3041 2105 3109 respicit
2131 3040 2451 3095 altissimum
2463 3042 2731 3113 graduum
2758 3042 3029 3098 decimum
3056 3044 3325 3113 quintum.
3351 3049 3486 3117 Qui-

1884 3147 2116 3203 cumque
2146 3131 2200 3186 in
2227 3133 2413 3202 quinto
2446 3131 2666 3188 decimo
2697 3134 2876 3197 fuerit.
2903 3133 3014 3203 jam
3038 3135 3189 3204 juxta
3221 3139 3483 3208 templum

1884 3233 1987 3291 est,
2019 3236 2075 3279 et
2115 3224 2258 3279 istud
2298 3225 2579 3295 templum,
2621 3226 2779 3296 cujus
2826 3234 2967 3282 nunc
2996 3227 3182 3282 ruinas
3208 3229 3478 3299 videmus,

1881 3317 2108 3373 oﬂ‘endit
2151 3316 2436 3372 Dominum
2487 3333 2665 3373 suum.
2714 3317 2782 3372 Et
2835 3318 2965 3389 quid
3003 3318 3144 3375 dixit
3186 3321 3485 3380 Dominus?

1879 3409 2119 3481 Surgite,
2152 3409 2413 3466 abeamus
2445 3409 2568 3465 binc
2590 3409 2775 3483 (Joan.
2808 3411 2940 3483 ut).
2985 3412 3051 3467 Et
3079 3412 3209 3483 quid
3246 3414 3378 3469 dicit
3416 3416 3472 3471 in

1878 3502 1985 3556 alio
2017 3501 2167 3556 loco?
2217 3502 2574 3573 Relinquetur
2611 3503 2768 3558 vobis
2805 3503 3001 3560 domus
3028 3514 3208 3561 vestra
3251 3506 3473 3563 deserta

1879 3593 2031 3668 (Luc.
2080 3596 2222 3665 stu).
2258 3594 2521 3650 Dominus
2549 3609 2810 3666 egressus
2834 3607 2942 3663 est,
2972 3607 3029 3652 et
3061 3599 3320 3669 templum
3352 3610 3473 3655 cor-

1876 3686 2007 3762 ruit.
2044 3686 2157 3741 Hoc
2175 3686 2335 3757 igitur
2365 3690 2630 3758 templum
2659 3687 2714 3743 in
2745 3688 2976 3744 circuitu
3006 3690 3321 3760 quindecim
3349 3707 3482 3762 gra-

1880 3779 1982 3835 dus
2031 3778 2210 3834 habet.
2262 3779 2425 3850 Signa
2482 3780 2666 3849 aliqua
2715 3780 2961 3836 videmus
3005 3801 3017 3836 :
3068 3792 3374 3849 numerate,
3424 3788 3481 3841 et

1881 3871 2129 3927 videbitis
2158 3871 2230 3926 ita
2252 3885 2374 3926 esse
2394 3879 2451 3925 ut
2480 3871 2733 3926 dicimus.
2766 3871 2966 3927 Levita;
2988 3871 3172 3943 igitur,
3202 3883 3259 3930 et
3287 3890 3479 3931 sacer-

1882 3964 2057 4029 dotes,
2113 3963 2489 4034 unusquisque
2534 3962 2833 4018 secundum
2892 3951 3171 4021 ordinem,
3198 3968 3379 4024 stabat
3428 3970 3483 4024 in

1881 4055 2161 4129 gradibus.
2189 4055 2356 4112 Verbi
2383 4070 2545 4110 causa
2576 4072 2590 4110 :
2616 4056 2716 4123 Qui
2748 4057 2989 4126 pontifex
3034 4068 3174 4128 erat,
3216 4060 3396 4115 stabat
3426 4061 3483 4119 in

1884 4149 2060 4223 primo
2100 4147 2294 4219 gradu,
2328 4148 2433 4203 hoc
2463 4158 2571 4214 est,
2604 4149 2659 4204 in
2689 4150 2883 4219 quinto
2921 4150 3136 4208 decimo
3158 4151 3329 4223 gradu
3360 4169 3483 4209 sura-

1887 4257 2029 4299 sum.
2062 4240 2121 4296 in
2152 4239 2393 4297 secundo
2432 4254 2562 4296 vero
2596 4241 2768 4310 gradu
2806 4241 3025 4297 stabant
3059 4243 3392 4310 sacerdotes,
3424 4254 3486 4302 et

1889 4335 1943 4392 in
1970 4334 2101 4405 ipsis
2125 4332 2506 4391 sacerdotibus
2524 4342 2642 4389 erat
2667 4332 2975 4389 diversitas.
3004 4335 3061 4391 in
3081 4336 3244 4392 tertio
3262 4351 3482 4394 rursum

1889 4429 2132 4485 minores
2161 4427 2396 4482 stabant.
2429 4425 2487 4482 in
2517 4436 2714 4498 quarto
2759 4442 2977 4483 rursum
3010 4427 3229 4485 stabant
3258 4428 3484 4486 Levitm.

1892 4521 2117 4576 Etinter
2147 4518 2365 4575 Levites
2393 4527 2515 4574 erat
2564 4519 2733 4574 multa
2776 4519 3071 4576 diversitas
3110 4540 3122 4576 :
3155 4523 3489 4594 quicumque

1893 4619 2014 4667 erat
2041 4617 2342 4676 extremus,
2375 4607 2465 4663 ille
2504 4609 2557 4661 in
2598 4609 2900 4665 novissimo
2926 4610 3096 4680 gradu
3126 4621 3266 4667 erat.
3295 4613 3490 4669 Consi-

1896 4703 2086 4760 derate
2133 4702 2391 4769 quoniam
2437 4708 2717 4756 terrenum
2767 4701 2874 4756 hoc
2922 4702 3204 4772 templum,
3246 4705 3489 4763 calcati!

1899 4796 2086 4865 templi
2120 4795 2289 4865 ligura
2317 4801 2403 4849 est
2429 4811 2442 4847 :
2475 4790 2646 4849 Stella
2666 4792 2815 4848 enim
2842 4808 2874 4848 a
2901 4793 3062 4848 stella
3092 4793 3275 4851 dill‘ert
3290 4782 3353 4852 in
3380 4797 3490 4853 cla-
3559 4830 3567 4836 -

1899 4889 2099 4947 ritate:
2148 4886 2220 4941 ita
2251 4896 2307 4941 et
2352 4883 2687 4941 resurrectio
2729 4892 3066 4940 mortuorum
3098 4883 3168 4955 (ll
3196 4883 3319 4942 Ger.
3372 4887 3488 4959 xv).

1902 4982 2057 5040 Felix
2103 4980 2193 5052 qui
2234 4979 2288 5035 in
2321 4979 2514 5050 quinto
2548 4976 2763 5033 decimo
2789 4976 2962 5047 gradu
3007 4979 3063 5032 in
3091 4978 3302 5034 ccelesti
3331 4979 3491 5037 Jeru-

1903 5079 2095 5141 salem,
2119 5085 2175 5130 et
2203 5072 2258 5129 in
2293 5072 2495 5142 templo
2521 5086 2644 5127 esse
2672 5070 2954 5127 meruerit.
2982 5069 3183 5125 Tamen
3206 5072 3332 5142 quia
3358 5072 3491 5129 illud

1904 5169 2108 5243 grande
2137 5175 2244 5235 est,
2276 5175 2332 5223 et
2360 5164 2488 5221 illud
2521 5172 2650 5235 puto
2679 5178 2802 5220 esse
2845 5164 3240 5235 apostolorum,
3285 5173 3495 5238 martya

1906 5277 2135 5332 rumque
2173 5265 2486 5316 sanctorum
2521 5271 2534 5310 :
2568 5272 2670 5313 nos
2697 5268 2941 5322 oremus,
2976 5266 3034 5312 ut
3061 5256 3256 5314 saltem
3284 5258 3336 5313 in
3374 5258 3501 5313 uitia

1909 5373 1998 5414 mo
2027 5354 2198 5426 gradu
2223 5350 2409 5421 templi
2438 5348 2652 5405 Domini
2681 5362 3165 5404 esse‘mereamur.
3190 5348 3248 5404 In
3271 5349 3503 5405 diversis

196 5444 431 5514 “taedium
473 5459 556 5506 est
584 5452 946 5509 audientibus.
975 5449 1143 5508 'Unde
1171 5460 1229 5505 et
1260 5448 1556 5519 Apostolus
1582 5446 1811 5519 quinde-
1911 5446 2131 5519 quidem
2148 5451 2295 5500 stant
2320 5440 2606 5513 gradibus,
2632 5440 2727 5497 sed
2753 5456 2920 5496 unum
2946 5439 3212 5510 psalmum
3239 5441 3294 5495 in
3316 5439 3505 5496 laudes

231 5533 328 5590 cim
353 5538 467 5596 dies
508 5558 569 5600 se
597 5552 825 5600 testatur
854 5545 1047 5600 iecisse
1076 5543 1216 5614 apud
1251 5543 1466 5599 Petrum
1502 5542 1553 5596 in
1593 5540 1811 5597 Jernso.
1917 5538 2132 5596 Domini
2156 5543 2377 5593 canunt.
2411 5532 2640 5588 Diversa
2673 5531 2794 5587 loca
2817 5539 2979 5587 sunt:
3004 5531 3099 5588 sed
3131 5548 3238 5587 una
3264 5532 3380 5587 laus
3405 5532 3510 5587 Deo

235 5623 385 5698 lima,
421 5644 476 5690 ttt
509 5639 774 5696 conterret
822 5648 1113 5707 utrumque
1140 5636 1574 5705 Testamentum,
1607 5644 1663 5691 et
1688 5646 1812 5705 sep-
1919 5633 2072 5691 mini.
2106 5631 2218 5686 Hoc
2248 5627 2391 5699 quod
2419 5626 2654 5683 diximus
2683 5625 2753 5681 de
2774 5625 2985 5683 cmlcsti
3018 5624 3514 5695 Jerusalem,nunc

234 5724 505 5796 tenariam,
533 5742 592 5788 et
626 5734 965 5789 octonarium
999 5730 1199 5802 (Galat.
1234 5727 1316 5799 ιι).
1349 5728 1513 5784 Multa
1542 5741 1667 5784 sunt
1692 5740 1815 5800 quae
1920 5727 2140 5784 interim
2170 5724 2227 5779 in
2252 5723 2360 5778 isto
2389 5718 2594 5777 saeculo
2617 5719 2924 5787 constituti,
2958 5727 3089 5791 puto
3115 5717 3310 5775 diebus
3336 5720 3515 5776 omni—

226 5808 476 5874 dicantur.
520 5826 617 5881 Ad
664 5824 952 5881 Dominum
991 5841 1107 5877 cum
1151 5820 1430 5876 lribularer
1473 5822 1714 5887 clamavi,
1766 5832 1815 5876 et
1923 5821 2024 5877 bus
2045 5816 2314 5874 exerceri.
2349 5815 2503 5872 Alius
2525 5821 2779 5869 nosuum
2808 5812 3062 5885 inprime
3080 5811 3253 5884 gradu
3280 5821 3390 5882 est,
3413 5826 3521 5868 non
