3982 6342
499 294 630 351 1‘27!

1279 286 1629 349 APPENDIX
1668 291 1759 348 AD
1798 291 2046 348 TOMUM
2082 291 2434 348 SEPTIMUM
2473 292 2534 348 S.
2577 289 2973 348 ΗΙΕΒΟΝῚΜΙ.

3653 293 3682 347 Ι
3694 289 3822 349 Ξῖὶ

491 412 750 482 desperet
778 410 1109 475 secundum;
1143 409 1234 480 qui
1266 409 1321 465 in
1359 408 1600 465 secundo
1630 409 1803 480 gradu
1830 418 1933 475 est,
1979 422 2088 463 non
2115 413 2164 474 Α
2193 408 2259 462 ad
2288 421 2451 479 regna
2478 407 2743 465 cmlorum
2782 421 2796 462 :
2841 406 2936 463 scd
2967 405 3084 464 sine
3110 406 3354 479 jejuniis,
3377 422 3489 463 non
3522 421 3812 463 conscen-

497 503 750 575 desperet
797 504 1039 559 tertium.
1073 501 1286 557 Felices
1332 509 1623 574 martyres,
1660 515 1888 572 quorum
1934 500 2093 555 multi

496 596 568 654 de
597 598 895 654 novissimo
924 595 1119 668 gradu,
1168 595 1221 651 in
1264 595 1497 666 primum
1526 595 1751 667 gradum
1792 593 2093 650 ascendere

495 698 836 747 meruerunt.
863 688 966 756 Qui
997 689 1135 744 vivit
1160 689 1213 744 in
1239 690 1344 745 isto
1372 688 1598 756 sacculo,
1626 703 1737 742 non
1770 695 1951 759 potest
1976 697 2090 742 sta-

498 783 594 837 tim
621 782 690 837 de
720 782 898 852 primo
927 781 998 837 ad
1025 796 1296 837 summum
1338 781 1733 838 conscendere.
1766 779 1884 837 Non
1924 780 2095 836 debe-

497 891 620 929 mus
648 875 810 946 igitur
834 875 1077 931 contenti
1107 891 1231 931 esse
1258 875 1435 946 primo
1462 873 1654 946 gradu,
1689 889 1904 943 semper
1927 872 2096 928 debe-

498 983 621 1024 mus
650 968 715 1024 ad
771 969 977 1041 majora
1016 970 1228 1025 conari.
1275 968 1387 1025 Nec
1423 969 1515 1040 qui
1552 968 1608 1023 in
1646 969 1945 1023 novissimo
1986 976 2091 1034 est,

501 1060 758 1132 desperet
789 1062 1021 1132 primum
1050 1078 1064 1128 ;
1100 1076 1200 1117 nec
1228 1061 1320 1132 qui
1349 1061 1405 1117 in
1438 1061 1614 1132 primo
1645 1070 1752 1129 est,
1785 1059 1947 1115 debet
1972 1074 2095 1116 esse

498 1168 765 1210 securus:
795 1163 977 1226 potest
1009 1155 1155 1210 enim
1183 1154 1385 1209 cadere
1415 1155 1466 1208 in
1504 1152 1778 1209 ultimum.
1821 1153 1933 1223 Ego
1964 1160 2095 1222 puto

500 1246 634 1301 illud
665 1263 786 1302 esse
817 1248 959 1319 quod
994 1247 1261 1318 signiﬁcat
1281 1247 1449 1303 etiam
1482 1246 1652 1302 Jacob
1683 1246 1848 1313 scala,
1877 1244 2095 1317 quando

503 1339 642 1410 fugit
669 1339 837 1396 Jacob
864 1338 1003 1394 Esau
1032 1338 1256 1395 fratrem
1295 1354 1475 1394 suum.
1509 1340 1577 1394 Et
1606 1338 1775 1404 venit,
1810 1338 2007 1409 inquit,
2041 1338 2094 1392 in

498 1431 709 1497 Bethel,
742 1442 797 1487 et
827 1431 1089 1487 dormivit
1118 1431 1213 1499 ibi,
1247 1440 1305 1487 et
1351 1432 1533 1502 posuit
1564 1431 1800 1502 lapidem
1839 1431 1905 1487 ad
1935 1439 2098 1502 caput

496 1543 658 1583 suum
684 1526 838 1600 (Gen.
864 1527 1080 1599 xxvnt).
1100 1525 1293 1582 Videte
1308 1528 1535 1587 sums»
1557 1534 1829 1594 nostrum,
1855 1526 2098 1598 fugiebat

496 1620 779 1675 hominem
818 1619 1279 1689 crudelissimum,
1316 1618 1552 1690 fugiebat
1583 1619 1831 1687 fratrem,
1861 1629 1917 1673 et
1945 1617 2099 1672 auxi-

501 1712 631 1765 lium
662 1711 869 1766 iuvenit
891 1711 943 1766 in
971 1710 1176 1782 lapide.
1203 1712 1366 1783 Lapis
1396 1712 1491 1767 ille
1518 1709 1767 1767 Christus
1789 1720 1874 1766 est
1898 1728 1910 1764 :
1955 1710 2096 1780 lapis

2195 500 2372 555 dimus
2423 500 2489 555 ad
2530 515 2693 571 regna
2737 500 3019 556 caelorum.
3052 498 3179 556 Sola
3228 516 3335 556 non
3378 510 3634 571 prosunt,
3674 514 3817 556 cum

2194 594 2315 648 aliis
2338 604 2584 664 prosunt.
2615 595 2728 649 Hoc
2754 602 2923 650 totum
2951 608 3118 663 quare
3143 593 3291 649 dixi?
3319 594 3457 660 Quia
3485 595 3645 664 quasi
3674 595 3816 649 fun-

2196 684 2505 741 damentum
2545 697 2627 741 est
2653 685 3077 742 ascendentibus
3115 686 3183 741 ad
3222 681 3452 756 majora.
3503 685 3814 744 Secundus

2196 793 2327 833 vero
2351 777 2549 849 gradus
2578 788 2699 836 est:
2729 780 2930 835 saeculo
2959 781 3288 847 renuntiare,
3324 780 3459 836 nihil
3489 781 3562 838 de
3585 784 3811 839 saeculo

2196 887 2462 943 qumrere,
2491 880 2705 928 terrena
2728 883 3099 929 contemnere.
3126 873 3338 944 Aliquis
3367 874 3553 930 dicat:
3585 876 3656 930 Et
3698 876 3816 932 hoc

2198 966 2375 1020 facere
2417 965 2688 1020 secundus
2715 966 2832 1021 cSt?
2872 965 2987 1037 Ego
3012 965 3136 1022 dico
3164 966 3489 1042 secundum.
3538 967 3691 1023 Nihil
3718 976 3814 1025 est

2199 1064 2415 1112 terrena
2435 1058 2707 1112 dimittere
2728 1074 2741 1113 :
2766 1058 2893 1113 vitia
2919 1059 3115 1114 anima:
3134 1060 3432 1128 dimittere,
3457 1061 3671 1131 grande
3691 1072 3806 1118 est.

2197 1147 2255 1204 Si
2279 1149 2421 1204 enim
2444 1149 2788 1219 jejunavero,
2813 1149 2913 1206 hoc
2934 1159 3037 1218 est,
3063 1151 3110 1206 si
3136 1150 3289 1208 fuero
3313 1152 3368 1207 in
3393 1153 3573 1224 primo
3590 1155 3807 1225 gradu:

2198 1243 2242 1298 si
2272 1242 2532 1298 dimisero
2572 1243 2944 1313 possessiones
2992 1258 3163 1311 meas,
3195 1243 3300 1300 hoc
3328 1254 3432 1312 est,
3466 1246 3514 1301 si
3547 1247 3708 1303 fuero
3747 1249 3805 1305 in

2199 1334 2438 1391 secundo
2465 1334 2659 1406 gradu,
2690 1335 2819 1406 quid
2862 1335 2994 1390 mihi
3026 1337 3265 1407 prodest,
3311 1340 3357 1394 si
3406 1341 3625 1396 rixosus
3653 1360 3799 1410 sum,

2198 1429 2245 1484 si
2275 1429 2561 1483 iracundus
2591 1444 2733 1495 sum,
2764 1430 2807 1484 si
2835 1429 3108 1488 detractor
3134 1447 3281 1498 sum,
3311 1434 3358 1489 si
3389 1434 3614 1492 invidus
3642 1438 3804 1492 sum?

2197 1520 2342 1576 Nihil
2391 1520 2593 1592 grande
2639 1530 2724 1576 est
2773 1530 2986 1577 terrena
3034 1522 3352 1580 dimittere:
3406 1527 3618 1597 majora
3674 1535 3805 1583 sunt

2199 1614 2347 1680 vitia,
2380 1628 2501 1685 qua:
2543 1611 2864 1669 dimittenda
2895 1624 3042 1670 sunt.
3071 1614 3179 1672 Sed
3226 1617 3376 1673 dicat
3405 1619 3627 1690 aliquis,
3663 1621 3803 1677 difﬁ-

2200 1707 2304 1764 cile
2328 1718 2411 1763 eSt
2437 1722 2451 1763 :
2478 1707 2687 1778 grande
2714 1716 2797 1764 est
2826 1722 2839 1763 :
2870 1707 3066 1764 durum
3086 1718 3190 1765 est.
3214 1710 3282 1766 Et
3302 1711 3428 1767 ideo
3456 1714 3672 1783 grande
3697 1724 3801 1786 est,

499 1803 592 1859 hic
620 1802 705 1858 his
733 1804 821 1873 qui
866 1805 1299 1874 persecutionem
1345 1804 1650 1876 patiuntur,
1696 1801 1959 1857 auxilium
1988 1811 2091 1857 est.
2128 1805 2172 1866 Β
2200 1800 2322 1869 quia
2352 1800 2572 1856 difﬁcile
2601 1811 2684 1856 est
2713 1819 2727 1855 :
2784 1802 3125 1860 athletamou
3154 1817 3467 1873 coronatur,
3517 1805 3622 1861 nisi
3675 1807 3809 1879 legi-

503 1896 776 1953 Caeterum
821 1897 1026 1953 Judasis
1067 1898 1391 1965 incredulis,
1442 1898 1583 1968 lapis
1633 1895 1988 1965 offensionis,
2041 1906 2099 1951 et

509 2003 661 2064 petra
690 1993 929 2049 scandali
961 1994 1007 2066 (Ι
1042 1992 1185 2049 Petr.
1215 1991 1299 2066 ιι).
1330 1993 1396 2048 Et
1424 1993 1576 2059 vidit,
1610 1990 1803 2062 inquit,
1836 1990 1909 2045 ibi
1933 1989 2100 2046 Jacob

438 2122 441 2123 ν
505 2088 708 2142 scalam
729 2096 967 2142 erectam
990 2086 1059 2142 de
1083 2095 1225 2142 terra
1251 2102 1422 2158 usque
1450 2084 1518 2141 ad
1533 2084 1754 2150 coelum,
1778 2093 1834 2139 et
1856 2083 1908 2138 in
1939 2083 2099 2157 cudo,

500 2181 698 2251 inquit,
738 2182 1046 2237 Dominum.
1082 2182 1151 2236 Et
1187 2181 1341 2247 vidit,
1391 2181 1588 2251 inquit,
1637 2179 1863 2249 angelos
1906 2192 2101 2233 ascen-

501 2274 696 2332 dentes
740 2285 797 2331 et
836 2275 1250 2331 descendentes.
1298 2275 1492 2331 Videte
1540 2274 1671 2345 quid
1702 2274 1849 2330 dicat
1892 2291 1905 2329 :
1954 2273 2105 2329 Vidit

504 2369 730 2438 angelos
774 2367 1207 2424 conscendentes
1243 2385 1258 2422 :
1299 2367 1439 2422 vidit
1470 2367 1695 2421 Paulum
1726 2366 2102 2421 conscenden-

506 2469 638 2514 tem.
686 2459 836 2514 Vidit
882 2459 1105 2529 angelos
1155 2458 1597 2514 descendentes:
1644 2457 1812 2512 Judas
1860 2456 2105 2527 proditor

508 2552 815 2607 corruebat.
861 2550 1009 2607 Vidit
1050 2551 1271 2621 angelos
1300 2551 1659 2606 ascendentes
1697 2567 1711 2604 :
1756 2559 1977 2607 sanctos
2008 2550 2106 2606 bo-’

510 2628 685 2702 mines
716 2646 783 2701 de
815 2654 962 2702 terra
1005 2645 1071 2700 ad
1102 2645 1302 2701 caelum
1337 2654 1649 2716 pergentes.
1690 2643 1837 2700 Vidit
1885 2647 2105 2716 angelos

507 2738 908 2793 descendentes
948 2754 962 2791 :
1009 2737 1285 2793 diabolum
1316 2745 1371 2792 et
1404 2737 1681 2794 daemones
1706 2752 1828 2793 cum
1860 2739 2106 2794 exercitu

508 2850 609 2890 suo
639 2834 707 2889 de
733 2834 873 2890 coelo
903 2832 1299 2904 przecipitatos.
1333 2832 1571 2889 Grandis
1602 2840 1685 2887 est
1720 2831 2012 2887 difﬁcultas
2038 2831 2107 2888 de

511 2926 675 2981 terris
737 2926 803 2980 ad
861 2926 1104 2982 caelestia
1160 2926 1550 2981 conscendere.
1609 2924 1843 2980 Facilius
1898 2925 2105 2980 ruimus

509 3034 673 3090 quam
701 3019 1138 3087 conscendimus,
1183 3018 1343 3074 facile
1390 3019 1597 3073 ruimus
1626 3035 1639 3072 :
1680 3018 1729 3071 in
1762 3014 2106 3072 ascendendo

507 3112 728 3183 grandis
749 3112 901 3167 labor
931 3112 1268 3183 est,grandis
1283 3110 1451 3167 sudor
1471 3119 1574 3167 est.
1606 3111 1660 3167 Si
1678 3109 1898 3167 fueroin
1931 3110 2106 3181 primo

2204 1896 2332 1949 time
2381 1894 2694 1949 certaverit.
2728 1893 2869 1949 Nulli
2916 1894 3080 1950 faciat
3109 1895 3574 1966 desperationem,
3602 1898 3805 1955 arduus

2203 2003 2465 2044 ascensus
2493 1996 2598 2054 est,
2631 1988 2864 2044 difficilis
2892 1999 2976 2046 est
3009 2002 3023 2043 :
3048 1990 3362 2060 desperatio
3389 1992 3655 2048 nascitur.
3686 1992 3807 2048 Noli

2203 2080 2517 2153 desperare,
2544 2098 2575 2137 ο
2607 2082 2792 2150 homo,
2818 2082 2874 2139 in
2895 2084 3086 2155 quinto
3109 2083 3323 2141 decimo
3349 2084 3522 2156 gradu
3540 2085 3807 2142 Dominus
3854 2110 3861 2115 η

2203 2189 2366 2244 supra
2396 2186 2517 2230 est:
2568 2174 2809 2231 intuetur
2836 2184 2891 2233 te
2920 2188 2939 2231 :
2991 2176 3085 2232 dat
3126 2178 3410 2233 auxilium.
3438 2178 3498 2235 Si
3530 2178 3593 2233 in
3632 2181 3806 2249 primo

2202 2268 2372 2339 gradu
2401 2283 2479 2334 es,
2525 2277 2580 2323 et
2607 2268 2820 2324 videtur
2849 2267 2947 2323 tibi
2974 2269 3179 2340 grande
3219 2284 3344 2326 esse
3374 2270 3616 2340 spatium
3667 2274 3805 2327 inter

2208 2360 2462 2433 primum,
2504 2371 2561 2416 et
2583 2362 2830 2433 quintum
2860 2361 3136 2418 decimum
3167 2379 3183 2420 :
3227 2364 3336 2420 noli
3365 2364 3651 2434 respicere
3678 2380 3800 2436 gra-

2207 2454 2357 2520 dum,
2390 2454 2485 2509 sed
2517 2455 2714 2511 ctelum
2755 2456 2961 2526 aspice.
3003 2456 3072 2511 Et
3116 2455 3243 2512 vide
3294 2457 3422 2528 quid
3471 2456 3644 2513 dicat.
3692 2456 3801 2513 Non

2207 2547 2379 2606 dixit:
2437 2546 2560 2603 Vidi
2604 2547 2893 2603 Dominum
2948 2558 3183 2605 stantem
3239 2549 3295 2605 in
3349 2550 3541 2622 quinto
3595 2551 3801 2607 decimo

2209 2641 2377 2710 gradu
2410 2659 2425 2699 :
2460 2656 2559 2697 nos
2584 2641 2728 2698 enim
2755 2641 2822 2697 ad
2852 2649 3109 2715 stantem,
3141 2651 3197 2698 et
3225 2652 3473 2699 erectum
3519 2644 3802 2700 Dominum

2209 2738 2496 2808 pervenire
2523 2752 2628 2793 non
2660 2745 3004 2808 poteramus;
3034 2736 3130 2793 sed
3161 2737 3287 2794 vide
3309 2737 3435 2808 quid
3466 2738 3658 2794 dicat:
3689 2738 3805 2793 Vidi

2212 2832 2499 2887 Dominum
2548 2833 2865 2888 innitentem
2913 2846 3078 2903 super
3124 2832 3326 2888 scalam
3361 2831 3519 2903 (Gen.
3552 2832 3799 2904 xxxvm).

2210 2924 2348 2980 Vide
2393 2925 2523 2996 quid
2569 2924 2712 2980 dicat
2738 2925 2807 2981 de
2848 2940 2915 2981 eo
2938 2926 3031 2997 qui
3056 2925 3232 2981 stabat
3265 2925 3619 2983 :lucurvavit
3645 2941 3728 2993 se,
3757 2935 3808 2982 et

2214 3018 2515 3073 liumiliavit
2541 3032 2623 3085 se,
2666 3027 2725 3073 ut
2754 3032 2853 3072 nos
2882 3031 3165 3088 possemus
3193 3018 3507 3074 ascendere.
3548 3017 3807 3075 Dominus

2214 3110 2472 3166 incurvus
2527 3121 2611 3167 est
2667 3121 2889 3181 propter
2930 3122 3012 3178 te,
3056 3109 3360 3165 humiliavit
3408 3124 3467 3165 se
3519 3125 3535 3167 :
3584 3124 3806 3166 securus

508 3204 703 3275 gradu,
746 3216 1002 3277 quantum
1051 3204 1181 3286 mihi
1224 3215 1396 3261 restat
1436 3219 1610 3275 usque
1655 3204 1721 3259 ad
1761 3204 1996 3259 malum!
2045 3202 2103 3259 Si
2133 3192 2179 3255 C
2209 3202 2463 3258 ascende.
2483 3201 2588 3257 Iste
2606 3201 2788 3273 igitur,
2819 3201 2911 3272 qui
2943 3200 3167 3256 nuncin
3193 3200 3367 3270 primo
3388 3200 3560 3272 gradu
3582 3210 3687 3267 est,
3702 3215 3805 3286 non

508 3297 664 3352 fuero
693 3298 747 3353 in
776 3297 1040 3363 secundo,
1074 3298 1118 3351 si
1151 3298 1203 3352 in
1235 3297 1417 3363 tertio,
1443 3298 1489 3351 si
1510 3298 1563 3352 in
1591 3305 1810 3367 quarto,
1840 3296 1885 3351 si
1919 3296 1971 3351 in
2001 3295 2104 3351 de-

509 3390 675 3456 cimo,
693 3390 820 3460 quid
843 3391 975 3446 mihi
998 3390 1220 3461 prodest
1245 3390 1348 3446 nisi
1376 3390 1444 3445 ad
1474 3404 1744 3444 summum
1768 3388 2107 3459 pervenero?

513 3483 623 3540 Fac
671 3483 800 3538 mihi
831 3484 988 3546 istam
1036 3484 1240 3539 scalam
1278 3482 1586 3553 quindecim
1627 3481 1831 3536 habere
1859 3481 2104 3552 gradus:

510 3577 635 3631 veni
660 3590 831 3645 usque
855 3576 922 3630 ad
949 3585 1200 3646 quartum
1227 3574 1532 3640 decimum;
1562 3574 1665 3629 nisi
1693 3574 1939 3645 quintum
1963 3572 2111 3628 deci-

511 3683 660 3723 mum
693 3678 942 3733 tenuero,
973 3666 1102 3738 quid
1146 3666 1280 3721 mihi
1318 3667 1541 3735 prodest
1572 3665 1714 3736 quod
1759 3664 1825 3719 ad
1855 3674 2108 3736 quartum

511 3762 782 3819 decimum
816 3760 976 3817 veni?
1013 3761 1078 3815 Et
1125 3759 1171 3815 si
1213 3759 1279 3814 ad
1319 3758 1567 3830 quintum
1598 3757 1866 3813 decimum
1904 3772 2109 3814 venero

510 3868 566 3914 et
602 3872 892 3924 corruero,
942 3855 1119 3927 major
1155 3868 1433 3923 ascensus,
1478 3852 1651 3923 major
1685 3853 1841 3907 ruina
1872 3862 1975 3907 est.
2025 3850 2111 3906 Si-

514 3950 738 4019 mulque
764 3948 1048 4004 considera
1080 3954 1479 4002 sacramentum
1513 3962 1525 3997 :
1558 3944 1681 4015 quia
1709 3942 1931 4013 grandis
1958 3943 2110 3997 labor

512 4052 617 4108 est,
658 4051 714 4095 et
740 4042 960 4110 grandis
992 4040 1178 4106 sudor,
1207 4040 1275 4095 de
1308 4040 1471 4095 terris
1500 4038 1566 4093 ad
1596 4037 1796 4095 coelum
1839 4053 2108 4093 conscen-

511 4134 659 4190 dere.
685 4132 859 4188 Vultis
879 4134 1020 4188 scire
1045 4133 1135 4203 qui
1159 4141 1285 4186 sunt
1309 4132 1396 4186 isti
1421 4130 1658 4200 gradus?
1680 4130 1780 4199 Qui
1800 4139 1885 4185 est
1902 4131 2108 4199 primus

508 4226 744 4300 gradus?
792 4227 905 4298 Ego
950 4235 1079 4296 puto
1115 4224 1348 4295 primum
1379 4224 1602 4294 gradum
1634 4238 1756 4278 esse
1791 4223 2054 4294 jejunium
2090 4239 2103 4276 :

511 4320 688 4375 adhuc
726 4320 872 4375 enim
907 4319 1058 4388 juxta
1091 4327 1290 4372 terram
1337 4323 1455 4371 est:
1492 4314 1800 4370 recedimus
1841 4314 1910 4370 de
1938 4324 2105 4381 terra,

506 4411 960 4467 conscendimus:
997 4419 1178 4465 tamen
1219 4408 1397 4463 adhuc
1434 4408 1502 4463 de
1532 4408 1785 4472 terrenis,
1814 4416 1871 4464 et
1906 4422 2105 4479 corpo-

507 4504 713 4560 ralibus
740 4502 1062 4574 cogitamus.
1099 4500 1249 4557 Dicat
1278 4501 1509 4573 aliquis:
1549 4501 1674 4572 quid
1718 4501 1849 4557 mihi
1880 4503 2103 4573 prodest

499 4596 806 4669 jejunium?
831 4611 933 4668 ego
959 4611 1166 4667 quaero,
1212 4604 1273 4650 ut
1300 4598 1477 4651 anima
1509 4611 1627 4652 mea
1666 4610 1799 4667 pura
1845 4596 1917 4651 sit
1959 4596 2099 4666 apud

509 4689 795 4745 Dominum
825 4705 839 4741 :
866 4689 1053 4760 quanti
1084 4702 1191 4745 non
1218 4687 1485 4759 jejunant,
1518 4697 1574 4743 et
1593 4689 1766 4743 sancti
1797 4688 1956 4743 sunt!
1989 4687 2100 4758 Ego

503 4796 614 4837 non
648 4780 750 4836 hoc
780 4780 921 4837 dico.
953 4779 1012 4837 Si
1033 4779 1234 4836 Paulus
1256 4780 1533 4850 apostolus
1553 4778 1860 4849 castigabat
1901 4793 2099 4849 corpus

502 4890 685 4946 suum,
730 4884 786 4931 et
812 4874 1055 4931 servituti
1087 4873 1450 4944 subjiciehat:
1493 4887 1562 4928 ne
1605 4872 1727 4928 aliis
1762 4872 2093 4941 praedicans,

496 4950 615 5042 ipse
644 4969 905 5039 reprobus
933 4968 1269 5023 inveniretur
1289 4966 1330 5038 (Ι
1361 4966 1481 5020 Cor.
1515 4964 1618 5037 ix);
1651 4966 1694 5019 si
1719 4964 1849 5020 dicit
1877 4981 1890 5015 :
1928 4965 2095 5021 Video

493 5071 675 5117 autem
703 5061 863 5116 aliam
892 5059 1063 5129 legem
1108 5058 1451 5115 resistentem
1482 5058 1584 5127 legi
1614 5057 1812 5111 mentis
1839 5072 1997 5123 meae,
2041 5065 2096 5112 et

496 5153 787 5208 ducentem
820 5166 906 5206 me
937 5150 990 5205 in
1016 5151 1424 5222 captivitatem;
1453 5158 1509 5205 et
1540 5158 1724 5217 postea
1741 5148 1910 5204 dicit:
1946 5148 2091 5205 Infe-

492 5242 568 5300 lix
598 5259 699 5315 ego
731 5245 915 5309 homo,
964 5243 1085 5314 quis
1126 5258 1214 5298 me
1253 5240 1505 5298 liberabit
1531 5241 1599 5297 de
1627 5256 1862 5313 corpore
1900 5243 2093 5298 mortis

490 5337 683 5407 hujus!
732 5336 778 5392 si
824 5335 917 5392 ille
962 5335 1191 5391 insidias
1243 5334 1491 5406 corporis
1536 5333 1710 5402 timet,
1762 5350 1859 5390 nos
1911 5336 2088 5391 securi

493 5429 716 5485 sumus?
757 5430 811 5485 Si
843 5430 932 5484 ille
971 5428 1102 5485 dicit
1131 5447 1144 5483 :
1176 5428 1404 5498 Quando
1438 5428 1706 5493 iuﬁrmor,
1741 5439 1869 5485 tunc
1897 5429 2091 5487 fortior

493 5535 614 5576 sum
641 5539 653 5574 :
686 5521 974 5578 inﬁrmitas
998 5522 1267 5592 corporis,
1295 5523 1498 5577 sanitas
1521 5521 1715 5577 animae
1745 5531 1846 5577 cst.
1874 5520 1986 5578 Hoc
2010 5532 2089 5576 to-

492 5621 606 5666 tum
636 5628 806 5682 quare
829 5612 951 5668 dico
976 5630 990 5667 :
1013 5613 1148 5681 Quia
1174 5614 1496 5670 abstinentia
1525 5614 1734 5685 primus
1755 5613 1954 5685 gradus
1974 5625 2083 5683 est,

491 5714 547 5757 et
575 5720 682 5759 non
713 5707 893 5760 statim
940 5713 1190 5775 putemus
1215 5707 1359 5777 quod
1387 5707 1433 5762 si
1456 5706 1920 5778 jejunaverimus,
1952 5722 2085 5763 con—

519 5793 813 5850 cendamus
826 5796 893 5850 ad
914 5811 1076 5866 regna
1098 5797 1383 5854 caelorum.
1399 5798 1611 5868 Jejuuia
1632 5813 1732 5856 nos
1755 5814 1860 5856 non
1882 5799 2088 5856 ducunt

2210 3304 2292 3352 est
2323 3298 2373 3350 in
2416 3296 2763 3352 tribulatione
2796 3310 2811 3351 :
2850 3296 2961 3367 jam
3003 3295 3149 3351 enim
3190 3294 3422 3350 recessit
3463 3295 3533 3352 de
3581 3284 3807 3351 tribui};

2214 3392 2383 3458 tiouc,
2412 3391 2520 3462 jam
2558 3392 2610 3445 in
2645 3392 2819 3461 primo
2847 3390 3019 3462 gradu
3058 3391 3237 3460 posuit
3268 3388 3487 3460 pedem.
3516 3388 3635 3445 Non
3666 3391 3806 3445 enim

2210 3484 2374 3541 dicit:
2403 3484 2557 3541 Nunc
2582 3484 2829 3551 tribulor,
2856 3498 2999 3539 nunc
3023 3485 3231 3550 clamo;
3261 3482 3358 3539 sed
3396 3483 3521 3553 quia
3554 3484 3610 3539 in
3641 3483 3805 3554 primo

2210 3576 2377 3646 gradu
2409 3585 2511 3641 est,
2546 3578 2709 3632 refert
2738 3576 2865 3647 quid
2911 3590 3102 3647 passus
3127 3585 3230 3631 est.
3264 3575 3334 3631 Et
3373 3575 3503 3645 quid
3534 3576 3702 3631 dicit?
3731 3575 3806 3629 Ad

2210 3667 2492 3722 Dominum
2539 3685 2657 3723 cum
2688 3668 2982 3734 m‘bularer,
3030 3668 3273 3734 clamavi,
3315 3679 3365 3723 et
3393 3670 3661 3724 exaudivit
3706 3685 3802 3724 me.

2210 3762 2513 3832 Antequam
2545 3761 2602 3817 in
2641 3762 2818 3832 primo
2846 3760 3016 3833 gradu
3047 3760 3239 3831 pedem
3273 3776 3561 3831 ponerem,
3595 3763 3805 3817 tribula-

2214 3855 2333 3926 bar,
2363 3857 2487 3926 quia
2529 3871 2634 3910 non
2674 3866 2916 3925 poteram
2952 3864 3168 3912 terrena
3199 3855 3497 3911 dimittere.
3521 3857 3607 3910 Ad
3627 3854 3805 3911 Damt

2210 3964 2334 4002 num
2370 3964 2488 4005 cum
2511 3947 2786 4002 tribularcr
2811 3946 3056 4015 clamavi,
3090 3955 3139 4002 et
3169 3949 3431 4002 exaudivit
3459 3965 3563 4003 me.
3593 3947 3804 4002 Videtur

2210 4039 2313 4095 iste
2351 4039 2655 4095 versiculus
2684 4039 2816 4095 nihil
2849 4040 3050 4096 habere
3091 4040 3443 4096 intrinsecus.
3496 4040 3802 4096 Versiculos

2211 4147 2410 4204 parvus
2430 4141 2549 4189 est:
2581 4132 2675 4188 sed
2717 4143 2827 4188 tres
2857 4146 3052 4189 sensus
3080 4132 3242 4187 habet
3268 4133 3319 4186 in
3348 4147 3410 4187 se
3439 4133 3647 4203 pariter
3674 4148 3799 4190 con-

2210 4226 2531 4298 glutinatos.
2585 4224 2724 4292 Quid
2757 4225 2900 4279 enim
2950 4224 3125 4279 dicit?
3169 4222 3299 4278 Cum
3347 4223 3650 4291 tribalarer,
3684 4238 3802 4279 ecce

2210 4335 2400 4386 unum,
2416 4319 2665 4385 clamavi;
2686 4325 2741 4373 et
2760 4327 2879 4388 post
2904 4317 3198 4372 clamorem
3222 4316 3388 4388 quid?
3408 4325 3455 4372 et
3479 4317 3679 4372 audivit
3708 4333 3799 4371 me.

2207 4411 2265 4467 lu
2306 4426 2415 4467 uno
2454 4426 2616 4467 versu
2661 4411 2810 4481 prior
2847 4409 3145 4489 tribulatio,
3178 4409 3457 4477 clamatio,
3508 4408 3798 4466 exauditio.

2207 4502 2325 4560 Non
2374 4500 2513 4559 dixit
2560 4520 2576 4561 ε
2630 4503 2858 4572 Quando
2903 4516 3127 4558 securus
3157 4516 3333 4569 eram,
3384 4500 3605 4572 quando
3657 4501 3800 4555 lmtus

2131 4574 2186 4635 D
2208 4613 2384 4665 eram,
2417 4598 2669 4667 clamavi,
2701 4598 2796 4654 sed
2826 4596 3045 4668 quando
3069 4596 3391 4662 tribulahar,
3421 4594 3676 4653 clamavi.
3706 4594 3798 4649 Pe-

2211 4693 2344 4763 titis,
2386 4692 2579 4763 inquit,
2612 4699 2668 4747 et
2713 4707 2821 4748 non
2863 4690 3198 4747 exaudimiui
3240 4705 3256 4745 ξ
3294 4689 3421 4759 quia
3469 4688 3797 4759 negligenter

2208 4785 2390 4856 petitis
2420 4783 2562 4856 (Jac.
2595 4783 2696 4842 ιν).
2741 4782 2824 4837 Ad
2855 4782 3135 4836 Dominum
3184 4797 3301 4835 rum
3348 4779 3649 4846 tribularer,
3698 4778 3799 4832 cla-

2206 4878 2362 4943 mavi,
2395 4886 2445 4932 et
2471 4876 2732 4932 exaudivit
2754 4893 2852 4930 me.
2884 4875 3023 4944 Quid
3069 4891 3158 4931 me
3180 4873 3498 4930 exaudivit?
3540 4873 3690 4929 Fecit
3717 4885 3795 4926 me

2204 4979 2351 5026 stare
2398 4969 2450 5024 iu
2501 4970 2677 5040 primo
2729 4967 2940 5040 gradu?
2977 4983 3165 5023 verum
3216 4967 3285 5022 ad
3337 4967 3792 5038 comparationem

2203 5062 2375 5132 quinti
2400 5061 2596 5117 decimi
2635 5059 2859 5132 gradus,
2892 5059 3022 5132 quid
3055 5068 3142 5115 est
3171 5059 3367 5115 essein
3392 5058 3575 5130 primo
3600 5054 3791 5129 gradu?

2201 5152 2393 5209 Dimisi
2423 5165 2660 5220 terrena,
2686 5152 2917 5209 necdum
2941 5152 3009 5207 ad
3032 5151 3142 5207 alta
3162 5150 3459 5207 conscendi
3485 5169 3497 5206 :
3537 5165 3668 5223 ergo
3693 5163 3790 5204 non

2199 5245 2377 5303 debeo
2423 5261 2546 5303 esse
2576 5260 2823 5313 securus,
2872 5245 2925 5299 in
2955 5245 3173 5301 caeteris
3214 5244 3477 5316 gradibus
3504 5245 3680 5302 debeo
3701 5258 3787 5300 au-

2198 5339 2389 5395 xilium
2422 5339 2519 5394 Dei
2549 5339 2851 5409 postulare.

2271 5427 2512 5499 Domine,
2552 5430 2715 5484 libera
2748 5432 2977 5485 animam
3005 5446 3175 5485 nteant
3206 5447 3238 5484 α
3258 5430 3415 5486 labiis
3440 5431 3658 5503 iniquis,
3681 5441 3725 5486 et
3754 5445 3784 5482 a

2197 5523 2375 5595 lingua
2393 5522 2594 5578 dolosa.
2622 5523 2783 5593 Dicit,
2801 5523 2922 5590 hoc,
2942 5523 3010 5579 de
3031 5523 3287 5580 omnibus
3306 5524 3627 5581 limresibus.
3653 5523 3779 5579 Dicit

2191 5614 2260 5673 de
2280 5615 2505 5682 Judazis,
2530 5615 2664 5671 dicit
2683 5615 2755 5672 de
2782 5617 3016 5695 Arianis,
3049 5616 3181 5672 dicit
3202 5616 3274 5672 de
3302 5617 3637 5682 Mauichmis,
3661 5616 3782 5672 dicit

2190 5708 2259 5764 de
2285 5711 2499 5764 caeteris
2526 5709 2848 5764 haeresibus.
2889 5708 3119 5777 Quando
3148 5709 3281 5765 dicit
3304 5710 3547 5766 Arianus
3585 5728 3596 5764 :
3626 5708 3778 5764 Pater

2189 5799 2387 5869 major,
2420 5799 2591 5856 Filius
2620 5800 2818 5870 minor,
2850 5800 2978 5872 quid
3007 5800 3253 5858 dicemus
3280 5802 3417 5859 nos?
3446 5800 3689 5867 Domine,
3717 5800 3775 5853 Ii-
