3982 6316
147 341 303 397 19.73

1023 340 1342 400 SECUNDA
1385 339 1746 399 liXPOSITIO
1786 341 2008 400 SUPER
2054 343 2379 401 essanun
2421 344 2606 401 CXIX.

3320 346 3459 402 ιξτι

141 461 274 515 beru
299 461 544 514 animant
571 473 735 512 meam
761 473 791 511 (ι
820 455 971 513 labiis
1000 459 1210 530 iniquis,
1235 467 1278 514 et
1299 477 1330 512 a
1354 459 1534 532 lingua
1562 459 1765 512 dolosa.
1795 461 1843 520 Α
1876 470 1984 516 ιιιιη
2021 460 2328 533 ΡιορΙιειτρ,
2367 462 2535 518 immo
2559 462 2734 518 sancti
2764 463 2816 519 iu
2853 463 3031 534 primo
3063 463 3230 534 gradu
3260 467 3464 521 consti-

140 553 396 622 Quando
441 552 572 608 dicit
607 551 965 618 Manichzeus,
993 560 1049 607 et
1083 553 1284 608 similis
1315 551 1766 607 Manichaeorum:

142 648 435 704 Dominus
450 661 554 701 non
577 646 873 702 resurrexit
888 649 940 700 in
957 646 1201 717 corporis
1218 646 1464 712 veritate,
1480 653 1534 701 et
1556 654 1614 700 ut
1629 646 1769 700 scias

143 756 260 796 non
298 739 484 795 fuisse
512 754 702 795 verum
731 752 953 810 corpus,
983 738 1185 794 clausis
1209 738 1482 808 ingressus
1503 745 1588 791 est
1612 735 1769 792 ostiis

145 833 343 905 (Joan.
367 831 610 904 xx),nos
633 831 760 902 quid
789 831 1069 887 dicemus?
1092 830 1335 896 Domine,
1355 830 1514 885 libera
1539 831 1768 884 animant

147 944 327 980 meam
350 943 388 979 a
418 926 570 980 labiis
601 925 811 996 iniquis,
838 933 884 980 et
914 942 947 979 a
975 927 1151 996 lingua
1177 926 1378 980 dolosa.
1422 925 1623 995 Majora
1647 923 1769 979 vul-

147 1035 285 1076 nera
315 1027 457 1076 sunt
483 1019 700 1089 linguae,
725 1033 883 1088 quam
902 1017 1088 1088 gladii.
1112 1017 1334 1074 Gladius
1363 1016 1620 1072 interﬁcit
1646 1031 1769 1070 cor-

148 1128 290 1184 pus,
346 1114 597 1168 animam
635 1127 742 1167 non
775 1111 1051 1168 interﬁcit.
1094 1112 1304 1183 Lingua
1350 1113 1490 1166 mala
1525 1126 1613 1166 res
1650 1121 1763 1180 est,

148 1207 369 1262 malum
404 1220 656 1276 magnum
689 1223 700 1257 :
735 1203 1009 1260 modicum
1049 1204 1271 1276 quidem
1303 1204 1607 1259 membrum
1629 1247 1642 1271 ,
1673 1203 1766 1258 sed

150 1315 354 1370 magna
390 1299 694 1355 exulcerat.
727 1298 933 1366 Quanta
967 1299 1106 1355 mala
1138 1299 1336 1354 habeat
1361 1298 1565 1368 lingua,
1605 1297 1769 1368 legite

152 1391 476 1461 Epistulam
501 1392 671 1445 sancti
702 1391 887 1445 Jacobi
929 1389 1083 1464 (Cap.
1111 1391 1213 1460 ιιι).
1245 1391 1449 1462 Lingua
1481 1391 1610 1445 nihil
1646 1406 1763 1446 me-

152 1483 312 1539 dium
365 1483 565 1548 habet;
598 1482 918 1554 autgrande
939 1483 1135 1537 malum
1167 1492 1271 1552 est,
1303 1491 1395 1537 aut
1422 1481 1627 1554 grande
1672 1482 1767 1537 bo-

152 1593 310 1633 num.
364 1575 590 1632 Grande
637 1575 864 1643 bonum,
899 1576 942 1631 si
992 1575 1264 1630 Christum
1319 1575 1488 1629 Deum
1537 1572 1768 1629 conﬁte-

149 1681 273 1737 tur;
306 1669 527 1741 grande
568 1669 794 1733 malum,
827 1670 872 1724 si
911 1668 1186 1724 Christum
1215 1669 1384 1724 Deum
1409 1677 1589 1738 negat.
1621 1669 1765 1738 Ergo

151 1782 221 1820 ne
251 1775 414 1836 putet
444 1764 636 1836 aliquis
664 1773 718 1820 et
744 1763 888 1820 dicat
912 1765 1148 1832 interim,
1173 1778 1338 1835 opere
1369 1778 1476 1817 non
1497 1763 1716 1832 peccavi
1747 1779 1761 1816 :

1872 555 1992 609 tuti.
2036 555 2168 609 Dico
2222 554 2544 626 simplicius,
2601 566 2825 627 propter
2871 557 3259 628 simpliciores.
3325 554 3463 625 Quid

1871 646 2036 701 dicit?
2080 645 2320 713 Domine,
2353 649 2514 704 libera
2551 651 2780 704 animant
2809 667 2976 705 meant
3007 667 3038 704 α
3069 651 3220 706 labiis
3247 652 3458 723 iniquis,

1871 753 1918 798 et
1943 761 1974 797 α
2005 745 2178 816 lingua
2209 745 2414 802 dolosa.
2448 745 2608 803 Verbi
2650 763 2812 803 causa
2838 789 2853 814 ,
2885 765 2914 803 a
2949 748 3110 804 labiis
3153 748 3453 805 adversarii

1872 839 2099 909 mei,qui
2119 840 2252 895 mihi
2277 821 2534 898 detrahit.
2564 841 2668 899 Sed
2697 842 2956 898 Dominus
2977 843 3121 898 aliud
3142 843 3456 912 respondet.

1873 931 1936 987 Et
1965 930 2090 1001 quid
2131 931 2302 988 dixit?
2338 932 2457 989 Non
2497 933 2662 1001 dixit,
2699 934 2829 1004 quid
2856 935 3016 990 detur
3055 935 3184 1003 tibi,
3218 945 3312 991 aut
3332 935 3462 1007 quid

1870 1032 2171 1092 apponatur
2195 1025 2311 1092 tibi,
2331 1034 2518 1081 contra
2539 1026 2771 1097 linguam
2788 1028 3068 1084 dolosam?
3092 1028 3193 1084 hoc
3219 1039 3322 1096 est,
3352 1045 3459 1085 non

1873 1115 2028 1183 dixit,
2057 1116 2186 1185 quid
2226 1117 2508 1174 desideras
2553 1119 2650 1174 tibi
2700 1121 2814 1176 ﬁeri
2860 1132 3048 1178 contra
3092 1123 3461 1178 adversarium

1873 1209 2060 1262 tuum?
2082 1207 2188 1264 Sed
2219 1209 2344 1278 quid
2367 1209 2532 1265 dicit?
2561 1211 2699 1275 Quid
2723 1214 2873 1268 detur
2903 1213 3016 1278 tibi,
3040 1225 3128 1269 aut
3155 1216 3282 1286 quid
3303 1232 3463 1284 appo-

1872 1311 2022 1355 natur
2043 1302 2152 1370 tibi,
2177 1301 2246 1355 ad
2273 1302 2502 1374 linguam
2531 1304 2802 1360 dolosam?
2828 1306 2942 1362 Non
2970 1309 3126 1376 dixit,
3151 1318 3335 1364 contra
3362 1309 3463 1364 lin-

1869 1408 2028 1464 guam
2059 1411 2072 1450 :
2106 1395 2224 1461 sed,
2249 1395 2316 1448 ad
2339 1395 2588 1466 linguam.
2610 1397 2796 1453 Videte
2817 1399 2946 1468 quid
2969 1399 3113 1455 dicat
3139 1401 3206 1454 ad
3231 1402 3461 1474 linguam

1871 1486 2140 1542 dolosam:
2158 1488 2221 1542 ad
2240 1496 2383 1542 tuam
2405 1489 2664 1560 linguam,
2683 1507 2789 1546 non
2802 1491 3193 1550 adversarii.Si
3213 1496 3356 1550 enim
3379 1495 3464 1549 ad-

1869 1581 2140 1635 versarius
2166 1581 2259 1636 tibi
2279 1582 2530 1649 detrahit,
2547 1582 2680 1638 nihil
2703 1583 2794 1638 tibi
2816 1595 3004 1640 nocet:
3033 1595 3087 1640 tu
3108 1599 3158 1641 te
3185 1586 3462 1652 interﬁcis,

1869 1673 1915 1728 si
1934 1673 2022 1728 alii
2046 1673 2316 1729 detrahas.
2341 1675 2497 1730 Verbi
2519 1678 2688 1746 gratia
2717 1697 2728 1732 :
2757 1677 2814 1732 Si
2838 1678 3091 1734 detrahat
3119 1679 3248 1734 mihi
3277 1678 3463 1747 frater,

1871 1767 2003 1821 mihi
2033 1767 2158 1838 quid
2183 1769 2400 1823 nocuit?
2426 1768 2480 1824 Si
2504 1769 2650 1824 dicat
2672 1785 2757 1826 me
2778 1770 3126 1838 homicidam,
3150 1773 3194 1828 si
3218 1774 3360 1829 dicat
3381 1786 3468 1828 me

149 1858 196 1913 si
249 1859 490 1928 peccavi
518 1899 534 1924 ,
568 1857 748 1928 lingua
781 1857 1022 1926 peccavi.
1070 1855 1225 1924 Quod
1257 1864 1337 1911 est
1364 1856 1537 1925 majus
1571 1869 1766 1926 pecca-
1796 1849 1842 1908 Β
1869 1861 2192 1924 adulterum.
2218 1863 2264 1917 si
2285 1863 3056 1935 sceleratum,simendacem,
3078 1866 3348 1938 mihiquid
3373 1881 3471 1922 no-

153 1963 268 2006 tum
292 1993 308 2018 ,
343 1965 515 2022 quam
547 1949 880 2020 blasphemia
930 1950 982 2004 in
1013 1949 1230 2006 Deum?
1263 1962 1319 2006 et
1369 1959 1552 2006 tamen
1581 1949 1765 2020 lingua

153 2053 371 2112 peccat.
424 2041 680 2097 Diabolus
722 2057 818 2096 cur
844 2041 913 2098 de
939 2042 1078 2098 caelo
1120 2042 1355 2097 cecidit?
1405 2043 1530 2113 quia
1561 2042 1764 2096 furtum

151 2117 322 2189 fecit?
354 2133 488 2203 quia
518 2132 865 2187 homicidium
905 2131 1068 2188 fecit?
1097 2134 1221 2202 quia
1259 2133 1586 2188 adulterium
1617 2147 1768 2188 com-

154 2225 349 2282 misit?
391 2226 462 2280 Et
492 2224 606 2281 lucc
635 2224 850 2296 quidem
881 2226 1020 2280 mala
1051 2234 1180 2282 sunt
1201 2270 1215 2295 ,
1248 2225 1344 2281 sed
1372 2225 1626 2280 diabolus
1657 2240 1766 2279 non

155 2327 385 2390 propter
431 2319 535 2373 hoc
575 2316 795 2382 cecidit,
843 2317 940 2373 sed
974 2326 1195 2388 propter
1227 2318 1465 2388 linguam
1495 2331 1647 2372 suam
1675 2332 1768 2372 ce-

156 2413 311 2468 cidit.
353 2411 519 2481 Quod
549 2411 697 2468 enim
729 2410 868 2466 dixit
897 2430 908 2464 :
942 2411 998 2466 lu
1027 2411 1226 2467 cmlum
1257 2411 1573 2478 ascendam,
1605 2425 1766 2480 super

155 2507 342 2565 sidera
389 2507 520 2564 coeli
565 2521 758 2578 ponam
789 2505 1048 2561 thronum
1106 2521 1306 2571 meum,
1347 2513 1404 2560 et
1439 2520 1534 2561 ero
1575 2505 1766 2560 similis

155 2601 458 2659 Altissimo
509 2599 647 2673 (Isa.
697 2600 828 2671 xw).
885 2600 1001 2656 Non
1033 2616 1163 2670 ergo
1193 2609 1386 2671 putent
1427 2598 1678 2655 monachi
1707 2614 1766 2655 se

155 2697 360 2753 debere
392 2710 521 2754 esse
545 2709 791 2763 securos,
815 2704 870 2751 et
897 2694 1083 2751 dicant
1106 2695 1322 2751 interim
1358 2714 1370 2748 :
1401 2694 1635 2751 Grandia
1660 2693 1768 2749 cri-

156 2791 306 2846 mina
338 2805 452 2847 non
486 2788 712 2846 facimus
742 2789 793 2844 in
816 2788 1170 2855 monasterio,
1197 2803 1300 2843 non
1324 2788 1627 2854 adulteror,
1658 2803 1764 2842 non

154 2883 369 2942 furtum
426 2885 590 2949 facio,
646 2899 754 2938 non
800 2883 1152 2938 homicidium
1187 2882 1349 2950 facio,
1399 2899 1504 2938 non
1538 2883 1763 2950 parrici-

157 2979 306 3036 dium
363 2980 561 3046 facio,
616 2985 674 3034 et
727 2987 922 3033 caetera
977 2993 1096 3047 quae
1156 2977 1382 3048 grandia
1432 2977 1558 3032 vilia
1614 2985 1759 3031 sunt.

160 3072 386 3129 Grande
437 3072 617 3127 scelus
643 3078 760 3138 est,
786 3056 1002 3141 quando
1033 3071 1264 3126 detraho
1293 3069 1444 3124 fratri
1473 3085 1628 3136 meo,
1661 3071 1766 3124 litt-

162 3183 262 3237 gua
297 3181 425 3222 mea
461 3164 680 3220 fratrem
730 3163 1021 3219 interficio.
1073 3163 1175 3232 Qui
1206 3163 1350 3218 enim
1394 3162 1509 3217 odit
1536 3162 1760 3218 fratrem

1868 1953 2013 2006 cuit?
2044 1951 2085 2006 E
2113 1953 2325 2008 duobus
2347 1955 2493 2010 enim
2525 1971 2685 2010 unum
2709 1967 2792 2011 est
2824 1976 2834 2010 :
2864 1967 2956 2012 aut
2982 1973 3170 2012 verum
3196 1958 3347 2027 dicit,
3374 1967 3471 2014 aut

1869 2046 2145 2103 mentitur.
2172 2047 2228 2103 Si
2259 2064 2442 2103 verum
2467 2049 2629 2115 dicit,
2662 2064 2770 2104 non
2802 2050 2932 2104 mihi
2960 2049 3092 2105 illud
3124 2058 3284 2106 nocet
3322 2049 3469 2121 quod

1866 2137 1959 2194 ille
1988 2138 2122 2192 dixit
2157 2157 2169 2191 :
2203 2139 2297 2198 sed
2323 2140 2446 2210 quia
2478 2155 2604 2196 vere
2625 2156 2724 2210 ego
2753 2141 2870 2196 feci.
2905 2141 2964 2198 Si
2983 2151 3160 2197 autem
3186 2141 3465 2209 mentitur,

1868 2230 2208 2286 mendacium
2256 2232 2424 2301 ipsius
2481 2247 2590 2287 non
2621 2234 2753 2288 mihi
2801 2242 2960 2290 nocet
3009 2252 3022 2290 :
3068 2237 3167 2290 sed
3208 2232 3468 2290 interﬁcit

1867 2325 2104 2379 animam
2136 2326 2472 2396 loquentem.
2510 2325 2766 2383 Infelices
2792 2342 3002 2395 sumus,
3033 2328 3220 2384 miseri
3247 2343 3466 2385 sumus.

1867 2418 2095 2486 Quando
2127 2420 2359 2491 aliquem
2393 2420 2657 2477 habemus
2684 2422 2969 2478 inimicum
3003 2440 3016 2476 :
3058 2421 3184 2477 dum
3215 2433 3468 2492 putamus

1867 2513 2010 2584 quod
2033 2521 2221 2568 contra
2252 2514 2428 2584 ipsum
2465 2514 2713 2583 facimus,
2747 2525 2935 2571 contra
2963 2530 3064 2571 nos
3087 2515 3334 2571 facimus.
3359 2517 3466 2575 De-

1869 2605 2134 2660 trahimus
2163 2606 2264 2670 illi,
2315 2606 2421 2662 huc
2453 2607 2689 2678 illucque
2737 2608 3056 2675 circuimus,
3098 2610 3348 2665 omnibus
3374 2611 3462 2666 di-

1868 2699 2042 2752 cimus
2075 2698 2141 2754 de
2163 2714 2226 2753 eo
2257 2717 2269 2752 :
2305 2709 2559 2768 putamus
2589 2700 2731 2767 quod
2761 2701 2840 2754 illi
2874 2703 3207 2757 noceamus?
3245 2702 3324 2756 llli
3354 2717 3463 2758 non

1869 2805 2148 2855 nocemus,
2197 2790 2292 2846 sed
2343 2799 2562 2846 nostras
2617 2791 2984 2848 interﬁcimus
3039 2794 3266 2861 animas,
3317 2794 3464 2864 quod

1870 2885 2181 2939 mentimur.
2211 2885 2282 2938 Os
2309 2885 2451 2938 enim
2489 2884 2633 2956 quod
2673 2885 2954 2950 mentitur,
3005 2885 3203 2940 occidit
3228 2887 3464 2943 animam

1869 2977 2024 3050 (Καρ.
2059 2977 2130 3047 ι).
2169 2977 2307 3044 Quid
2335 2978 2484 3030 detur
2513 2975 2626 3042 tibi,
2660 2985 2748 3030 aut
2776 2977 2903 3045 quid
2932 2987 3228 3048 apponatur
3254 2979 3375 3044 tibi,
3402 2978 3472 3032 ad

1869 3071 2100 3145 linguam
2139 3071 2407 3125 dolosam?
2441 3070 2610 3138 Quasi
2651 3071 2826 3125 bonus
2856 3070 3123 3139 medicus,
3156 3071 3248 3141 qui
3279 3071 3412 3125 dicit
3444 3090 3455 3123 :

1867 3167 1934 3221 ad
1965 3166 2104 3221 hanc
2136 3165 2528 3232 inﬁrmitatem,
2558 3164 2625 3219 ad
2672 3164 2775 3219 hoc
2822 3167 3040 3229 vulnus,
3083 3164 3210 3235 quid
3241 3164 3334 3219 tibi
3382 3165 3465 3220 vis

156 3232 340 3329 suum,
370 3262 751 3336 homicidaest
782 3261 964 3333 (Joan.
990 3261 1092 3331 ιιι).
1129 3261 1318 3316 Videte
1347 3260 1474 3332 quid
1504 3259 1650 3315 dicat
1669 3260 1766 3316 Sa-
1791 3232 1835 3296 C
1869 3259 2075 3330 imponi
2101 3279 2114 3314 :
2139 3258 2282 3330 quod
2313 3259 2408 3313 tibi
2435 3259 2517 3312 vis
2541 3258 2892 3327 emplastrum
2917 3232 3154 3326 imponi?
3180 3256 3463 3325 Quomodo

157 3357 342 3412 lomon
391 3376 402 3411 :
447 3355 502 3411 In
528 3371 688 3412 manu
719 3357 934 3426 linguzc,
965 3371 1117 3411 mors
1145 3363 1202 3411 et
1223 3356 1330 3409 vita
1364 3355 1548 3422 (Prov.
1583 3355 1766 3425 xvttt).

158 3448 353 3505 Videte
384 3448 516 3520 quid
542 3449 689 3504 dicat
717 3467 729 3502 :
762 3451 819 3503 In
850 3464 1010 3502 manu
1053 3448 1271 3518 linguae.
1303 3447 1470 3503 Vides
1498 3457 1762 3518 quantum

156 3543 360 3598 malum
410 3542 485 3597 sit
540 3543 719 3614 lingua
774 3560 786 3596 :
833 3551 889 3598 et
936 3558 1153 3597 manum
1205 3541 1387 3597 habet.
1429 3541 1570 3608 Quid
1618 3541 1763 3596 enim

157 3633 290 3689 dicit
315 3636 339 3690 ?
363 3635 424 3690 In
457 3650 618 3690 manu
649 3637 866 3706 linguai.
894 3635 1108 3692 Grande
1138 3635 1330 3690 vitium
1364 3644 1447 3690 est
1473 3634 1764 3690 detrahere

158 3726 446 3792 fratribus,
477 3737 656 3782 tacere
685 3743 794 3783 non
830 3743 1012 3797 posse,
1043 3728 1276 3782 circuire
1307 3728 1490 3789 cellas.
1519 3728 1640 3782 aliis
1659 3724 1760 3783 de;

161 3821 401 3876 trahere.
449 3820 559 3890 Ego
585 3831 840 3889 peccator
880 3836 998 3875 sum
1034 3839 1046 3875 :
1081 3820 1188 3876 Iste
1214 3829 1466 3890 peccator
1496 3829 1598 3887 est,
1633 3819 1763 3890 quid

159 3911 224 3964 ad
257 3912 348 3967 te?
379 3910 640 3980 Teipsum
666 3911 950 3966 considera
979 3927 1048 3967 ne
1071 3912 1253 3968 cadas.
1281 3911 1419 3980 Quid
1455 3913 1506 3965 in
1537 3911 1760 3965 alterius

160 4001 318 4056 ruina
351 4001 631 4058 exsultas?
663 4001 932 4072 Numquid
960 4002 1007 4056 si
1033 4017 1134 4071 ego
1159 4002 1428 4066 cecidero,
1463 4010 1517 4055 tu
1550 4002 1762 4056 stabis?

158 4090 317 4150 Licet
359 4094 519 4148 ruina
551 4108 668 4147 mea
713 4094 806 4158 sit,
841 4094 993 4148 ruina
1039 4093 1256 4161 fratris,
1291 4097 1456 4149 timor
1487 4106 1610 4149 tuus
1639 4110 1762 4150 esse

157 4185 345 4248 debet,
382 4199 492 4238 non
519 4185 832 4240 exsultatio.
867 4185 961 4240 Ille
985 4185 1214 4251 cecidit;
1246 4186 1465 4252 lmtaris,
1492 4202 1563 4242 an
1592 4188 1762 4242 trisus

158 4280 250 4333 es?
280 4278 578 4349 Responde
611 4278 743 4333 mihi
775 4295 788 4332 :
828 4278 1022 4333 Frater
1069 4279 1300 4339 cecidit;
1349 4289 1442 4334 aut
1487 4280 1646 4334 hctus
1678 4294 1758 4343 es,

159 4383 250 4428 aut
283 4373 482 4428 tristis.
509 4373 565 4429 Si
594 4373 752 4428 laetus
777 4387 862 4440 es,
893 4372 1081 4442 utquid
1103 4374 1156 4427 in
1176 4372 1400 4428 alterius
1425 4373 1577 4427 ruina
1606 4373 1762 4430 laetus

164 4469 262 4523 es?
291 4467 348 4524 Si
379 4477 560 4524 autem
595 4467 765 4523 tristis
797 4483 880 4536 es,
913 4467 1044 4536 quid
1073 4469 1274 4522 circuis
1294 4468 1317 4522 ?
1338 4467 1463 4537 quid
1486 4467 1605 4522 aliis
1632 4482 1758 4521 nar-

162 4562 296 4616 ras?
326 4562 597 4616 tristitiam
628 4570 773 4616 tuam
806 4561 950 4616 Deus
976 4561 1188 4626 videat,
1217 4571 1272 4614 et
1299 4561 1415 4630 ipse
1439 4559 1608 4615 frater
1636 4575 1761 4616 sen-

165 4655 280 4721 tiat,
307 4670 419 4709 non
449 4656 678 4711 fratrum
705 4670 867 4710 aures
895 4655 1138 4709 audiant.
1184 4653 1422 4718 Domine,
1454 4653 1616 4708 libera
1644 4656 1761 4708 ani-

163 4759 300 4799 mam
332 4763 498 4801 meam
526 4764 558 4802 a
585 4746 738 4801 labiis
761 4747 971 4818 iniquis,
997 4757 1044 4802 et
1074 4764 1105 4800 a
1134 4747 1318 4817 lingua
1341 4746 1544 4801 dolosa.

235 4838 379 4907 Quid
406 4841 556 4895 detur
577 4841 686 4905 tibi,
717 4851 807 4895 aut
826 4841 951 4910 quid
979 4849 1276 4909 apponatur
1299 4840 1410 4906 tibi,
1437 4839 1506 4893 ad
1531 4840 1761 4911 linguam

164 4929 441 4988 dolosam?
485 4933 722 5004 Spiritus
765 4941 989 4989 sanctus
1038 4935 1332 5004 respondet
1364 4932 1643 5003 prophetae
1673 4932 1758 4986 di-

164 5025 302 5078 centi
331 5042 346 5079 :
381 5024 599 5080 Domine
618 5067 634 5091 ,
665 5025 824 5080 libera
853 5029 1082 5080 animum
1117 5042 1284 5080 meam
1308 5041 1341 5078 α
1368 5025 1518 5079 labiis
1545 5026 1758 5096 iniquis,

165 5121 209 5165 et
237 5130 270 5167 a
300 5116 479 5188 lingua
508 5116 691 5171 dolosa
722 5133 740 5171 :
770 5118 895 5188 quid
924 5118 1075 5172 detur
1102 5118 1226 5187 tibi,
1258 5126 1346 5170 aut
1370 5117 1495 5187 quid
1519 5133 1756 5189 appona-

166 5213 245 5258 tur
273 5209 388 5272 tibi,
418 5209 487 5262 ad
512 5210 746 5281 linguam
776 5209 1048 5265 dolosam?
1076 5208 1392 5281 Respondet
1413 5208 1485 5274 ei,
1515 5217 1571 5264 et
1599 5207 1756 5276 dicit,

167 5305 217 5350 tu
245 5301 334 5370 qui
362 5301 500 5357 dicis
546 5320 559 5355 :
606 5303 822 5356 Domine
847 5344 861 5367 ,
904 5303 1066 5356 libera
1095 5304 1325 5356 animam
1353 5318 1520 5355 meam
1547 5318 1577 5354 a
1607 5302 1756 5355 labiis

163 5387 368 5460 iniquis,
417 5404 466 5448 et
514 5412 546 5448 a
575 5395 753 5467 lingua
784 5395 988 5461 dolosa,
1038 5394 1169 5465 quid
1210 5396 1305 5449 tibi
1359 5395 1440 5449 vis
1486 5393 1640 5448 dari?
1688 5395 1756 5448 Et

165 5490 448 5552 postquam
479 5487 665 5542 datum
701 5487 792 5541 tibi
826 5485 1012 5549 fuerit,
1038 5487 1167 5553 quid
1192 5486 1287 5542 tibi
1314 5502 1531 5542 rursum
1550 5488 1753 5556 apponi

166 5573 242 5626 vis
272 5576 339 5630 ad
393 5577 626 5649 linguam
666 5579 965 5635 dolosam?
996 5577 1187 5634 Videte
1227 5579 1353 5648 quid
1384 5579 1530 5634 dicat
1575 5597 1588 5632 :
1639 5579 1756 5636 Non

169 5664 319 5734 dixit,
345 5681 529 5728 contra
576 5673 820 5744 linguam
851 5673 1116 5738 dolosam,
1157 5672 1276 5739 sed,
1307 5673 1376 5726 ad
1403 5673 1632 5743 linguam
1661 5671 1760 5726 do-

168 5759 347 5818 losum.
382 5765 439 5821 Si
478 5768 728 5831 dixisset,
755 5778 942 5822 contra
978 5767 1214 5837 linguam
1244 5768 1512 5836 dolosam,
1543 5767 1760 5826 videre-

173 5858 260 5908 tur
285 5854 350 5909 de
373 5858 682 5916 adversario
709 5859 909 5914 dicere.
943 5858 1139 5918 Videte
1169 5861 1293 5934 quid
1325 5861 1397 5920 sit
1435 5874 1756 5918 sacramen-

1787 4621 1842 4682 D

1866 3355 1910 3408 si
1947 3353 2093 3408 dicat
2121 3353 2313 3424 aliquis
2353 3352 2419 3407 ad
2445 3352 2784 3408 vulneratum
2816 3351 3050 3421 aliquem
3097 3368 3108 3404 :
3153 3350 3290 3417 Quid
3313 3352 3466 3404 detur

1867 3449 1979 3516 tibi,
1997 3457 2085 3503 aut
2111 3449 2237 3520 quid
2262 3457 2559 3518 apponatur
2584 3447 2698 3514 tibi,
2719 3446 2785 3501 ad
2814 3446 3010 3500 vulnus
3034 3459 3142 3516 quo
3162 3444 3349 3500 doles?
3377 3444 3462 3498 ln-

1867 3547 2104 3610 terrogat
2145 3540 2424 3605 Dominus,
2469 3554 2576 3594 non
2604 3538 2748 3609 quod
2792 3538 3022 3608 ignoret.
3056 3536 3149 3591 sed
3192 3536 3334 3607 quod
3361 3536 3463 3592 iste

1865 3634 1956 3703 qui
1980 3633 2226 3704 rogabat,
2258 3634 2394 3687 sciat
2419 3631 2694 3704 quomodo
2728 3646 2920 3702 rogare
2949 3630 3164 3685 debeat.

1939 3727 2157 3798 Sagittw
2185 3732 2401 3793 potentis
2426 3735 2612 3790 «culte,
2643 3741 2758 3778 cum
2788 3724 3091 3778 carbonibus
3118 3723 3466 3778 desolatoriis.

1869 3821 2084 3892 Sagitta:
2107 3821 2331 3891 potentis
2353 3829 2538 3874 acutis.
2571 3819 2722 3873 Nunc
2747 3818 3040 3889 respondet
3062 3818 3124 3869 ad
3145 3815 3461 3882 Dominum,

1864 3915 1996 3986 quid
2029 3923 2198 3984 petat.
2234 3913 2369 3980 Quia
2412 3913 2623 3967 dixerat
2654 3912 2913 3966 Dominus
2950 3930 2961 3964 :
3006 3910 3145 3976 Quid
3173 3910 3321 3963 detur
3348 3908 3460 3975 tibi,

1865 4020 1952 4063 aut
1983 4009 2107 4079 quid
2126 4016 2424 4077 apponatur
2466 4006 2592 4059 tibi?
2619 4005 2774 4060 Nunc
2803 4006 2904 4060 iste
2934 4003 3090 4070 dicit,
3119 4001 3249 4073 quid
3281 4009 3427 4072 petat
3453 4020 3466 4055 :

1867 4105 2116 4170 Domine,
2165 4105 2268 4158 hoc
2309 4112 2432 4172 peto
2480 4121 2491 4155 :
2537 4103 2762 4172 sagittas
2808 4100 3046 4171 potentis
3095 4107 3312 4166 acutas,
3343 4113 3463 4152 cum

1865 4198 2190 4254 carbonibus
2219 4195 2586 4251 desolatoriis.
2623 4193 2815 4250 Videte
2841 4193 2970 4265 quid
2999 4191 3464 4249 dicat.Venenum

1864 4291 2060 4361 lingua:
2097 4305 2250 4355 meae,
2285 4299 2335 4343 et
2367 4289 2760 4344 detractionem
2782 4302 2978 4350 meam,
3009 4286 3151 4342 nulla
3174 4300 3262 4340 res
3283 4291 3464 4354 potest
3555 4322 3561 4329 .

1866 4383 2012 4438 foras
2059 4382 2358 4453 projicere:
2389 4383 2492 4437 nisi
2531 4382 2742 4451 sagittae
2790 4391 2914 4447 tuac,
2948 4394 3068 4450 qua:
3112 4377 3461 4434 solitudinem

1864 4476 2072 4532 faciunt
2116 4477 2315 4546 linguai
2359 4491 2518 4530 meae.
2565 4476 2773 4547 Lingua
2806 4491 2926 4529 mea
2959 4483 3163 4541 tumet,
3195 4488 3466 4530 venenum

1866 4569 2032 4625 habet
2059 4569 2384 4622 intrinsecus
2425 4585 2440 4621 :
2476 4568 2576 4620 nisi
2616 4568 2832 4637 sagittis
2865 4566 2972 4621 tuis
3001 4574 3324 4634 compuncta
3355 4567 3469 4620 fue-

1867 4665 1936 4720 rit
1962 4705 1977 4730 ,
2007 4671 2061 4718 et
2089 4675 2378 4732 percussa,
2424 4674 2694 4715 venenum
2726 4674 2835 4713 non
2866 4658 3163 4728 egreditur.
3198 4657 3466 4712 Debemus

1865 4755 2172 4827 exemplum
2193 4754 2322 4809 dare
2351 4773 2362 4807 :
2393 4753 2436 4808 si
2467 4751 2684 4824 quando
2713 4754 2766 4807 in
2796 4766 3026 4821 corpore
3049 4751 3245 4806 vulnus
3277 4758 3380 4814 est,
3413 4759 3471 4806 et

1865 4848 1920 4902 in
1949 4849 2067 4918 ipso
2097 4847 2320 4902 vulnere
2365 4845 2476 4915 jam
2523 4843 2756 4914 putrida?
2785 4857 2981 4898 carnes
3008 4851 3159 4908 sunt,
3192 4852 3242 4897 et
3275 4857 3472 4899 cancer

1865 4932 1968 5008 est,
2000 4950 2055 4997 et
2095 4941 2256 4996 fuerit
2286 4954 2387 5008 pus
2437 4940 2805 5005 intrinsecus;
2853 4939 2956 4994 nisi
2988 4947 3235 5008 apertum
3282 4938 3469 5006 fuerit,

1875 5050 1983 5089 non
2028 5035 2304 5105 egreditur
2334 5046 2455 5103 pus.
2491 5032 2555 5087 Et
2583 5033 2627 5086 si
2674 5045 2957 5102 egressum
2991 5029 3155 5086 fuerit
3195 5045 3327 5100 pus,
3361 5029 3469 5085 nisi

1865 5126 2221 5180 cauteriatum
2271 5125 2476 5192 fuerit,
2528 5139 2740 5180 rursum
2786 5123 3094 5180 renascitur
3160 5139 3280 5194 pus.
3333 5123 3470 5178 Vide

1865 5217 2028 5287 igitur
2069 5217 2198 5288 quid
2247 5217 2394 5272 dicat
2438 5236 2449 5270 :
2497 5217 2636 5285 Quia
2668 5225 2843 5272 tumet
2883 5217 3060 5287 lingua
3103 5230 3250 5282 mea,
3284 5223 3340 5270 et
3367 5229 3469 5285 pus

1864 5308 2060 5376 habet,
2090 5319 2144 5366 et
2171 5327 2436 5375 venenum
2469 5311 2668 5376 habet,
2698 5313 2933 5382 primum
2964 5311 3173 5382 sagittis
3206 5311 3458 5378 vulnera,

1864 5409 1921 5455 ttt
1947 5417 2046 5471 pus
2076 5404 2246 5472 possit
2273 5405 2424 5460 exire
2458 5421 2472 5458 :
2501 5405 2700 5460 deinde
2731 5405 2998 5460 carbones
3032 5416 3179 5471 tuos,
3210 5414 3265 5460 et
3287 5405 3466 5473 ignem

1869 5508 2032 5563 pone,
2057 5504 2112 5549 ut
2138 5497 2396 5566 quidquid
2430 5498 2628 5554 malum
2652 5499 2832 5564 fuerit,
2870 5508 3156 5568 excoquat,
3191 5507 3244 5552 et
3275 5497 3467 5552 deser-

1869 5593 1982 5640 tum
2014 5585 2190 5642 faciat.
2219 5589 2348 5643 Vide
2374 5591 2557 5662 igitur,
2585 5591 2710 5660 qttid
2743 5590 2891 5646 dicat
2920 5609 2930 5644 :
2984 5591 3207 5662 Sagittm
3255 5591 3476 5661 potentis

1866 5687 2074 5748 oculis,
2125 5697 2241 5736 cum
2296 5685 2605 5740 carbonibus
2653 5686 3005 5741 desolatoriis.
3060 5684 3278 5742 Utinam
3310 5683 3468 5738 detur

1868 5773 2022 5828 nobis
2062 5773 2164 5828 istc
2207 5775 2371 5829 carbo
2402 5776 2792 5834 desolatorius.
2844 5778 3058 5833 Utinam
3092 5785 3148 5832 et
3179 5791 3279 5832 nos
3319 5775 3470 5830 dica-

1869 5882 1990 5923 mus
2026 5887 2036 5920 :
2072 5866 2261 5925 Nonne
2299 5884 2394 5926 cor
2428 5880 2676 5928 nostrum
2718 5882 2837 5930 erat
2878 5873 3078 5930 ardens
3127 5874 3179 5929 in
3219 5873 3326 5939 via,
3356 5884 3478 5926 cum
