3992 6312
538 343 678 397 1275
1329 337 1673 395 APPENDIX
1713 341 1804 394 AD
1845 329 2093 395 TOMUM
2133 335 2486 396 SEPTIMUM
2527 341 2586 395 S.
2633 337 3034 395 HIERONYSH.

3697 323 3814 391 l276

533 459 770 526 aperiret
794 457 947 510 nobis
971 453 1451 526 Scripturas(Luc.
1485 454 1664 525 ηπ).
1711 454 1848 508 Dicit
1880 465 1930 508 et
1955 451 2119 508 Isaias
2148 457 2195 514 Δ
2225 454 2368 518 mihi,
2417 456 2540 525 quia
2591 455 2848 508 incolatus
2891 467 3030 507 atrus
3078 453 3414 524 prolongata:
3455 461 3549 508 est.
3587 451 3812 508 Habitari

529 549 598 605 ad
631 549 958 620 Babylonem
987 567 998 598 :
1034 547 1211 601 llabes
1235 548 1501 602 carbones
1533 548 1691 616 ignis,
1714 547 1930 601 sedebis
1961 559 2124 615 super

530 656 627 697 eos
671 657 683 693 :
732 640 782 693 hi
831 648 994 694 erunt
1042 639 1135 692 libi
1185 639 1238 692 in
1269 639 1599 707 adjutorium
1630 638 1786 710 (Isai.
1835 635 2027 710 xutt).
2058 640 2124 694 Et

533 733 777 801 Apostoli
800 740 1087 801 antequam
1114 732 1425 800 acciperent
1452 732 1713 800 Spiritum
1738 719 2004 801 sanctum,
2033 736 2127 787 ha-

534 825 733 882 bebant
777 824 827 877 in
856 824 1034 894 lingua
1079 839 1172 878 sua
1201 823 1376 880 adhuc
1417 825 1632 895 aliquos
1662 836 1901 882 tumores
1933 828 2122 881 huma-

533 931 667 981 nos;
696 926 986 988 propterea
1029 916 1262 986 Spiritus
1290 926 1507 972 sanctus
1532 919 1811 974 descendit
1841 920 1892 972 in
1940 921 2126 988 specie

535 1009 673 1078 ignis
714 1011 767 1062 in
816 1009 1021 1080 linguas
1052 1025 1239 1064 eorum
1270 1009 1404 1078 (Act.
1442 1010 1538 1080 tt),
1580 1021 1637 1064 ut
1682 1011 1943 1082 quidquid
1976 1012 2124 1080 puris

530 1103 823 1168 habebant,
857 1101 1096 1172 Spiritus
1134 1115 1357 1158 sanctus
1399 1104 1748 1172 decoqueret.
1794 1105 2044 1159 Dicamus
2072 1113 2126 1160 et

528 1197 675 1252 aliud
703 1196 1017 1265 exemplum
1051 1214 1064 1250 :
1099 1195 1266 1250 Isaias
1295 1213 1417 1251 cum
1465 1197 1689 1252 vidisset
1723 1198 2007 1253 Dominum
2038 1213 2127 1254 see

528 1292 750 1346 dentem
797 1306 961 1360 super
995 1290 1246 1344 thronum
1278 1289 1553 1344 excelsum
1596 1301 1650 1344 et
1677 1291 1963 1357 elcvatum,
1998 1292 2125 1361 quid

528 1385 693 1442 dicit?
724 1384 814 1438 Va:
837 1385 967 1438 mihi
1004 1385 1226 1446 misero.
1259 1384 1384 1455 quia
1416 1396 1781 1454 compunctus
1810 1401 1926 1441 sum
1951 1429 1964 1450 ,
1999 1389 2123 1458 quia

531 1478 670 1534 labia
701 1476 972 1532 immunda
1015 1476 1211 1542 habeo,
1244 1487 1301 1532 et
1330 1479 1380 1531 in
1413 1477 1595 1533 medio
1624 1478 1805 1547 populi
1849 1478 2122 1533 immunda

531 1571 670 1627 labia
685 1571 956 1635 habentis,
973 1585 1073 1640 ego
1086 1569 1250 1625 sedeo
1265 1570 1531 1641 (Isaivt).
1545 1571 1699 1632 Vide,
1716 1571 1841 1641 quid
1859 1571 1982 1626 dicit
1997 1573 2020 1624 ?
2035 1573 2126 1628 Va:

535 1665 664 1719 mihi
710 1664 937 1728 misero,
979 1664 1103 1734 quia
1136 1663 1407 1718 immunda
1441 1664 1580 1717 labia
1617 1664 1808 1718 habeo.
1841 1665 1905 1718 Et
1940 1678 2125 1734 postea

531 1755 658 1825 quid
673 1755 1110 1820 dicit?Quoniam
1127 1754 1262 1808 labia
1280 1755 1506 1809 habebat
1527 1756 1820 1820 immunda,
1841 1765 2123 1826 propterea

2226 563 2340 600 cum
2369 547 2712 602 habitantibus
2736 546 2921 599 Cedar.
2956 544 3122 600 Cedar
3149 545 3203 599 in
3237 545 3416 614 lingua
3449 553 3632 598 nostra
3659 546 3810 600 inter-

2228 646 2488 708 pretatur,
2522 640 2763 693 tenebris.
2804 637 2936 692 Vide
2965 653 3094 707 ergo
3117 638 3244 706 quid
3270 639 3415 691 dicat
3447 658 3459 688 :
3491 636 3548 691 In
3571 652 3677 707 quo
3706 639 3813 692 loco

2226 744 2414 784 sumus
2446 747 2460 783 :
2494 731 2548 783 in
2574 732 2719 799 quali
2749 731 2955 785 mundo
2985 729 3210 783 smnus?
3263 728 3514 782 Habitaoi
3542 746 3656 781 cum
3681 728 3812 783 babi-

2228 823 2455 878 tantibus
2475 823 2660 878 Cedar.
2689 825 2790 879 Diu
2819 823 2893 878 fui
2937 822 2990 877 in
3020 822 3256 877 tenebris
3291 840 3302 873 :
3336 821 3428 875 diu
3455 823 3563 876 vixi
3591 822 3642 875 in
3669 831 3807 878 tene-

2226 917 2338 972 bris
2369 935 2379 968 :
2414 915 2504 969 diu
2527 915 2602 970 fui
2636 917 2687 970 in
2715 932 2946 982 corpore
2975 916 3165 970 mortis
3192 914 3372 983 hujus.
3403 913 3629 967 Multam
3657 915 3810 968 incola

2229 1010 2328 1078 fuit
2358 1009 2535 1060 anima
2580 1025 2708 1061 mea.
2744 1008 2878 1062 Vide
2915 1017 3138 1061 sanctus
3172 1006 3299 1074 quid
3337 1005 3482 1059 dicat
3514 1024 3526 1056 :
3561 1004 3626 1059 Et
3659 1005 3702 1059 si
3727 1005 3812 1060 de-

2227 1115 2343 1156 cem
2371 1115 2545 1154 annos
2577 1101 2704 1167 vixi,
2733 1101 2959 1154 multum
2992 1099 3168 1154 ineola
3198 1099 3291 1153 fttit
3316 1099 3498 1152 anima
3533 1112 3668 1151 mea.
3693 1098 3807 1161 Q

2227 1195 2368 1248 enim
2414 1193 2691 1248 beatitudo
2726 1203 2839 1256 est,
2889 1193 2956 1247 ad
3005 1194 3468 1263 comparationem
3502 1192 3804 1256 caelestium,

2228 1303 2352 1344 esse
2379 1288 2432 1342 in
2463 1287 2732 1343 terrenis?
2757 1287 2919 1342 Multa
2949 1297 3072 1342 sunt
3103 1303 3222 1354 qure
3263 1286 3519 1341 dicantur
3553 1304 3565 1338 :
3597 1286 3686 1340 sed
3707 1286 3805 1356 jam

2228 1382 2294 1434 ad
2327 1381 2482 1437 linem
2516 1381 2729 1436 festinat
2768 1381 2963 1435 oratio.

2301 1473 2428 1525 Cum
2461 1474 2538 1526 his
2565 1473 2650 1544 qui
2687 1473 2906 1526 oderunt
2939 1488 3133 1537 pacem,
3177 1485 3318 1524 erant
3366 1470 3664 1541 paciﬁcus:
3697 1486 3793 1524 eam

2228 1563 2474 1630 loquebar
2507 1564 2645 1628 illis,
2673 1562 3044 1633 impugnabant
3078 1579 3156 1615 me
3192 1563 3380 1634 gratis.
3413 1561 3662 1616 Infelices
3687 1578 3800 1627 nos,

2229 1657 2468 1727 linguam
2497 1667 2738 1712 nostram
2761 1658 3044 1711 continere
3065 1672 3173 1711 non
3202 1670 3493 1727 possumus
3520 1673 3625 1711 non
3652 1658 3805 1711 detra-

2231 1750 2397 1805 here:
2428 1752 2471 1804 si
2503 1766 2599 1804 nns
2629 1749 2825 1820 aliquis
2852 1748 3186 1813 offenderit,
3218 1749 3375 1818 quasi
3405 1749 3616 1802 vultum
3646 1759 3805 1804 osten-

533 1847 769 1903 mittitur
797 1863 935 1900 unus
971 1849 1038 1900 de
1069 1847 1382 1918 Seraphim,
1418 1857 1470 1902 et
1501 1847 1638 1901 tollit
1661 1847 1952 1903 carbonem
1986 1849 2125 1918 ignis
2155 1841 2203 1910 B
2229 1846 2406 1900 dimus
2446 1854 2728 1913 pacatum,
2767 1854 3025 1899 caeterum
3054 1859 3149 1898 cur
3192 1843 3356 1898 habet
3393 1858 3679 1897 venenum.
3707 1843 3806 1897 Muo

533 1942 602 1997 de
626 1942 806 2008 altari,
839 1951 892 1996 et
921 1943 1092 2012 tangit
1115 1941 1252 1994 labia
1287 1942 1454 2011 ipsius
1483 1953 1534 1994 et
1562 1941 1822 2012 linguam,
1855 1953 1904 1997 et
1933 1952 2128 2013 purgat

533 2049 674 2090 eam.
729 2033 799 2088 Et
834 2034 962 2105 quid
1016 2034 1190 2088 dicit?
1243 2035 1380 2088 Ecce
1428 2033 1530 2087 hoc
1564 2035 1710 2103 tetigi
1760 2034 1904 2088 labia
1930 2045 2038 2104 tua,
2072 2043 2128 2090 et

533 2126 789 2183 mundavi
820 2125 1058 2196 linguam
1086 2133 1252 2179 tuam.
1304 2126 1368 2180 Et
1396 2127 1577 2179 statim
1602 2125 1730 2195 quid
1758 2127 1928 2181 dicit?
1952 2127 2122 2195 Quem

531 2221 745 2276 mittam
771 2217 837 2272 ad
874 2218 1126 2286 populum
1159 2219 1344 2284 istum,
1383 2227 1439 2272 et
1467 2217 1591 2286 quis
1618 2217 1754 2271 ibit?
1793 2217 1838 2272 0
1868 2220 2126 2290 mysteria

533 2311 938 2379 Scripturarum
967 2311 981 2362 l
1024 2310 1279 2379 quamdiu
1321 2308 1558 2364 habebat
1588 2309 1826 2379 linguam
1857 2308 2124 2378 dolosam,

532 2410 586 2456 et
617 2400 755 2454 labia
789 2399 1088 2462 immunda,
1124 2415 1228 2453 non
1265 2401 1316 2455 ei
1347 2401 1566 2464 dicitur,
1603 2416 1765 2471 quem
1816 2401 2046 2469 mittam,
2073 2411 2129 2458 et

531 2492 655 2564 quis
679 2491 816 2546 ibit?
857 2490 1191 2545 mandantur
1217 2491 1357 2545 labia
1382 2492 1571 2560 ipsius.
1605 2501 1662 2545 et
1689 2491 1868 2547 statim
1897 2494 2129 2549 mittitur

531 2585 599 2640 ad
631 2584 978 2654 loquendum.
1024 2583 1166 2654 Ergo
1193 2585 1282 2654 qui
1322 2585 1463 2639 labia
1495 2586 1771 2640 immunda
1801 2585 1985 2653 habet,
2018 2603 2125 2644 non

530 2685 712 2748 potest
755 2676 1102 2745 prophetare,
1156 2691 1262 2732 non
1313 2684 1486 2746 potest
1540 2679 1677 2733 mitti
1712 2683 1764 2734 in
1803 2681 2124 2751 obsequium

532 2769 650 2824 Dei.
683 2768 814 2825 Cum
855 2771 1162 2827 carbonibus
1199 2771 1544 2828 desolatoriis.
1580 2773 1794 2829 Utinam
1839 2786 2129 2845 praestetur

531 2861 690 2918 nobis
719 2872 776 2917 et
805 2863 905 2917 ista
941 2863 1200 2932 solitudo,
1240 2875 1298 2919 ut
1345 2865 1728 2936 quodcumque
1775 2867 1977 2922 malum
2019 2878 2122 2935 est,

533 2955 692 3011 tollat
719 2955 787 3011 de
814 2956 994 3027 lingua
1027 2969 1207 3010 nostra
1255 2976 1266 3009 :
1318 2967 1375 3012 ut
1405 2958 1492 3012 ubi
1527 2960 1696 3028 spina:
1724 2964 1870 3022 sunt,
1912 2959 2002 3014 ubi
2034 2976 2128 3016 ve-

531 3063 656 3119 pres
687 3057 835 3115 sunt,
865 3049 952 3104 ubi
981 3053 1165 3104 urticae
1193 3061 1338 3116 sunt,
1371 3051 1615 3105 mittatur
1639 3051 1779 3120 ignis
1807 3051 2038 3119 Domini,
2070 3056 2129 3107 et

531 3145 782 3199 universa
813 3155 1029 3209 exurat,
1061 3153 1116 3199 et
1139 3143 1232 3198 liat
1261 3145 1493 3199 solitudo
1517 3144 1737 3200 Christi.

2233 1939 2386 1992 nachi
2418 1939 2680 2003 dicimur,
2717 1948 2772 1993 et
2803 1938 2930 1994 licet
2966 1952 3072 1992 non
3105 1938 3276 1991 simus
3306 1937 3498 2006 quales
3523 1951 3642 1992 esse
3665 1937 3803 1992 debe-

2232 2048 2352 2087 mus
2371 2075 2384 2095 ,
2418 2041 2597 2087 tamen
2623 2033 2876 2087 dicimur.
2895 2032 3033 2086 l‘lora
3059 2032 3221 2085 tertia
3247 2044 3504 2085 oramus:
3531 2031 3656 2084 hora
3677 2039 3804 2085 sexta

2230 2140 2488 2180 oramus:
2532 2139 2671 2179 nona
2696 2167 2710 2189 ,
2753 2125 3119 2179 lucernarium
3159 2124 3429 2178 facimus:
3467 2122 3645 2177 media
3672 2131 3809 2177 nocte

2228 2217 2639 2286 consurgimus:
2675 2217 2875 2272 deinde
2909 2215 3187 2285 gallicinio
3215 2229 3460 2270 oramus.
3491 2213 3679 2270 Videte
3703 2214 3805 2284 qui-

2228 2309 2328 2362 bus
2379 2309 2531 2364 horls
2584 2323 2800 2378 semper
2831 2309 2894 2362 ad
2953 2307 3275 2376 obsequium
3326 2307 3420 2363 Del
3476 2307 3800 2362 suscitantur.

2233 2403 2422 2457 Videte
2448 2403 2574 2472 quid
2613 2401 2788 2466 dicat,
2831 2401 2962 2455 hora
2998 2403 3189 2465 tertia,
3226 2410 3412 2466 sexta,
3450 2415 3626 2463 nona,
3653 2401 3804 2455 lucer-

2229 2495 2475 2562 narium,
2511 2495 2693 2550 medio
2724 2495 2926 2555 noctis.
2958 2493 3238 2564 gallicinio
3260 2537 3273 2560 ,
3310 2507 3471 2548 mane
3499 2492 3688 2563 primo.
3710 2491 3806 2546 Hoc

2230 2595 2398 2641 totum
2430 2586 2656 2642 facimus
2680 2627 2694 2650 ,
2724 2596 2777 2641 et
2806 2603 2912 2641 non
2941 2586 3382 2652 consideramus,
3416 2587 3542 2657 quia
3570 2586 3614 2641 si
3643 2585 3801 2640 inimi-

2228 2683 2384 2736 citias
2414 2681 2573 2734 habet
2605 2681 2780 2734 anima
2804 2691 2986 2734 nostra
3003 2689 3198 2734 contra
3224 2677 3480 2743 fratrem,
3517 2680 3636 2734 sine
3663 2691 3801 2733 causa

2227 2785 2471 2829 oramus.
2512 2775 2568 2829 In
2609 2774 2911 2845 Evangelia
2950 2774 3094 2828 enim
3137 2772 3264 2844 quid
3303 2773 3540 2829 dicitur?
3576 2774 3628 2828 Si
3662 2771 3804 2826 offers

2229 2882 2425 2923 munus
2453 2877 2603 2924 tuum
2627 2868 2692 2922 ad
2714 2871 2886 2922 altare
2902 2909 2916 2930 ,
2945 2875 3000 2920 et
3024 2865 3344 2922 recordatus
3370 2865 3543 2922 fueris
3567 2864 3660 2930 ibi,
3681 2862 3803 2934 quod

2227 2961 2428 3028 aliquid
2478 2961 2646 3016 frater
2685 2973 2804 3016 tuus
2854 2961 3013 3016 habet
3064 2960 3327 3016 adversus
3367 2968 3422 3013 te
3459 2957 3675 3030 (Matth.
3729 2957 3801 3026 v).

2228 3052 2420 3108 Videte
2447 3053 2575 3122 quid
2605 3052 2750 3108 dicat
2774 3074 2786 3109 :
2813 3052 2926 3107 Non
2953 3051 3122 3116 dixit,
3146 3055 3189 3106 si
3227 3038 3393 3106 habes
3413 3051 3616 3120 aliquid
3638 3057 3804 3104 contra

2230 3145 2452 3200 fratrem
2484 3155 2632 3199 tuum
2655 3162 2669 3209 ;
2697 3145 2791 3199 sed
2813 3186 2828 3210 ,
2862 3145 2906 3199 si
2933 3143 3141 3212 aliquid
3163 3142 3334 3197 frater
3362 3151 3487 3197 tuus
3513 3142 3668 3196 habet
3694 3157 3806 3195 con-

602 3235 723 3290 Ileu
745 3235 885 3300 mihi,
921 3238 1041 3304 quia
1065 3237 1490 3302 incolatusmeus
1517 3237 1854 3311 prolongata:
1880 3240 1988 3294 est!
2020 3241 2131 3296 Hoc
2158 3241 2204 3306 C
2237 3247 2317 3292 tra
2354 3247 2424 3292 te.
2457 3237 2590 3292 Rem
2619 3239 2771 3306 quasi
2805 3237 3060 3306 injustam
3093 3236 3310 3290 videtur
3341 3235 3498 3290 nobis
3521 3235 3802 3304 imponere;

447 3325 450 3328 ’
526 3337 748 3384 sanctus
779 3327 929 3392 dicit,
964 3329 1053 3398 qui
1086 3345 1286 3397 corpus
1329 3345 1436 3383 nou
1480 3328 1772 3396 desiderat,
1800 3331 1891 3400 qui
1923 3339 2125 3386 terram

530 3438 639 3478 non
667 3423 882 3492 quaerit,
914 3424 1004 3492 qui
1031 3423 1228 3477 etclam
1259 3422 1423 3492 cupit.
1461 3422 1577 3477 Heu
1606 3424 1750 3490 mihi,
1782 3427 1902 3493 quia
1933 3426 2130 3481 incola-

533 3524 614 3570 tus
689 3531 835 3570 meus
910 3516 1251 3586 prolongatus
1315 3525 1406 3568 est.
1469 3515 1699 3581 Quando
1749 3527 2128 3586 a-grotamus:

531 3608 748 3680 quando
779 3607 1146 3662 febricitamus
1179 3627 1189 3658 :
1220 3607 1434 3677 quando
1461 3607 1798 3676 suspicamur
1828 3623 1925 3664 nos
1950 3612 2086 3664 mori
2112 3627 2126 3664 :

533 3699 750 3772 quando
767 3700 1040 3770 iactamus
1061 3697 1281 3754 brachia
1308 3717 1323 3756 :
1354 3700 1849 3769 quandotimemus
1876 3719 1890 3754 :
1915 3701 2130 3771 quando

533 3801 899 3848 commeatum
935 3789 1208 3859 petimus,
1247 3790 1407 3844 istum
1440 3791 1770 3846 versiculum
1803 3806 1911 3847 non
1940 3807 2132 3863 passu-

534 3899 655 3940 mus
683 3885 885 3939 dicere.
916 3883 1022 3940 Iste
1048 3899 1217 3938 sanus
1242 3893 1381 3948 erat,
1410 3899 1518 3938 non
1562 3885 1884 3955 aigmtahat,
1915 3895 1976 3941 et
2002 3887 2135 3956 quid

532 3977 783 4033 dicebat?
815 3977 935 4032 Heu
973 3977 1134 4032 mihi!
1165 3979 1288 4049 quia
1338 3979 1596 4032 incolatu:
1625 3995 1768 4033 meus
1795 3981 2135 4050 prolongata:

534 4077 629 4123 est.
659 4068 926 4135 Quamdiu
971 4068 1114 4122 enim
1163 4085 1350 4122 sumus
1397 4069 1448 4123 in
1495 4071 1844 4125 tabernaculo
1889 4071 2134 4139 corporis

534 4161 717 4232 hujus,
750 4161 1157 4231 peregrinamur
1187 4179 1215 4215 a
1248 4163 1479 4217 Domino
1505 4163 1572 4234 (ll
1600 4161 1722 4217 Cor.
1754 4163 1831 4234 v).
1862 4161 1985 4218 Heu
2006 4164 2134 4218 mihi

535 4254 660 4325 quia
687 4253 944 4307 incolatu:
966 4269 1108 4308 meus
1148 4255 1486 4325 prolongatus
1512 4262 1610 4310 est.
1642 4251 1913 4309 Incolattts
1941 4271 2084 4310 meus
2116 4270 2136 4310 :

535 4342 652 4398 Non
681 4343 840 4409 dixit,
896 4343 1157 4398 habitatio
1209 4359 1352 4412 mea,
1400 4345 1494 4399 sed
1545 4343 1806 4400 iaculatus
1856 4362 1997 4400 meus
2029 4362 2050 4400 :
2082 4347 2134 4402 in

536 4435 738 4492 saeculo
762 4433 909 4490 enim
963 4435 1220 4504 praesenti
1266 4450 1373 4490 non
1411 4435 1671 4492 habemus
1719 4435 2133 4505 habitationem,

533 4529 633 4586 sed
680 4527 1194 4601 peregrinationem.
1254 4528 1410 4586 Unde
1462 4543 1519 4586 et
1578 4532 1878 4602 Apostolus
1928 4532 2062 4588 dicit
2117 4553 2131 4588 :

2229 3329 2275 3384 si
2303 3329 2444 3384 enim
2462 3329 2710 3395 dixisset,
2731 3329 2777 3383 si
2793 3329 2958 3384 habes
2971 3328 3172 3398 aliquid
3191 3337 3379 3382 contra
3405 3326 3627 3381 fratrem
3653 3336 3806 3386 tumo,-

2232 3423 2283 3476 in
2309 3431 2490 3476 nostra
2514 3431 2632 3477 erat
2667 3431 2937 3491 potestate
2967 3422 3108 3490 quod
3148 3421 3506 3477 habebamus.
3528 3419 3678 3475 Nunc
3694 3432 3809 3471 vero

2231 3514 2358 3584 quid
2388 3514 2557 3570 dicit?
2587 3515 2643 3570 Si
2677 3514 3000 3570 recordatus
3037 3514 3232 3578 fueris,
3266 3513 3410 3584 quod
3443 3512 3640 3582 aliquid
3667 3512 3807 3565 habet

2235 3605 2400 3661 frater
2433 3618 2554 3661 tuus
2581 3607 2843 3662 adversus
2872 3619 2944 3663 te.
2977 3606 3307 3677 lie-pondeo
3327 3606 3376 3660 ei
3401 3623 3416 3658 :
3451 3605 3692 3666 Domine,
3717 3619 3806 3655 uolt

2234 3709 2319 3754 est
2347 3702 2450 3755 hoc
2484 3699 2535 3754 in
2576 3715 2698 3755 mea
2727 3709 2995 3772 potestate
3016 3743 3031 3766 ,
3063 3702 3110 3756 si
3148 3703 3317 3756 frater
3347 3714 3501 3755 meus
3541 3699 3700 3754 habet
3719 3697 3807 3751 ali-

2234 3789 2363 3860 quid
2389 3802 2580 3846 contra
2613 3807 2730 3853 me.
2765 3807 2868 3862 ego
2893 3792 3023 3847 nihil
3059 3792 3234 3846 habeo
3263 3801 3450 3846 contra
3483 3807 3629 3846 eum.
3654 3791 3705 3846 Si
3732 3789 3807 3844 ille

2236 3885 2400 3940 habet
2426 3897 2614 3939 contra
2642 3899 2727 3940 me
2749 3925 2762 3947 ,
2791 3884 2858 3939 ad
2883 3900 2969 3939 me
2990 3883 3120 3955 quid
3154 3885 3426 3954 pertinet?
3453 3884 3513 3938 Et
3538 3897 3695 3954 quare
3717 3895 3807 3936 num

2234 3977 2318 4032 vis
2343 3978 2617 4047 suscipere
2645 3992 2840 4032 munus
2865 3993 3044 4033 meum
3067 4019 3082 4042 ,
3112 3987 3168 4032 et
3189 3977 3349 4040 dicis,
3375 3978 3420 4031 si
3452 3977 3616 4032 oﬂers
3637 3986 3805 4030 manus

2238 4081 2386 4127 tuum
2413 4073 2480 4126 ad
2509 4072 2712 4139 altare,
2745 4079 2802 4126 et
2833 4071 2903 4126 ibi
2942 4071 3261 4126 recordatus
3290 4069 3460 4126 fueris
3497 4071 3636 4141 quod
3667 4066 3808 4123 frater

2237 4175 2363 4222 tuus
2388 4164 2588 4235 aliquid
2633 4163 2794 4220 habet
2817 4173 3007 4220 contra
3039 4172 3092 4219 te
3123 4179 3138 4218 :
3183 4163 3404 4218 dimitte
3433 4177 3627 4218 manus
3646 4170 3808 4224 tuum,

2238 4266 2294 4314 et
2330 4256 2467 4312 vade
2497 4257 2650 4327 prius
2687 4256 3030 4312 reconciliari
3061 4255 3219 4311 fratri
3262 4265 3389 4321 tuo,
3425 4264 3480 4311 et
3519 4257 3597 4310 sic
3638 4253 3810 4308 cliens

2237 4363 2436 4403 munus
2475 4349 2660 4403 tuum?
2690 4350 2830 4405 Ecce
2859 4363 2964 4418 ego
3003 4348 3141 4402 nihil
3185 4347 3395 4415 habeo;
3437 4349 3482 4403 si
3511 4347 3600 4403 ille
3639 4346 3810 4404 habet.

2237 4440 2305 4495 ad
2337 4455 2423 4495 me
2459 4440 2590 4510 quid
2634 4440 2906 4510 pertinet?
2941 4439 3254 4509 Respondet
3295 4439 3391 4495 tibi
3438 4439 3722 4494 Dominus:
3758 4434 3813 4490 Et

2239 4534 2369 4604 quid
2415 4533 2582 4589 dicit?
2635 4533 2775 4589 Male
2827 4546 3019 4599 serve,
3076 4532 3323 4604 intelligo
3371 4533 3609 4587 animum
3647 4539 3808 4582 tuum:

536 4621 700 4691 Quasi
725 4622 951 4678 advenae
981 4631 1036 4678 et
1067 4623 1359 4694 peregrini.
1408 4623 1629 4680 Advena
1655 4639 1757 4696 ego
1781 4640 1923 4693 sum,
1955 4635 2011 4683 et
2042 4642 2131 4697 pe-
2164 4625 2219 4688 D
2242 4626 2386 4682 Nihil
2415 4625 2580 4682 habes
2603 4634 2795 4681 contra
2835 4624 3059 4680 fratrem
3083 4626 3274 4680 tuum?
3311 4624 3444 4680 nihil
3472 4623 3813 4678 habcsiamas

534 4717 785 4787 regrinus
815 4717 861 4786 (Ι
889 4715 1034 4772 Petr.
1065 4718 1148 4788 tt).
1182 4716 1305 4772 [lett
1329 4717 1495 4783 mihi,
1530 4718 1655 4787 qttia
1691 4718 1947 4774 incolatur
1990 4736 2135 4775 meus

538 4811 875 4885 prolongatus
922 4819 1022 4867 est.
1075 4810 1196 4879 Quo
1241 4811 1406 4875 dicit,
1458 4810 1562 4867 hoc
1607 4821 1689 4866 est
1731 4830 1742 4866 :
1792 4810 1981 4868 Infelix
2034 4827 2136 4883 ego

537 4907 793 4978 quamdiu
825 4923 945 4962 sum
971 4907 1024 4962 in
1056 4908 1161 4962 isto
1189 4921 1439 4975 corpore.
1468 4906 1603 4975 Quis
1631 4916 1876 4962 nostrum
1906 4907 2011 4963 huc
2036 4922 2134 4978 po-

539 5007 647 5054 test
671 4998 893 5054 dicere?
922 4997 980 5054 Si
1003 5000 1340 5069 netogenarii
1370 4999 1657 5069 fuerimus,
1692 5001 1945 5055 timemus
1967 5002 2134 5068 mori;

538 5093 659 5148 etsi
689 5092 993 5148 centenarii
1023 5107 1245 5160 sumus,
1281 5101 1337 5148 et
1375 5101 1732 5164 aegrotamus,
1778 5103 1957 5150 tamen
1988 5111 2140 5150 com-

540 5194 776 5242 meatum
799 5193 854 5241 et
875 5185 1116 5255 spatium
1148 5186 1502 5254 postulamus.
1535 5187 1647 5241 lloc
1671 5197 1842 5242 totum
1863 5202 2034 5259 quare
2061 5189 2142 5243 la-

541 5277 751 5334 cimus?
779 5276 916 5345 Quia
951 5288 1300 5348 peccatorum
1347 5293 1443 5334 nos
1471 5279 1806 5336 conscientia
1844 5280 2140 5337 remordet.

543 5370 758 5429 Scimus
798 5369 969 5436 enim,
1018 5371 1143 5441 quia
1176 5371 1222 5426 si
1273 5371 1593 5428 recedamus
1622 5372 1690 5452 de
1730 5387 1984 5445 corpore,
2034 5391 2142 5430 non

543 5464 682 5520 imus
727 5463 795 5519 ad
842 5464 1154 5532 Christum,
1212 5468 1309 5523 sed
1355 5467 1422 5522 ad
1465 5467 1790 5538 gehennam.
1851 5469 2143 5534 Apostolus

539 5559 670 5631 quid
724 5557 894 5614 dicit?
943 5558 1118 5629 Cupio
1164 5560 1428 5624 dissolvi,
1488 5569 1542 5616 et
1591 5577 1714 5617 esse
1757 5577 1876 5616 cum
1926 5562 2143 5618 Christo

543 5649 810 5725 (Philipp.
840 5652 900 5722 l).
939 5651 1013 5706 Da
1040 5652 1172 5708 mihi
1195 5654 1538 5708 securitatem
1567 5672 1580 5708 :
1610 5655 1734 5724 quia
1766 5663 1883 5723 post
1914 5665 2143 5711 mortem

540 5743 758 5798 futurus
799 5760 916 5797 sum
948 5761 1068 5799 cum
1109 5744 1327 5799 Christo
1362 5763 1376 5800 :
1405 5746 1566 5801 etiam
1604 5762 1748 5801 nunc
1777 5748 1915 5802 mori
1959 5747 2142 5816 cupio.

546 5831 689 5902 Ergo
741 5835 844 5890 istc
887 5836 1011 5906 quia
1039 5847 1265 5895 sanctus
1305 5849 1416 5910 cst,
1463 5849 1747 5911 propterea
1777 5839 1908 5896 dicit
1953 5859 1963 5891 :
2025 5838 2144 5895 Heu

2242 4722 2429 4778 illum?
2468 4721 2649 4789 Quare
2689 4735 2824 4791 ergo
2874 4719 3068 4775 salvari
3109 4735 3232 4775 eum
3275 4734 3381 4774 non
3427 4719 3544 4774 vis?
3582 4719 3636 4775 Si
3681 4728 3812 4769 amas

2242 4816 2393 4872 illum
2415 4857 2430 4882 ,
2464 4815 2603 4870 vade
2625 4859 2639 4879 ,
2673 4827 2802 4884 roga
2840 4828 2962 4868 eum
2997 4829 3064 4867 ne
3103 4814 3194 4868 ille
3220 4820 3408 4867 contra
3449 4820 3503 4866 te
3535 4811 3746 4872 habeat,
3768 4814 3814 4859 ut

2242 4909 2436 4963 salvari
2489 4907 2678 4976 possit.
2723 4905 2831 4963 Sed
2853 4903 3100 4963 ostendis
3152 4905 3278 4973 quia
3315 4917 3426 4958 non
3456 4903 3636 4970 diligis
3673 4909 3812 4956 tum:

2242 5001 2368 5071 quia
2401 4999 2598 5053 salvari
2639 5013 2764 5054 eum
2807 5014 2915 5054 non
2947 4998 3065 5062 vis;
3112 4996 3286 5060 vade.
3331 5006 3462 5066 ruga
3499 5007 3618 5050 euut
3643 5034 3656 5058 ,
3685 4992 3816 5045 mitte

2247 5102 2298 5148 te
2327 5092 2378 5147 ei
2409 5092 2473 5146 ad
2508 5091 2670 5160 pedes
2699 5093 2850 5161 ejus,
2896 5090 3092 5146 diebus
3123 5098 3176 5145 et
3209 5088 3463 5144 noctibus
3501 5086 3780 5157 deprecare
3801 5119 3813 5140 .

2245 5185 2450 5242 dicito:
2497 5200 2696 5240 munus
2743 5199 2924 5240 Ineunt
2964 5184 3148 5240 dimisi
3190 5184 3255 5238 ad
3289 5183 3498 5247 altare,
3527 5189 3736 5252 propter
3773 5184 3815 5229 te

2247 5280 2496 5335 victimas
2541 5278 2738 5334 offerre
2779 5293 2887 5333 non
2924 5292 3171 5347 possum.
3205 5275 3300 5331 llle
3345 5276 3747 5345 compungitur,
3772 5275 3815 5319 et

2249 5371 2376 5443 quld
2403 5371 2572 5427 dicit?
2601 5371 2656 5427 Si
2700 5371 2800 5426 iste
2842 5372 2930 5440 qui
2975 5385 3064 5426 me
3102 5378 3292 5440 rogat,
3327 5383 3434 5423 non
3465 5367 3623 5422 offert
3651 5370 3814 5418 munus

2250 5482 2439 5530 suum,
2483 5481 2584 5536 ego
2627 5467 2718 5534 qui
2759 5472 2977 5534 rogatus
3014 5478 3174 5528 sum,
3207 5472 3262 5518 et
3292 5479 3398 5516 non
3434 5463 3682 5531 ignosco,
3711 5449 3813 5524 quid

2251 5560 2495 5616 facturus
2526 5559 2686 5613 sum?
2712 5558 3007 5627 Propterea
3047 5557 3182 5611 dicit
3209 5565 3264 5612 et
3303 5555 3626 5626 Apostolus,
3659 5561 3707 5605 ut
3731 5548 3811 5602 ini-

2253 5653 2410 5710 micis
2433 5654 2634 5708 nostris
2656 5651 2983 5708 manducare
3003 5649 3216 5716 demus,
3237 5661 3291 5704 et
3311 5649 3504 5704 bibere
3525 5646 3699 5720 (Rom.
3717 5639 3810 5707 xu).

2255 5749 2319 5804 Et
2351 5747 2479 5819 quid
2514 5746 2679 5803 dicit?
2709 5747 2835 5801 llme
2861 5747 3044 5812 enim,
3077 5743 3282 5815 inquit,
3316 5743 3552 5808 faciens,
3585 5739 3811 5797 carbones

2259 5841 2398 5912 ignis
2427 5854 2734 5912 congregas
2758 5854 2920 5912 super
2941 5850 3105 5910 caput
3131 5836 3269 5907 ejus.
3301 5834 3456 5894 Dicat
3480 5833 3705 5908 aliquis,
3733 5827 3808 5881 Ιιυε
