3982 6322
182 346 349 409 sa'n
1174 344 1376 404 manu
1418 348 1507 404 ou
1545 335 2004 407 EXI‘OSlTiONE
2049 344 2498 409 PSALMOBUM.
3361 350 3501 416 ista

182 464 416 523 inimici
466 465 700 532 faciunt;
745 463 867 519 ideo
913 464 1049 521 bene
1094 462 1299 521 iaciunt
1344 462 1694 533 adversario,
1741 462 1802 519 ut
1827 471 1877 528 Α
1904 464 2056 521 fratri
2093 472 2256 535 meo,
2308 466 2399 538 qui
2446 466 2577 523 mihi
2634 467 2883 540 injuriam
2937 472 3184 539 fecerat,
3216 476 3274 528 et
3307 488 3497 545 pacem

186 559 482 616 clrbones
536 557 676 629 ignis
718 562 1054 628 congregem
1109 560 1273 627 super
1310 557 1473 626 caput
1512 556 1650 627 ejus.
1695 550 1806 613 Sed
1908 560 2067 621 labiis
2091 565 2383 635 promitto,
2429 572 2483 621 et
2512 564 2679 622 corde
2705 572 2971 622 venenum
3015 572 3196 623 teneo.
3227 562 3504 638 Frequen-

184 653 357 711 aliud
388 653 587 709 dicitur
614 671 626 706 :
659 653 705 708 si
732 652 827 708 tibi
858 651 954 709 ille
979 652 1123 708 male
1165 650 1353 708 fecerit
1380 692 1394 717 ,
1418 662 1475 708 et
1505 660 1561 707 tu
1591 652 1643 708 ei
1665 650 1803 707 bene

186 743 441 811 feceris,
464 736 734 800 carbones
757 744 905 814 ignis,
926 757 1226 814 congregas
1269 752 1432 812 super
1460 741 1621 813 c’aput
1647 741 1765 814 eius
1784 785 1800 809 ,

189 838 309 895 hoc
353 842 467 905 est,
522 835 753 892 mundae
795 834 927 891 vitia
967 836 1115 906 ejus,
1161 843 1217 891 et
1247 837 1502 905 excoquis
1542 835 1803 890 malitiam

187 932 355 1001 ejus,
396 938 455 985 ut
504 929 569 985 ad
626 930 999 1000 panitentiam
1042 938 1412 1004 conrertatur.
1447 929 1633 985 Videte
1673 940 1805 999 ergo

189 1022 335 1095 quid
380 1022 527 1079 dieat
569 1032 789 1078 sanctus
845 1022 1128 1094 propheta.
1173 1024 1301 1078 Cum
1339 1024 1421 1077 Itis
1459 1023 1544 1090 qui
1582 1024 1797 1077 oderunt

190 1126 418 1188 pacem,
458 1128 600 1169 eram
645 1115 913 1184 paciﬁcus.
959 1113 1074 1170 Non
1104 1106 1275 1181 dixit,
1302 1114 1393 1185 qui
1424 1113 1678 1170 volebant
1709 1129 1805 1185 pa-

191 1223 327 1265 cem
355 1225 368 1262 :
399 1207 495 1263 sed
514 1249 531 1276 ,
558 1208 644 1278 qui
671 1206 894 1263 oderunt
920 1222 1121 1279 pacem.-
1153 1207 1233 1262 llli
1257 1207 1485 1288 oderant
1514 1218 1724 1277 pacem,
1752 1212 1809 1264 et

190 1308 306 1374 ego
342 1302 591 1358 amabam
618 1314 713 1358 eos
762 1302 853 1373 qui
898 1302 1126 1358 oderant
1160 1312 1368 1373 pacem.
1416 1301 1545 1358 Ideo
1592 1303 1722 1358 dicit
1751 1311 1807 1358 et

191 1392 538 1467 Apostolus:
587 1394 859 1462 Quantum
915 1408 985 1450 ex
1034 1394 1191 1451 vobis
1239 1404 1355 1461 est,
1384 1406 1508 1452 cum
1552 1395 1804 1453 omnibus

193 1486 525 1547 hominibus
575 1502 763 1561 pacem
819 1490 1081 1546 habentes
1124 1490 1315 1563 (Rom.
1348 1489 1480 1560 xtl).
1535 1491 1807 1561 Rogemus

194 1585 452 1642 fratrem.
481 1582 539 1641 Si
572 1584 823 1641 inimicus
850 1593 1036 1641 noster
1063 1594 1178 1652 est,
1223 1598 1478 1656 rogemus
1498 1595 1553 1642 et
1599 1584 1682 1641 bis
1701 1630 1716 1655 ,
1751 1588 1808 1642 et

197 1686 323 1747 ter',
356 1686 413 1735 et
440 1678 662 1748 septies.
692 1672 897 1734 Tamen
919 1688 976 1735 et
1008 1679 1052 1734 si
1076 1680 1387 1750 peccaverit
1421 1680 1590 1737 frater
1625 1697 1801 1748 meus,

191 1773 459 1845 quatiens
496 1771 767 1828 dimittant
809 1771 920 1839 illi,
959 1774 1194 1845 septies?
1222 1774 1354 1830 Dico
1395 1774 1523 1840 tibi,
1569 1791 1675 1831 non
1717 1790 1806 1831 se~

1908 662 1988 712 te'r
2020 661 2073 712 et
2100 657 2240 712 oculi
2276 668 2329 712 et
2361 656 2560 725 vultus,
2595 659 2793 715 mentis
2822 659 3080 714 indicium
3107 668 3252 716 sunt.
3278 659 3507 730 Quando

1907 764 2000 806 cor
2032 756 2274 807 nostrum
2316 752 2660 807 vulneratum
2704 754 2791 806 est
2830 761 3021 807 contra
3068 752 3305 822 aliquem
3331 793 3347 820 ,
3396 767 3504 809 non

1905 857 2193 912 possumus
2223 858 2344 900 eum
2375 844 2619 915 aspicere
2648 844 2806 900 rectis
2835 844 3010 900 oculis
3046 862 3057 897 ε
3089 836 3268 900 vultus
3302 844 3418 915 ipse
3450 854 3508 902 et

1906 939 2070 1004 oculi,
2099 940 2251 1008 quasi
2276 939 2555 1009 speculum
2585 940 2780 994 animm
2808 949 3009 995 nostra!
3031 947 3177 993 sunt.
3205 938 3345 1008 Quid
3369 938 3504 998 dicit

1905 1027 2222 1099 Scriptura?
2255 1031 2324 1086 Et
2356 1046 2460 1085 non
2492 1040 2747 1101 poterant
2777 1032 2921 1103 loqui
2950 1032 2999 1088 ei
3027 1032 3318 1103 quidquam
3358 1033 3509 1104 paci-

1907 1123 2067 1177 ﬁcum
2115 1120 2283 1193 (Gen.
2332 1122 2577 1194 xxxv"),
2618 1140 2725 1179 non
2769 1133 2983 1196 poterat
3031 1123 3211 1195 lingua
3238 1125 3457 1181 mentiri
3486 1160 3505 1193 ,

1910 1216 2054 1287 quod
2101 1232 2199 1273 cor
2236 1215 2384 1271 intus
2428 1233 2537 1272 non
2580 1219 2914 1274 continebat.
2959 1217 3071 1274 Hoc
3117 1218 3282 1288 igitur
3333 1218 3501 1287 dico,

1908 1310 2064 1365 vobis
2091 1310 2225 1381 ipsis
2250 1322 2305 1366 et
2338 1310 2490 1377 milii,
2527 1327 2702 1381 neque
2740 1312 2883 1367 enim
2913 1311 2979 1366 ad
3011 1312 3113 1367 hoc
3138 1312 3407 1385 praadico,
3439 1321 3499 1369 ut

1907 1402 2061 1473 quasi
2101 1418 2187 1459 me
2230 1418 2480 1459 securum
2514 1398 2702 1459 faciam
2735 1422 2749 1460 :
2782 1405 3002 1460 occasio
3052 1405 3204 1459 istius
3251 1405 3506 1461 versiculi

1907 1497 2172 1567 compulit
2211 1513 2309 1552 nos
2360 1496 2430 1551 ita
2465 1494 2668 1553 dicere.
2710 1496 2924 1553 Grande
2952 1498 3149 1554 malum
3182 1508 3266 1555 est
3295 1498 3501 1571 lingua.

1907 1589 2131 1646 Domine
2153 1634 2166 1656 ,
2190 1589 2350 1645 libera
2378 1589 2608 1644 animum
2638 1605 2805 1645 meam
2826 1607 2858 1645 a
2888 1588 3036 1646 labiis
3063 1591 3253 1662 iniquis
3275 1601 3321 1645 et
3343 1607 3374 1645 a
3403 1590 3507 1646 litt-

1907 1703 2011 1759 gua
2034 1682 2234 1739 dolosa.
2266 1682 2380 1737 Non
2412 1680 2481 1737 ab
2505 1682 2729 1738 alterius
2759 1681 2963 1754 lingua,
2993 1682 3088 1737 sed
3120 1698 3150 1737 a
3182 1665 3299 1737 mea
3326 1683 3506 1753 lingua

1910 1779 2100 1832 libera.
2135 1775 2277 1832 Niltil
2311 1774 2440 1830 mihi
2469 1783 2627 1829 nocet
2650 1774 2829 1845 lingua
2866 1774 3092 1828 alterius
3123 1791 3135 1827 :
3171 1788 3290 1829 mea
3323 1773 3507 1844 lingua

195 1865 350 1936 pties
376 1906 391 1931 ,
421 1865 517 1920 sed
537 1864 849 1937 septuagies
870 1867 1104 1937 septies,
1131 1865 1233 1921 hoc
1252 1876 1334 1923 est
1358 1866 1800 1938 quadringenties
1832 1856 1882 1921 Β
1908 1868 2037 1925 πηίὴὶ
2062 1866 2281 1923 inimica
2307 1876 2410 1923 est.
2443 1856 2665 1921 Domine
2682 1909 2696 1933 ,
2731 1864 2893 1920 libera
2931 1866 3160 1920 animam
3195 1880 3360 1920 meam
3384 1884 3402 1921 :
3428 1865 3512 1922 Me

196 1960 472 2030 nonagies
515 1959 746 2030 (Matth.
775 1958 967 2034 xvttt).
1008 1959 1066 2017 Si
1105 1962 1439 2017 voluerimus
1487 1969 1802 2032 computare

196 2052 275 2108 de
307 2062 468 2108 mane
503 2062 676 2123 usque
714 2046 781 2108 ad
813 2060 1091 2124 vesperam
1115 2095 1130 2121 ,
1177 2060 1323 2108 tanta
1366 2058 1590 2125 peccata
1627 2050 1809 2111 iacere‘

196 2161 317 2203 non
342 2154 648 2217 possumus,
679 2145 1069 2218 quadringenta
1095 2148 1407 2217 nonaginta.
1439 2146 1641 2204 Tamen
1670 2146 1800 2219 quid

201 2236 343 2294 dicit
377 2236 679 2293 Dominus?
711 2238 769 2293 Si
809 2239 1119 2311 septuagies
1161 2240 1361 2307 septies
1404 2239 1707 2310 peccaverit
1748 2240 1804 2296 in

200 2332 295 2390 die
321 2353 339 2400 ,-
364 2341 419 2389 et
446 2344 741 2389 conversus
766 2334 1037 2404 rogaverit
1066 2342 1118 2389 te
1139 2374 1155 2401 ,
1185 2332 1399 2389 dimitte
1424 2334 1494 2390 ei.
1515 2333 1622 2390 Sed
1646 2333 1803 2405 dicis,

204 2440 319 2482 non
349 2440 417 2481 ex
448 2433 564 2480 toto
587 2425 756 2482 corde
780 2428 1147 2494 centertitttr,
1182 2426 1459 2481 mentitur.
1491 2424 1599 2481 Nos
1620 2425 1808 2481 dimit-

205 2527 392 2573 tamus
434 2517 547 2573 Deo
585 2517 889 2587 judicittm;
932 2527 1087 2590 rogat
1127 2532 1248 2584 me,
1287 2522 1647 2589 deprecatur,
1697 2534 1808 2574 non

207 2610 346 2666 dicit
400 2610 505 2667 hoc
551 2616 713 2677 itere,
765 2612 904 2667 Deus
958 2612 1152 2670 novit:
1203 2612 1316 2684 Ego
1371 2624 1559 2667 vocem
1616 2610 1808 2677 audio,

212 2704 470 2763 Christus
499 2712 592 2763 cor
611 2706 857 2777 intelligit
887 2720 1021 2780 tego
1043 2708 1279 2779 suscipio
1305 2706 1448 2779 quod
1474 2707 1660 2772 audio,
1692 2723 1811 2764 sus-

208 2796 382 2867 cipiat
416 2795 666 2853 Christus
698 2798 841 2870 quod
898 2801 1068 2854 navit.
1110 2798 1318 2856 Deinde
1352 2800 1474 2855 vide
1500 2800 1806 2855 mercedem

211 2898 408 2971 tuam:
441 2893 704 2948 mentitur
726 2892 846 2960 ille,
880 2897 937 2948 tu
971 2908 1155 2949 verum
1181 2894 1442 2965 suscipis;
1469 2893 1613 2950 illius
1642 2894 1812 2949 inter-

210 2984 382 3040 fectio
423 2992 538 3052 'est,
587 2986 674 3040 tua
707 2986 855 3041 salus
899 2988 1000 3043 est.
1033 2984 1149 3043 Htlc
1189 2996 1361 3043 totum
1393 3004 1561 3060 quare
1600 2989 1815 3045 locutus
1839 3067 1858 3081 Ο

212 3078 378 3134 sum?
406 3078 674 3146 Quoniam
724 3079 777 3134 in
823 3080 1195 3144 monasteriis,
1241 3090 1295 3136 et
1333 3080 1567 3137 maxime
1611 3080 1664 3136 itt
1698 3096 1813 3136 cre-

214 3169 396 3225 nohiis
415 3211 431 3238 ,
462 3171 638 3226 solent
664 3180 787 3226 esse
819 3171 920 3227 ista
951 3171 1099 3227 vitia.
1129 3170 1246 3228 Non
1277 3173 1670 3242 erttbeSCimus,
1704 3178 1812 3228 non

1911 1962 2075 2019 libera
2110 1979 2137 2018 a
2173 1963 2356 2033 lingua
2396 1977 2538 2030 mea,
2573 1959 2748 2033 lingua
2794 1975 2911 2016 mea
2952 1959 3163 2030 gladius
3192 1965 3311 2013 cst:
3345 1960 3514 2015 inter-

1910 2056 2021 2110 ﬁcit
2050 2056 2285 2109 animam
2313 2058 2510 2110 meam.
2539 2052 2671 2109 Puto
2693 2051 2836 2123 quod
2862 2050 3084 2106 inimico
3113 2066 3234 2106 meo
3258 2065 3508 2117 noceant,

1909 2161 1958 2205 et
1995 2147 2179 2204 nescio
2202 2145 2349 2219 quod
2377 2147 2641 2215 meipsum
2669 2140 2882 2199 occido.
2909 2142 3164 2214 Pugnant
3189 2140 3508 2210 adversarii,

1910 2242 2127 2316 quando
2156 2241 2351 2312 loquor
2382 2238 2519 2309 illis,
2549 2251 2604 2295 et
2632 2255 2732 2311 ego
2776 2240 2999 2310 paciﬁca
3036 2238 3247 2309 loquor.
3302 2237 3381 2293 Illi
3407 2239 3511 2293 ita-

1910 2338 2073 2393 beant
2098 2336 2422 2392 inimicalem
2452 2335 2712 2403 animum,
2740 2350 2840 2389 nos
2869 2348 3000 2389 vero
3038 2330 3338 2387 habeamus
3363 2331 3512 2402 paci-

1913 2429 2120 2486 ﬁcalem
2150 2429 2412 2493 animum,
2437 2427 2700 2498 siquidem
2735 2426 2993 2496 scriptum
3025 2435 3109 2480 est
3137 2433 3194 2477 ct
3223 2424 3277 2478 in
3303 2422 3513 2477 Parali-

1912 2539 2183 2595 pomenon
2214 2542 2225 2576 ε
2260 2520 2331 2577 Et
2353 2519 2557 2594 egressi
2586 2528 2714 2576 sunt
2734 2564 2749 2589 ,
2781 2519 2982 2589 inquit,
3014 2514 3109 2573 ﬁlii
3134 2504 3299 2572 Israel
3322 2514 3389 2571 ad
3416 2530 3514 2585 pu-

1915 2622 2193 2692 gnandum
2237 2625 2420 2672 mente
2446 2612 2694 2686 pacifica.
2725 2611 2936 2684 Aliquis
2979 2610 3128 2666 vadit
3156 2610 3220 2665 ad
3250 2623 3509 2681 pugnam,

1915 2722 1971 2770 et
1997 2720 2230 2769 mentem
2256 2708 2534 2780 paciﬁcam
2555 2706 2747 2762 habet:
2769 2705 2865 2761 sed
2884 2701 3315 2759 Christianorum
3338 2716 3513 2768 arma,

1916 2821 2018 2878 pax
2050 2813 2135 2860 est
2160 2820 2172 2857 :
2205 2820 2305 2875 pax
2327 2799 2549 2868 Christi,
2574 2814 2694 2871 qua:
2734 2802 3026 2866 exsuperat
3045 2810 3261 2851 omnem
3291 2809 3510 2851 sensum

1920 2895 2156 2965 (Philip.
2188 2892 2295 2964 tv).
2338 2892 2487 2947 Beati
2529 2890 2777 2962 paciﬁci:
2822 2905 2926 2943 non
2970 2887 3145 2943 solum
3184 2887 3273 2958 qui
3324 2901 3510 2957 pacem

1918 2987 2121 3043 faciunt
2149 2986 2292 3041 inter
2329 2985 2602 3048 rixantes,
2634 2981 2727 3036 sed
2756 2981 2844 3052 qui
2882 2979 2935 3034 in
2973 2977 3170 3050 seipsis
3210 2992 3400 3048 pacem
3432 2976 3516 3032 fa-

1918 3083 2088 3136 ciunt.
2140 3080 2289 3135 Beati
2332 3066 2649 3148 paciﬁci..Si
2681 3074 2773 3130 alii
2813 3075 2986 3129 rixam
3036 3068 3261 3137 faciunt,
3316 3081 3368 3125 et
3413 3084 3515 3140 ego

1924 3175 2135 3230 medius
2180 3170 2511 3227 intercedam
2536 3212 2550 3237 ,
2581 3166 2852 3224 etfaciam
2894 3167 3037 3220 inter
3081 3178 3174 3220 eos
3203 3177 3420 3233 pacem,
3459 3169 3515 3217 et

214 3260 504 3317 dolemus:
536 3262 840 3319 dimisimus
875 3270 1104 3333 matres,
1141 3264 1447 3321 dimisimus
1481 3273 1691 3336 patres,
1725 3263 1811 3319 di-
1841 3255 1886 3319 C
1920 3270 2035 3338 ipse
2066 3282 2171 3322 non
2206 3265 2435 3320 habeam
2478 3276 2663 3334 pacem
2710 3256 2763 3315 in
2814 3264 2995 3313 tuente
3028 3271 3146 3311 mea
3176 3273 3187 3307 :
3217 3244 3344 3327 quid
3377 3252 3513 3309 ntihi

216 3356 465 3413 misimus
517 3357 714 3413 fratres
745 3400 759 3422 ,
816 3354 1125 3414 dimisimus
1194 3371 1411 3413 sorores
1448 3399 1463 3423 ,
1511 3356 1813 3413 dimisimus

216 3460 449 3518 uxores,
475 3449 781 3506 dimisimus
807 3451 980 3517 ﬁlios,
1015 3448 1318 3506 dimisimus
1348 3453 1548 3521 patrias
1575 3461 1811 3517 nostras,

218 3542 526 3599 dimisimus
565 3545 787 3610 domos,
829 3545 1133 3600 dimisimus
1172 3544 1399 3601 cellulas
1444 3552 1657 3600 nostras
1684 3586 1698 3609 ,
1733 3544 1811 3601 di-

218 3636 472 3692 misimus
502 3636 702 3707 cellas,
740 3638 790 3692 in
814 3632 1011 3709 quibus
1043 3637 1151 3693 nati
1180 3649 1397 3703 sumus,
1433 3648 1483 3692 et
1510 3637 1726 3707 nutriti,
1757 3642 1813 3694 et

218 3720 527 3784 dimisimus
564 3729 841 3794 servulos,
869 3738 992 3785 cum
1022 3728 1217 3801 quibus
1240 3728 1427 3785 nutriti
1459 3736 1647 3784 sumus
1675 3748 1687 3782 :
1720 3744 1811 3783 ve-

222 3818 404 3877 nimus
435 3820 488 3874 itt
512 3824 902 3877 monasterium
925 3860 940 3889 ,
966 3826 1022 3878 et
1050 3826 1334 3894 propterea
1364 3820 1480 3877 hrcc
1507 3821 1813 3878 dimisimus

219 3912 400 3968 omnia
422 3954 438 3981 ,
463 3921 521 3969 ut
547 3922 770 3985 propter
789 3924 905 3971 rem
937 3913 1182 3972 friVolam
1210 3915 1383 3971 rixam
1407 3929 1529 3970 cum
1554 3914 1811 3971 fratribus

218 4004 481 4061 faciamus
514 4005 569 4060 iu
608 4006 991 4062 monasterio?
1022 3994 1335 4063 Dimisimus
1365 4007 1768 4079 possessionem
1796 4049 1813 4075 ,

217 4095 526 4155 dimisimus
551 4095 779 4166 patriam
800 4138 816 4163 ,
851 4097 1158 4154 dimisimus
1181 4102 1439 4157 saeculum
1464 4142 1476 4163 .
1508 4106 1562 4155 et
1595 4104 1817 4173 propter

1921 3360 2146 3431 prodest
2189 3356 2331 3429 quod
2386 3354 2464 3410 illi
2516 3362 2705 3425 pacem
2750 3346 3031 3406 fecerunt?
3075 3338 3227 3403 Beati
3276 3344 3512 3417 pacifici,

1918 3451 2174 3525 quoniam
2202 3448 2300 3515 ﬁlii
2334 3448 2426 3503 Dei
2450 3447 2787 3503 vocabuntur
2810 3441 3029 3518 (Matth.
3067 3457 3096 3496 v
3119 3438 3163 3512 ).
3194 3438 3341 3496 Beati
3375 3438 3521 3509 paci-

1919 3546 2001 3601 tici
2035 3543 2126 3615 qui
2168 3542 2466 3611 loquuntur
2516 3539 2599 3594 liis
2638 3538 2728 3608 qui
2758 3535 2986 3592 oderant
3013 3544 3227 3607 pacem,
3271 3530 3512 3602 paciﬁca.

1917 3636 2068 3693 Beati
2094 3630 2324 3705 paciﬁci.
2354 3626 2603 3687 Christus
2638 3638 2737 3700 pax
2766 3636 2869 3685 est.
2899 3627 2956 3684 Si
2980 3628 3124 3682 enim
3150 3624 3409 3683 Salamon
3434 3624 3518 3680 in-

1919 3737 2274 3802 terpretatur,
2301 3724 2579 3783 Christus:
2603 3723 2864 3782 Salomon
2886 3732 3064 3776 autem
3093 3721 3519 3789 interpretatur,

1920 3826 2172 3899 paciﬁcus
2188 3839 2205 3878 :
2221 3836 2351 3894 ergo
2365 3820 2613 3877 Christus
2636 3817 2777 3874 Deus
2800 3826 3012 3883 n0ster,
3044 3829 3141 3884 pax
3172 3821 3277 3866 est.
3301 3809 3517 3867 Vadens

1920 3919 1986 3974 ad
2028 3917 2224 3974 cmlum
2246 3956 2263 3984 ,
2298 3914 2457 3970 nobis
2501 3912 2759 3969 vexillum
2788 3905 3025 3974 dimisit,
3056 3906 3246 3962 dicens
3275 3921 3289 3957 :
3320 3902 3517 3959 Pacem

1921 4026 2106 4068 meam
2163 3982 2255 4065 dot
2301 4004 2496 4074 Vobis,
2560 4010 2748 4076 paceni
2804 4016 2980 4057 meatu
3035 3997 3287 4069 relinquo
3364 3982 3524 4051 vobis

1922 4106 2107 4177 (loan.
2134 4101 2265 4176 xiv).
2283 4102 2577 4159 Ser'vemus
2601 4098 2747 4165 quod
2763 4092 3021 4151 Christus
3040 4091 3298 4148 donavit:
3324 4084 3524 4143 ltabea-

220 4188 494 4248 calamum
530 4189 703 4245 rixam
738 4191 966 4247 facimus
1002 4192 1055 4247 in
1096 4192 1467 4250 monasterio?
1505 4194 1562 4252 Si
1590 4193 1816 4250 verbum
1842 4259 1886 4268 _
1924 4214 2047 4254 mus
2079 4209 2264 4268 pacem
2290 4212 2303 4250 :
2329 4192 2628 4251 Servemus
2656 4204 2868 4262 pacem,
2899 4192 2955 4244 et
2990 4184 3079 4242 illa
3110 4200 3211 4241 nos
3248 4190 3436 4240 servat
3466 4180 3523 4236 in

222 4290 467 4341 amarum
495 4280 744 4349 audiero,
769 4282 911 4340 ferre
931 4297 1041 4339 non
1062 4298 1280 4355 possunt
1308 4304 1319 4339 :
1350 4294 1543 4341 astuat
1572 4287 1626 4342 in
1651 4286 1818 4342 corde
1842 4259 1897 4322 D
1922 4259 2141 4349 Christo
2178 4288 2309 4345 Jesu
2337 4305 2348 4341 :
2378 4274 2470 4343 eui
2513 4286 2583 4341 sit
2610 4259 2780 4358 "gloria
2831 4282 2884 4338 itt
2918 4280 3118 4337 saecula
3164 4276 3520 4336 saeculorum.

226 4386 386 4433 meo:
414 4375 676 4434 scribitur
710 4377 763 4433 in
808 4376 1061 4433 Medullia
1107 4378 1244 4435 meis
1282 4377 1478 4434 diebus
1506 4376 1696 4435 decem
1723 4382 1817 4434 aut

229 4471 572 4544 quindecim,
605 4478 713 4529 non
759 4478 939 4545 potest
978 4462 1095 4529 tolli
1130 4473 1200 4529 de
1238 4472 1403 4529 corde
1437 4484 1559 4531 meo
1584 4515 1599 4543 ,
1624 4473 1819 4545 loquor

1924 4386 2122 4443 Amen.

830 4646 835 4651 .
1724 4654 1731 4657 _
2082 4652 2089 4659 ,
2440 4644 2509 4670 .,.
2733 4646 2751 4669 η
3038 4638 3263 4665 ii...”
3364 4644 3371 4660 .
3459 4638 3505 4661 η.

1706 4768 2052 4868 LIBER

291 4982 564 5126 DE
663 4981 2034 5133 EXPOSITIONE
2126 4970 3458 5179 PSALMORUM.

1608 5234 1611 5235 ,
2068 5228 2169 5253 νε

676 5392 1365 5475 ΡΒΟῐΕΜΙῐῙΜ.

296 5575 625 5635 Psalterium
647 5578 720 5635 ita
746 5584 834 5634 est
860 5576 1014 5648 quasi
1045 5592 1240 5648 magna
1270 5575 1488 5643 domus,
1513 5589 1634 5646 qua:
1657 5590 1822 5633 unam

228 5671 444 5747 quidem
470 5670 634 5729 habet
660 5670 994 5728 exteriorem
1026 5679 1052 5708 α
1080 5670 1290 5725 claram
1325 5669 1379 5723 in
1411 5677 1567 5739 porta
1600 5685 1612 5719 :
1649 5667 1703 5721 in
1736 5669 1820 5724 tito

258 5874 263 5885 ε
299 5824 323 5854 ι
355 5815 434 5871 Ex
453 5813 685 5885 Origene
704 5820 916 5885 sumpta
943 5810 1303 5885 comparatim
1328 5814 1491 5885 sitam
1520 5807 1636 5877 ipse
1657 5808 1808 5885 [trist

231 5882 530 5946 Comment.
550 5878 624 5943 "in
664 5878 901 5958 psalmos
942 5884 1009 5942 ab
1042 5878 1272 5941 llebmo
1286 5878 1522 5954 quodam
1557 5878 1813 5939 traditam

1927 5386 2101 5441 versis
2125 5398 2261 5443 vero
2289 5384 2621 5441 intrinsecus
2643 5379 2910 5438 cubiculis
2935 5378 3187 5451 proprias
3223 5376 3405 5432 claves
3429 5373 3528 5431 ha-

1921 5482 2033 5537 bet.
2061 5479 2217 5536 Licet
2247 5479 2482 5549 amplior
2504 5490 2614 5533 una
2643 5473 2813 5532 clavis
2843 5474 2915 5531 sit
2937 5472 3162 5546 grandis
3195 5479 3366 5544 porta:
3400 5470 3524 5543 Spi-

1921 5573 2062 5628 ritus
2088 5581 2340 5637 sauctus;
2368 5580 2548 5626 tamen
2597 5566 3023 5638 unumquodque
3056 5564 3371 5622 cubiculum
3398 5578 3522 5634 pro-

1921 5668 2068 5738 prias
2104 5663 2269 5720 habet
2300 5662 2595 5722 claviculas
2641 5676 2791 5720 suas.
2832 5659 2891 5717 Si
2937 5660 3061 5731 quis
3104 5657 3268 5730 igitur
3313 5658 3528 5714 clavem

1923 5808 2195 5879 proponit,
2236 5803 2924 5879 tametsi_ad__univer_sam
2975 5800 3314 5879 Scripturam
3353 5806 3526 5879 aptet.

1924 5872 2141 5937 Dicebat
2160 5872 2323 5947 enim,
2344 5876 2542 5947 inquit,
2564 5875 2660 5933 ille
2683 5874 2905 5931 similem
2929 5887 3042 5933 me
3063 5872 3356 5932 universum
3379 5872 3530 5929 Scri—
