3982 6376
410 305 550 368 1279
1197 299 1548 361 APPENDIX
1588 298 1679 358 AD
1719 296 1968 356 TDMUM
2007 294 2356 355 SEPTIMUM
2394 293 2454 353 S.
2502 291 2901 361 HIERONYMI.
3576 283 3747 342 1280

408 420 693 477 confusam
720 417 790 475 de
819 417 983 477 domo
1017 416 1285 489 projiciat,
1315 418 1362 472 si
1392 414 1627 472 voluerit
1668 414 1886 486 aperire
1909 427 2001 470 cu-
2030 417 2080 479 Α
2106 410 2199 466 sed
2233 410 2428 468 beatus
2451 407 2533 464 vir
2558 408 2649 480 qui
2680 408 2735 463 in
2768 413 2989 478 peccato
3020 418 3127 461 non
3156 400 3631 476 perseveraverit,
3648 407 3733 455 et

409 512 676 582 biculum,
706 527 812 568 non
841 519 1044 583 potest,
1078 508 1182 566 nisi
1213 510 1425 568 clavem
1467 509 1753 566 invenerit.
1780 508 1874 564 Sic
1898 508 2013 564 sin-
2113 502 2166 557 in
2194 500 2278 558 via
2307 512 2649 574 peccatorum
2689 515 2801 555 non
2841 498 3013 554 stetit.
3040 498 3153 568 Ego
3177 495 3298 552 beri
3325 493 3585 567 peccavi,
3612 506 3742 548 non

414 605 528 678 guli
576 605 777 677 psalmi
831 604 986 675 quasi
1036 603 1265 675 singula:
1308 603 1525 659 cellulae
1557 612 1703 671 sunt,
1746 603 2012 659 habentes
2112 612 2231 652 sum
2263 595 2472 652 beatus.
2502 595 2558 652 Si
2593 609 2701 650 non
2732 599 2941 649 stetero
2975 591 3029 646 in
3057 597 3322 661 peccato,
3355 587 3405 642 si
3434 594 3747 643 retraxere

416 697 663 769 proprias
689 696 871 752 claves
892 712 1044 752 suas.
1072 697 1311 753 Grandis
1350 696 1531 769 itaque
1554 706 1707 767 porta
1730 697 1887 753 istius
1914 695 2015 751 do-
2116 706 2223 756 me,
2249 690 2360 761 jam
2385 690 2575 746 beatus
2602 704 2745 744 sum.
2778 685 2848 741 Et
2893 687 2946 740 in
2972 683 3220 740 cathedra
3252 682 3573 756 pestilentiae
3618 698 3746 735 nos:

419 804 540 846 mus
569 788 780 863 primus
808 788 1048 862 psalmus
1071 797 1174 857 est,
1206 789 1295 861 qui
1330 788 1402 846 ita
1429 788 1649 862 incipit:
2113 785 2266 860 sedit.
2299 782 2580 852 Quomodo
2594 781 2665 838 ibi
2691 779 2853 846 dixit,
2874 781 3034 844 stetit,
3060 778 3142 834 sic
3165 786 3222 832 et
3242 776 3358 845 hic,
3388 774 3535 830 sedit
3564 790 3584 829 :
3611 774 3741 830 sic-

887 939 1117 1000 PSALM
1128 940 1215 999 US
1252 939 1531 998 PRIMUS.

495 1054 687 1111 Beatus
712 1055 789 1110 vir
812 1056 901 1128 qui
940 1072 1041 1111 non
1067 1054 1193 1110 abiit
1227 1056 1282 1110 in
1306 1056 1525 1111 consilio
1554 1056 1850 1130 impiorum.
1878 1055 2014 1125 Qui-

429 1148 555 1205 dam
604 1157 791 1220 putant
823 1148 980 1204 istius
1009 1148 1204 1219 psalmi
1243 1148 1449 1203 clavem
1487 1163 1655 1218 super
1679 1148 1886 1206 Christi
1920 1150 2023 1204 Do-

427 1241 561 1297 mini
593 1240 763 1297 nostri
797 1255 1082 1311 personam
1124 1254 1248 1295 esse
1289 1239 1630 1297 referendam
1666 1258 1679 1294 ε
1711 1248 1771 1296 ιιι
1825 1241 2019 1297 beatus

424 1332 532 1389 iste
560 1334 643 1388 vir
671 1332 967 1388 secundum
1002 1331 1283 1387 hominem
1306 1329 1559 1388 Christus
1592 1333 1686 1389 sit.
1719 1332 1867 1389 Bona
1898 1334 2022 1405 qui-

424 1427 551 1484 dem
583 1427 854 1493 voluntas,
887 1426 983 1482 sed
1015 1425 1289 1496 imperitia
1330 1435 1435 1482 est.
1469 1427 1525 1483 Si
1552 1428 1696 1483 enim
1729 1427 1917 1484 beatus
1941 1429 2025 1484 vir

426 1521 680 1577 Christus
709 1530 814 1591 est,
834 1529 889 1576 et
912 1518 1165 1575 Christus
1187 1520 1361 1591 legem
1386 1518 1559 1584 dedit.
1584 1524 1857 1592 quomodo
1884 1536 2030 1578 nunc

432 1618 501 1674 de
522 1616 741 1674 Christo
763 1615 964 1671 dicitur
999 1634 1010 1667 :
1045 1614 1135 1668 sed
1155 1614 1209 1669 in
1232 1614 1344 1687 lege
1368 1614 1579 1670 Domini
1606 1616 1847 1671 uoluntas
1874 1618 2031 1689 ejus?

433 1711 643 1766 Deinde
666 1710 939 1782 quomodo
966 1709 1113 1780 ligno
1143 1709 1302 1766 alteri
1324 1722 1693 1783 comparatur,
1722 1722 1777 1766 et
1796 1711 2026 1768 dicitur:

2118 887 2179 934 ut
2218 878 2288 933 ibi
2328 878 2419 948 qui
2455 891 2562 932 non
2603 872 2972 947 perseveravit
3007 872 3061 928 in
3093 880 3338 942 peccato,
3368 869 3571 925 beatus
3594 878 3681 925 est
3716 884 3742 924 :

2118 973 2200 1029 sic
2227 972 2315 1028 hic
2340 971 2433 1043 qui
2463 971 2519 1026 in
2541 968 2785 1030 doctrina
2812 968 2951 1023 mala
2993 981 3101 1022 non
3135 963 3520 1036 perseveravit
3555 971 3616 1018 et
3641 977 3749 1018 se-

2120 1064 2227 1131 dit,
2275 1064 2469 1119 beatus
2512 1070 2616 1118 est.
2647 1060 2786 1129 Quid
2815 1059 3023 1131 igitur?
3059 1056 3260 1113 videtis
3292 1057 3422 1128 ipsi,
3454 1054 3755 1129 quomodo

2121 1157 2399 1215 beatitudo
2444 1156 2734 1229 tripliciter
2779 1153 3117 1212 contionatur
3143 1172 3156 1207 :
3187 1153 3236 1209 si
3274 1168 3386 1208 non
3418 1151 3750 1223 cogitemus

2124 1252 2283 1318 mala,
2311 1250 2356 1307 si
2382 1251 2434 1305 in
2457 1260 2679 1323 peccato
2708 1265 2814 1305 non
2836 1246 3395 1319 perseveraverimus,
3420 1244 3473 1300 si
3500 1259 3614 1300 non
3635 1243 3751 1298 do-

2126 1359 2345 1402 ceamus
2374 1358 2440 1401 ea
2466 1359 2589 1415 quae
2639 1342 2779 1397 mala
2808 1350 2958 1397 sunt.
3010 1340 3124 1395 Hoc
3152 1348 3238 1395 est
3262 1337 3409 1409 quod
3442 1336 3583 1393 dicit
3610 1350 3745 1405 pro-

2128 1438 2326 1509 pheta:
2355 1436 2524 1511 Super
2555 1435 2723 1489 tribus
2761 1443 2807 1488 et
2849 1443 3072 1504 quatuor
3118 1432 3340 1503 peccatis
3373 1446 3483 1485 non
3504 1428 3626 1501 [AL
3655 1426 3739 1497 si]

2130 1540 2421 1587 convertam
2440 1544 2578 1595 eam,
2602 1527 2726 1581 dicit
2750 1524 3003 1581 Dominus
3033 1523 3213 1598 (Amos
3239 1539 3279 1589 ι,
3307 1522 3394 1595 9).
3423 1522 3545 1578 [loc
3565 1520 3739 1577 octies

2133 1623 2284 1689 dicit,
2334 1625 2503 1678 Amos
2554 1631 2734 1677 autem
2781 1620 2885 1676 hoc
2934 1619 3197 1691 loquitur.
3235 1617 3294 1674 Id
3320 1626 3413 1674 est
3458 1615 3739 1685 cogitasti,

2135 1716 2315 1788 ignovi
2340 1736 2351 1770 :
2378 1715 2578 1783 fecisti,
2608 1715 2792 1785 ignovi
2828 1732 2844 1770 :
2876 1712 3310 1789 numquidmala
3343 1710 3514 1767 etiam
3536 1709 3751 1765 docere

440 1800 509 1857 Et
538 1804 633 1857 erit
657 1811 918 1874 tamquam
957 1800 1157 1874 lignum
1184 1804 1322 1875 quod
1342 1802 1635 1876 plantatum
1665 1812 1739 1858 est
1767 1820 1912 1859 secus
1941 1803 2029 1859 de—
2059 1813 2106 1874 Β
2133 1807 2370 1866 debeas?
2402 1807 2516 1864 Hoc
2544 1814 2630 1863 est
2657 1804 2805 1878 quod
2831 1804 3035 1861 dicitur
3059 1824 3071 1858 :
3105 1820 3274 1875 super
3303 1803 3486 1859 tribus
3514 1810 3570 1858 et
3597 1816 3741 1872 qua-

436 1912 620 1951 cursus
649 1897 945 1968 aquarum?
970 1897 1026 1953 Si
1071 1897 1219 1951 enim
1248 1896 1398 1967 ligno
1427 1907 1779 1969 comparatur
1802 1940 1817 1964 ,
1871 1912 2032 1955 omne

440 1999 619 2047 autem
649 1990 790 2062 quod
821 1998 1189 2061 comparatur,
1215 1990 1397 2046 minus
1418 2000 1501 2047 est
1522 1991 1590 2046 ab
1611 2006 1678 2048 eo
1700 1992 1788 2048 cui
1817 2007 2035 2064 compa-

440 2092 614 2149 ratur,
646 2098 775 2156 engo
804 2084 980 2153 majus
1007 2083 1216 2155 lignum
1247 2098 1409 2154 quam
1439 2084 1739 2154 Dominus,
1772 2086 1863 2156 qui
1890 2085 2035 2156 ligno

442 2173 813 2248 comparatur.
849 2175 1055 2232 Videtis
1102 2177 1267 2247 igitur
1305 2176 1436 2249 quia
1487 2192 1653 2248 super
1678 2177 1895 2233 Domini
1925 2193 2038 2248 pcr-

442 2283 577 2324 sona
617 2285 723 2324 non
758 2277 937 2341 potest
966 2270 1314 2341 interpretari
1337 2269 1599 2341 psalmus.
1625 2270 1731 2328 Sed
1760 2272 2038 2343 generali-

445 2371 529 2418 ter
570 2362 641 2419 de
691 2363 935 2433 quolibet
973 2363 1123 2435 justo
1152 2364 1270 2420 viro
1296 2363 1502 2421 dicitur
1534 2384 1547 2421 :
1581 2366 1711 2422 licet
1756 2367 1912 2422 multi
1942 2383 2042 2440 pti-

449 2463 565 2511 tent
596 2464 620 2491 ³·
653 2454 720 2510 de
741 2454 945 2527 Joscph
972 2455 1177 2513 dictum
1201 2471 1343 2529 esse,
1368 2458 1464 2514 illo
1498 2458 1567 2513 ab
1589 2458 1917 2529 Arimathia,
1950 2461 2042 2531 qui

447 2562 555 2602 non
580 2547 779 2615 abierit
801 2548 856 2604 in
878 2549 1115 2605 consilio
1146 2548 1481 2618 Judreorum,
1509 2559 1565 2606 et
1588 2550 1645 2606 in
1675 2550 1758 2606 via
1792 2561 2043 2624 peccato-

449 2656 569 2697 rum
598 2656 706 2698 non
738 2642 909 2710 stetit,
943 2651 999 2698 ει
1026 2643 1080 2698 in
1113 2641 1371 2699 cathedra
1400 2642 1799 2699 Pharisaeorum
1830 2660 1937 2701 non
1961 2660 2048 2702 sc-

453 2734 571 2792 dit:
607 2747 784 2791 tamcn
824 2751 923 2793 nos
948 2739 1090 2809 quod
1115 2739 1205 2794 alii
1236 2739 1542 2811 specialiter
1570 2739 1625 2795 in
1658 2739 1755 2795 illo
1781 2739 2049 2810 interpre-

456 2836 657 2895 tantur,
690 2830 1021 2901 generaliter
1046 2832 1100 2888 in
1131 2833 1253 2888 viro
1276 2834 1422 2903 justo
1446 2834 1891 2905 interpretamur.
1915 2832 2051 2889 Bea-

2138 1913 2258 1958 tuor
2287 1902 2527 1973 peccatis
2555 1916 2661 1957 non
2680 1901 2950 1957 irascatur
2974 1899 3094 1970 tibi,
3123 1897 3253 1953 dicit
3282 1896 3571 1953 Dominus.
3600 1894 3663 1950 Et
3684 1896 3751 1950 in

2137 1993 2247 2068 lege
2271 1997 2383 2067 ejus
2408 1992 2743 2049 meditabitur
2783 1993 2867 2047 die
2893 2009 2957 2046 ac
2982 2000 3149 2046 nocte.
3184 1990 3333 2046 Dixit
3378 1990 3482 2045 tria
3512 2003 3637 2060 qua
3662 1987 3751 2043 fa-

2138 2102 2264 2144 cere
2294 2103 2403 2142 non
2423 2071 2631 2153 debuit,
2662 2100 2769 2142 non
2800 2084 2951 2142 abire
2981 2085 3037 2140 iu
3066 2082 3301 2140 consilio
3327 2081 3653 2153 impiorum,
3684 2088 3752 2136 et

2140 2180 2194 2237 in
2223 2181 2307 2235 via
2337 2188 2684 2251 peccatorum
2717 2194 2824 2236 non
2852 2188 3020 2243 stare,
3054 2188 3109 2233 et
3155 2177 3209 2232 in
3252 2174 3521 2232 cathedra
3572 2172 3753 2246 pedi-

2141 2276 2323 2332 lentite
2352 2292 2458 2333 non
2490 2276 2688 2332 sedere
2721 2294 2733 2329 :
2766 2275 2915 2330 Dixit
2945 2274 3042 2329 tria
3064 2288 3190 2344 qua:
3219 2272 3404 2329 facere
3431 2287 3547 2327 non
3576 2270 3749 2326 debe-

2143 2386 2306 2427 mus:
2338 2370 2473 2427 dicit
2515 2370 2626 2426 duo
2657 2385 2777 2441 qua:
2822 2369 3001 2424 facere
3046 2366 3377 2430 debeamus;
3432 2379 3544 2420 non
3596 2364 3742 2419 enim

2145 2461 2346 2518 sufficit
2389 2461 2550 2517 nobis
2580 2462 2720 2517 mala
2752 2461 2967 2532 fugere,
3000 2458 3102 2513 nisi
3150 2470 3561 2528 consequamur
3583 2454 3750 2511 bona.

2221 2553 2330 2611 Sed
2358 2555 2410 2609 in
2440 2556 2549 2627 lege
2577 2553 2787 2608 Domini
2813 2552 3056 2606 voluntas
3086 2552 3220 2623 ejus.
3251 2548 3370 2605 Non
3397 2548 3543 2605 dixit
3569 2548 3749 2612 timur,

2149 2648 2268 2715 sed,
2298 2650 2543 2703 voluntas
2570 2648 2720 2721 ejus;
2751 2645 2906 2701 multi
2947 2644 3092 2700 enim
3145 2642 3343 2698 timore
3373 2642 3618 2706 faciunt,
3657 2637 3758 2695 sed

2150 2744 2315 2800 timor
2336 2742 2585 2798 facientis
2607 2739 2914 2798 mercedem
2937 2753 3046 2794 non
3078 2737 3265 2793 habet.
3295 2734 3404 2792 Sed
3429 2736 3486 2789 in
3516 2733 3630 2808 lege
3646 2731 3754 2787 Do-

2152 2836 2277 2891 mini
2304 2836 2540 2890 voluntas
2566 2834 2698 2905 ejus,
2735 2842 2793 2887 ut
2816 2831 2949 2887 velit
2978 2828 3160 2885 facere
3186 2826 3331 2898 quod
3355 2826 3629 2882 Dominus
3654 2826 3759 2880 im-

457 2931 543 2976 tus
572 2924 647 2977 vir
668 2925 757 2996 qui
778 2940 881 2980 non
902 2927 1023 2981 abiit
1054 2927 1107 2980 in
1137 2927 1357 2981 consilio
1391 2928 1687 2998 impiatum.
1723 2925 1973 2997 Legimus
1996 2927 2050 2980 in
2155 2928 2385 3000 peravit.
2411 2924 2479 2979 Et
2506 2926 2560 2979 in
2588 2926 2698 2995 lege
2726 2927 2839 2997 ejus
2865 2919 3199 2976 meditabitur
3218 2918 3302 2973 die
3327 2933 3391 2971 ac
3422 2927 3571 2971 nocte
3599 2932 3617 2970 :
3641 2915 3760 2969 Non

458 3017 660 3074 Genesi
691 3018 1032 3077 maledictum
1057 3020 1222 3077 fuisse
1250 3021 1419 3076 Adam
1447 3020 1670 3092 quando
1696 3021 1918 3087 dicitur,
1944 3037 2054 3074 ma-
2132 3030 2334 3093 ~p0test
2360 3034 2540 3075 sermo
2569 3016 2849 3088 explicare
2873 3023 3140 3085 quantum
3169 3025 3327 3068 meus
3350 3010 3616 3081 concipit.
3654 3006 3761 3064 Sed

460 3111 651 3167 ledicta
681 3122 818 3168 terra
838 3114 891 3168 in
916 3114 1151 3187 aperibus
1184 3115 1283 3170 tuis
1309 3113 1460 3186 (Gen.
1493 3130 1572 3181 ιιι,
1608 3113 1719 3186 17).
1745 3112 2055 3170 Maledictio
2158 3116 2214 3170 in
2234 3114 2343 3186 lege
2363 3112 2576 3168 Domini
2614 3112 2851 3166 voluntas
2881 3110 3013 3181 ejus.
3046 3107 3187 3162 Dicit
3209 3105 3407 3174 aliquis
3439 3122 3452 3158 :
3486 3103 3633 3159 Ecce
3656 3112 3762 3173 ego

462 3218 593 3276 ergo
644 3206 802 3277 primi
873 3206 1109 3262 hominis
1167 3222 1311 3262 nunc
1366 3205 1748 3263 benedictione
1802 3206 2051 3262 solvitur.
2082 3207 2129 3272 ο
2159 3208 2286 3264 volo
2317 3208 2488 3278 legem
2524 3204 2613 3261 Dei
2647 3203 2849 3269 facere,
2880 3201 3071 3256 beatus
3110 3213 3243 3271 ergo
3275 3214 3398 3254 sum
3430 3196 3557 3268 quia
3593 3195 3756 3261 volo;

461 3299 625 3367 Quasi
671 3299 725 3355 in
759 3309 941 3356 vetere
972 3300 1119 3373 Lege
1146 3284 1251 3355 una
1282 3300 1561 3357 beatitudo
1592 3300 1811 3372 ponitur
1847 3319 1858 3354 :
1896 3311 2059 3356 caete-

465 3406 585 3447 rum
616 3392 668 3446 in
695 3391 991 3463 Evangelio
1014 3404 1139 3449 octo
1163 3393 1323 3449 simul
1350 3392 1718 3449 heatitudines
1748 3407 2062 3464 nuncupan-

466 3472 553 3541 tur
585 3485 764 3557 (Matt.
796 3485 873 3557 v).
907 3486 1097 3542 Beatus
1123 3489 1200 3541 vir
1228 3490 1319 3560 qui
1348 3505 1451 3544 non
1481 3488 1610 3542 abiit
1641 3490 1693 3543 in
1720 3488 1939 3544 consilio
1960 3490 2062 3544 int-

466 3580 689 3652 piorum.
735 3578 926 3635 Beatus
966 3579 1065 3649 vir,
1112 3596 1218 3637 non
1253 3581 1447 3647 homo;
1480 3581 1577 3637 sed
1602 3583 1679 3637 vir
1707 3598 1726 3637 :
1751 3582 1835 3638 vir
1866 3583 1958 3654 qui
2009 3582 2062 3639 in

470 3669 770 3740 perfectum
797 3672 970 3727 virum
996 3673 1303 3743 pervenerit
1326 3673 1629 3744 Christum,
1656 3675 1749 3747 qui
1783 3691 1895 3731 non
1931 3676 2069 3732 abiit

471 3764 523 3819 in
547 3764 776 3821 consilio
805 3764 1119 3836 impiorum.
1164 3765 1289 3821 Tria
1321 3766 1603 3823 hominum
1627 3768 1903 3839 generalia
1935 3784 2065 3839 pce-

475 3865 592 3911 cata
625 3855 953 3929 descripsit:
989 3868 1084 3914 aut
1124 3857 1269 3914 enim
1297 3859 1635 3930 cogitamus,
1680 3869 1773 3915 aut
1813 3860 2064 3929 facimus,

472 3958 565 4003 aut
593 3948 874 4005 docemus.
908 3950 1148 4006 Primum
1174 3952 1505 4023 cogitamus;
1533 3951 1736 4009 deinde
1769 3969 1891 4009 cum
1919 3956 2071 4024 cogi-

473 4041 803 4111 taverimus,
835 4042 1225 4114 cogitationem
1281 4044 1338 4099 in
1388 4059 1553 4115 opera
1604 4046 1869 4101 vertimus
1905 4063 1916 4097 :
1948 4060 2071 4101 cum

478 4131 767 4189 fecerimus
793 4135 994 4204 aliquid
1036 4137 1147 4205 jam
1177 4136 1381 4207 Operis,
1418 4137 1475 4192 fit
1504 4138 1692 4204 etiam,
1728 4147 1784 4192 ιιι
1816 4138 1956 4192 alios
1976 4138 2072 4191 do-

475 4240 698 4282 ceamus
724 4228 867 4299 quod
897 4229 997 4299 ipsi
1029 4228 1356 4286 feceramus.
1387 4229 1578 4285 Beatus
1608 4232 1686 4285 vir
1711 4231 1798 4301 qui
1823 4247 1924 4285 non
1949 4230 2074 4285 abiit

477 4320 531 4373 in
560 4320 1095 4391 consilioimpiorum,
1121 4321 1217 4393 qui
1245 4338 1353 4378 non
1388 4322 1649 4393 cogitavit
1678 4324 1878 4379 malum
1905 4340 1918 4379 :
1948 4334 1993 4378 et
2020 4325 2075 4378 iu

479 4414 561 4466 uia
593 4422 921 4481 peccatorum
949 4431 1051 4468 non
1078 4416 1253 4480 stetit,
1292 4427 1341 4469 et
1384 4416 1438 4469 in
1486 4416 1731 4470 cathedra
1770 4415 2077 4489 pestilentite

483 4521 586 4558 non
610 4504 763 4560 sedit.
794 4504 907 4562 Hoc
935 4515 1039 4575 est,
1067 4508 1156 4579 qui
1188 4523 1287 4563 nec
1307 4508 1443 4565 alios
1464 4508 1670 4576 docuit,
1698 4518 1747 4566 et
1771 4511 1824 4566 in
1852 4512 1933 4565 via
1959 4528 2077 4582 pec-

2163 3301 2258 3357 sed
2284 3299 2404 3355 vide
2425 3297 2552 3369 quid
2579 3303 2840 3368 sequatur
2868 3312 2880 3347 :
2916 3308 3023 3349 non
3046 3290 3248 3348 sufﬁcit
3272 3290 3413 3345 velle
3437 3290 3614 3358 legem
3645 3288 3762 3352 Dei,

2162 3393 2281 3459 sed,
2303 3394 2360 3448 in
2390 3391 2501 3464 lege
2526 3392 2641 3462 ejus
2671 3387 3004 3443 meditabitur
3025 3386 3111 3439 die
3130 3399 3193 3438 ac
3220 3392 3387 3439 nocte.
3421 3380 3764 3437 Meditabitur

2166 3489 2249 3544 die
2278 3505 2340 3544 ac
2366 3497 2533 3543 nocte.
2561 3486 2715 3541 Dicat
2733 3483 2932 3553 aliquis
2957 3500 2970 3535 :
3003 3480 3108 3536 hoc
3147 3478 3388 3535 humana
3433 3484 3624 3531 natura
3655 3487 3761 3530 non

2167 3580 2379 3645 suffert,
2413 3594 2537 3634 nam
2567 3586 2625 3633 et
2647 3573 3031 3633 ambulandum
3056 3581 3163 3640 est,
3186 3581 3243 3627 et
3263 3569 3561 3628 bibendum
3590 3578 3691 3635 est,
3710 3574 3766 3622 et

2167 3670 2565 3730 comedendum
2597 3679 2701 3739 est,
2726 3679 2783 3726 et
2811 3665 3188 3724 dormiendum
3221 3672 3329 3728 est,
3361 3672 3419 3719 et
3459 3677 3526 3718 ea
3549 3675 3668 3733 qua:
3698 3658 3765 3714 ad

2169 3768 2334 3823 vitam
2385 3765 2694 3822 necessaria
2742 3771 2888 3826 sunt.
2936 3757 3324 3831 comparanda.
3377 3754 3669 3825 Quomodo
3710 3755 3758 3808 in

2171 3860 2289 3932 lege
2315 3860 2409 3916 Dei
2443 3857 2793 3913 meditabitur
2820 3855 2911 3910 die
2935 3868 3000 3909 ac
3029 3852 3231 3908 nocte?
3258 3851 3501 3906 maxime
3526 3863 3654 3904 eum
3682 3848 3765 3903 di-

2172 3962 2260 4010 cat
2289 3951 2604 4022 Apostolus,
2630 3950 2758 4006 Sine
2783 3946 3163 4002 intermissione
3187 3955 3396 4000 orantes
3425 3943 3471 4017 (ι
3498 3942 3681 3998 Thess.
3714 3957 3759 4006 ι’,

2177 4048 2289 4117 l7).
2307 4045 2572 4116 Numquid
2587 4058 2653 4100 eo
2678 4055 2923 4114 tempore
2943 4057 3050 4112 quo
3071 4039 3307 4107 dormio,
3322 4055 3487 4094 orare
3510 4035 3765 4109 possum!

2175 4139 2448 4210 Meditzttio
2490 4150 2623 4208 ergo
2665 4135 2801 4207 legis
2830 4150 2939 4191 non
2977 4135 3028 4188 in
3078 4132 3311 4203 legendo
3337 4141 3445 4199 est,
3486 4132 3585 4189 sui
3613 4132 3665 4185 in
3692 4129 3770 4185 fa-

2176 4230 2389 4288 ciendo.
2424 4229 2667 4301 Denique
2688 4228 2887 4284 dicitur
2917 4228 2971 4283 in
2997 4226 3110 4282 alio
3140 4225 3261 4281 loco
3293 4243 3308 4280 :
3337 4224 3463 4281 Sive
3492 4225 3771 4279 manduce-

2179 4326 2265 4389 tis,
2296 4324 2401 4378 sive
2429 4322 2620 4383 bibitis,
2647 4323 2752 4377 sive
2772 4322 2899 4393 quid
2920 4320 3119 4391 facitis,
3144 4319 3399 4373 omniain
3429 4318 3638 4372 nomine
3662 4314 3771 4369 Do-

2179 4421 2307 4477 mini
2328 4419 2526 4491 [acietis
2552 4417 2599 4492 (l
2624 4417 2745 4473 Cor.
2786 4432 2842 4485 χ,
2866 4414 2980 4488 51).
3014 4414 3072 4470 Si
3095 4413 3321 4485 porrigo
3342 4412 3770 4484 eleemosynatn,

2183 4515 2356 4587 legem
2391 4511 2487 4567 Dei
2509 4511 2746 4567 meditor
2780 4528 2794 4565 :
2823 4510 2871 4565 si
2895 4515 3250 4579 aegrotantem
3271 4506 3457 4568 visita,
3484 4504 3654 4577 pedes
3674 4502 3775 4558 mei

481 4606 714 4653 catorum
735 4616 838 4654 non
866 4602 1025 4659 stetit.
1054 4599 1287 4658 Difficile
1315 4610 1402 4658 est
1422 4610 1477 4658 ut
1502 4603 1703 4675 aliquis
1729 4619 1837 4661 non
1866 4612 2074 4673 peccet.
2104 4610 2160 4672 Ι)
2182 4607 2358 4676 legem
2412 4602 2503 4659 Dei
2556 4602 2927 4658 meditantur:
2959 4601 3003 4654 si
3050 4613 3114 4654 ea
3159 4598 3302 4653 facio
3340 4611 3464 4668 quze
3511 4603 3776 4665 praecepta

487 4693 727 4765 Denique
743 4691 875 4751 dicit
896 4694 1201 4752 etJoannes
1217 4696 1628 4768 etEvangelista
1646 4715 1659 4751 :
1678 4697 1812 4764 Quia
1825 4699 1915 4769 qui
1927 4708 2077 4767 negat

483 4802 538 4840 se
562 4798 828 4859 peccatum
856 4788 1058 4858 fecisse,
1088 4789 1352 4854 mentitur,
1390 4797 1438 4843 et
1472 4790 1696 4844 mendax
1720 4798 1794 4844 est
1819 4788 1863 4863 (l
1888 4787 2075 4855 Joan.,

482 4894 523 4947 ι,
539 4879 617 4951 8).
641 4879 695 4936 Si
709 4894 841 4950 ergo
855 4895 1044 4937 omnes
1059 4896 1367 4952 peccamus,
1389 4897 1548 4936 nemo
1562 4890 1744 4937 autem
1768 4881 1962 4939 beatus
1976 4883 2076 4938 nisi

485 4972 575 5044 qui
596 4987 701 5028 non
730 4982 916 5045 peccat
951 4990 964 5026 :
998 4974 1162 5045 igitur
1190 4974 1316 5045 quia
1346 4989 1539 5030 omnes
1572 4988 1883 5045 peccamus,
1914 4990 2076 5031 nemo

488 5065 680 5121 beatus
703 5074 806 5122 est.
835 5067 944 5123 Sed
965 5068 1145 5123 videte
1170 5067 1299 5138 quid
1330 5067 1497 5135 dicat,
1518 5077 1568 5124 et
1587 5068 1639 5123 in
1654 5068 1736 5122 via
1751 5080 2080 5141 peccatorunt

486 5175 592 5215 non
635 5162 810 5230 stetit;
853 5177 958 5249 non
990 5162 1156 5231 dixit,
1184 5162 1381 5219 beatus
1410 5141 1496 5219 vir
1528 5164 1618 5234 qui
1661 5177 1766 5218 non
1811 5162 2076 5233 peccavit,

485 5356 691 5419 pturam
717 5350 961 5428 diuinitus
981 5356 1221 5428 afﬂatum
1244 5347 1457 5428 propter
1482 5356 1864 5428 obscuritatem,
1888 5371 2005 5420 qute
2020 5356 2076 5410 in

487 5436 550 5474 ea
576 5429 670 5500 est,
696 5423 870 5500 multis
890 5422 1170 5500 domiciliis
1184 5422 1286 5500 uno
1309 5428 1534 5500 (ediﬁcio
1547 5427 1842 5491 conclusis;
1872 5427 2076 5500 unicui-

488 5508 588 5573 que
614 5492 878 5573 domicilio
898 5497 1188 5573 appositam
1212 5492 1522 5573 clavim'non
1550 5500 1651 5573 ipsi
1679 5498 2078 5563 convenientem,

489 5566 665 5636 sicque
682 5564 1097 5636 dissipatas'esse
1118 5570 1282 5625 claves
1306 5587 1396 5640 per
1424 5564 1712 5633 domicilia,
1727 5586 1848 5625 -non
1868 5586 2082 5642 respon-

494 5646 670 5717 dentes
690 5647 921 5717 singulas
942 5646 1005 5699 iis
1020 5643 1317 5717 domiciliis,
1335 5644 1519 5715 quibus
1532 5644 1792 5717 appositae
1808 5651 2077 5717 sunt,_etc.

498 5716 632 5783 Quae
675 5713 849 5773 iudici
892 5716 1289 5772 Commentatio
1318 5713 1480 5770 etiam
1524 5713 1583 5771 S.
1618 5713 1825 5771 Hilario
1857 5714 2081 5784 prologo

501 5787 556 5839 in
582 5788 818 5853 psalmos
846 5786 1124 5852 probatur.

577 5862 604 5891 ει
630 5854 799 5910 Verus
851 5856 1213 5924 Hieronymus
1256 5854 1620 5913 Commentat.
1674 5857 1728 5912 in
1770 5854 2085 5911 Matthteum

2185 4709 2335 4765 sunt,
2366 4695 2509 4767 quod
2533 4695 2619 4750 alii
2642 4709 2737 4750 ore
2764 4693 3117 4759 meditantur,
3140 4704 3242 4761 ego
3259 4703 3499 4758 corpore
3527 4688 3773 4743 meditor.

2185 4790 2359 4848 Judaei
2389 4789 2555 4859 igitur
2598 4801 2695 4843 ore
2723 4785 3078 4849 meditantur,
3114 4790 3299 4837 nostra
3332 4780 3621 4838 meditatio
3643 4794 3776 4850 opus

2186 4894 2291 4941 est.
2325 4882 2471 4937 Dixit
2499 4881 2668 4952 igitur
2701 4879 2800 4934 tria
2829 4876 2950 4948 q'ure
2978 4875 3163 4932 facere
3189 4888 3302 4930 non
3332 4874 3625 4943 debemus,
3647 4873 3779 4929 dixit

2186 4978 2295 5033 duo
2325 4989 2446 5047 quae
2474 4972 2657 5028 facere
2682 4971 2983 5028 debeamus
3014 4987 3025 5022 :
3060 4967 3160 5039 qui
3187 4966 3289 5023 hoc
3325 4966 3544 5036 fecerit,
3575 4964 3775 5035 precarii

2187 5069 2317 5143 quid
2352 5065 2687 5124 merehitur?

2259 5160 2329 5217 Et
2349 5161 2447 5216 erit
2477 5169 2740 5235 tamquam
2768 5158 2967 5231 lignum
3009 5156 3154 5228 quod
3194 5154 3486 5227 plantatum
3527 5166 3603 5212 est
3640 5170 3778 5244 secus

2182 5369 2301 5424 cap.
2334 5351 2527 5406 ultimo
2559 5369 2573 5405 :
2606 5350 2673 5424 In
2704 5351 2832 5414 alio,
2861 5348 3057 5424 inquit,
3095 5345 3431 5424 Euangelista
3449 5344 3651 5424 Ioseph
3680 5347 3771 5424 iste

2186 5418 2467 5487 Βοὺλευτής
2496 5423 2822 5495 appellatur,
2854 5421 2908 5476 id
2936 5418 3444 5495 esttconsiliarius,
3494 5426 3545 5471 et
3582 5418 3650 5495 de
3673 5419 3777 5486 ipso

2188 5497 2398 5563 quidam
2446 5490 2629 5564 putant
2662 5496 2886 5559 primunt
2928 5491 3206 5564 Psalmum
3249 5504 3359 5564 esse
3385 5490 3774 5564 compositum,

2187 5557 2379 5622 Beatus
2394 5557 2591 5638 vii-qui,
2615 5557 2722 5622 etc.
2757 5564 2902 5638 Ite_m_
2918 5560 3437 5638 Commentarinsjn
3460 5557 3664 5638 Psalm.
3687 5563 3777 5638 sub

2191 5638 2411 5694 nomine
2436 5628 2715 5694 Athanasii
2744 5638 2797 5691 in
2827 5633 3159 5691 Bibliotheca
3181 5629 3487 5686 Justiniana
3513 5628 3774 5694 Venetiis,

2192 5711 2353 5780 inque
2403 5708 2757 5780 Ambrosiana
2804 5706 3119 5772 Mediolani,
3161 5716 3392 5780 prorsus
3432 5699 3682 5780 diversus
3720 5704 3779 5780 ab

2191 5773 2371 5846 edito,
2402 5780 2557 5847 cuius
2597 5779 2838 5853 initium,
2876 5781 2907 5838 ἡ
2959 5780 3049 5853 μὲν
3085 5776 3368 5853 προφητεία
3403 5773 3691 5849 πληροῦται
3716 5776 3778 5834 si;

2190 5854 2275 5909 τὸν
2301 5856 2479 5925 Ἰωσὴφ
2502 5853 2588 5907 τὸν
2611 5852 2965 5927 Ἀρημαθαῖον.
