3992 6316
256 335 392 390 19.ὃί

1250 337 1454 396 LIBER
1493 336 1582 394 DE
1625 336 2080 398 EXPUSITIONE
2124 341 2568 403 PSALMORUM.

3397 345 3548 418 1282

252 452 512 506 decursus
537 467 814 524 aquarum,
845 454 984 526 quod
1022 456 1250 526 fructum
1279 475 1435 512 suum
1477 458 1614 512 dabit
1643 459 1692 512 in
1725 469 1854 513 tem-
1883 462 1938 522 A
1963 462 2126 517 decies
2177 466 2378 536 fructus
2426 465 2695 532 a/ferebat,
2732 471 2780 518 et
2825 463 3062 531 habebat,
3100 464 3293 533 inquit,
3323 467 3469 536 folia,
3501 476 3549 522 et

253 561 384 614 pora
403 562 501 599 suo
553 544 622 600 Et
651 545 836 616 folium
869 549 980 620 ejus
1012 565 1114 603 non
1141 550 1351 621 deﬂuet.
1387 551 1514 606 Mihi
1538 553 1856 624 simpliciter

251 637 1016 710 interpretanturquidicunt,
1047 642 1320 711 quomodo
1347 643 1550 715 lignum
1579 646 1622 700 si
1649 645 1856 714 planta-

253 739 372 787 tum
406 729 572 787 fuerit
595 732 744 800 juxta
783 748 972 804 aquas,
997 749 1223 791 necesse
1254 747 1336 791 est
1363 747 1422 791 ut
1444 738 1636 802 vireat,
1660 748 1715 793 et
1748 754 1857 795 non

253 826 523 894 siccatur,
554 826 680 898 quia
721 826 925 882 habent
956 829 1168 885 radices
1201 828 1375 900 ipsius
1403 831 1682 886 humorem
1714 832 1857 887 unde

252 918 468 984 vivant,
499 917 582 973 sic
608 917 937 988 quicumque
965 918 1137 989 legem
1173 919 1268 975 Dei
1295 920 1610 987 meditatur,
1633 922 1749 990 ipsa
1780 921 1857 974 le-

251 1009 341 1080 gis
369 1007 652 1064 meditatio
682 1009 917 1064 virorem
937 1018 991 1064 et
1017 1008 1165 1075 facit,
1193 1019 1248 1065 et
1269 1012 1458 1066 vitam.
1493 1012 1604 1067 lloc
1629 1012 1702 1066 illi
1727 1013 1857 1066 sim-

253 1103 476 1174 plicitcr
517 1102 978 1173 interpretantur;
1007 1117 1107 1158 nos
1133 1113 1314 1158 autem
1343 1105 1716 1175 spiritualibus
1746 1105 1856 1175 spi-

253 1195 476 1252 ritualia
497 1204 906 1268 comparantes,
936 1195 1178 1265 legentes
1201 1197 1252 1251 in
1277 1197 1530 1266 paradiso
1555 1198 1854 1268 plantatum

252 1303 377 1345 esse
396 1289 602 1359 lignum
633 1289 779 1356 vitae,
811 1300 865 1343 et
888 1288 1093 1359 lignum
1116 1289 1363 1345 scientia:
1386 1290 1514 1345 boni
1546 1302 1599 1347 et
1625 1292 1775 1354 mali,
1803 1299 1858 1347 et

252 1383 460 1454 lignum
493 1382 614 1437 vitae
660 1381 763 1436 hoc
794 1381 1098 1452 plantatum
1128 1395 1254 1438 esse
1285 1382 1336 1437 in
1383 1383 1662 1454 paradiso,
1695 1392 1750 1438 et
1785 1383 1856 1439 de

253 1473 376 1545 ipso
407 1474 658 1545 paradiso
684 1472 868 1546 egredi
895 1473 1097 1530 fontem
1127 1475 1217 1545 qui
1242 1475 1516 1530 dividatur
1547 1478 1598 1532 in
1625 1485 1856 1548 quatuor

257 1565 523 1637 principia
557 1564 714 1636 (Gen.
756 1566 840 1634 ιι).
871 1565 1124 1636 Legimus
1150 1574 1205 1622 et
1235 1567 1289 1621 in
1321 1567 1614 1624 Salomone
1663 1567 1741 1640 (si
1769 1569 1856 1624 cui

255 1659 438 1731 placet
461 1658 680 1714 Librum
705 1657 995 1730 recipere),
1027 1659 1095 1715 de
1128 1661 1388 1728 sapientia
1407 1661 1549 1715 enim
1576 1661 1649 1716 ibi
1681 1661 1857 1732 loqui-

258 1759 345 1805 tur
372 1767 385 1804 :
418 1749 668 1806 Christus
699 1749 796 1805 Dei
831 1752 1025 1817 virtus,
1054 1760 1108 1806 et
1133 1751 1225 1806 Dei
1276 1751 1540 1820 sapientia
1570 1752 1614 1823 (l
1642 1750 1763 1807 Cor.
1809 1768 1853 1822 ι,

1959 553 2089 624 folia
2125 558 2241 628 ejus
2282 557 2350 610 ad
2391 559 2664 611 sanitatem
2704 557 2930 628 gentium
2968 565 3134 610 erant.
3180 556 3321 633 Vidi,
3356 557 3550 628 inquit,

1965 649 2218 705 thronum
2261 650 2493 720 positum
2544 666 2709 706 unum
2746 668 2760 707 :
2795 652 2920 706 licet
2965 651 3110 707 enim
3160 652 3450 707 credamus
3499 651 3552 707 in

1957 741 2199 809 Patrem,
2227 752 2282 799 et
2304 743 2527 810 Filium,
2551 753 2606 799 et
2634 744 2898 814 Spiritum
2927 753 3198 810 sanctum,
3234 753 3291 800 et
3319 744 3558 801 Trinitas

1958 833 2046 898 sit,
2081 842 2266 889 tamen
2299 851 2524 906 regnum
2562 851 2726 890 unum
2767 842 2870 890 est.
2897 833 3042 904 Vidi,
3069 835 3264 904 inquit,
3297 835 3553 891 thronum

1959 924 2195 994 positum
2239 941 2427 993 unum,
2460 939 2509 981 et
2552 926 2902 997 vidi,inqnit,
2955 928 3010 981 in
3055 937 3332 999 conspectu
3382 927 3555 982 throni

1957 1025 2175 1071 stantem
2205 1035 2366 1072 unum
2392 1035 2604 1090 agnum.
2642 1019 2718 1074 De
2745 1019 3120 1090 assumptione
3139 1019 3336 1074 dicitur
3363 1034 3559 1089 corpo-

1957 1109 2035 1164 ris
2059 1109 2361 1165 Salvatoris
2389 1130 2401 1165 :
2430 1110 2562 1165 Ecce
2588 1129 2754 1183 agnus
2780 1111 2896 1182 Dei,
2928 1128 3039 1166 ecce
3059 1114 3148 1184 qui
3179 1113 3313 1168 tollit
3343 1121 3553 1181 peccata

1959 1201 2159 1255 mtmdi.
2191 1200 2260 1255 Et
2289 1202 2672 1272 egrediebatur,
2699 1203 2894 1274 inquit,
2925 1205 3038 1276 fons
3069 1206 3131 1258 de
3159 1204 3338 1259 subtus
3385 1205 3555 1259 medio

1961 1290 2150 1345 throni.
2182 1291 2387 1347 Videtis
2427 1293 2592 1364 igitur
2625 1295 2887 1365 quoniam
2910 1295 2978 1350 de
3005 1295 3182 1350 medio
3211 1295 3393 1350 throni
3432 1297 3552 1351 lous

1958 1382 2234 1454 egreditur
2262 1385 2585 1454 gratiarum.
2619 1385 2823 1441 Tamen
2855 1401 2961 1440 non
2999 1387 3278 1456 egreditur
3307 1386 3427 1440 l'uns
3455 1386 3553 1442 ille

1958 1476 2026 1531 de
2056 1476 2273 1545 throno,
2304 1479 2406 1533 nisi
2438 1494 2607 1550 agnus
2630 1486 2819 1534 contra
2849 1479 3083 1536 steterit.
3118 1480 3230 1534 Nisi
3259 1479 3404 1536 enim
3436 1494 3556 1536 cre-

1958 1566 2262 1623 diderimus
2306 1571 2805 1638 lncorporationem
2842 1568 3078 1638 Christi,
3111 1585 3218 1626 non
3256 1572 3554 1642 accipimus

1959 1663 2092 1717 istas
2135 1663 2354 1733 gratias.
2405 1664 2472 1718 Et
2521 1664 2709 1730 arbor,
2738 1663 2935 1735 inquit,
2965 1681 3070 1719 una
3116 1666 3328 1744 excelsa
3375 1668 3550 1736 posita

1959 1767 2096 1812 erat.
2129 1756 2246 1812 Non
2274 1757 2412 1811 dixit
2435 1757 2685 1823 arbores,
2709 1757 2804 1813 sed
2830 1758 2994 1812 arbor
3019 1774 3148 1814 una.
3175 1759 3230 1815 Si
3261 1759 3424 1814 arbor
3447 1773 3553 1816 una

254 1841 350 1912 24)
387 1859 399 1894 :
436 1857 564 1913 ergo
611 1841 699 1896 ubi
745 1841 998 1897 Salomon
1047 1843 1318 1914 loquitur:
1350 1843 1573 1915 Lignum
1616 1845 1731 1900 vitae
1779 1854 1855 1901 est
1885 1857 1932 1916 Β
1959 1857 2064 1916 εει,
2095 1849 2369 1918 quomodo
2395 1865 2464 1904 ex
2495 1850 2600 1904 ista
2630 1859 2784 1920 parte
2825 1850 2955 1921 ripae
2983 1861 3085 1918 est,
3120 1861 3174 1908 et
3197 1869 3263 1908 ex
3286 1853 3379 1908 illa
3398 1864 3555 1924 parte

255 1935 491 1990 omnibus
519 1934 1070 2006 comprehendentibus
1112 1953 1227 1991 eam
1256 1935 1440 2008 (Prov.
1487 1954 1570 2004 ιιι,
1623 1939 1738 2009 18),
1778 1939 1854 1994 ibi

256 2027 327 2084 de
351 2028 623 2099 Sapientia
648 2028 867 2084 dicitur.
889 2030 943 2084 Si
973 2040 1151 2086 autem
1180 2031 1449 2101 sapientia
1484 2033 1692 2102 lignum
1725 2032 1853 2087 vita:

257 2132 365 2191 est,
393 2124 659 2194 sapientia
689 2133 867 2179 autem
916 2124 1033 2195 ipsa
1080 2124 1328 2182 Christus
1359 2137 1464 2183 εει.
1513 2126 1672 2183 Vides
1726 2143 1854 2200 ergo

258 2216 517 2287 quoniam
550 2217 639 2288 qui
675 2217 864 2272 beatus
907 2217 988 2272 vir
1017 2228 1071 2274 et
1101 2229 1322 2274 sanctus
1362 2229 1466 2286 est,
1511 2219 1636 2275 huic
1683 2221 1851 2291 ligno,

259 2310 368 2367 hoc
389 2321 473 2366 est
499 2311 778 2381 sapientia:
804 2320 1176 2382 comparatur.
1210 2313 1421 2370 Videtis
1440 2329 1570 2386 ergo
1600 2315 1855 2384 quoniam

259 2404 455 2460 beatus
483 2404 565 2458 vir
593 2412 649 2459 et
672 2403 852 2473 justus
880 2403 982 2460 iste
1009 2405 1101 2475 qui
1125 2422 1230 2460 non
1260 2407 1390 2462 abiit
1414 2408 1466 2462 in
1499 2407 1727 2462 consilio
1750 2408 1855 2462 im-

259 2497 502 2568 piorum,
535 2497 626 2567 qui
667 2513 774 2551 non
802 2495 930 2552 fecit
960 2497 1074 2568 illa,
1117 2509 1170 2554 et
1199 2498 1326 2555 fecit
1354 2500 1480 2567 ista,
1523 2510 1569 2555 et
1601 2503 1698 2556 erit
1727 2512 1857 2556 tam-

263 2606 420 2661 quam
445 2590 642 2661 lignum
664 2590 804 2660 quod
829 2593 1124 2662 plantatum
1148 2600 1221 2647 est
1252 2609 1395 2648 secus
1425 2593 1670 2648 decursus
1698 2611 1859 2666 aqua-

260 2698 395 2735 rum.
417 2680 528 2736 lloc
550 2690 633 2736 est
658 2680 874 2737 Christo
895 2683 1089 2739 similis
1111 2685 1234 2752 erit,
1270 2685 1535 2755 siquidem
1559 2687 1858 2743 consedere

261 2788 362 2830 nos
396 2773 526 2830 fecit
556 2776 607 2829 in
635 2774 969 2839 ccelestibus,
999 2785 1053 2830 et
1081 2791 1414 2846 conregnare
1442 2774 1661 2850 (Ephes.
1690 2795 1750 2848 ιι,
1777 2778 1858 2850 6).

266 2868 475 2924 Videtis
502 2884 631 2940 ergo
657 2869 781 2939 quia
813 2885 934 2924 cum
962 2867 1182 2924 Christo
1223 2869 1567 2939 regnabimus
1616 2870 1667 2924 in
1695 2871 1856 2928 caelo.

263 2960 479 3019 .Videtis
521 2960 776 3030 quoniam
809 2961 1008 3031 lignum
1042 2961 1144 3016 hoc
1172 2960 1472 3031 plantatum
1503 2971 1587 3018 est
1619 2961 1672 3016 in
1704 2977 1861 3032 para-

264 3053 408 3122 diso,
439 3063 494 3109 et
520 3069 620 3108 nos
645 3068 836 3110 omnes
864 3069 985 3109 cum
1007 3055 1103 3110 illo
1129 3055 1478 3124 complantati
1510 3069 1713 3110 sumus.

347 3148 417 3200 Et
459 3148 553 3202 erit
581 3157 840 3218 tamquam
871 3147 1068 3218 lignum
1096 3148 1234 3218 quod
1277 3152 1565 3216 plantatum
1603 3158 1677 3202 est
1717 3163 1860 3202 secus

1955 1941 2088 2011 ripae
2115 1943 2232 1997 εειῖ
2261 1943 2316 1998 Si
2341 1942 2483 1998 enim
2509 1942 2759 2010 dixisset,
2791 1942 2894 1996 vidi
2927 1943 3170 2012 arbores,
3192 1946 3306 2000 ﬂeri
3339 1955 3554 2016 poterat

1955 2046 2012 2089 ut
2035 2035 2152 2090 aliae
2185 2043 2370 2090 essent
2398 2049 2462 2090 ex
2507 2033 2606 2089 alia
2637 2046 2813 2104 parte,
2844 2044 2897 2091 et
2939 2037 3058 2092 aliae
3110 2053 3175 2092 ex
3221 2039 3346 2092 alia.
3396 2039 3549 2094 Nunc

1953 2144 2084 2184 vero
2111 2145 2214 2185 una
2245 2130 2412 2186 arbor
2439 2145 2506 2186 ex
2537 2141 2764 2202 utraque
2795 2140 2949 2201 parte
2974 2147 3096 2188 esse
3141 2133 3369 2199 dicitur;
3409 2149 3550 2188 unus

1955 2221 2149 2277 ﬂuvius
2177 2222 2454 2293 egreditur
2483 2222 2553 2278 de
2582 2223 2782 2278 throno
2815 2224 2932 2291 Dei,
2968 2224 3071 2280 hoc
3100 2234 3204 2291 εει,
3229 2227 3397 2296 gratia
3420 2225 3548 2296 Spi-

1957 2315 2091 2370 ritus
2121 2317 2315 2371 sancti.
2349 2315 2419 2370 Et
2444 2316 2542 2370 ista
2569 2317 2740 2387 gratia
2760 2316 2996 2387 Spiritus
3025 2319 3197 2373 sancti
3227 2319 3278 2373 in
3305 2316 3552 2388 Scriptu-

1957 2409 2034 2464 ris
2072 2408 2274 2463 sanctis
2304 2417 2408 2472 εει,
2441 2410 2543 2464 Ιιοε
2572 2420 2678 2479 εει,
2712 2411 2762 2465 in
2796 2411 2900 2466 isto
2929 2409 3094 2466 ﬂuvio
3124 2411 3548 2481 Scripturarum.

1959 2501 2161 2557 Tamen
2185 2503 2288 2558 iste
2315 2502 2511 2558 ﬂuvius
2538 2503 2672 2559 duas
2703 2505 2847 2574 ripas
2875 2504 3055 2572 habet,
3086 2515 3143 2561 et
3172 2514 3326 2562 vetns
3351 2515 3410 2562 et
3454 2521 3558 2562 no-

1959 2610 2082 2650 vum
2107 2595 2540 2664 Testamentum.
2573 2597 2642 2652 Et
2681 2598 2734 2653 in
2763 2607 2994 2670 utraque
3025 2609 3175 2670 parte
3205 2599 3368 2655 arbor
3397 2599 3554 2671 plan-

1961 2698 2088 2756 tata,
2121 2687 2370 2746 Christus
2397 2698 2502 2745 εει.
2531 2690 2658 2746 Haec
2679 2692 2843 2762 igitur
2868 2693 3033 2749 arbor
3055 2695 3107 2749 in
3129 2710 3293 2763 anno,
3319 2693 3422 2748 hoc
3445 2703 3553 2761 est,

1961 2781 2184 2853 singulis
2212 2783 2512 2852 mensibus,
2543 2783 2837 2840 duodecies
2872 2786 3080 2843 fructus
3118 2787 3400 2843 aﬂ‘erebat.
3433 2787 3552 2844 Non

1961 2888 2246 2943 possumus
2281 2876 2426 2929 enim
2456 2875 2660 2931 fructus
2690 2877 2758 2933 de
2798 2877 2898 2932 ista
2929 2880 3125 2935 arbore
3151 2884 3416 2952 accipere,
3450 2881 3557 2938 nisi

1972 2983 2067 3038 per
2094 2970 2388 3038 apostolos.
2408 2968 2465 3026 Si
2490 2970 2609 3040 quis
2637 2985 2767 3041 ergo
2789 2986 2885 3041 per
2911 2972 3187 3042 apostolos
3207 2974 3272 3028 ad
3303 2975 3555 3030 arborem

1963 3063 2192 3129 venerit,
2227 3079 2449 3120 necesse
2487 3074 2569 3120 est
2601 3074 2658 3121 ut
2686 3065 2893 3121 fructus
2937 3067 3182 3136 accipiat,
3213 3065 3417 3123 fructus
3444 3084 3559 3125 me-

1964 3163 2041 3210 tat
2073 3157 2141 3212 de
2183 3157 2475 3229 Scripturis
2510 3159 2734 3227 sanctis,
2764 3159 2867 3215 hoc
2908 3169 3015 3228 est,
3046 3175 3266 3215 sensum
3315 3159 3556 3216 divinent

268 3243 521 3298 decursus
551 3258 826 3313 aquarum.
852 3241 930 3297 De
957 3241 1052 3298 illo
1074 3242 1216 3297 enim
1245 3241 1392 3297 fonte
1423 3242 1720 3312 procedunt
1739 3257 1857 3297 om-
1882 3240 1927 3303 C
1962 3248 2013 3304 in
2040 3249 2216 3307 littera
2250 3263 2708 3310 commorantem.
2739 3254 2795 3309 Si
2826 3254 2947 3326 quis
2975 3269 3106 3327 ergo
3133 3257 3348 3312 venerit
3383 3256 3451 3312 ad
3487 3257 3561 3312 is-

272 3335 360 3391 nia
392 3333 650 3400 ﬂumina,
695 3333 833 3405 quod
886 3334 1114 3404 fructum
1163 3350 1314 3389 suum
1354 3334 1494 3388 dabit
1532 3334 1586 3387 in
1632 3343 1859 3403 tempore

275 3446 394 3485 suo.
427 3427 654 3500 Lignum
699 3430 801 3485 hoc
848 3444 955 3484 non
999 3429 1145 3485 omni
1177 3439 1426 3500 tempore
1455 3430 1548 3484 dat
1590 3428 1857 3500 fructum,

269 3523 395 3590 sed,
426 3523 483 3576 in
508 3532 732 3595 tempore
755 3538 868 3577 suo.
894 3522 1121 3592 Lignum
1148 3522 1249 3578 hoc
1270 3538 1377 3577 non
1408 3522 1500 3577 dat
1527 3523 1580 3577 in
1607 3522 1860 3593 praesenti

272 3616 519 3682 saeculo,
577 3615 675 3671 sed
727 3615 781 3670 in
840 3614 1042 3680 futuro,
1098 3617 1202 3671 hoc
1252 3624 1364 3684 εει,
1419 3615 1472 3671 in
1512 3616 1603 3672 die
1647 3616 1856 3687 judicii.

274 3709 508 3781 Lignum
551 3708 655 3764 hoc
704 3725 846 3764 nunc
885 3709 1048 3766 ﬂores
1082 3709 1274 3777 habet,
1323 3710 1526 3781 lignum
1568 3709 1671 3766 hoc
1718 3726 1861 3766 nunc

274 3803 576 3874 germinat,
625 3812 677 3858 et
707 3803 974 3874 promittit
1020 3803 1206 3874 l‘ruges
1237 3803 1463 3862 futuras.
1499 3804 1724 3877 Lignum
1756 3806 1862 3862 hoc

274 3895 441 3951 habet
470 3895 598 3966 duo,
627 3894 788 3952 habet
808 3904 863 3950 ει
897 3895 1125 3964 fructus,
1155 3897 1318 3953 habet
1345 3909 1400 3953 et
1424 3897 1572 3953 folia.
1603 3897 1860 3954 Fructum

273 3990 460 4057 habet,
487 4004 707 4045 sensum
734 3990 787 4044 in
817 3989 1146 4060 Scripturis:
1175 3988 1333 4057 folia,
1367 3990 1531 4046 verba
1559 3991 1858 4062 simplicia;

275 4087 488 4140 fruetus
513 4085 566 4140 in
598 4099 760 4140 sensu
787 4092 888 4150 εει,
920 4083 1046 4139 folia
1074 4099 1205 4140 vero
1248 4087 1301 4140 in
1330 4085 1510 4142 verbis
1553 4094 1699 4141 sunt.
1727 4086 1862 4154 Qui-

279 4192 513 4247 cumque
541 4177 700 4246 igitur
723 4176 1028 4246 Scripturas
1058 4185 1274 4231 sanctas
1299 4177 1463 4249 legit,
1494 4177 1540 4233 si
1565 4179 1863 4262 secundum

269 4271 491 4328 Judacos
521 4270 669 4341 legit,
691 4279 897 4326 tantum
925 4271 1050 4326 l'olia
1073 4271 1350 4343 intelligit;
1375 4271 1419 4327 si
1449 4287 1578 4329 vero
1609 4273 1864 4343 spiritua-

268 4365 398 4423 liter
425 4365 700 4436 intelligit,
724 4364 933 4422 fructus
960 4364 1124 4436 capit.

343 4458 416 4513 Et
443 4459 628 4531 folium
670 4462 782 4532 ejus
811 4476 914 4514 non
944 4459 1154 4530 deﬂuet.
1198 4460 1400 4517 Tamen
1434 4471 1490 4516 et
1538 4461 1665 4516 folia
1706 4461 1863 4517 istius

270 4550 488 4608 arboris
515 4551 668 4606 utilia
692 4560 837 4606 sunt.
868 4551 1109 4623 Denique
1134 4552 1177 4608 si
1203 4553 1324 4624 quis
1352 4562 1408 4609 et
1427 4551 1724 4608 secundum
1751 4539 1862 4606 his;

1964 3352 2072 3397 tam
2113 3344 2365 3400 arborem
2404 3361 2501 3416 per
2548 3345 2847 3416 apostolos,
2885 3347 3091 3403 fructus
3127 3348 3258 3419 ejus
3303 3347 3480 3419 capit;
3511 3347 3558 3404 si

1963 3438 2082 3508 quis
2104 3454 2231 3494 vero
2261 3455 2366 3494 non
2395 3441 2653 3510 potuerit,
2685 3441 2864 3497 adhuc
2906 3442 3176 3498 inﬁrmior
3198 3451 3301 3510 est,
3328 3441 3558 3498 necdum

1961 3542 2044 3586 est
2072 3532 2388 3603 discipulus,
2420 3534 2515 3589 sed
2541 3534 2610 3590 de
2640 3534 2795 3590 turba
2826 3545 2931 3604 est,
2965 3536 3059 3593 sed
3095 3534 3295 3592 deforis
3330 3544 3433 3606 est,
3462 3535 3560 3592 sed

1963 3624 2180 3693 gentilis
2219 3633 2321 3679 est.
2361 3625 2466 3692 Qui
2505 3621 2719 3681 fructus
2755 3642 2953 3698 capere
2994 3643 3101 3682 non
3143 3636 3351 3699 potest,
3392 3627 3561 3684 verba

1964 3717 2164 3787 capiat,
2198 3717 2300 3774 hoc
2339 3728 2446 3784 est,
2475 3717 2605 3773 folia
2637 3718 2704 3774 ad
2740 3720 3030 3774 sanitatem
3064 3719 3308 3790 gentium
3343 3734 3357 3773 :
3388 3718 3564 3790 scrip-

1965 3816 2077 3864 tum
2107 3819 2191 3865 est
2220 3811 2364 3865 enim
2399 3828 2411 3864 :
2446 3809 2513 3864 Et
2550 3812 2680 3882 folia
2719 3813 2834 3882 ejus
2886 3811 2954 3864 ad
3001 3812 3271 3865 sanitatem
3305 3813 3558 3882 gentium.

1965 3900 2024 3957 Si
2056 3903 2174 3972 quis
2203 3902 2381 3957 adhuc
2409 3903 2473 3958 de
2498 3904 2754 3973 gentibus
2775 3913 2886 3972 εει,
2916 3903 2962 3958 si
2983 3903 3102 3973 quis
3130 3903 3426 3974 discipulus
3449 3919 3558 3960 non

1965 4003 2067 4060 est,
2099 4004 2155 4050 et
2184 3996 2362 4052 adhuc
2393 3997 2461 4052 de
2498 3997 2658 4051 turba
2686 4006 2792 4062 est,
2821 3997 2923 4052 iste
2955 3995 3082 4052 folia
3104 3996 3278 4068 ipsius
3305 3998 3557 4068 accipiat,

1968 4090 2072 4145 hoc
2099 4099 2203 4159 est,
2237 4093 2399 4147 verba
2431 4090 2703 4162 simplicia
2739 4090 2971 4162 accipiat
3000 4107 3099 4162 pro
3130 4091 3555 4148 medicamento.

1967 4185 2212 4256 Denique
2254 4185 2518 4258 scriptum
2557 4195 2662 4253 est,
2689 4186 2818 4242 folia
2848 4186 2964 4257 ejus
2994 4187 3060 4240 ad
3103 4187 3392 4242 sanitatem
3434 4203 3567 4258 gen-

1969 4279 2122 4344 tium,
2159 4279 2262 4354 hoc
2281 4288 2386 4346 est,
2422 4280 2487 4335 ad
2515 4280 2862 4336 medicinam.
2897 4280 3012 4335 Hoc
3029 4287 3200 4334 totum
3230 4297 3398 4351 quare
3419 4281 3561 4336 dixi-

1968 4355 2122 4440 mus,
2165 4380 2220 4427 et
2271 4373 2609 4430 excessimus
2663 4373 2730 4430 ad
2799 4372 3233 4445 Apocalypsim?
3292 4373 3560 4442 Quoniam

1967 4466 2228 4537 scriptum
2276 4476 2383 4534 est,
2413 4467 2556 4536 quod
2586 4468 2810 4537 fructum
2860 4484 3012 4521 suum
3065 4466 3205 4522 dabit
3254 4466 3306 4520 in
3344 4476 3568 4539 tenipore

1967 4576 2086 4624 suo,
2116 4569 2165 4613 et
2194 4557 2381 4628 folium
2408 4562 2520 4630 ejus
2548 4575 2650 4612 non
2698 4560 2909 4628 deﬂuet,
2941 4569 2989 4613 et
3031 4559 3204 4611 omnia
3243 4575 3570 4628 qumcumque

270 4645 471 4702 toriam
504 4644 773 4716 intelligit,
806 4645 1090 4701 utilitatem
1130 4645 1296 4702 habet
1321 4646 1517 4701 animte
1540 4660 1672 4701 suae.
1702 4643 1861 4716 Legi-
1888 4631 1943 4692 D
1964 4649 2144 4717 faciet,
2162 4664 2362 4720 semper
2384 4650 2841 4720 prosperabttntm'.
2865 4647 3107 4702 Diximus
3137 4647 3208 4701 de
3231 4647 3570 4704 beatitudine

270 4751 397 4794 mus
445 4737 498 4791 in
550 4736 875 4808 Apocalypsi
913 4736 1135 4794 Joannis
1183 4737 1298 4810 (qui
1329 4739 1382 4794 in
1429 4738 1545 4793 istis
1573 4737 1862 4808 provinciis

272 4845 389 4885 non
425 4828 686 4898 recipitur
723 4828 868 4886 liber
901 4847 911 4882 :
940 4837 1124 4885 tamen
1168 4830 1309 4886 scire
1349 4829 1608 4887 debemus
1637 4829 1779 4900 quod
1808 4830 1861 4885 in

273 4920 567 4978 occidente
590 4921 761 4988 omni,
785 4933 839 4977 et
859 4923 914 4978 in
945 4922 1067 4977 aliis
1090 4921 1364 4978 Phoenicis
1382 4922 1697 4993 provinciis,
1730 4931 1784 4978 et
1807 4922 1863 4976 in

270 5012 519 5085 JEgypto
563 5012 825 5083 recipitur
860 5013 1016 5083 liber,
1046 5021 1102 5070 et
1147 5013 1550 5070 ecclesiasticus
1588 5023 1694 5080 est,
1738 5003 1862 5068 nam

273 5117 331 5164 et
361 5121 578 5164 veteres
599 5108 960 5164 ecclesiastici
991 5109 1119 5177 viri,
1143 5124 1174 5164 e
1203 5108 1400 5181 quibus
1420 5107 1778 5174 estlrenteus,
1807 5117 1862 5164 et

269 5200 631 5273 Polycarpus,
663 5211 721 5258 et
755 5201 1067 5273 Dionysius,
1099 5211 1153 5258 et
1194 5202 1286 5256 alii
1325 5201 1558 5256 Romani
1599 5201 1865 5270 interpre-

270 5302 380 5359 tes,
404 5292 473 5349 de
515 5291 713 5364 quibus
756 5301 843 5349 est
873 5302 928 5349 et
977 5292 1282 5366 Cyprianus
1328 5303 1574 5360 sanctus,
1599 5293 1867 5362 recipiunt

271 5386 476 5442 librum
509 5394 565 5450 et
595 5385 1071 5457 interpretantur),
1101 5385 1331 5456 legimus
1359 5401 1489 5456 ergo
1513 5385 1613 5440 ibi:
1637 5383 1703 5438 Et
1726 5400 1861 5451 ecce,

271 5479 472 5552 inquit,
512 5480 622 5534 vidi
677 5480 922 5534 thronum
979 5468 1303 5553 positum,°et
1346 5497 1539 5553 agnum
1587 5495 1769 5546 unum,
1819 5486 1866 5532 et

271 5571 533 5639 arborem,
569 5571 764 5643 inquit,
795 5572 1080 5628 secundum
1108 5575 1321 5644 ﬂumen,
1341 5581 1395 5628 et
1424 5590 1488 5628 ea:
1512 5581 1727 5643 utraque
1752 5587 1886 5645 ραν-⁵

209 5670 218 5676 ’
273 5677 322 5723 te
352 5667 484 5740 ripa:
511 5667 679 5738 ipsam
713 5667 947 5722 arborem
970 5668 1159 5737 (Apoc.
1195 5666 1349 5740 xxn).
1389 5666 1504 5722 Hoc
1536 5675 1639 5734 est,
1667 5681 1738 5721 ex
1771 5665 1876 5721 ista

272 5772 434 5835 parte
464 5769 587 5816 erat
624 5769 680 5816 et
721 5776 787 5816 ex
828 5760 920 5816 illa
946 5769 1106 5833 parte
1132 5769 1268 5818 erat.
1302 5759 1372 5815 Et
1413 5758 1650 5830 habebat,
1677 5759 1874 5830 inquit,

273 5861 482 5931 fructus
515 5855 628 5926 ipsa
655 5854 828 5927 arbor,
859 5865 906 5911 et
938 5857 989 5912 in
1013 5873 1171 5917 anno,
1200 5855 1457 5911 mensibus
1491 5855 1709 5926 singulis
1745 5857 1874 5908 duo~

1962 4741 2095 4812 justi
2126 4740 2250 4806 viri,
2279 4739 2515 4794 diximus
2562 4738 2630 4794 de
2681 4739 2904 4809 praemio
2961 4737 3102 4807 ejus.
3150 4736 3416 4803 Quoniam
3473 4738 3566 4809 qui

1976 4835 2080 4890 tria
2117 4844 2230 4888 non
2264 4832 2473 4902 iecerit,
2507 4840 2562 4887 et
2599 4831 2708 4886 duo
2752 4831 2964 4896 fecerit,
2998 4830 3144 4900 ligno
3173 4829 3435 4898 paradisi,
3458 4828 3564 4886 hoc

1969 4936 2075 4992 est,
2117 4925 2321 4981 Christi
2349 4923 2626 4995 sapientia:
2653 4933 3018 4992 comparatur.
3052 4921 3299 4976 Diximus
3333 4936 3462 4993 ergo
3499 4921 3569 4977 de

1971 5025 2159 5074 sancto
2178 5018 2319 5085 viro,
2352 5030 2494 5071 nunc
2514 5015 2582 5072 de
2603 5015 2880 5070 contrario
2913 5015 3031 5071 viro
3079 5011 3380 5071 videamus.
3429 5013 3569 5082 Quid

1971 5114 2039 5168 de
2062 5121 2342 5182 peccatore
2367 5119 2422 5166 et
2448 5109 2613 5180 impio
2638 5108 2870 5165 dicitur?

2048 5203 2168 5259 Non
2213 5206 2286 5259 sic
2336 5205 2501 5271 impii.
2545 5203 2640 5259 llla
2685 5203 2932 5258 universa
2973 5215 3170 5273 genera
3219 5199 3568 5272 praemiorum

1977 5313 2096 5368 qua:
2129 5297 2196 5353 de
2221 5298 2367 5367 justo
2387 5296 2640 5362 diximus,
2667 5295 2864 5366 impius
2896 5309 3002 5348 non
3051 5292 3301 5364 accipiet.
3331 5291 3457 5347 Non
3497 5291 3570 5346 sic

1975 5391 2145 5460 impii.
2168 5389 2285 5447 Non
2305 5389 2461 5455 dixit,
2477 5403 2584 5444 non
2599 5387 2676 5442 sic
2689 5385 3096 5457 peccatores;si
3117 5385 3260 5441 enim
3289 5383 3356 5440 de
3379 5397 3574 5454 pecca-

1979 5482 2187 5538 toribus
2216 5482 2461 5548 dixisset,
2489 5495 2678 5536 omnes
2700 5479 2860 5535 alieni
2889 5493 3128 5535 eramus.
3156 5475 3280 5532 Non
3299 5476 3374 5531 sic
3403 5475 3572 5547 impii.

1977 5574 2122 5631 Inter
2163 5574 2386 5644 impium
2419 5582 2474 5628 et
2515 5580 2856 5642 peccatorem
2897 5569 3000 5625 hoc
3049 5569 3277 5624 interest
3309 5584 3323 5620 :
3354 5565 3447 5638 qui
3475 5566 3576 5621 im-

1979 5670 2098 5742 pius
2120 5679 2221 5736 est,
2257 5675 2418 5740 negat
2445 5668 2613 5723 Deum
2646 5684 2660 5723 :
2690 5665 2780 5737 qui
2808 5671 3062 5736 peccator
3081 5672 3186 5729 est,
3212 5663 3500 5718 conﬁtetur
3521 5668 3578 5717 ει

1981 5773 2187 5834 peccat.
2225 5761 2349 5818 Non
2375 5763 2451 5818 sic
2480 5760 2646 5832 impii.
2685 5758 2742 5814 In
2770 5756 3092 5832 quibusdam
3122 5755 3337 5827 legitur,
3370 5771 3474 5811 non
3502 5753 3576 5810 sic

1986 5856 2087 5913 hoc
2126 5855 2385 5914 secundo.
2425 5852 2549 5910 Non
2600 5853 2674 5909 sic
2724 5851 2891 5923 impii,
2919 5867 3020 5908 non
3053 5850 3146 5905 sic.
3197 5847 3304 5907 Sed
3348 5848 3581 5906 sciamus
