3992 6368
508 337 649 397 1287

1292 332 1645 396 APPENDIX
1684 331 1777 390 AD
1816 327 2058 390 TOMUM
2096 323 2458 388 SEPTIMUM
2500 326 2558 386 S.
2601 322 3012 387 HIERONYMI.

3686 320 3839 384 £208

508 451 683 507 hilare
707 447 995 520 possimus.
1039 446 1218 504 Semei
1268 446 1359 503 ille
1385 448 1479 520 qui
1508 447 1561 502 in
1602 446 1784 501 mente
1824 441 2016 498 Oliveti
2044 454 2109 495 eo
2136 439 2186 501 A
2214 438 2460 494 sciebant
2487 440 2632 495 enim
2658 439 2801 510 quod
2827 438 2895 494 de
2916 437 3056 493 Filio
3089 435 3183 493 Dei
3212 435 3507 492 diceretur.
3545 434 3837 492 Videbam

511 551 756 615 tempore
785 542 1002 613 quando
1028 540 1193 596 David
1225 540 1462 612 fugiebat
1489 541 1658 596 ﬁlium
1689 552 1845 594 suum
1878 536 2109 591 Abessa-

510 635 628 702 lon,
669 635 801 691 dicit
831 634 932 689 hoc
962 632 1239 705 Scriptura
1268 652 1281 688 :
1315 634 1383 688 Et
1421 650 1555 699 ecce,
1601 632 1793 703 inquit,
1849 630 2019 687 Semei
2048 628 2111 683 de

514 727 816 799 cognatione
840 725 974 782 Saul
1003 726 1069 780 de
1088 726 1225 781 tribu
1244 725 1541 799 Benjamin.
1569 723 1638 779 Et
1668 723 1889 793 lapides,
1915 723 2110 793 inquit,

503 818 729 894 jaciebat
752 820 806 873 in
840 816 1030 887 Dauid,
1064 828 1113 874 et
1141 819 1343 875 dicebat
1376 837 1396 875 :
1435 818 1715 889 Egredere,
1747 819 2007 891 egredere,
2037 817 2114 871 vir

511 911 899 983 sanguinarius.
930 910 1012 966 Eo
1040 920 1284 985 tempore
1310 912 1526 984 quando
1556 911 1687 967 dicit
1730 926 1871 966 unus
1913 909 1981 966 de
2009 908 2114 964 du-

513 1003 669 1061 cibus
696 1002 815 1073 ejus
848 1002 1067 1059 nomine
1105 1003 1292 1059 Abisai
1327 1021 1342 1060 :
1372 1003 1596 1069 Vadam,
1647 1003 1840 1073 inquit,
1871 1011 1917 1055 ct
1948 1001 2113 1055 inter-

510 1097 683 1168 ﬁciant
714 1114 852 1164 eum,
894 1096 1021 1168 quid
1068 1096 1199 1153 dicit
1226 1097 1276 1153 ei
1305 1096 1513 1153 David?
1547 1096 1686 1165 Quid
1712 1096 1837 1150 mihi
1878 1104 1924 1149 et
1948 1094 2113 1162 vobis,

514 1188 613 1260 ﬁlii
659 1188 907 1244 Sarviw?
955 1189 1021 1244 Et
1047 1203 1197 1256 ecce,
1249 1188 1442 1259 inquit,
1495 1188 1586 1260 qui
1628 1187 1697 1243 de
1740 1186 1938 1241 lumbis
1981 1185 2117 1241 meis

513 1298 764 1355 egressus
799 1293 904 1354 est,
938 1293 1142 1357 pugnat
1168 1292 1359 1341 contra
1387 1299 1498 1351 me,
1520 1292 1575 1339 et
1597 1282 1867 1338 miramini
1896 1282 1941 1336 si
1974 1281 2118 1336 ﬁlius

512 1374 734 1443 Jemini,
786 1377 890 1433 hoc
918 1386 1022 1444 est,
1070 1392 1136 1432 ex
1170 1376 1319 1432 tribu
1347 1375 1647 1447 Beniamin,
1679 1374 1748 1430 de
1792 1374 1932 1430 tribu
1964 1372 2114 1440 Saul,

512 1468 607 1538 qui
654 1467 750 1522 luit
776 1466 1067 1523 inimicus?
1114 1466 1229 1522 Hoc
1260 1475 1432 1521 totum
1459 1481 1629 1537 quare
1671 1465 1819 1520 dixi?
1847 1474 1906 1519 ut
1934 1474 2120 1520 osten-

517 1562 703 1620 derem
731 1562 932 1619 Jemini
974 1562 1170 1618 tribum
1216 1575 1337 1617 esse
1367 1559 1668 1630 Beniamin.
1708 1558 1961 1614 Diximus
1990 1557 2118 1627 quid

512 1657 587 1714 sit
616 1654 923 1726 Beniamin,
953 1654 1186 1709 diximus
1218 1668 1413 1709 nomen
1449 1652 1641 1723 patris,
1678 1651 1963 1707 videamus
1990 1648 2119 1720 quid

515 1747 589 1805 sit
606 1744 775 1803 Cbusi
801 1746 943 1801 ﬁlius
965 1744 1184 1801 Jemini.
1210 1742 1349 1800 Chus
1378 1744 1563 1814 lingua
1590 1742 1817 1799 Hebrzea
1854 1741 2120 1811 interpre-

2210 533 2470 601 scriptum
2509 546 2631 587 esse
2658 540 2715 587 et
2750 541 2927 586 tamen
2961 529 3222 584 timebant
3266 528 3362 585 Dei
3395 527 3599 583 Filium
3634 528 3837 585 dicere

2210 640 2333 682 esse
2358 625 2707 681 moriturum.
2757 624 2870 680 Hoc
2919 622 3136 679 interim
3175 623 3245 679 de
3271 621 3429 677 titulo
3475 621 3833 692 disputatum

2212 717 2304 785 sit,
2345 726 2401 774 et
2430 720 2717 775 universus
2764 718 3007 788 psalmus
3034 715 3104 774 de
3129 725 3307 773 morte
3348 715 3661 773 Salvatoris
3692 716 3836 772 dici-

2215 822 2323 869 tur.

2287 909 2500 966 Dicitur
2543 908 2612 966 de
2641 907 2883 966 Judaais:
2928 907 2995 963 In
3039 906 3226 980 laqueo
3269 907 3372 963 isto
3404 923 3553 978 quem
3584 905 3827 963 tetende-

2215 1012 2339 1058 runt
2366 1044 2382 1069 ,
2433 1001 2834 1074 comprehensus
2859 1010 2932 1056 est
2955 1016 3045 1071 pes
3073 1017 3250 1056 eorum
3269 1017 3287 1054 :
3323 1000 3521 1057 deinde
3548 999 3623 1056 de
3653 1014 3826 1054 voca-

2215 1097 2368 1152 tione
2391 1095 2673 1165 Gentium,
2697 1112 2876 1151 omnes
2899 1093 3087 1150 Gentes
3103 1111 3219 1163 qua:
3240 1094 3614 1150 obliviscuntur
3629 1091 3818 1148 Deum.

2219 1189 2291 1243 Et
2340 1189 2702 1244 novissimum
2749 1196 2941 1245 contra
2990 1187 3313 1243 diabolum:
3362 1202 3469 1242 non
3493 1198 3570 1241 est
3594 1186 3742 1241 Deus
3770 1186 3820 1241 in

2219 1289 2497 1352 conspectu
2523 1285 2658 1351 ejus,
2688 1280 2829 1335 sedet
2847 1280 2899 1334 in
2914 1279 3119 1334 insidiis
3140 1294 3257 1333 cum
3269 1277 3533 1334 divitibus.
3565 1276 3818 1334 infelices

2218 1371 2417 1427 divites
2443 1386 2567 1428 cum
2610 1372 2806 1443 quibus
2850 1372 3110 1428 diabolus
3139 1372 3318 1427 sedet.
3367 1371 3613 1442 Denique
3637 1372 3817 1427 videte

2220 1466 2352 1537 quid
2381 1467 2581 1523 dicitur
2606 1467 2674 1522 de
2693 1466 2938 1535 diabolo,
2963 1466 3101 1521 sedet
3129 1466 3180 1520 in
3196 1465 3402 1521 insidiis
3418 1482 3539 1519 cum
3555 1465 3812 1520 divitibus.

2220 1559 2563 1630 Quicumque
2591 1560 2736 1614 enim
2765 1558 2922 1615 dives
2950 1566 3056 1625 est,
3090 1557 3192 1614 nisi
3224 1572 3520 1629 pauperem
3548 1554 3812 1628 spoliave-

2224 1651 2313 1718 rit,
2346 1650 2505 1707 dives
2531 1666 2657 1707 esse
2683 1668 2791 1707 non
2822 1660 3036 1722 potest,
3072 1659 3362 1722 propterea
3394 1650 3565 1719 dixit,
3606 1651 3742 1705 sedet
3765 1650 3813 1703 in

2222 1745 2427 1801 insidiis
2451 1763 2569 1800 cum
2604 1745 2868 1801 divitibus.
2902 1743 3371 1815 Quandocumque
3405 1742 3610 1799 divites
3642 1757 3819 1814 perse-

460 1880 467 1891 .
517 1847 663 1895 tatur
706 1836 976 1908 /Ethiops,
1011 1836 1115 1892 hoc
1153 1845 1256 1901 est,
1299 1836 1443 1907 niger
1470 1844 1525 1890 et
1553 1836 1865 1889 tenebrosus.
1893 1833 2118 1902 Qualem
2151 1826 2199 1888 Β
2224 1851 2465 1913 quuntur
2509 1816 2889 1909 Citristianos,
2942 1840 3231 1898 dicamus:
3282 1839 3440 1897 sedet
3483 1839 3737 1895 diabolus
3765 1837 3817 1894 in

515 1930 681 1987 habet
707 1929 964 1995 animant,
1004 1928 1165 1999 quale
1211 1936 1267 1984 et
1294 1942 1524 1997 corpus,
1556 1925 1624 1982 de
1667 1940 1776 1997 quo
1804 1924 1937 1980 dicit
1967 1923 2121 1980 Jere-

520 2024 692 2081 mias:
716 2022 778 2079 Si
806 2021 1024 2077 mutabit
1054 2020 1307 2091 {Ethiops
1327 2022 1511 2091 pellem
1539 2035 1706 2084 suam,
1737 2027 1787 2075 et
1813 2017 2010 2091 pardus
2038 2033 2125 2070 va-

517 2120 756 2175 rietatem
785 2133 932 2172 suam
959 2114 1108 2189 (Jer.
1141 2132 1257 2182 ιιιιι,
1279 2113 1405 2186 25).
1433 2114 1576 2185 Ergo
1604 2113 1692 2169 hic
1717 2111 1885 2168 Clausi
1909 2112 2123 2183 nigrum

518 2222 572 2270 et
602 2210 939 2281 EtliiOpem,
969 2209 1248 2265 inimicum
1288 2223 1446 2264 suum
1488 2207 1707 2264 Saulem
1737 2204 2028 2275 signiﬁcat.
2057 2202 2127 2258 Et

518 2305 653 2362 dicit
671 2305 798 2370 hoc,
825 2302 1102 2375 quomodo
1127 2300 1386 2372 Ethiops
1415 2308 1625 2356 mutare
1656 2315 1764 2380 non
1796 2306 1972 2369 potest
2003 2298 2122 2368 pel-

521 2399 629 2456 lem
660 2415 674 2454 :
704 2398 781 2454 ita
802 2406 857 2455 et
884 2398 987 2453 iste
1010 2383 1191 2454 mores
1222 2410 1350 2452 suos
1372 2404 1581 2450 mutare
1602 2410 1709 2449 non
1736 2400 1937 2464 potest.
1966 2392 2017 2447 Is
2035 2408 2130 2448 ve-

521 2492 603 2549 nit
630 2492 684 2546 in
705 2504 898 2548 manus
918 2505 1089 2559 meas,
1120 2489 1299 2561 potuit
1326 2502 1449 2544 eum
1472 2485 1745 2552 occidere,
1767 2485 1920 2554 cuius
1948 2483 2127 2556 potuit

518 2588 832 2659 sanguinem
861 2584 1089 2641 fundere
1127 2583 1311 2638 :volui
1359 2597 1484 2637 eum
1526 2594 1786 2651 superare
1835 2577 2123 2644 beneﬁcio,

525 2680 622 2736 sed
671 2679 875 2734 malitia
905 2677 1026 2749 eius
1066 2676 1211 2732 vinci
1256 2690 1363 2731 non
1418 2682 1616 2744 potest.
1665 2671 1950 2747 Quomodo
1982 2670 2125 2726 enim

526 2771 784 2843 EtbiOps
810 2770 986 2842 pelles
1009 2781 1220 2826 mutare
1261 2784 1367 2823 non
1399 2752 1613 2838 potest,
1635 2765 1707 2820 ita
1749 2772 1805 2820 et
1829 2762 1971 2818 illius
2011 2776 2128 2817 ma-

524 2866 641 2923 litia
671 2866 870 2922 mutari
896 2880 1005 2920 non
1037 2873 1239 2934 potest.
1277 2860 1523 2930 Denique
1549 2857 1677 2930 quid
1709 2857 1884 2912 dicit:
1911 2854 2129 2909 Domine

523 2960 667 3017 Deus
692 2975 860 3026 meus,
903 2960 947 3014 si
975 2957 1075 3029 feci
1111 2954 1280 3024 istud,
1322 2954 1427 3009 hoc
1459 2960 1566 3019 est,
1614 2952 1660 3007 si
1687 2950 1790 3006 feci
1821 2947 1899 3004 illi
1927 2945 2130 3018 aliquid

523 3053 675 3112 mali.
702 3053 762 3110 Si
783 3063 860 3108 est
886 3051 1134 3123 iniquitas
1161 3051 1216 3104 in
1245 3047 1484 3103 manibus
1508 3046 1660 3111 meis,
1687 3044 1731 3098 si
1754 3041 1961 3098 reddidi
1983 3040 2134 3094 retri-

526 3147 796 3204 buentibus
824 3144 952 3201 mihi
978 3144 1138 3200 mala.
1179 3142 1315 3198 Vide
1343 3142 1472 3212 quid
1504 3140 1647 3195 dicat
1674 3136 1819 3208 :Ego
1846 3152 1946 3210 pro
1974 3135 2132 3190 malis

2227 1933 2442 1990 insidiis
2469 1947 2595 1988 cum
2626 1930 2911 1989 divitibus.

2302 2024 2598 2081 Insidiatur
2643 2034 2699 2081 ut
2738 2026 2910 2098 rapiat
2955 2041 3255 2099 pauperem,
3319 2041 3500 2096 rapere
3547 2040 3820 2099 pauperem

2229 2119 2353 2173 dum
2373 2117 2587 2174 attrahit
2610 2135 2747 2173 eum.
2792 2116 2858 2172 In
2887 2118 3075 2188 laqueo
3103 2134 3199 2173 suo
3229 2116 3527 2173 humiliabit
3548 2135 3686 2173 eum.
3713 2118 3822 2172 Hoc

2228 2210 2454 2283 impius,
2486 2210 2593 2265 ltoc
2615 2209 2888 2265 diabolus.
2923 2208 3226 2280 Pauperem
3255 2225 3362 2264 non
3384 2207 3566 2264 solum
3599 2207 3823 2275 divitiis,

2231 2305 2327 2361 sed
2356 2313 2412 2361 et
2438 2304 2637 2375 spiritu
2662 2347 2676 2369 ,
2710 2302 2855 2360 beati
2895 2303 3041 2358 enim
3074 2316 3343 2373 pauperes
3372 2303 3591 2373 spiritu.
3656 2299 3719 2356 In
3742 2301 3827 2355 la-

2227 2412 2359 2467 queo
2385 2412 2480 2451 suo
2505 2393 2845 2450 humiliabit:
2888 2395 3086 2467 quem?
3128 2394 3469 2450 Subauditur
3510 2408 3820 2465 pauperem.

2231 2487 2423 2545 Videte
2469 2487 2598 2559 quid
2645 2487 2895 2544 dicitur?
2941 2487 3297 2556 Humiliabit,
3349 2503 3456 2543 non
3495 2486 3820 2542 interﬁciet:

2230 2597 2354 2637 cum
2385 2590 2571 2639 autem
2605 2581 2983 2639 humiliaverit
3009 2597 3328 2654 pauperem,
3358 2581 3671 2638 bumiliatio
3699 2597 3826 2654 pau-

2235 2674 2381 2744 peris
2430 2675 2584 2730 tuina
2613 2683 2698 2731 est
2727 2674 2952 2731 diaboli.
2986 2675 3127 2743 Quid
3157 2676 3305 2731 enim
3335 2676 3635 2746 sequitur?
3670 2673 3826 2728 Incli-

2233 2763 2377 2819 nabit
2416 2781 2508 2833 se,
2562 2774 2609 2820 et
2656 2767 2803 2821 cadet
2846 2766 2971 2820 dum
3016 2765 3314 2821 dominatus
3351 2766 3504 2837 fuerit
3523 2782 3823 2840 pauperum.

2233 2855 2429 2913 Nonne
2463 2857 2619 2915 vobis
2642 2858 2855 2915 videtur
2880 2858 3133 2915 diabolus
3162 2859 3216 2914 iu
3243 2861 3635 2930 persecutione
3661 2875 3826 2931 quan-

2234 2952 2305 3008 do
2333 2951 2615 3008 occideret
2642 2946 3020 3019 Christianos,
3061 2952 3284 3023 quando
3321 2952 3662 3010 interﬁceret
3688 2952 3824 3008 hlar-

2238 3051 2387 3116 tyres
2412 3090 2426 3115 ,
2469 3043 2523 3100 in
2555 3060 2625 3101 eo
2656 3045 2834 3101 occidi
2868 3045 3013 3117 quod
3052 3045 3422 3102 interﬁceret?
3451 3045 3744 3102 lnclinahit
3769 3060 3825 3102 se

2236 3147 2291 3194 et
2317 3137 2475 3194 cadet
2499 3138 2629 3194 dum
2666 3138 3043 3195 dominabitur
3072 3140 3420 3210 pauperum?
3460 3139 3668 3212 Martyr
3688 3138 3827 3196 occi-

526 3240 667 3298 bona
703 3238 936 3305 reddidi,
990 3237 1078 3295 ille
1107 3250 1209 3309 pro
1254 3235 1412 3292 bonis
1460 3233 1624 3289 mala.
1658 3230 2001 3288 Manifestum
2050 3217 2205 3285 estC
2238 3248 2331 3289 sus
2358 3235 2411 3290 in
2440 3236 2640 3291 caelum
2675 3235 2851 3305 vadit,
2890 3235 2990 3292 ille
3015 3235 3277 3293 occidens
3312 3234 3638 3292 humiliatur
3664 3246 3717 3292 et
3740 3251 3826 3292 ca.

526 3333 691 3405 igitur
716 3331 971 3404 quoniam
1000 3338 1189 3387 contra
1228 3327 1360 3385 Saul
1389 3326 1634 3399 psalmus
1664 3332 1766 3380 εει.

1101 3420 1421 3480 PSALMUS
1460 3420 1556 3478 IX.

601 3522 760 3578 Jesus
808 3520 952 3576 ﬁlius
998 3518 1146 3575 Nave
1176 3518 1449 3590 pugnabat
1496 3520 1554 3572 in
1601 3531 1807 3586 eremo,
1855 3526 1911 3574 et
1950 3518 2133 3590 Moyse

530 3623 744 3679 orante,
775 3612 1070 3683 superabat
1097 3627 1112 3666 :
1142 3610 1282 3667 alius
1309 3611 1602 3682 pugnabat,
1636 3610 1772 3667 alius
1810 3611 1865 3668 in
1890 3610 2135 3667 oratione

529 3705 800 3763 vincebat.
847 3703 931 3760 Ita
975 3711 1032 3760 et
1058 3717 1160 3773 ego
1186 3702 1483 3759 secundum
1512 3702 1646 3759 illud
1686 3702 1831 3774 quod
1873 3703 2133 3774 scriptum

532 3809 637 3869 est,
669 3799 815 3871 aperi
840 3815 896 3854 os
923 3806 1071 3852 tuum
1093 3805 1143 3852 et
1167 3795 1388 3870 implebo
1411 3795 1551 3852 illud
1574 3812 1592 3852 :
1613 3811 1714 3867 ego
1740 3795 1957 3868 quidem
1990 3797 2137 3867 loqui

533 3890 748 3958 videor,
770 3890 864 3946 sed
890 3888 983 3944 alii
1008 3896 1136 3945 sunt
1155 3888 1351 3958 quibus
1375 3889 1681 3957 orantibus,
1712 3889 1922 3960 loquor.
1951 3888 2137 3947 Nonus

531 3983 774 4052 psalmus
804 3980 949 4053 quod
980 3980 1193 4045 avobis
1218 3989 1470 4038 cantatus
1493 3992 1577 4039 est
1619 3980 1869 4050 Domino,
1916 3982 2137 4053 grandis

434 4120 439 4125 .
504 4060 509 4065 ’
536 4073 594 4130 in
624 4073 895 4140 versibus,
941 4073 1162 4144 grandis
1189 4083 1274 4129 εει
1303 4074 1354 4130 in
1389 4073 1688 4146 mysteriis.
1716 4074 1983 4142 Quoniam
2030 4088 2138 4129 non

533 4181 829 4239 possumus
856 4165 926 4222 de
955 4167 1208 4222 omnibus
1246 4167 1548 4239 disputare,
1597 4167 1796 4223 sufﬁcit
1826 4165 2043 4222 interim
2072 4166 2140 4223 de

537 4261 695 4320 titulo
734 4260 938 4317 dicere.
983 4261 1253 4330 Quoniam
1307 4276 1413 4318 non
1468 4276 1755 4332 possumus
1798 4259 2019 4317 domum
2060 4261 2142 4317 in-

539 4354 712 4427 gredi,
736 4355 943 4426 grande
972 4364 1056 4412 est
1079 4354 1224 4411 enim
1254 4355 1401 4426 regis
1430 4355 1710 4424 palatium,
1742 4369 1917 4426 neque
1945 4369 2140 4426 possu-

539 4460 662 4501 mus
689 4447 870 4502 omnia
894 4444 1039 4517 regis
1069 4445 1212 4501 scire
1243 4446 1525 4517 mysteria,
1564 4446 1778 4503 interim
1805 4448 1957 4519 quasi
1985 4449 2038 4504 in
2075 4448 2145 4504 ti-

536 4538 654 4593 tulo
701 4538 918 4605 domus,
951 4538 1005 4594 in
1035 4539 1154 4609 ipso
1202 4538 1490 4607 vestibulo,
1536 4537 1692 4609 cuius
1721 4540 1916 4597 domus
1951 4542 2023 4597 sit
2050 4542 2144 4599 de-

2235 3326 2347 3384 det.
2381 3327 2497 3384 Hoc
2523 3329 2743 3385 interim
2770 3329 2842 3386 de
2865 3329 3078 3401 psalmo
3108 3329 3351 3386 breviter
3379 3330 3715 3402 disputatum
3743 3339 3824 3387 est

2236 3437 2338 3493 pro
2367 3422 2596 3479 occultis
2626 3422 2757 3494 ﬁlii,
2791 3432 2848 3480 et
2877 3424 2982 3480 hoc
3012 3423 3218 3480 dictum
3246 3434 3329 3481 est
3358 3425 3413 3480 in
3444 3425 3620 3481 veteri
3645 3423 3821 3480 Testa-

2237 3522 2423 3571 mento
2449 3532 2463 3569 :
2501 3516 2554 3571 in
2585 3515 2760 3572 veteri
2789 3516 2938 3573 enim
2963 3515 3351 3584 Testamento,
3384 3516 3456 3574 de
3479 3516 3594 3573 ﬁlio
3622 3516 3823 3573 occulte

2237 3608 2460 3677 dicitur,
2515 3625 2662 3665 nunc
2707 3608 2763 3665 in
2818 3607 3120 3682 Evangelia
3151 3609 3402 3682 legamus
3426 3608 3732 3677 manifeste,
3760 3606 3821 3662 de

2239 3698 2546 3757 manifestis
2574 3701 2694 3757 ﬁlii.

2708 3793 3031 3853 PSALMUS
3077 3794 3366 3853 LXXVIII.

2315 3885 2573 3955 Quoniam
2597 3903 2851 3959 pauperes
2876 3888 3002 3961 facti
3022 3904 3202 3944 sumus
3224 3905 3244 3944 :
3264 3888 3521 3961 quoniam
3554 3896 3610 3945 tu
3635 3900 3817 3961 pauper

2242 3991 2341 4047 pro
2391 3979 2548 4035 nobis
2596 3978 2773 4035 factus
2804 3994 2921 4049 es,
2984 3990 3278 4052 propterea
3326 3989 3383 4037 et
3421 3995 3524 4039 nos
3572 3994 3815 4054 pauperes

2241 4070 2372 4126 facti
2397 4086 2609 4128 sumus.
2651 4069 2835 4129 Oratio
2861 4074 3105 4147 pauperis
3133 4089 3251 4129 eum
3274 4074 3524 4130 anxiatus
3548 4075 3735 4146 fuerit,
3771 4079 3811 4126 et

2242 4163 2484 4232 effuderit
2512 4165 2801 4221 orationem
2837 4183 3015 4222 coram
3036 4166 3284 4223 Domino.
3319 4168 3591 4238 Quoniam
3624 4180 3679 4224 tu
3703 4181 3815 4240 pau-

2244 4274 2343 4329 per
2371 4259 2549 4316 factus
2574 4274 2782 4327 es,cum
2809 4275 2963 4319 esses
2994 4260 3172 4333 dives,
3200 4270 3257 4319 et
3286 4277 3385 4318 nos
3415 4277 3681 4334 pauperes
3712 4258 3819 4317 facti

2244 4368 2435 4409 sumus
2473 4373 2485 4407 :
2535 4354 2745 4429 Adjuva
2773 4373 2867 4411 nos
2891 4397 2907 4425 ,
2959 4356 3103 4412 Deus
3139 4355 3391 4413 salutaris
3418 4367 3611 4414 noster.
3653 4358 3710 4415 In
3732 4356 3820 4412 lic-

2246 4446 2435 4503 braico
2459 4447 2661 4503 habet:
2714 4449 2922 4522 Adjuva
2944 4466 3069 4518 nos,
3095 4448 3252 4506 Jesus
3274 4461 3448 4507 noster
3472 4467 3491 4507 :
3514 4451 3822 4521 ubicumque

2246 4542 2392 4597 enim
2417 4532 2665 4615 Salvatgr
2693 4551 2791 4611 est,
2816 4541 2872 4597 in
2904 4542 3193 4612 llebraico,
3212 4541 3368 4599 Iesus
3383 4543 3570 4600 habet.
3598 4542 3820 4612 Denique

538 4640 925 4689 monstremus.
955 4629 1024 4687 In
1044 4632 1202 4702 ﬁnem
1221 4648 1316 4701 pro
1343 4631 1556 4687 occultis
1574 4633 1675 4704 ﬁlii
1695 4632 1928 4704 psalmus
1947 4632 2140 4693 David.
2171 4614 2226 4675 Β
2249 4632 2477 4689 Gabriel
2497 4614 2721 4705 quando
2742 4637 2895 4690 venit
2914 4634 2984 4691 ad
3010 4634 3252 4704 Mariam,
3288 4635 3357 4691 Et
3384 4637 3616 4707 vocabis,
3643 4635 3819 4707 inquit,

542 4723 612 4781 In
635 4726 814 4795 ﬁnem,
844 4727 986 4797 quod
1012 4724 1235 4795 dicitur,
1267 4740 1375 4781 non
1402 4725 1639 4797 pertinet
1677 4726 1744 4781 ad
1775 4726 2015 4796 Judaeos,
2047 4728 2145 4785 sed

543 4818 612 4876 ad
644 4833 746 4876 nos
773 4818 863 4890 qui
891 4818 944 4874 in
967 4818 1128 4873 ﬁnem
1161 4817 1510 4901 credidimus.
1544 4817 1642 4874 llle
1672 4820 1817 4889 prior
1845 4818 2010 4887 ﬁlius,
2045 4834 2145 4875 nos

542 4909 846 4967 novissimi.
888 4908 1001 4966 Nos
1028 4924 1160 4980 ergo
1207 4910 1299 4980 qui
1334 4908 1387 4965 in
1416 4909 1581 4966 ﬁnem
1611 4925 1822 4978 sumus,
1877 4911 2139 4983 psalmum

544 5002 710 5061 istum
738 5002 1001 5060 debemus
1028 5002 1239 5069 audire,
1269 5003 1392 5075 quia
1414 5001 1483 5058 ad
1513 5017 1612 5059 eos
1639 5004 1730 5075 qui
1758 5004 1811 5059 in
1835 5003 1994 5061 ﬁnem
2018 5015 2145 5062 sunt

544 5096 799 5170 pertinet.
822 5096 933 5152 Pro
954 5096 1168 5151 occultis
1195 5094 1316 5165 ﬁlii.
1345 5094 1479 5165 Quae
1504 5104 1631 5151 sunt
1650 5095 1767 5154 haec
1790 5098 1998 5154 occulta
2022 5098 2145 5153 ﬁlii?

547 5190 867 5264 mysterium
896 5189 1044 5262 quod
1072 5188 1327 5246 omnibus
1357 5199 1502 5247 retro
1522 5188 1738 5246 sacculis
1760 5190 1937 5248 fuerat
1962 5191 2145 5248 occul-

543 5289 679 5349 tum,
708 5281 864 5339 nobis
889 5281 945 5336 in
967 5281 1130 5337 ﬁnem
1156 5289 1401 5351 apertum
1431 5289 1535 5337 est.
1570 5280 1678 5337 Pro
1707 5283 1923 5338 occultis
1942 5282 2064 5353 ﬁlii,
2090 5283 2142 5340 iu

542 5374 809 5433 Hebraico
835 5374 995 5431 aliter
1034 5374 1197 5431 habet
1225 5372 1318 5429 :in
1364 5373 1627 5431 Hebraico
1671 5376 1817 5432 enim
1860 5376 2024 5434 liabet
2051 5393 2147 5434 Αι-

544 5484 713 5537 ιιοτιι,
744 5465 887 5539 quod
908 5466 1322 5539 interpretatur,
1347 5483 1443 5539 pro
1464 5477 1671 5524 morte:
1696 5467 1752 5522 al
1774 5467 1921 5525 enim
1948 5469 2147 5526 dicitur

544 5575 661 5632 pro,
694 5559 834 5613 math
857 5557 1057 5615 dicitur
1086 5575 1247 5614 mors.
1278 5556 1423 5631 Ergo
1454 5573 1553 5629 pro
1583 5568 1759 5617 morte
1789 5560 2013 5632 dicitur,
2046 5577 2145 5634 pro

548 5663 725 5709 morte
745 5665 878 5723 ergo
904 5651 999 5707 ﬁlii
1046 5652 1101 5709 in
1130 5652 1363 5709 Hebraao
1391 5653 1654 5724 scriptum
1683 5664 1790 5711 est.
1838 5654 2027 5713 Videte
2050 5656 2148 5729 igi-

552 5753 639 5802 tur
662 5746 1015 5817 Septuaginta
1043 5745 1373 5817 lnterpretes
1395 5746 1487 5819 qui
1508 5747 1805 5806 Ptolomaeo
1826 5749 2013 5823 gentili
2034 5751 2147 5822 regi

553 5835 1071 5911 interpretabantur,
1098 5849 1155 5898 et
1183 5839 1381 5898 durum
1415 5848 1534 5898 erat
1558 5841 1740 5901 dicere
1766 5851 2003 5902 mortem
2029 5843 2146 5913 ﬁlii,

2248 4742 2366 4780 eum
2392 4725 2577 4782 Iesum
2599 4769 2616 4797 ,
2667 4728 2764 4784 iste
2803 4729 2943 4785 enim
2970 4730 3170 4786 salt-um
3207 4732 3363 4803 faciet
3391 4733 3652 4802 populum
3672 4743 3818 4787 suum.

2254 4821 2465 4893 Adjuva
2489 4838 2604 4890 nos,
2632 4823 2789 4879 Iesus
2813 4834 3007 4881 noster.
3051 4824 3247 4881 Videte
3274 4824 3406 4896 quid
3428 4825 3604 4893 dicat,
3628 4825 3818 4899 adjum.

2250 4910 2354 4980 Qui
2391 4912 2527 4970 dicit
2569 4914 2783 4988 adjuva,
2832 4926 2888 4973 et
2936 4916 3054 4988 ipse
3098 4916 3325 4973 liberari
3368 4927 3623 4985 conatur,
3669 4926 3820 4985 neque

2249 5007 2398 5062 enim
2423 5007 2763 5065 dormientes
2787 5024 2892 5065 nos
2918 5008 3163 5079 adjuvat,
3187 5010 3282 5067 sed
3304 5009 3643 5068 laborantes.
3675 5007 3820 5077 Prop-

2250 5106 2327 5154 ter
2352 5099 2577 5171 gloriam
2602 5101 2825 5155 nominis
2852 5102 2949 5174 tui,
2971 5100 3209 5173 Domine,
3240 5101 3402 5157 libera
3424 5119 3518 5159 nos
3534 5119 3552 5156 :
3583 5101 3815 5175 quoniam

2251 5204 2504 5250 vocatum
2536 5203 2623 5251 est
2652 5208 2850 5251 nomen
2882 5203 3033 5252 tuum
3080 5210 3280 5252 novum
3310 5209 3480 5267 super
3508 5210 3614 5252 nos
3641 5236 3658 5263 ,
3693 5186 3817 5264 quod

2253 5285 2598 5343 benedicitur
2640 5286 2697 5342 in
2742 5286 3038 5358 gentibus:
3088 5270 3458 5358 Et'propitius
3486 5297 3594 5342 esto
3624 5278 3816 5359 peccatis

2255 5377 2446 5434 nostris
2476 5388 2688 5451 prapter
2726 5395 2913 5436 nomen
2951 5388 3116 5437 tuum.
3147 5378 3228 5437 Tu
3251 5378 3526 5449 Salvator,
3563 5389 3625 5436 ut
3649 5376 3811 5434 Chris-

2252 5479 2360 5540 tus,
2388 5478 2447 5527 et
2490 5486 2591 5529 nos
2619 5470 2946 5543 Christiani,
2992 5473 3448 5540 misererenobis
3476 5483 3700 5548 propter
3735 5482 3811 5526 ao-

2250 5580 2377 5622 men
2410 5573 2582 5622 tuum.
3682 5630 3694 5649 ο

2324 5657 2560 5716 Introeat
2602 5659 2658 5715 in
2701 5669 2977 5733 conspectu
3014 5668 3104 5716 tuo
3150 5661 3371 5734 gemitus
3408 5661 3809 5735 compeditorutn-

2256 5752 2368 5810 Iloe
2398 5753 2578 5812 solent
2607 5752 2790 5810 dicere
2834 5754 2925 5826 qui
2953 5762 3253 5827 sequuntur
3277 5754 3539 5828 Origenis
3565 5755 3809 5827 dogmata.

2254 5846 2473 5919 gemitus
2490 5845 2893 5919 compeditorum
2915 5887 2931 5916 ,
2957 5846 3063 5906 hoc
3087 5856 3169 5907 cst
3195 5848 3512 5921 angelorum
3528 5891 3546 5920 ,
3568 5848 3656 5922 qui
3676 5853 3808 5902 conl-
