3992 6300
179 239 336 300 1289

1174 237 1381 296 LIBER
1420 239 1510 296 DE
1550 235 2010 297 EXPOSITIONE
2049 237 2494 299 PSALMORUM.

3349 254 3490 313 1290

181 358 364 432 pediti
396 365 543 423 sunt,
577 356 851 427 inquiunt,
881 357 934 413 in
961 358 1320 426 corporibus:
1346 358 1620 429 quomodo
1645 359 1787 415 enim
1814 355 1867 417 A
1895 357 2168 426 olivarum,
2193 358 2248 412 in
2277 358 2490 412 circuitu
2516 373 2704 414 mensae
2727 365 2846 415 tute.
2884 359 3000 432 Ego
3028 373 3158 433 puto
3187 369 3329 435 quod
3355 387 3484 441 pro-

181 452 235 507 si
287 451 572 506 mittantur
601 448 900 522 compedes
929 450 983 506 in
1017 450 1245 521 pedibus
1275 493 1288 518 ,
1339 451 1637 522 degravant
1669 465 1793 508 cor-

180 559 300 616 pus
325 585 340 611 ,
399 551 456 599 et
501 557 725 600 currere
755 559 865 599 non
893 544 1080 599 sinunt
1105 561 1116 595 :
1159 545 1239 600 sic
1265 553 1322 600 et
1349 557 1579 614 corpora
1604 553 1790 601 nostra

180 635 486 694 includunt
535 637 744 691 animas
768 679 784 704 ,
833 635 940 690 hoc
977 645 1102 702 est,
1133 636 1359 708 angelos
1392 635 1695 709 degravant
1735 637 1792 692 in

184 739 367 787 terra.
412 728 481 784 Et
504 727 611 784 hoc
649 729 848 800 quibus
874 729 1059 785 verbis
1089 729 1427 799 approbant?
1467 727 1667 800 Infelix
1697 746 1791 804 ego

181 823 372 889 homo,
395 823 509 894 quis
539 839 620 878 me
641 821 876 876 liberabit
902 821 966 876 de
987 837 1203 893 corpore
1232 823 1408 877 mortis
1434 822 1590 895 hujus
1613 820 1790 894 (Rom.

181 933 292 987 vti,
325 916 464 990 24)?
490 917 558 972 Et
587 916 719 972 illud
745 917 890 989 quod
919 916 1141 985 dicitur,
1185 917 1352 988 Cupio
1380 916 1587 972 dissolvi
1615 926 1664 972 et
1687 933 1795 973 esse

181 1027 317 1067 cum
345 1009 570 1067 Christo.
609 1008 850 1076 Reverti,
888 1019 936 1063 et
967 1025 1078 1064 esse
1111 1027 1228 1064 cum
1259 1008 1462 1065 Christo
1493 1008 1718 1082 (Philip.
1749 1024 1789 1077 ι,

183 1103 317 1177 25).
352 1103 572 1172 Videte,
604 1102 818 1176 inquit,
850 1101 976 1174 quid
1010 1102 1142 1158 dicit
1184 1102 1498 1174 Apostolus.
1543 1102 1796 1169 Quicum-

181 1211 304 1269 que
332 1195 504 1260 dicit,
539 1194 714 1264 Cupio
745 1194 944 1250 reverti
976 1211 989 1246 :
1019 1194 1202 1263 utique
1233 1194 1361 1248 illuc
1397 1193 1528 1249 dicit
1557 1194 1646 1249 ubi
1671 1203 1797 1250 ante

185 1289 399 1346 fuerat.
452 1287 688 1342 Introeat
729 1288 784 1341 in
827 1296 1098 1358 conspectu
1132 1295 1219 1341 tuo
1239 1287 1457 1360 gemitus
1482 1286 1797 1358 compedito-

185 1400 336 1438 rum.
373 1381 487 1452 Ego
515 1397 646 1438 vero
671 1381 1013 1452 simpliciter,
1055 1379 1330 1436 rusticana
1361 1378 1715 1450 simplicitate
1741 1387 1797 1434 et

186 1474 611 1544 Ecclesiastica,
646 1474 718 1530 ita
754 1473 852 1528 tibi
882 1471 1245 1543 respondebo.
1281 1471 1360 1526 Ita
1389 1471 1532 1526 enim
1567 1469 1796 1541 apostoli

184 1567 600 1640 responderunt
621 1607 638 1633 ,
665 1567 748 1623 sic
776 1575 908 1622 sunt
935 1565 1135 1631 locuti,
1164 1579 1273 1619 non
1297 1563 1479 1620 verbis
1510 1561 1798 1619 rhetoricis

185 1671 248 1718 et
293 1659 620 1716 diabolicis:
675 1657 872 1714 Melius
920 1667 997 1713 est
1042 1657 1178 1712 enim
1223 1656 1406 1712 reverti
1454 1665 1501 1710 et
1543 1672 1653 1710 esse
1681 1671 1798 1709 cum

1896 451 2028 522 pitio
2073 450 2290 508 Christo
2337 467 2526 508 omnes
2570 453 2863 510 timeamus
2913 454 3105 511 Deum.
3170 457 3313 531 Ergo
3343 462 3486 519 hanc

1895 543 2280 602 beatitudinem
2325 560 2435 600 non
2498 545 2811 601 habemus?
2863 546 3141 618 Scriptum
3187 560 3274 606 est
3319 553 3492 624 enim,

1894 639 1983 710 qui
2011 640 2152 694 timet
2177 637 2487 707 Dominum,
2537 638 2677 696 hanc
2703 639 2869 697 habet
2899 641 3322 711 beatitudinem;
3357 664 3489 703 uxor

1896 741 1986 787 tua
2029 733 2160 788 sicut
2184 733 2296 788 vitis
2323 732 2598 788 abundans
2645 735 2700 789 in
2741 735 2986 792 lateribus
3016 737 3197 794 domus
3225 748 3361 808 luat;
3390 742 3494 811 ﬁlii

1896 826 1972 880 tui
2010 827 2145 881 sicut
2193 825 2411 882 novella:
2448 828 2735 897 olivarum,
2768 830 2824 885 in
2859 831 3077 886 circuitu
3124 849 3314 889 mensw
3361 845 3484 891 tum.

1897 916 2038 988 Ergo
2064 927 2120 974 et
2147 919 2240 990 qui
2270 934 2434 976 unum
2463 920 2627 977 habet
2649 921 2820 977 lilium
2849 931 2906 979 et
2929 923 3090 991 duos,
3120 940 3226 981 non
3255 936 3339 982 est
3360 928 3493 986 bea-

1899 1013 2019 1068 tus?
2047 1011 2187 1080 Quid
2215 1012 2360 1068 enim
2388 1012 2550 1080 dicit,
2582 1012 2682 1086 ﬁlii
2704 1015 2778 1069 tui
2803 1016 2936 1070 sicut
2963 1017 3180 1072 novella:
3206 1018 3486 1088 olivarum,

1898 1107 1953 1159 in
1976 1105 2195 1159 circuitu
2215 1122 2401 1161 mensa:
2431 1116 2555 1162 tum.
2586 1107 2696 1163 Nisi
2722 1118 2898 1165 tantos
2926 1108 3280 1169 habuerimus
3309 1114 3485 1184 ﬁlios,

1899 1207 1957 1254 ιιι
1981 1199 2201 1268 cingant
2241 1213 2484 1254 mensam
2526 1210 2800 1269 nostram,
2830 1203 3219 1260 beatitudinem
3245 1207 3491 1264 timentis

1900 1289 2190 1346 Dominum
2224 1305 2334 1346 non
2373 1290 2728 1349 habebimus?
2755 1294 2905 1350 lsaac
2932 1295 3074 1352 hanc
3092 1297 3490 1357 beatitudinem

1901 1396 2008 1438 non
2038 1382 2248 1452 habuit,
2278 1382 2470 1439 habuit
2493 1384 2637 1440 enim
2655 1385 2792 1442 duos
2813 1386 2974 1454 ﬁlios,
3003 1405 3168 1446 unum
3197 1393 3494 1462 pessimum

1901 1473 2063 1541 Esau,
2095 1476 2186 1546 qui
2219 1475 2390 1531 multo
2419 1477 2617 1533 melius
2648 1477 2832 1535 fuerat
2857 1480 2902 1536 si
2931 1491 3092 1539 natus
3131 1499 3242 1540 non
3278 1484 3492 1542 fuisset.

1902 1565 2102 1622 Habuit
2142 1575 2323 1622 autem
2373 1583 2540 1624 unum
2569 1569 2740 1625 ﬁlium
2769 1569 2940 1626 Jacob
2969 1589 2981 1626 :
3007 1588 3140 1644 ergo
3163 1591 3271 1630 non
3305 1575 3498 1633 habuit

1902 1657 2340 1716 beatitudinem?
2382 1659 2522 1727 Quia
2574 1677 2713 1717 unus
2757 1663 3048 1720 circumire
3097 1681 3343 1724 mensam
3386 1685 3501 1728 non

187 1753 432 1811 Christo.
458 1753 593 1821 Quia
619 1752 699 1808 sic
720 1751 884 1808 habet
910 1752 964 1807 in
984 1751 1198 1816 Graeco,
1226 1764 1334 1806 non
1360 1749 1542 1816 habet,
1561 1749 1794 1817 dissolvi,
1828 1752 1875 1812 Β
1905 1751 2104 1821 potuit.
2149 1751 2397 1824 Virgines
2426 1768 2558 1825 ergo
2579 1769 2689 1810 non
2717 1755 2913 1812 timent
2941 1755 3144 1814 Deum.
3186 1760 3327 1830 Quid
3353 1766 3503 1820 enim

187 1848 294 1906 sed
343 1847 547 1904 reverti.
597 1847 802 1903 Reverti
846 1856 892 1901 et
935 1863 1044 1902 esse
1079 1863 1195 1900 cum
1225 1843 1453 1900 Christo.
1493 1842 1599 1900 Ubi
1625 1843 1797 1898 Adam

188 1942 306 1998 fuit
343 1951 495 2012 pater
519 1955 704 2010 meus,
737 1939 811 1995 ibi
841 1947 896 1995 et
924 1953 1026 2010 ego
1055 1953 1177 1996 esse
1204 1937 1458 1994 desidero
1483 1953 1496 1991 :
1535 1935 1680 1992 unde
1708 1934 1802 1991 ille

189 2033 418 2105 eiectus
447 2043 561 2100 est,
593 2047 694 2104 ego
720 2031 925 2088 reverti
955 2031 1138 2102 cupio.
1198 2030 1253 2086 lu
1284 2030 1456 2086 Adam
1485 2043 1677 2084 omnes
1703 2042 1802 2083 nos

188 2126 266 2184 de
298 2125 563 2198 paradiso
593 2125 753 2196 eiecti
787 2139 1004 2191 sumus,
1036 2124 1276 2180 introeat
1303 2123 1356 2179 itt
1387 2131 1680 2193 conspectu
1710 2131 1803 2178 tuo

189 2218 438 2291 gemitus
465 2217 920 2288 compeditorum.

270 2311 462 2377 Quare
489 2311 636 2367 enim
663 2310 767 2366 hoc
792 2326 902 2366 non
927 2309 1254 2381 simpliciter
1273 2308 1572 2381 intelligam
1599 2307 1803 2366 dictum

195 2420 328 2460 esse
359 2404 428 2459 dc
457 2405 790 2476 martyribus
812 2446 827 2471 ,
867 2403 958 2476 qui
993 2402 1188 2458 inclusi
1217 2411 1344 2458 sunt
1369 2402 1424 2457 in
1449 2401 1806 2459 carceribus?

195 2497 411 2566 Quanti
442 2499 590 2553 enim
615 2510 670 2554 et
694 2499 751 2553 in
778 2497 1016 2553 metallis
1035 2497 1186 2552 missi
1200 2498 1367 2552 sunt?
1399 2497 1514 2568 Ego
1535 2512 1664 2552 vero
1685 2496 1808 2552 dico

195 2593 334 2664 quia
369 2593 585 2648 illorum
609 2592 1046 2664 compeditorum
1070 2608 1199 2650 vere
1221 2593 1406 2648 audiat
1427 2606 1613 2648 vocem
1641 2591 1803 2648 Deus.

279 2687 594 2743 Secundum
632 2688 1042 2761 magnitudinem
1091 2688 1290 2743 brachii
1314 2689 1409 2752 tui,
1436 2687 1643 2758 posside
1671 2687 1810 2755 filios

199 2777 670 2849 mortiﬁcatorum.
701 2778 813 2837 Nos
835 2795 1027 2837 omnes
1057 2781 1135 2854 (si
1165 2791 1344 2838 tamen
1377 2777 1685 2850 meremur)
1717 2778 1810 2833 lilii

201 2880 517 2941 martyrum
548 2885 757 2927 sumus.
790 2872 1085 2942 Apostolus
1116 2871 1332 2943 quando
1354 2869 1405 2925 in
1428 2885 1648 2926 carcere
1667 2879 1806 2939 erat,

203 2963 557 3033 compeditus
595 2974 756 3022 erat:
798 2966 1033 3037 apostoli
1067 2981 1258 3023 omnes
1292 2965 1510 3036 quando
1541 2965 1592 3020 in
1621 2977 1810 3020 carce-

1903 1842 2124 1909 dicitur,
2171 1843 2316 1915 quod
2348 1844 2439 1916 qui
2473 1847 2622 1902 timet
2651 1847 2939 1904 Dominum
2973 1851 3245 1924 intelligat
3264 1855 3504 1914 beatitu-

1903 1934 2125 1990 dinem?
2152 1935 2299 1992 Uxor
2326 1946 2415 1991 tua
2437 1939 2570 1992 sicut
2598 1941 2714 1995 vitis
2736 1941 3011 1998 abundans
3050 1945 3104 1999 in
3141 1947 3384 2004 lateribus
3409 1953 3504 2006 do-

1906 2043 2020 2080 mus
2042 2037 2176 2094 tute;
2209 2028 2308 2098 filii
2337 2030 2412 2082 tui
2455 2030 2593 2084 sicut
2632 2032 2851 2089 novella:
2875 2033 3150 2104 olivarum,
3194 2040 3247 2092 in
3278 2041 3503 2097 circuitu

1904 2134 2095 2174 mensa:
2127 2127 2251 2175 tute.
2285 2120 2437 2176 lianc
2465 2122 2856 2182 beatitudinem
2897 2125 3136 2186 Joannes
3158 2145 3266 2186 non
3289 2131 3497 2190 habuit.

1905 2211 2143 2269 Joannes
2183 2213 2391 2286 utique,
2433 2225 2543 2272 tam
2592 2217 2972 2292 Evangelista,
3023 2239 3187 2295 quam
3217 2227 3501 2298 Baptista:

1907 2318 2136 2382 uterque
2175 2310 2321 2366 enim
2369 2313 2522 2385 virgo
2549 2313 2670 2369 fuit.
2702 2315 2852 2373 Hanc
2878 2318 3270 2377 beatitudinem
3305 2322 3507 2380 Paulus

1911 2417 2018 2457 non
2044 2402 2238 2460 habuit
2263 2405 2356 2476 qui
2383 2406 2553 2461 dicit:
2594 2407 2730 2464 Volo
2755 2419 2927 2466 autem
2946 2429 3118 2468 omnes
3139 2415 3214 2468 sic
3245 2432 3353 2472 esse
3373 2417 3506 2472 sicut

1910 2511 1991 2549 me
2016 2493 2062 2569 (ι
2086 2495 2210 2551 Cor.
2241 2511 2339 2564 vn,
2364 2497 2440 2570 7).
2482 2497 2694 2555 Videtis
2716 2516 2850 2573 ergo
2877 2503 3136 2574 quoniam
3167 2523 3305 2563 uxor
3327 2517 3383 2565 et
3412 2510 3512 2566 ﬁlii

1911 2589 2268 2660 spiritualiter
2295 2591 2642 2665 intelligendi
2667 2606 2817 2663 sunt,
2845 2597 3088 2670 alioquin
3119 2601 3221 2657 nisi
3253 2603 3514 2673 Spiritua-

1911 2679 2040 2737 liter
2070 2682 2506 2741 intellexerimus
2531 2731 2546 2755 ,
2599 2687 2778 2758 angeli
2809 2690 2949 2747 hanc
2977 2691 3370 2752 beatitudinem
3399 2714 3508 2754 non

1913 2771 2138 2843 habent,
2165 2775 2290 2847 quia
2321 2777 2460 2833 ﬁlios
2489 2792 2590 2835 nos
2619 2777 2846 2837 habent.
2897 2782 3260 2844 Revertamur
3284 2804 3418 2862 ergo
3442 2789 3511 2847 ad

1914 2866 2164 2924 ordinem
2195 2870 2467 2928 lectionis.

1988 2958 2139 3016 Beati
2166 2978 2343 3018 omnes
2387 2965 2477 3034 qui
2523 2966 2702 3022 timent
2742 2966 3047 3026 Dominum.
3085 2973 3370 3041 Quomodo
3399 2993 3509 3036 non

205 3059 362 3116 ribus
395 3069 588 3128 erant,
639 3059 928 3132 compediti
978 3070 1170 3118 erant:
1201 3076 1398 3116 omnes
1426 3072 1695 3132 martyres
1721 3055 1813 3130 qui
1917 3061 2099 3123 potest
2146 3053 2363 3122 dicere,
2417 3057 2550 3113 Pars
2598 3076 2718 3116 mea
2764 3061 3059 3131 Dominus,
3090 3066 3195 3121 nisi
3222 3071 3310 3138 qui
3343 3070 3509 3127 aliam

207 3154 491 3213 interfecti
511 3162 661 3223 sunt,
687 3156 740 3209 in
774 3155 1086 3215 carceribus
1116 3165 1274 3212 erant
1300 3155 1617 3224 compediti.
1644 3153 1814 3219 Prop-
1840 3150 1887 3215 C
1919 3156 2128 3218 partem
2175 3149 2228 3204 itt
2276 3151 2479 3206 saeculo
2519 3166 2629 3207 non
2664 3153 2864 3221 habet;
2908 3156 2988 3211 sic
3017 3173 3125 3212 non
3150 3158 3305 3216 timet
3335 3162 3510 3220 Deum

208 3256 360 3304 terea
415 3264 561 3304 nunc
605 3247 856 3303 dicitur:
913 3247 1135 3304 Posside
1175 3248 1316 3319 ﬁlios
1363 3247 1808 3316 mortiﬁcatorum.

209 3336 394 3392 Redde
445 3337 625 3392 vicinis
674 3339 866 3392 nostris
895 3338 1190 3410 scptuplum
1217 3339 1271 3391 in
1294 3339 1411 3392 sinu
1433 3353 1632 3392 eorum.
1683 3335 1814 3392 Mihi

209 3429 429 3486 videtur
478 3430 621 3501 quod
673 3446 784 3486 non
828 3439 1021 3486 contra
1056 3431 1182 3486 illos
1208 3440 1396 3503 rogat,
1426 3431 1521 3486 sed
1555 3449 1654 3502 pro
1683 3431 1812 3498 illis,

209 3521 313 3579 hoc
343 3534 429 3580 est
463 3567 478 3591 ,
531 3523 598 3579 da
638 3523 746 3579 illis
775 3524 1057 3580 sabbatum
1091 3535 1240 3579 tuum
1270 3543 1279 3577 :
1332 3523 1599 3579 sabbatum
1629 3534 1814 3580 autem

213 3615 617 3689 interpretatur
667 3619 886 3690 requies.
939 3615 1096 3685 Quod
1144 3616 1276 3673 dicit
1312 3618 1415 3673 hoc
1455 3627 1576 3674 est:
1609 3618 1692 3673 fac
1718 3631 1815 3674 eos

216 3713 572 3782 requiescere
599 3711 652 3766 in
683 3710 890 3766 malitia
920 3724 1019 3766 sua
1043 3751 1060 3778 ,
1105 3720 1202 3766 aut
1222 3719 1377 3767 certe
1401 3709 1580 3777 aliter,
1619 3709 1707 3766 hic
1732 3709 1817 3766 eis

217 3803 404 3872 reddo,
439 3814 497 3862 et
523 3819 630 3860 non
662 3805 746 3861 eis
774 3803 974 3860 reddas
1001 3803 1056 3859 in
1089 3805 1293 3861 luturo.

291 3897 406 3953 Nos
455 3905 632 3953 autem
675 3897 905 3970 populus
943 3908 1065 3954 tuus
1097 3905 1143 3952 et
1172 3914 1287 3953 oves
1318 3911 1528 3966 pascuae
1551 3905 1671 3951 tute.
1714 3893 1819 3952 Ubi

219 4004 346 4047 oves
372 3991 535 4058 dicit,
564 3988 934 4047 innocentiam
967 3991 1254 4069 signiﬁcat.
1295 3989 1438 4046 Oves
1477 4005 1587 4046 non
1617 3989 1820 4045 habent

223 4086 323 4141 nisi
354 4096 661 4158 pastorem.
716 4084 1088 4156 Conﬁtebimur
1117 4085 1208 4140 tibi
1238 4087 1291 4138 in
1321 4083 1593 4141 sarculum.
1643 4081 1822 4155 Conﬁ-

225 4176 460 4245 tebimur,
489 4177 579 4234 vel
596 4177 978 4249 pmnitentiam
1007 4177 1241 4250 agimus,
1264 4177 1351 4233 vel
1372 4189 1522 4233 certe
1543 4176 1686 4247 quod
1712 4192 1823 4232 meo

224 4266 324 4324 lius
351 4279 461 4338 est,
495 4269 890 4340 gloriﬁcamus.
928 4267 993 4323 In
1021 4269 1404 4343 generationem
1439 4277 1486 4323 et
1525 4267 1820 4342 generatio-

226 4376 378 4429 nem,
431 4364 490 4418 in
547 4362 722 4432 primo
769 4361 972 4434 populo
1016 4370 1071 4418 et
1114 4361 1358 4417 secundo
1403 4361 1622 4433 populo.
1668 4360 1823 4417 Licet

226 4455 527 4511 secundum
596 4454 881 4511 historiam
938 4454 1110 4511 aliter
1149 4455 1362 4511 dicatur
1420 4456 1474 4510 in
1524 4452 1817 4509 Ezechiel:

1918 3242 2008 3311 qui
2059 3243 2213 3299 timet
2257 3243 2403 3299 aliud
2447 3245 2653 3316 aliquid
2701 3257 2856 3304 extra
2904 3249 3216 3308 Dominum.
3265 3254 3513 3328 Denique

1919 3333 2036 3404 ipse
2062 3333 2315 3390 Salvator
2335 3335 2465 3391 dicit
2491 3353 2504 3390 :
2537 3335 2716 3393 Nolite
2741 3341 2916 3396 timere
2935 3357 3024 3397 eos
3043 3345 3135 3415 qui
3163 3357 3378 3418 possunt
3399 3365 3514 3404 cor-

1919 3442 2014 3496 pus
2044 3426 2306 3493 occidere;
2353 3428 2443 3481 sed
2473 3445 2591 3484 eum
2611 3431 2782 3487 timete
2804 3433 2893 3505 qui
2923 3443 3088 3503 potest
3115 3453 3302 3510 corpus
3327 3449 3372 3494 et
3395 3441 3516 3494 atti-

1920 3535 2057 3572 mam
2104 3519 2338 3574 occidere
2386 3521 2441 3576 in
2484 3523 2767 3596 gehennam
2818 3525 2998 3595 (Matt.
3033 3543 3089 3596 x,
3118 3528 3234 3600 28).
3303 3529 3516 3590 Videtis

1921 3627 2058 3684 ergo
2104 3613 2251 3685 quod
2295 3614 2444 3670 aliud
2488 3616 2691 3688 aliquid
2752 3628 2910 3675 extra
2960 3620 3133 3678 Deum
3172 3622 3367 3693 timet,
3421 3627 3519 3697 qui

1924 3707 2095 3764 Deum
2127 3723 2234 3765 non
2263 3709 2441 3767 timet.
2489 3710 2592 3779 Qui
2638 3712 2781 3768 timet
2829 3712 3151 3785 Dominum,
3197 3732 3318 3787 qua:
3363 3718 3516 3790 signa

1921 3801 2125 3858 habet?
2149 3804 2237 3873 qui
2282 3805 2510 3859 ambulat
2548 3805 2604 3860 in
2640 3806 2735 3860 viis
2761 3807 2890 3877 ejus.
2938 3807 3121 3862 Multae
3150 3819 3277 3864 sunt
3315 3810 3418 3866 vite
3463 3820 3520 3868 et

1922 3897 2106 3953 multae
2151 3898 2252 3953 via:
2295 3897 2504 3954 ducunt
2547 3897 2617 3954 ad
2647 3913 2807 3954 unam
2835 3899 3001 3954 viam.
3045 3899 3292 3972 Denique
3318 3901 3520 3959 dicitur

1923 3999 1979 4048 et
2008 3991 2064 4046 in
2089 3989 2320 4046 Jeremia
2349 4008 2365 4045 :
2414 3989 2483 4044 Et
2508 3999 2640 4046 state
2662 3992 2715 4046 in
2738 3992 2831 4045 riis
2862 3990 3094 4060 Domini,
3127 4002 3175 4047 et
3205 3993 3523 4068 interrogate

1923 4083 2135 4138 semitas
2157 4083 2271 4154 ejus
2293 4092 2514 4137 internas
2536 4124 2551 4149 ,
2595 4093 2642 4138 et
2669 4083 2939 4138 invenietis
2967 4084 3127 4150 viam,
3159 4093 3208 4140 et
3231 4087 3524 4142 ambulabi-

1925 4177 1992 4232 tis
2020 4176 2074 4231 in
2102 4193 2163 4232 ea
2190 4174 2408 4249 (Jerem.
2440 4191 2515 4240 vt,
2551 4174 2665 4248 16).
2713 4175 2910 4231 Videte
2938 4175 3068 4247 quid
3095 4175 3271 4244 dicat,
3301 4188 3357 4235 et
3383 4190 3524 4237 state

1897 4341 1900 4343 Α
1926 4268 1981 4324 in
2006 4267 2135 4338 viis,
2166 4279 2219 4324 et
2243 4267 2578 4341 interrogate
2607 4265 2724 4323 vias
2755 4266 2972 4323 Domini
3000 4276 3257 4338 mternas,
3289 4280 3341 4326 et
3371 4271 3526 4330 inve-

1925 4362 2089 4418 nietis
2119 4378 2284 4418 unam
2331 4363 2472 4420 viam
2497 4407 2512 4433 ,
2561 4369 2620 4418 et
2665 4361 2940 4417 ambulate
2971 4361 3026 4417 in
3054 4377 3138 4419 ea.
3171 4361 3364 4421 Videte
3389 4383 3526 4438 quo-

1927 4454 2092 4511 modo
2118 4472 2214 4525 per
2241 4457 2430 4526 plures
2460 4455 2574 4510 vias
2603 4455 2856 4511 venimus
2885 4453 2954 4511 ad
2988 4471 3150 4510 unam
3195 4457 3358 4513 viam.
3408 4459 3525 4518 Hoc

227 4553 405 4605 tamen
430 4549 734 4607 secundum
763 4547 1175 4619 intelligentiam
1203 4547 1540 4620 spiritualem
1567 4547 1671 4600 hoc
1691 4544 1821 4601 dici-
1848 4549 1902 4610 D
1928 4546 2135 4602 dicitur
2176 4545 2231 4601 ét
2269 4545 2324 4599 in
2363 4545 2661 4614 Evangelio
2690 4545 2816 4600 aliis
2842 4545 3024 4600 verbis
3053 4546 3156 4602 sub
3180 4547 3281 4602 alia
3312 4548 3526 4620 signiﬁ-

229 4655 368 4710 tuus,
393 4640 653 4716 quoniam
686 4641 806 4698 ista:
837 4641 958 4698 duae
984 4650 1173 4712 gentes
1201 4684 1216 4710 ,
1249 4640 1353 4696 hoc
1371 4648 1484 4708 est,
1509 4638 1631 4695 dua:
1657 4637 1819 4710 virgae.

228 4731 530 4808 junguntur
556 4737 611 4793 in
641 4736 924 4802 Ezechiel,
953 4744 1008 4791 ct
1047 4736 1107 4790 ﬁt
1137 4751 1302 4792 unum
1332 4749 1581 4806 regnum.
1633 4732 1703 4787 In
1729 4749 1820 4803 ge-

233 4833 552 4888 nerationem
609 4841 656 4886 et
701 4830 1085 4903 generationem
1139 4828 1565 4884 annuntiabimus
1613 4825 1824 4882 laudem

236 4927 392 4980 tuam.
445 4925 841 4999 Apostolorum
872 4941 976 4980 vox
1024 4933 1128 4979 est.
1181 4923 1375 4979 Petrus
1406 4924 1460 4978 in
1496 4920 1693 4994 populo
1714 4923 1823 4977 cir-

238 5019 610 5084 cumcisionis;
641 5019 839 5076 Paulus
868 5027 923 5074 et
949 5017 1228 5074 Barnabas
1259 5017 1312 5071 in
1349 5014 1623 5088 gentibus.

721 5109 1040 5168 PSALMUS
1077 5108 1337 5166 CXXVII.

309 5197 456 5258 Beati
485 5221 660 5260 omnes
687 5207 776 5276 qui
805 5203 980 5259 timent
1013 5201 1314 5258 Dominum.
1367 5199 1469 5269 Qui
1503 5200 1696 5255 timent
1717 5199 1826 5256 Do-

245 5295 446 5354 minum
477 5299 624 5371 quod
647 5298 850 5355 habent
881 5299 1190 5370 praemium,
1219 5311 1379 5369 quam
1406 5294 1704 5352 coronam?
1736 5291 1828 5350 Vi-

246 5385 462 5447 deatnus
523 5409 685 5464 quam
732 5393 970 5449 habeant
1020 5391 1281 5459 laudem,
1332 5389 1477 5459 quod
1518 5387 1826 5461 praemium.

248 5475 430 5536 Beatus
458 5501 530 5553 es,
565 5497 611 5541 et
641 5487 767 5541 bene
796 5486 888 5541 tibi
911 5485 1030 5541 erit.
1081 5485 1202 5542 Jam
1235 5483 1346 5540 dixi
1376 5482 1444 5540 de
1472 5479 1831 5550 beatitudine,

251 5581 428 5638 Quaero
475 5577 867 5635 beatitudinem
915 5595 1040 5650 quae
1079 5576 1170 5634 sit.
1224 5576 1328 5646 Qui
1359 5575 1511 5632 timet
1543 5573 1835 5631 Dominum

251 5672 404 5729 quam
436 5667 599 5727 habet
623 5671 1059 5728 beatitudinem?
1090 5669 1236 5728 Uxor
1262 5680 1353 5726 tua
1379 5670 1512 5724 sicut
1538 5669 1654 5723 uitis
1676 5667 1841 5722 abun-

257 5749 384 5813 dans
409 5801 423 5831 ,
451 5761 505 5820 in
543 5765 786 5821 lateribus
811 5767 994 5821 domus
1017 5777 1138 5823 tute.
1193 5763 1322 5822 Filii
1352 5766 1428 5822 tui
1450 5765 1586 5823 sicut
1615 5761 1836 5821 novella:

534 5857 810 5923 Ρηιιοι..
856 5857 1094 5923 XXVI.

1929 4637 2149 4694 catione
2179 4635 2457 4703 parabolae
2486 4635 2554 4690 de
2582 4634 2677 4689 illo
2703 4635 3043 4706 negotiatore
3071 4637 3160 4707 qui
3190 4637 3381 4694 habuit
3407 4642 3528 4710 plu.

1931 4745 2022 4787 res
2049 4728 2396 4800 margaritas,
2427 4726 2518 4798 qui
2547 4725 2792 4781 vendidit
2819 4740 2934 4790 eas,
2963 4735 3019 4782 et
3044 4727 3178 4782 emit
3208 4744 3369 4784 unam
3397 4747 3520 4800 pre-

1933 4822 2286 4880 tiosissimam
2311 4818 2680 4891 margaritam.
2695 4817 2848 4886 Quod
2869 4817 3115 4875 dicithoc
3138 4830 3239 4890 est,
3258 4821 3525 4884 llabetotc

1935 4915 2199 4987 plurimas
2231 4912 2587 4985 margaritas,
2619 4920 2674 4966 et
2703 4919 2844 4966 state
2870 4909 2924 4965 itt
2955 4910 3078 4967 viis.
3130 4909 3244 4969 Hoc
3270 4923 3356 4970 est
3383 4926 3528 4976 state

1938 5010 1991 5066 in
2024 5009 2144 5080 viis,
2170 5017 2226 5064 et
2256 5008 2591 5078 interrogate
2616 5006 2840 5060 semitas
2868 5004 3086 5060 Domini
3114 5013 3367 5064 aeternas.
3400 5009 3532 5069 Pul-

1938 5103 2069 5161 chre
2118 5111 2392 5167 aeternas,
2445 5115 2514 5156 ne
2557 5107 2868 5169 putaremus
2897 5096 3135 5155 adventu
3165 5101 3394 5172 Christi,
3430 5105 3534 5166 Le-

1939 5211 2062 5269 gem
2100 5205 2154 5253 et
2199 5195 2488 5267 prophetas
2515 5209 2638 5251 esse
2660 5193 2863 5250 ﬁnitos.
2908 5193 3017 5250 Sed
3047 5193 3176 5253 vide
3207 5197 3334 5268 quid
3362 5198 3530 5259 dicat.

1939 5290 2093 5349 State
2122 5291 2176 5347 in
2215 5290 2317 5346 viis
2339 5331 2354 5358 ,
2385 5289 2439 5346 in
2469 5288 2615 5362 Lege
2643 5299 2699 5346 et
2723 5287 3038 5359 pr0pbetis,
3069 5298 3126 5346 et
3155 5298 3296 5346 state
3326 5292 3380 5348 in
3405 5294 3531 5350 viis.

1940 5386 2121 5444 Nolite
2169 5384 2250 5442 sic
2288 5383 2515 5442 credere
2556 5383 2610 5439 in
2658 5381 2742 5439 via
2797 5395 2943 5449 una,
3007 5389 3067 5436 ut
3111 5380 3397 5441 dimittatis
3422 5386 3540 5444 vias

1945 5478 2244 5551 plurimas;
2280 5474 2378 5532 sed
2408 5483 2548 5531 state
2576 5473 2632 5530 in
2662 5473 2794 5542 viis,
2826 5473 3159 5545 interrogate
3180 5474 3406 5533 semitas
3435 5477 3543 5535 Do-

1947 5572 2080 5628 mini
2127 5583 2378 5628 mternas.
2412 5569 2753 5642 lnterrogate
2773 5568 2995 5626 semitas
3030 5569 3275 5638 Domini,
3304 5573 3433 5644 quid
3463 5574 3546 5632 di-

1888 5731 1890 5734 ,
1947 5667 2090 5724 xerit
2133 5665 2400 5722 Jeremias
2427 5706 2442 5732 ,
2484 5663 2669 5734 Isaias,
2715 5663 2994 5733 Ezechiel,
3040 5663 3169 5736 quid
3191 5666 3382 5722 caeteri
3415 5682 3546 5738 pro-

1951 5761 2501 5835 phetaanterrogate
2531 5758 2752 5819 semitas
2779 5779 2792 5817 :
2824 5759 3018 5815 melius
3039 5758 3238 5818 dicitur
3267 5760 3323 5818 iu
3363 5760 3557 5822 Graeco

2832 5852 2901 5916 Μ
