3982 6318
469 222 601 281 1291

1262 216 1610 285 ΑΡΡΕΝΒΙΚ
1646 215 1739 277 ΑΒ
1772 216 2018 283 TOMUM
2053 216 2402 279 SEPTIMUM
2441 219 2499 277 8.
2542 219 2949 282 ΗΙΕΒΟΝΥΜΙ.

3621 222 3803 280 £293

467 339 722 416 τρίϐουςε
769 338 961 393 semita
993 337 1137 393 enim
1166 335 1369 397 dicitur
1397 337 1466 393 ab
1496 352 1565 393 eo
1589 336 1730 408 quod
1756 336 1909 396 calce
1932 351 2058 407 gra-
2082 337 2133 399 Λ
2161 335 2366 405 dicere,
2405 335 2523 393 Non
2562 336 2736 394 habeo
2774 336 3082 395 necessario
3126 337 3467 405 Scripturam
3518 350 3790 404 sacram,

467 430 732 486 dientium
762 429 886 485 trita
909 438 1011 485 est.
1047 429 1113 484 Et
1137 428 1281 500 quod
1310 429 1513 487 dicitur
1543 430 1646 491 hoc
1675 436 1793 497 est,
1825 430 2055 485 interro-

464 533 587 594 gate
615 522 857 587 semitas,
888 522 993 578 hoc
1021 532 1105 580 est
1130 523 1366 601 τρίϐους,
1396 523 1522 594 quia
1550 523 1759 581 scilicet
1782 523 1931 581 trivit
1960 536 2057 592 pes

464 617 697 677 Domini.
736 617 791 679 Si
812 602 1031 693 quidem
1053 627 1107 673 et
1126 616 1386 675 Dominus
1404 616 1768 679 ambulavitin
1785 616 1887 673 eis.
1919 615 2054 671 Cum

464 718 646 773 autem
672 708 1097 782 interrogaveris
1111 708 1337 771 semitas
1362 708 1572 771 Domini
1597 717 1853 776 internas,
1875 716 1934 767 et
1959 721 2057 776 per

459 802 587 863 illas
616 802 840 865 semitas
872 802 1161 860 invenietis
1188 816 1351 865 unam
1390 802 1531 859 viam
1558 818 1682 873 quae
1709 800 1843 859 dicit
1870 817 1883 855 :
1939 798 2054 869 Ego

460 912 575 950 sum
602 896 718 969 eia,
758 895 945 953 veritas
967 906 1017 951 et
1041 897 1175 963 vita,
1209 893 1486 959 ambulate
1518 894 1571 953 in
1600 909 1685 951 ea.
1721 892 1909 955 Videte
1938 906 2056 962 my-

462 986 628 1043 steria
678 984 1085 1059 Scripturarum
1113 1028 1129 1053 ,
1174 986 1356 1043 videte
1406 986 1462 1041 in
1499 985 1682 1051 verbis
1718 982 2056 1055 simplicibus

458 1077 865 1151 Scripturarum
889 1080 1122 1153 plurima
1141 1086 1505 1145 sacramenta,
1530 1079 1583 1135 in
1606 1078 1729 1141 viis.
1747 1077 1801 1137 in
1821 1073 2053 1140 semitis,

459 1172 513 1227 in
558 1171 702 1244 Lege
754 1179 811 1227 et
853 1172 1154 1244 prophetis.
1210 1170 1328 1229 Non
1378 1169 1558 1237 dixit,
1608 1168 1923 1237 Atnbulate,
1958 1166 2052 1222 sed

457 1274 620 1321 state.
687 1265 839 1323 State
864 1306 878 1332 ,
920 1281 990 1325 ne
1033 1264 1323 1323 dimittatis
1350 1263 1573 1334 Legem,
1604 1275 1706 1317 nec
1732 1260 2051 1332 pr0phetas.

458 1356 664 1415 Tamen
692 1371 814 1413 cum
848 1356 1172 1417 inveneritis
1198 1356 1318 1419 illas
1340 1355 1485 1427 vias,
1526 1369 1623 1423 per
1651 1351 1786 1415 istas
1823 1352 1960 1420 vias,
1995 1351 2051 1408 in

457 1450 560 1513 ista
587 1467 692 1513 una
723 1450 806 1509 via
838 1450 1130 1511 ambulate.

526 1542 751 1607 Laborcs
779 1558 1024 1601 manuum
1066 1548 1278 1597 tuarum
1334 1539 1685 1599 manducabis.
1747 1538 1899 1599 Multi
1944 1553 2052 1601 non

456 1635 822 1711 intelligentes
872 1633 1211 1705 interpretati
1261 1641 1388 1689 sunt
1441 1631 1600 1693 aliter
1639 1631 2049 1691 istumlocum:

2158 427 2359 487 sufﬁcit
2379 428 2509 486 mihi
2540 436 2748 487 tantum
2773 431 2966 486 timere
3011 430 3203 485 Deum.
3236 428 3307 485 Et
3334 427 3442 485 hoc
3472 440 3792 500 propterea

2157 519 2416 588 diximus,
2449 521 2720 591 quomodo
2744 521 2852 579 cibi
2877 531 3003 578 sunt
3022 522 3287 594 corporis,
3345 523 3428 578 sie
3468 523 3580 579 cibi
3636 532 3797 579 sunt

2158 623 2214 673 et
2239 612 2436 670 animus
2462 622 2662 673 nostra
2686 614 2990 684 Scriptura:
3011 624 3235 671 sanetie.

2233 705 2383 767 Uxor
2418 718 2510 765 tua
2548 709 2677 764 sicut
2710 708 2828 764 vitis
2869 707 3145 763 abundans
3185 708 3241 762 in
3282 707 3538 763 latoribus
3575 707 3786 763 domus

2157 808 2280 856 tua.
2332 798 2476 863 Dicit
2512 799 2769 857 Salomon
2800 801 2926 871 quia
2948 798 3182 856 voluerit
3208 797 3530 868 sapientiam
3559 799 3784 856 ducere

2156 891 2367 948 scilicet
2385 906 2641 963 sponsam
2670 891 2829 965 (Sap.
2863 908 2977 957 vni,
3007 894 3090 962 ‘2).
3114 892 3254 949 Dicit
3275 902 3334 948 et
3364 891 3421 946 in
3473 892 3584 948 alio
3638 892 3783 947 loco

2156 983 2226 1044 de
2266 984 2588 1055 Sapientia:
2650 986 2781 1040 Ama
2817 968 2988 1051 illim,
3021 995 3073 1041 et
3115 984 3591 1056 amplexabitur“.
3648 982 3783 1038 Cir-

2155 1077 2342 1139 catasta
2363 1077 2510 1137 illam
2529 1086 2579 1133 es
2604 1077 2823 1135 servabit
2845 1087 2894 1132 te
2912 1074 3107 1145 (Prov.
3139 1093 3214 1143 tv,
3240 1075 3316 1148 6).
3344 1076 3612 1135 Ducamus
3632 1089 3778 1145 ergo

2156 1182 2210 1231 et
2229 1185 2325 1227 nos
2344 1169 2483 1227 hanc
2508 1185 2759 1235 uxorem,
2776 1179 2836 1227 et
2855 1168 3156 1225 habeamus
3176 1168 3323 1224 illam
3345 1169 3399 1224 in
3422 1168 3777 1239 amplexibus

2155 1262 2374 1321 matris.
2401 1262 2699 1333 Numquam
2726 1276 2847 1317 eam
2873 1261 3208 1321 dimittamus
3254 1261 3325 1318 de
3372 1260 3494 1316 sinu
3547 1268 3767 1315 nostro.

2152 1356 2461 1429 Numquam
2484 1356 2649 1429 fugiat
2670 1355 2740 1412 de
2769 1358 3020 1413 manibus
3036 1357 3261 1412 nostris.
3314 1354 3373 1410 Si
3401 1368 3618 1424 semper
3633 1352 3764 1408 fue-

2155 1452 2225 1507 rit
2251 1451 2305 1508 iu
2332 1452 2583 1521 amplexu
2614 1462 2801 1506 nostro
2831 1450 2936 1506 ista
2970 1465 3129 1517 uxor,
3159 1448 3421 1505 iaciemus
3462 1462 3535 1504 ea
3587 1462 3650 1503 ea
3694 1448 3769 1500 ti-

2154 1543 2289 1611 lios;
2338 1558 2449 1599 non
2500 1543 2662 1606 tilias,
2716 1542 2813 1598 sed
2858 1542 3022 1597 illius.
3074 1539 3321 1611 Denique
3341 1550 3396 1597 et
3423 1538 3513 1594 hic
3539 1538 3764 1601 dicitur,

2156 1635 2256 1705 filii
2285 1637 2361 1691 lui
2392 1638 2524 1691 sicut
2552 1633 2770 1692 novella
2795 1635 3069 1701 olivarum,
3104 1634 3162 1688 in
3181 1634 3405 1689 circuitu
3427 1649 3616 1688 mertare
3638 1642 3763 1686 law.

454 1727 679 1783 Labores
704 1724 1565 1797 [rucluumluorumiiimtducabis.
1592 1724 1832 1796 Denique
1859 1722 2051 1783 Latina
2087 1726 2129 1787 Β
2160 1726 2427 1798 Numquid
2458 1744 2566 1784 non
2590 1738 2801 1798 poterat
2836 1726 3044 1794 dicere,
3070 1727 3200 1797 ﬁlia
3224 1731 3365 1782 tua?
3412 1734 3504 1781 aut
3536 1742 3642 1780 non
3674 1741 3767 1795 po—

455 1818 787 1895 excmplaria
820 1819 890 1873 ita
918 1816 1144 1889 habent,
1173 1816 1376 1879 labores
1399 1820 1884 1893 fructuumtuorum
1905 1834 2052 1873 manv

453 1909 688 1967 ducabis.
732 1910 839 1968 Sed
872 1928 970 1967 nos
994 1912 1223 1985 legimus
1261 1912 1314 1969 in
1363 1911 1594 1969 Hebraeo
1648 1913 1721 1968 ita
1762 1913 2049 1982 scriptum,

450 2008 651 2062 labores
682 2023 929 2063 mnuum
951 2017 1159 2067 tuarum
1183 2006 1535 2069 litanducabis.
1570 2004 1705 2074 Quis
1724 2006 1872 2069 enim
1901 2006 2052 2069 labo-

451 2117 541 2163 res
584 2102 855 2167 frucmum
897 2100 1225 2161 manducat?
1276 2097 1477 2171 Utique
1531 2099 1842 2159 econtrario
1892 2098 2055 2155 debet

453 2194 736 2266 intelligi,
807 2194 931 2265 quia
981 2193 1176 2264 aliquis
1234 2191 1470 2249 fructum
1530 2190 1776 2251 laborum
1831 2203 2052 2249 suorum

450 2286 767 2353 manducat,
796 2302 903 2343 non
927 2286 1142 2342 labores
1175 2286 1469 2341 fructuum.
1513 2282 1649 2353 Quia
1673 2283 1836 2354 igitur
1861 2283 1915 2343 in
1941 2281 2051 2345 lle-

452 2377 600 2433 bram
631 2379 699 2430 ita
728 2376 996 2446 scriptum
1017 2384 1122 2443 est,
1161 2374 1363 2435 labores
1390 2389 1640 2429 manuum
1665 2383 1876 2429 tuarum
1905 2390 2054 2431 mau-

452 2470 686 2535 ducabis.
721 2470 834 2542 Ego
867 2478 892 2506 λ
941 2478 1072 2540 puto
1114 2467 1370 2540 quoniam
1397 2476 1452 2525 et
1478 2467 1668 2529 Gre-ce
1704 2466 2052 2537 Septuaginta

451 2566 783 2637 lutei-pretes
815 2564 867 2619 in
894 2563 1002 2621 isto
1025 2562 1145 2621 loco
1173 2563 1312 2623 bene
1331 2560 1672 2630 Interpretati
1695 2573 1818 2619 sunt
1836 2577 1852 2629 ;
1872 2577 2054 2621 manus

450 2659 595 2714 enim
625 2658 803 2727 lingua
829 2655 1054 2719 Hebraea
1085 2670 1180 2713 uo
1208 2654 1400 2713 dicitur
1433 2670 1448 2719 ;
1478 2654 1529 2713 in
1561 2653 1669 2713 isto
1694 2664 1874 2715 autem
1907 2656 2048 2722 loco,

455 2765 563 2805 non
587 2748 788 2804 habent
815 2763 930 2814 ιιι),
959 2746 1054 2802 sed
1084 2761 1340 2815 castra;
1394 2743 1611 2814 Cltaapli
1656 2753 1837 2809 autem
1885 2747 2050 2803 inter-

458 2847 703 2911 pretatur
724 2840 943 2914 καρπὸς.
978 2852 1084 2892 non
1117 2837 1335 2913 καρπὸς,
1370 2835 1464 2891 sed
1484 2850 1611 2904 pars
1632 2836 1814 2906 aliqua
1826 2850 2050 2903 manus;

457 2930 724 3007 siquidem
765 2929 961 3013 καρπὸς
995 2927 1195 2982 dicitur
1225 2927 1417 2989 Griece
1438 2942 1624 2989 APBPA.
1658 2926 1773 2983 lloc
1795 2928 1955 2983 modo
1980 2928 2054 2989 de

452 3022 899 3095 interpretatione
920 3020 1173 3075 diximus.
1191 3016 1414 3077 Labores
1428 3034 1671 3075 manuum
1685 3028 1892 3073 tuarum
1905 3036 2052 3075 nian-

2161 1832 2302 1881 terat
2330 1822 2519 1876 dicere
2545 1821 2612 1878 τὰ
2637 1822 2783 1878 τέκνα
2806 1842 2931 1886 σου,
2972 1827 3031 1874 ut
3052 1820 3266 1888 possint
3293 1818 3525 1889 intelligi
3550 1829 3606 1874 et
3633 1818 3767 1885 viri,

2158 1922 2214 1969 et
2236 1911 2488 1971 feminas?
2516 1911 2625 1970 Sed
2652 1913 2776 1970 vide
2800 1912 2930 1984 quid
2953 1912 3120 1979 dicat,
3148 1909 3248 1982 ﬁlii
3268 1913 3363 1965 tui.
3409 1910 3519 1979 Qui
3548 1910 3767 1980 sapien-

2156 2006 2284 2061 tiam
2315 2020 2537 2063 uxorem
2569 2004 2731 2063 habet
2758 2020 2866 2063 non
2904 2003 3034 2060 facit
3064 2003 3134 2061 de
3155 2018 3221 2059 ea
3254 2001 3415 2071 tilias,
3454 2003 3553 2058 sed
3598 2001 3766 2057 ﬁlios.

2154 2096 2301 2155 Nihil
2331 2099 2520 2165 molle.
2545 2097 2678 2155 nihil
2707 2099 3022 2165 delicatum,
3043 2096 3177 2153 nihil
3215 2106 3488 2162 tenerum,
3518 2096 3655 2152 nihil
3682 2098 3770 2152 ei-

2155 2190 2469 2247 l’eminatnm
2522 2192 2688 2249 habet
2734 2193 2787 2247 in
2829 2202 3008 2248 mente
3059 2206 3179 2248 sua.
3235 2191 3400 2249 Putas
3418 2192 3565 2263 quod
3590 2193 3766 2248 sancti

2154 2285 2259 2345 alia
2289 2300 2453 2347 causa
2477 2285 2791 2345 scribuntur
2816 2301 2923 2342 non
2944 2283 3203 2342 habuisse
3224 2284 3385 2352 ﬁlias,
3442 2287 3540 2342 sed
3572 2285 3708 2341 ﬁlios
3740 2285 3767 2339 2

2157 2379 2423 2450 Legamus
2450 2378 2733 2447 Genssim,
2762 2380 2835 2435 ibi
2860 2379 3007 2435 enim
3038 2379 3455 2446 generationum
3484 2378 3621 2434 ordo
3640 2393 3760 2434 ser-

2156 2486 2337 2530 vatur.
2375 2472 2609 2531 Sanctus
2649 2473 2920 2529 Abraham
2964 2472 3154 2529 habuit
3202 2485 3436 2527 uxorem
3490 2470 3706 2527 Sari-am
3739 2485 3761 2535 ;

2156 2564 2344 2623 habuit
2375 2566 2517 2635 Agar
2544 2564 2903 2625 concubinam
2934 2580 2949 2631 ;
3003 2562 3195 2621 habuit
3224 2572 3414 2634 postea
3444 2562 3759 2619 Bethania.

2159 2660 2233 2715 De
2254 2659 2466 2721 duabus
2502 2657 2759 2721 lusoribus
2811 2656 2952 2717 illius
3002 2665 3174 2717 creat.
3218 2655 3388 2713 Filias
3446 2670 3558 2711 non
3608 2654 3760 2708 iacit.

2155 2753 2450 2815 Veniamus
2479 2752 2546 2813 ad
2576 2752 2744 2813 Isaac.
2776 2751 2844 2807 Et
2875 2751 3026 2815 [suae
3049 2749 3189 2809 duos
3238 2748 3382 2809 filios
3421 2747 3574 2813 iacit,
3625 2746 3766 2801 tilias

2157 2862 2264 2903 non
2297 2846 2478 2905 habet.
2513 2846 2746 2903 Sanctus
2764 2844 2911 2899 enim
2957 2852 3077 2902 erat
3110 2854 3168 2900 et
3197 2841 3329 2898 nihil
3361 2840 3596 2897 habebat
3626 2840 3678 2895 in
3701 2855 3769 2895 se

2155 2939 2342 3004 molle,
2372 2947 2428 2993 et
2476 2948 2718 2997 tenerum
2754 2978 2772 3004 ,
2824 2947 2882 2999 et
2928 2934 3317 2997 eheminatum,
3350 2934 3447 2991 sed
3487 2943 3657 2990 totum
3682 2934 3764 2986 vi-

2158 3035 2260 3097 rile
2287 3044 2341 3090 et
2371 3033 2625 3111 rigidum.
2658 3032 2860 3093 Beatus
2898 3029 3068 3089 Jecob
3105 3028 3395 3091 duodecim
3427 3025 3764 3099 patriarchas

453 3110 1240 3187 ducabis.Unusquisquequod
1271 3111 1622 3168 seminaverit
1650 3110 1751 3166 hoc
1781 3119 1836 3165 et
1860 3120 2044 3167 metet.

2155 3127 2317 3187 habet
2338 3110 2499 3183 ﬁlios.
2545 3126 2612 3181 Ει
2636 3141 2798 3190 uuam
2828 3123 3001 3183 lilium
3048 3123 3212 3181 habet
3263 3120 3483 3179 nomine
3538 3116 3758 3183 Distant,

456 3209 595 3265 Ecce
623 3207 813 3276 homo,
846 3214 902 3263 et
927 3220 1096 3279 opera
1125 3205 1267 3276 ejus.
1302 3204 1447 3276 Ergo
1471 3213 1526 3259 et
1565 3218 1666 3261 nos
1690 3203 1908 3265 labores
1938 3220 2050 3258 m-

452 3316 619 3357 nuum
651 3309 960 3356 nostrarum
989 3296 1459 3353 manducabimus.
1487 3294 1547 3359 lu
1576 3294 1847 3362 manibus,
1882 3309 2048 3373 opera

448 3393 849 3466 intelliguntur.
873 3388 1103 3447 Labores
1152 3405 1402 3445 manuum
1444 3399 1651 3442 tuarum
1695 3387 2047 3443 manducabis.

451 3485 609 3551 Dicat
641 3484 862 3555 aliquis,
895 3498 1025 3553 ergo
1050 3482 1644 3552 postresurrectionem
1674 3480 2050 3543 manducaturi

450 3591 660 3633 sumus.
681 3578 797 3631 lloc
824 3576 969 3631 enim
996 3575 1197 3639 dicitur
1222 3573 1291 3629 de
1318 3574 1478 3635 beato
1499 3572 1618 3630 viro
1643 3592 1653 3627 :
1678 3572 1904 3631 Labores
1936 3592 2048 3629 ma-

450 3688 610 3727 nuum
639 3681 846 3724 tuarum
877 3665 1238 3725 manducabis.
1284 3665 1400 3739 Ego
1431 3665 1532 3725 hoc
1559 3666 1683 3720 dico
1708 3667 1809 3723 sim
1819 3666 2048 3736 pliciter.

452 3763 720 3833 Quoniam
746 3763 909 3817 homo
937 3777 1004 3816 ex
1037 3758 1245 3816 duabus
1274 3757 1593 3825 substantiis
1613 3768 1928 3827 compactos
1943 3766 2048 3823 est,

454 3857 559 3913 hoc
581 3866 688 3924 est,
722 3855 791 3911 de
816 3854 996 3913 anima
1024 3863 1077 3908 et
1097 3867 1327 3929 corpore
1358 3870 1370 3904 :
1404 3851 1585 3909 anima
1607 3850 2049 3920 immortalisest,

374 3984 377 3989 ν
453 3965 654 4021 corpus
683 3959 862 4004 autem
892 3946 1138 4003 mortale.
1173 3944 1326 4015 Quod
1356 3943 1581 4005 mortale
1611 3954 1716 4012 est,
1752 3952 1806 4001 ut
1838 3954 1890 3998 et
1914 3961 2053 4000 mor-

453 4043 591 4101 tales
620 4041 776 4105 cibos
805 4042 1020 4095 habeat.
1048 4038 1202 4107 Quod
1235 4047 1416 4093 autem
1461 4035 1762 4091 immortale
1791 4045 1894 4102 est,
1951 4036 2052 4095 hoc

451 4147 557 4209 est,
584 4136 765 4193 anima
796 4149 916 4207 qua!
944 4132 1273 4193 immortalis
1303 4141 1408 4201 est,
1461 4139 1515 4184 et
1540 4129 1870 4185 immortales
1901 4128 2053 4185 cibos

452 4231 641 4289 habet.
673 4228 849 4286 Vultis
879 4227 1020 4283 scire
1068 4227 1325 4297 quoniam
1371 4231 1426 4285 et
1475 4221 1654 4278 anima
1702 4221 1862 4277 habet
1901 4221 2052 4280 cibos

452 4322 618 4378 suos?
672 4320 813 4374 Dicit
862 4318 1125 4372 Dominus
1172 4329 1335 4384 atque
1367 4313 1615 4367 Salvator
1636 4328 1762 4366 cum
1793 4314 2048 4367 csuriret.

451 4412 590 4481 Quid
611 4408 776 4465 dicit?
799 4406 949 4462 Meus
974 4406 1111 4467 ribus
1126 4415 1219 4471 est,
1253 4414 1305 4457 nt
1328 4404 1518 4473 faciam
1576 4402 1891 4459 voluntatem
1937 4408 2051 4480 ejus

2150 3219 2294 3288 quod
2324 3218 2737 3295 interpretatur,
2780 3231 2944 3277 causa
2971 3215 3299 3287 iurgiorum,
3346 3214 3540 3275 rixam.
3598 3211 3761 3267 Deni—

2153 3324 2260 3379 qus
2291 3325 2450 3371 unum
2482 3309 2670 3369 habuit
2691 3308 2855 3365 ﬁliam
2883 3316 2942 3367 et
2980 3306 3272 3373 duodecim
3310 3304 3475 3363 ﬁlius.
3500 3303 3568 3360 Et
3598 3318 3763 3373 prop-

2158 3412 2239 3457 ter
2261 3416 2420 3457 unatn
2461 3400 2624 3456 ﬁliam
2683 3409 2833 3455 tanta
2865 3399 2915 3453 in
2968 3398 3182 3453 Sichetn
3238 3395 3380 3453 bella
3435 3403 3757 3451 nascuntur.

2150 3494 2319 3555 Jacob
2343 3510 2633 3565 numquam
2663 3493 2898 3560 dixerat,
2927 3492 3136 3560 Timeo,
3166 3492 3361 3563 fecistis
3374 3506 3455 3545 ms
3492 3490 3755 3549 odibilent.

2152 3586 2414 3659 Loquitur
2451 3588 2515 3642 ad
2537 3586 2672 3645 Levi
2711 3596 2767 3643 et
2794 3586 3041 3652 Simeou.
3092 3584 3215 3647 Levi
3242 3593 3291 3645 et
3319 3583 3609 3643 Simeonin
3633 3599 3760 3637 coni

2150 3680 2274 3735 cilia
2318 3695 2497 3737 eorum
2550 3694 2653 3733 non
2706 3678 2874 3737 veniat
2919 3679 3094 3734 animo
3147 3693 3259 3737 mea
3307 3675 3464 3748 (Gen.
3491 3691 3642 3740 tux.
3668 3675 3748 3746 6).

2151 3769 2365 3837 Quare?
2395 3769 2526 3837 Quin
2557 3769 2682 3834 viri,
2713 3782 2932 3827 Causam
2976 3768 3265 3833 voluerunt
3301 3782 3464 3838 agere
3490 3765 3753 3825 mulieris.

2155 3863 2272 3921 lloc
2301 3870 2471 3918 totum
2494 3876 2664 3933 quare
2691 3858 2827 3931 dixi,
2877 3862 3132 3932 quoniam
3165 3862 3337 3926 sancti
3370 3860 3509 3923 ﬁliai
3530 3877 3638 3921 nou
3664 3859 3754 3914 ba-

2151 3953 2302 4021 bent,
2332 3954 2427 4010 sed
2452 3953 2594 4017 ﬁlios
2621 3961 2827 4008 tantum
2857 3951 3080 4009 habent.
3132 3952 3267 4015 [lem
3311 3952 3468 4015 vobis
3500 3951 3627 4015 ilico
3653 3969 3749 4009 no-

2151 4062 2298 4115 vam,
2328 4061 2527 4103 novam
2552 4044 2942 4107 nescientibus.
2988 4044 3258 4111 Catterum
3303 4045 3398 4115 qui
3446 4045 3755 4118 Scripturas

2151 4140 2359 4215 legunt,
2410 4149 2465 4199 et
2517 4139 2803 4210 diligenter
2852 4139 3056 4209 legunt,
3119 4156 3227 4199 non
3284 4155 3522 4208 novam;
3570 4141 3667 4197 sed
3697 4157 3757 4199 ea

2151 4246 2272 4302 qua:
2296 4230 2496 4291 sciunt.
2522 4230 2694 4297 Jacob
2714 4230 3001 4295 duodecim
3024 4229 3215 4291 habuit
3235 4231 3378 4297 ﬁlios
3400 4232 3759 4315 patriarchas,

2153 4324 2366 4393 Ruben,
2394 4324 2641 4393 Sitncoo,
2674 4321 2834 4392 Juda,
2864 4323 3014 4393 Levi,
3048 4324 3315 4393 Isaachar,
3330 4324 3472 4383 Aser
3512 4337 3568 4383 et
3594 4337 3756 4383 caue.

2153 4430 2438 4491 rosasque
2465 4417 2532 4471 ad
2563 4417 2965 4479 duodecimum.
3016 4418 3202 4488 Legite
3256 4419 3310 4483 in
3362 4419 3757 4488 Generatione,

451 4505 543 4578 qui
574 4503 712 4559 misit
732 4518 810 4558 me
841 4497 1021 4572 (Joan.
1048 4514 1120 4565 tv,
1153 4495 1266 4569 '54).
1314 4495 1491 4552 Vultis
1536 4495 1677 4553 scire
1720 4513 1855 4568 (pios
1898 4497 2049 4554 cibos
2076 4493 2211 4563 Det
2239 4525 2531 4577 numquam
2554 4510 2835 4573 invenietis
2883 4508 2952 4564 dc
2982 4513 3148 4573 tantis
3193 4510 3485 4569 duodecim
3532 4513 3763 4581 patriar-

454 4599 617 4654 habet
644 4595 861 4652 anima?
902 4589 1215 4647 Dicitnobis
1262 4601 1315 4645 et
1370 4593 1631 4663 pmpheta
1673 4607 1686 4643 :
1737 4588 1954 4644 Guslale
2005 4599 2053 4645 et

448 4692 612 4748 videte
639 4690 881 4759 quoniam
908 4687 1081 4742 suavis
1127 4695 1197 4740 εει
1224 4684 1477 4740 Dominus
1518 4683 1693 4756 (Psal.
1729 4701 1916 4753 sunt,
1967 4685 2044 4757 9).

447 4783 730 4857 Quomodo
749 4784 893 4839 enim
922 4795 1139 4850 corpus,
1160 4777 1264 4835 nisi
1293 4778 1564 4848 acceperit
1585 4778 1734 4835 cibos
1756 4794 1904 4846 suos,
1933 4794 2047 4834 mo-

449 4880 587 4936 ritur
617 4897 632 4933 :
663 4879 741 4933 sic
767 4886 821 4932 et
857 4876 1034 4930 anima
1063 4872 1171 4929 nisi
1196 4876 1468 4940 acceperit
1511 4873 1664 4929 cibos
1712 4872 2042 4945 spirituales,

446 4978 697 5043 moritur.
731 4974 845 5028 Hoc
877 4982 1045 5027 totum
1080 4986 1246 5047 quare
1291 4968 1437 5038 dico,
1488 4971 1613 5041 quia
1652 4971 1832 5029 solent
1877 4971 2043 5045 aliqui

511 5163 538 5196 ι
569 5156 742 5212 Locus
771 5156 824 5211 in
856 5169 988 5217 mss.
1022 5151 1422 5227 exemplaribus
1446 5151 1832 5227 d_epravatn_s_a
1873 5153 2043 5227 libra-

440 5230 540 5285 riis
561 5237 783 5299 propter
811 5223 1204 5299 ignorationem
1228 5224 1423 5295 lingua:
1455 5223 1681 5299 Grecae.
1739 5223 1936 5299 Nescio
1970 5241 2035 5280 an

436 5295 646 5372 prinius
665 5295 857 5373 auctor
884 5298 1201 5373 scripserat,
1231 5311 1351 5373 nam
1377 5297 1572 5373 καρςκὸς
1606 5305 1682 5373 est
1713 5311 1835 5373 pars
1856 5295 2036 5373 aliqua

437 5366 631 5443 manus,
652 5386 669 5424 .'
994 5368 1186 5443 καρπὸς
1217 5366 1415 5443 dicitur.
1438 5366 1615 5443 Graece
1768 5370 1907 5443 πάσι.
1931 5366 2030 5443 Hs,

439 5437 809 5509 Corbeiensis,
832 5440 1004 5495 erasis
1035 5437 1240 5508 aliquot
1271 5438 1471 5513 verbis,
1514 5439 1585 5499 ita
1630 5438 1828 5513 legitgh
1854 5437 2033 5513 Cariph

438 5525 606 5568 autem
666 5507 1031 5582 interpretatur
1096 5507 1216 5579 pars
1278 5507 1451 5582 aliq_ua
1503 5507 1708 5582 uiduus:
1769 5507 2035 5580 Siquidem

438 5584 629 5657 aperit:
662 5577 856 5657 dicitur
880 5580 1068 5657 (ἑταίρᾳ
1097 5577 1311 5657 auom.
1360 5579 1543 5657 Forte"
1559 5577 1813 5657 ﬁpoupu,._
1838 5577 2020 5635 arvum

435 5645 577 5732 ager.
598 5652 708 5717 Sed
728 5653 1140 5732 convenientiae
1171 5645 1713 5732 ιεερςειιιιιδηᾷρσρονζ
1764 5652 1815 5709 ω
1844 5663 1929 5713 est
1951 5645 2046 5731 ari

436 5718 651 5792 ticulus,
686 5736 901 5787 manus.
931 5720 1113 5781 llam.
1136 5747 1207 5761 —
1228 5718 1428 5778 'Verus
1463 5718 1825 5795 lliert'inymus
1873 5723 2040 5800 epist.

2154 4600 2270 4655 chis
2304 4600 2469 4661 ullum
2492 4600 2685 4656 fecisse
2728 4598 2914 4668 tiliam,
2935 4599 3032 4657 sed
3065 4608 3208 4659 totos
3239 4599 3398 4657 ﬁlios.
3442 4602 3574 4659 Dico
3606 4604 3761 4658 Vllbis

2154 4708 2320 4755 unum
2346 4707 2413 4749 ue
2442 4691 2668 4748 forsitan
2714 4690 3131 4747 obliviscamini.
3180 4690 3319 4747 Aser
3360 4692 3528 4749 tiliam
3575 4692 3762 4757 habuit

2153 4786 2365 4851 Sanun.
2387 4785 2557 4843 Jacob
2586 4785 2774 4845 habuit
2803 4785 3087 4842 duodecim
3121 4786 3261 4842 lilios
3286 4793 3342 4843 et
3369 4802 3533 4841 unam
3567 4788 3757 4848 filiam.

2152 4878 2241 4935 Sic
2280 4879 2421 4935 inter
2458 4877 2747 4933 duodecim
2809 4877 3145 4949 patriarchas
3176 4922 3190 4949 ,
3251 4893 3389 4934 unus
3447 4879 3760 4950 patriaiclia

2152 4988 2316 5028 unam
2348 4982 2555 5029 tantum
2583 4968 2748 5033 filiam
2778 4970 2984 5031 habuit.
3033 4970 3151 5027 Hoc
3209 4978 3380 5029 totum
3412 4987 3584 5044 quare
3613 4971 3761 5027 dixi?

2148 5154 2202 5210 in
2255 5162 2438 5211 nostra
2491 5154 2809 5215 recensione
2857 5170 2997 5215 xxxv
3048 5152 3114 5209 ad
3147 5152 3533 5215 Marcellamn.
3575 5154 3647 5210 5:
3688 5151 3757 5211 In

2148 5227 2264 5289 hoc,
2291 5226 2486 5295 inquit.
2518 5223 2629 5279 loco
2667 5242 2765 5278 non
2805 5240 2903 5278 Lxx
2940 5222 3280 5292 Interpretrs,
3322 5224 3412 5279 sed
3441 5222 3649 5292 Latini,
3693 5226 3757 5279 de

2146 5296 2317 5371 Grieci
2364 5296 2502 5350 verbi
2548 5297 2882 5371 ambiguitate
2930 5295 3166 5371 decepti,
3210 5296 3466 5371 καρποὺς,
3512 5295 3754 5356 fructus.

2153 5370 2323 5441 magis
2366 5384 2520 5438 quam
2572 5381 2785 5444 manus.
2838 5367 3374 5444 uitupretali_sui§,_
3403 5382 3523 5420 cum
3568 5372 3759 5444 καρποὶ

2155 5436 2346 5496 manus
2379 5436 2600 5510 quoque
2654 5437 3119 5510 dicantur_,__quod
3168 5440 3221 5492 in
3272 5436 3506 5510 Hebrive
3539 5436 3757 5510 ponitur

2155 5456 2346 5496 manus
2396 5456 2600 5564 zuoz’uc
2654 5456 2890 5497 dicantur
2917 5478 2931 5500 ,
2978 5456 3116 5501 quoa
3168 5456 3221 5492 tu
3272 5456 3491 5493 uerer
3539 5456 3755 5510 ponitur

2148 5510 2391 5582 Chap/iac
2434 5548 2446 5562 .
2546 5509 2632 5565 ide
2673 5522 2722 5582 et
2778 5507 2855 5582 ὃς,
2896 5507 3453 5582 Hilariumutrartatu
3494 5508 3548 5564 in
3610 5509 3755 5565 hunc

2153 5577 2370 5650 psalm,
2406 5596 2552 5635 num.
2572 5582 2604 5635 Δ
2633 5591 2681 5635 et
2709 5581 2761 5633 5.
2794 5577 2889 5633 Hic
2909 5579 3119 5634 dubitat
3151 5578 3497 5634 Martianzrus
3529 5595 3598 5633 an
3624 5596 3758 5634 anc~

2154 5649 2239 5728 tur
2272 5653 2593 5728 scripserit;
2624 5667 2745 5728 naut
2765 5651 2981 5728 ψρπρς,
3010 5660 3114 5728 est_
3138 5649 3486 5728 pars_aliqua
3520 5667 3702 5711 niurias
3733 5668 3755 5705 .-

2150 5718 2402 5801 siquiileni
2429 5722 2644 5800 καρπὸς,
2671 5718 2861 5779 dicitur
2882 5718 3063 5779 Graec
3090 5721 3193 5791 ἀπὸ
3218 5722 3357 5791 eum.
3395 5718 3405 5721 ⁷
3712 5728 3719 5732 ·
