3982 6314
285 194 435 260 ιω

1277 206 1481 271 LIBER
1512 209 1605 272 DE
1643 207 2102 280 IXPOBI'HONE
2165 211 2610 288 PSALMOBUM-

3455 232 3595 301 {59‘

290 322 347 368 ut
373 311 514 375 ﬂlips
537 318 593 369 et
617 312 757 371 tilias
778 313 834 373 in
859 313 1158 386 Scripturis
1185 321 1541 392 spiritualiter
1583 321 1889 395 intelligere
1919 325 1961 385 Α
1993 332 2098 388 est,
2123 334 2315 399 custos,
2347 324 2480 381 nihil
2507 327 2557 396 ei
2615 326 2851 395 infundit
2895 331 3001 391 nisi
3054 334 3236 395 vinum
3281 343 3338 395 et
3386 296 3587 401 oleum:

292 405 609 464 debeamus.
676 408 823 467 Uxor
847 419 937 469 tua
966 413 1099 473 sicut
1136 414 1253 473 tritis
1281 413 1552 477 abundans
1578 418 1632 479 in
1647 416 1891 479 lateribus

292 498 483 557 domus
512 506 636 555 tuae.
670 500 824 559 Sicut
846 502 970 561 vitis
992 504 1274 565 abundans
1302 507 1567 578 plurimos
1592 508 1776 565 botros
1796 510 1892 567 ha-

292 591 408 657 bet,
438 594 518 651 sie
542 602 599 650 et
629 609 768 653 uxor
798 610 1004 665 nostra,
1031 599 1135 659 hee
1159 609 1266 666 est,
1306 601 1571 669 sapientia
1600 618 1734 665 utor
1755 618 1885 667 nos-

287 692 397 750 tra,
419 699 540 756 qua:
566 701 763 758 sponsa
795 697 901 747 est.
951 690 1197 765 Denique
1229 692 1488 755 scribitur
1511 696 1563 750 in
1586 696 1693 751 alio
1720 695 1841 752 loco
1870 714 1883 750 :

291 776 447 844 Vetti,
478 794 650 851 soror,
679 796 793 843 mea
818 800 1007 855 sponsa
1035 782 1212 857 (Cant.
1243 802 1298 853 v,
1333 787 1409 857 l).
1464 787 1543 845 Ne
1573 788 1625 847 in
1651 802 1722 853 eo
1741 788 1885 858 quod

282 869 519 941 dixerat,
551 889 763 942 sponsa,
823 885 980 945 turpe
1020 876 1221 948 aliquid
1239 877 1592 952 intelliget-es.
1638 881 1885 952 jungitur

277 979 431 1021 soror
442 981 462 1031 ;
499 972 559 1023 ut
583 964 763 1025 omnis
794 968 966 1036 turpis
985 984 1140 1027 amor
1173 970 1513 1035 excludatur.
1539 972 1697 1039 Veni,
1724 988 1887 1029 soror

278 1071 427 1118 mea.
462 1069 684 1119 sanctus
706 1060 850 1119 enim
877 1075 1031 1119 amor
1057 1063 1151 1129 sit,
1180 1072 1234 1123 et
1253 1075 1538 1134 propterea
1564 1075 1616 1117 te
1636 1079 1882 1133 sororem

277 1162 419 1207 Voce
446 1158 505 1206 et
532 1165 788 1221 sponsam
817 1168 1015 1211 meam.
1042 1152 1339 1223 Propterea
1361 1162 1429 1221 {te
1448 1169 1704 1226 sponsam
1726 1171 1878 1225 voco,

276 1251 342 1297 ut
368 1240 597 1305 habeam
623 1250 875 1312 uxorem,
898 1255 952 1299 et
977 1244 1047 1303 de
1075 1253 1127 1311 te
1155 1246 1296 1313 tilias:
1326 1246 1521 1313 faciam
1575 1247 1777 1321 plures,
1820 1248 1884 1303 li-

274 1330 385 1391 lios
406 1333 592 1403 plures
606 1333 763 1404 quasi
791 1334 861 1400 de
887 1335 999 1401 vita
1028 1336 1234 1399 botros.
1289 1336 1573 1407 Quomodo
1616 1339 1738 1401 vitis
1780 1337 1879 1399 lla?

273 1418 674 1487 beat’diversns
698 1426 906 1491 betros.
937 1427 1007 1493 Et
1036 1442 1139 1489 una
1161 1428 1379 1499 quidem
1404 1428 1562 1493 radix
1614 1438 1722 1497 est.
1772 1430 1879 1493 Sed

273 1516 438 1589 longe
490 1519 707 1591 lateque
766 1520 873 1581 huc
925 1529 1088 1592 atque
1128 1522 1257 1579 illuc
1282 1522 1498 1594 ﬂagella
1521 1522 1792 1591 diffundit,
1825 1534 1881 1579 et

272 1609 392 1679 ipsa
420 1609 631 1682 ﬂagella
664 1610 869 1687 habent
895 1612 1100 1677 fructus
1120 1629 1271 1684 siles,
1297 1614 1428 1679 etin
1451 1614 1585 1685 ipsis
1608 1614 1878 1683 frucibus

2002 416 2191 481 Vinum
2219 419 2591 487 austeritatem
2623 432 3040 499 praeceptorum,
3094 430 3277 493 vinum
3315 436 3584 509 typicum;

1994 516 2054 576 ut
2081 510 2458 582 quodcumque
2487 513 2614 569 mali
2643 513 2891 583 humoris
2920 527 3003 574 est
3029 532 3298 599 excoquat
3336 536 3393 583 et
3427 544 3589 586 exco-

1992 602 2195 658 medat.
2219 602 2488 673 Quoniam
2513 615 2694 662 autem
2721 608 2952 678 humana
2980 610 3249 687 fragilitas
3270 633 3378 674 non
3413 631 3593 691 potest

1992 692 2273 785 veritatem
2303 693 2467 755 ferre.
2493 695 2555 755 Si
2583 698 2721 761 enim
2743 699 3043 779 iniquitates
3071 706 3325 774 attendas,
3347 709 3587 785 Domine,

1989 782 2235 853 Domine,
2257 787 2372 859 quis
2397 787 2664 849 sustinebit
2686 789 2858 860 (Psal.
2890 807 3070 862 cxux,
3102 795 3159 867 5)
3180 795 3203 853 ?
3223 797 3277 861 Si
3301 801 3445 865 enim
3476 782 3589 863 ιεηζ

1989 883 2102 937 tum
2125 876 2489 943 justusfuerit
2520 878 2798 948 Dominus,
2850 898 2951 941 nos
3008 886 3193 949 viVere
3243 904 3347 963 non
3397 909 3592 965 possu-

1988 982 2129 1033 mus.
2152 969 2446 1043 Proptertea
2472 971 2695 1049 justitia:
2721 975 2913 1053 ipsius,
2972 978 3075 1041 hoc
3108 989 3216 1050 est,
3264 985 3393 1043 vino
3424 989 3587 1046 mise-

1987 1058 2240 1127 ricordiae
2272 1063 2450 1127 oleum
2473 1063 2786 1145 adjunctum
2819 1077 2924 1127 est.

2062 1150 2196 1209 Ecce
2222 1153 2298 1207 sic
2323 1153 2647 1217 benedicetur
2667 1160 2819 1217 homo
2846 1161 2936 1228 qui
2964 1163 3105 1227 timet
3130 1164 3432 1233 Dominum.
3461 1171 3580 1233 lam

1987 1241 2157 1307 multa
2190 1242 2358 1311 locuti
2384 1259 2591 1314 sumus,
2623 1247 2940 1316 festinemus
2963 1252 3029 1313 ad
3082 1255 3261 1313 finem.
3303 1259 3587 1320 Benedicat

1984 1343 2034 1397 te
2051 1332 2304 1415 Dominus
2331 1352 2396 1393 eo;
2429 1338 2580 1405 Sion.
2617 1338 2693 1395 De
2729 1342 2829 1407 ista
2874 1342 3002 1403 Sion
3030 1356 3084 1401 et
3129 1353 3401 1418 quomodo
3454 1356 3588 1415 dicit

1982 1427 2124 1490 alius
2178 1429 2490 1515 propheta:
2552 1434 2683 1499 Sion
2731 1436 2884 1507 quasi
2936 1456 3058 1511 ager
3103 1444 3337 1503 arabitur
3360 1447 3577 1521 (Jerem.

1984 1522 2252 1614 anniti).
2274 1522 2477 1581 Dicitet
2495 1524 2754 1584 Dominus
2773 1546 2783 1581 :
2803 1526 3114 1602 Jerusalem,
3128 1536 3441 1609 Jerusalem,
3461 1560 3576 1614 qua:

1984 1612 2176 1667 occidis
2197 1616 2479 1686 prepltetas
2501 1626 2545 1670 et
2577 1616 2782 1690 lapides
2804 1637 2892 1675 eos
2926 1625 3015 1692 qui
3056 1627 3124 1678 ad
3176 1639 3223 1685 te
3262 1631 3405 1687 missi
3458 1612 3581 1691 sunt

268 1712 401 1763 sunt
431 1704 595 1767 betri,
642 1714 700 1767 et
751 1704 892 1769 alius
936 1706 1126 1771 butrus
1170 1707 1347 1777 major
1370 1716 1473 1772 est,
1505 1707 1643 1773 alius
1675 1710 1874 1777 minor,
1908 1714 1955 1787 β
1985 1701 2206 1772 (Matth.
2264 1720 2419 1777 XXIII,
2448 1706 2577 1778 57).
2632 1708 2877 1782 Denique
2928 1729 3057 1773 cum-
3097 1723 3587 1793 appropinquasset

268 1793 380 1855 alia
403 1795 611 1863 majora
635 1810 804 1866 grana
824 1806 970 1864 sunt,
1000 1798 1105 1853 alia
1158 1798 1406 1865 minora;
1452 1798 1533 1854 sic
1586 1807 1643 1855 et
1680 1798 1749 1854 de
1786 1814 1878 1855 sa-

269 1885 507 1956 pientia,
534 1903 657 1958 qua:
686 1898 765 1943 est
800 1905 935 1947 uxor
988 1898 1211 1947 nostra:
1254 1891 1300 1947 si
1355 1898 1537 1949 tamen
1586 1905 1876 1967 numquam

266 1997 392 2039 eam
421 1982 808 2049 dimiserimus,
842 1984 1027 2053 plures
1049 1993 1346 2053 nascuntur
1397 1983 1560 2052 botri,
1620 1984 1723 2049 hoc
1769 1994 1874 2055 est,

269 2078 503 2135 virtutes
525 2076 810 2147 plurimm;
844 2086 1043 2141 sanciat
1082 2076 1460 2147 cogitationes,
1507 2092 1670 2149 Opera
1733 2094 1873 2149 pne.

267 2172 441 2231 clara.
472 2170 606 2228 Filii
637 2174 715 2233 tui
735 2173 866 2227 sicut
891 2171 1107 2233 neeellte
1134 2171 1388 2235 olivarum
1412 2172 1467 2239 in
1492 2173 1711 2231 circuitu
1732 2189 1874 2227 men-

265 2281 345 2321 sa:
373 2274 495 2322 tute.
530 2265 783 2338 Legimus
817 2267 872 2324 itt
904 2267 1014 2323 alio
1037 2268 1197 2341 loco:
1228 2265 1297 2321 Et
1328 2269 1502 2323 vinum
1530 2268 1757 2339 lcetiﬁcat
1785 2284 1874 2331 eor

266 2357 498 2415 hominis
553 2359 728 2429 (Paul.
762 2375 875 2426 cm,
905 2359 1017 2431 15).
1044 2359 1296 2430 Legimus
1321 2369 1378 2414 et
1398 2359 1451 2415 in
1472 2359 1710 2417 Canticis
1730 2359 1868 2425 Cau-

263 2452 549 2513 ticerum:
597 2453 790 2510 Venite.
841 2454 1053 2520 fratres,
1101 2452 1255 2509 bibite
1299 2462 1348 2511 et
1393 2452 1741 2509 inebriamini.
1802 2451 1871 2506 Et

264 2546 455 2613 uinum
481 2544 627 2615 quod
660 2543 897 2605 laetiﬁcat
921 2559 1017 2607 cor
1059 2545 1313 2600 hominis.
1369 2546 1480 2609 lluc
1525 2546 1709 2601 vinum
1760 2558 1867 2599 non

262 2637 506 2695 laetiﬁcat
524 2653 619 2693 cor
644 2637 920 2703 hominis;
955 2638 1047 2691 seti
1078 2638 1280 2704 obruit,
1308 2648 1364 2693 et
1414 2639 1662 2705 insanum
1714 2638 1865 2705 facit,

263 2731 517 2800 Denique
541 2731 825 2797 scribitur,
881 2740 941 2789 ιιι
977 2731 1068 2801 qui
1115 2741 1348 2803 potentes
1392 2740 1534 2798 sunt,
1566 2732 1738 2786 vinum
1764 2747 1868 2789 non

262 2824 443 2880 bibant
468 2822 652 2895 (Prov.
679 2839 829 2888 aut.
861 2821 940 2896 4).
987 2823 1191 2887 Scribit
1242 2833 1300 2881 ct
1357 2824 1672 2895 Apostolus,
1727 2840 1864 2898 qun,-

261 2914 411 2974 niaat
432 2931 540 2977 non
559 2916 821 2979 debemus
844 2916 1027 2975 vinum
1065 2917 1253 2981 bibere
1275 2926 1330 2983 et
1369 2932 1589 2985 carnem
1641 2916 1868 2973 mandu-

260 3025 393 3073 care
412 3010 594 3081 (Rom.
628 3012 761 3080 aut),
794 3010 1030 3076 Rursum
1061 3010 1258 3077 dicitur
1303 3011 1462 3068 nobis
1492 3029 1506 3066 :
1558 3013 1625 3067 Et
1678 3012 1862 3066 vinum

1988 1793 2252 1849 Dominus
2278 1795 2345 1850 ad
2404 1795 2702 1863 Jerusalem
2746 1811 2799 1854 et
2843 1802 3086 1877 vidisset,
3134 1806 3303 1876 ﬂevit.
3360 1811 3586 1880 Quando

1981 1896 2160 1951 autem
2185 1887 2403 1945 deﬂevit
2456 1891 2614 1955 eam?
2668 1892 2793 1961 Ideo
2856 1897 3040 1967 utique
3088 1899 3235 1958 ﬂevit
3293 1906 3580 1979 ruituram,

1979 1982 2131 2052 quasi
2165 1983 2476 2051 perituram.
2510 1986 2753 2057 Denique
2781 1989 2908 2058 quid
2938 1990 3109 2047 dicit?
3142 1995 3371 2068 Surgite,
3401 2017 3580 2057 eamus

1978 2072 2119 2128 ltine.
2146 2075 2287 2131 Elin
2315 2076 2420 2132 alio
2464 2077 2584 2132 loco
2630 2079 2774 2150 quod
2816 2082 2986 2137 dicit:
3031 2084 3375 2160 Relinquetur
3437 2095 3577 2150 vobis

1978 2171 2161 2233 domus
2180 2178 2347 2223 vestra
2376 2170 2599 2224 deserta.
2634 2171 2775 2251 Ergo
2808 2174 2909 2228 hoc
2939 2179 3084 2247 quod
3119 2181 3272 2247 dicit,
3305 2184 3569 2242 benedicat

1977 2267 2023 2314 te
2053 2257 2310 2315 Dominus
2332 2279 2396 2316 ea:
2426 2260 2580 2329 Sion,
2611 2280 2714 2320 non
2737 2266 2869 2320 dicit
2901 2267 3054 2323 istam
3076 2269 3205 2326 Sion
3230 2290 3386 2345 quam
3419 2278 3571 2335 vide-

1975 2368 2094 2411 mus
2114 2368 2235 2409 esse
2257 2354 2550 2412 desertam.
2588 2356 2719 2427 Ιρμω
2752 2370 2941 2431 portas,
2961 2375 3015 2427 et
3043 2365 3156 2430 ipse
3183 2381 3331 2437 ager,
3355 2365 3409 2426 et
3431 2371 3567 2443 ipsae

1971 2449 2142 2503 ruina:
2197 2450 2328 2503 iratn
2378 2449 2590 2506 Domini
2644 2452 2971 2521 signiﬁcant.
3028 2458 3251 2521 Etiamsi
3278 2478 3377 2518 nos
3405 2465 3563 2535 igno-

1974 2554 2178 2606 ramus,
2211 2542 2352 2597 oculi
2384 2544 2481 2609 ipsi
2528 2544 2764 2605 clamant
2812 2547 2942 2621 iram
2991 2550 3218 2606 liontini.
3282 2553 3564 2612 Benedicat

1970 2642 2021 2687 te
2036 2631 2293 2690 Dominus
2311 2651 2375 2689 ex
2404 2634 2556 2690 Sion.
2584 2637 2713 2699 Sion
2739 2637 3123 2708 interpretatur
3151 2646 3383 2714 specula.
3413 2646 3569 2703 Jeru-

1968 2724 2127 2780 salem
2158 2726 2548 2797 interpretatur
2580 2728 2705 2782 visio
2741 2731 2906 2801 pacis.
2941 2732 2996 2787 Si
3025 2736 3206 2789 anima
3237 2747 3416 2791 nostra
3448 2755 3573 2810 spe-

1967 2819 2142 2881 culam
2171 2818 2442 2879 habuerit.
2475 2819 2532 2893 Si
2563 2820 2617 2874 in
2641 2820 2869 2887 sublime
2904 2824 3085 2880 fuerit.
3135 2829 3191 2884 Si
3225 2844 3333 2885 non
3357 2832 3427 2888 de
3459 2842 3573 2890 ter-

1967 2911 2115 2977 renis
2143 2912 2487 2983 cogitaverit,
2518 2913 2612 2966 sed
2640 2912 2709 2968 de
2739 2914 3086 2972 sublimibus.
3130 2918 3185 2974 Si
3214 2922 3393 2977 anima
3446 2942 3568 2980 nos~

1966 3012 2047 3059 tra
2086 3002 2337 3060 habuerit
2360 3004 2626 3060 visionem
2660 3007 2827 3074 pacis,
2872 3007 2975 3064 hoc
3033 3020 3137 3079 est,
3197 3014 3241 3067 si
3286 3014 3566 3089 Christus,

260 3100 504 3164 laetificat
526 3116 622 3158 cor
662 3100 919 3165 hominis.
958 3101 1064 3167 Sed
1097 3104 1278 3167 vinum
1328 3102 1530 3159 dicitur
1558 3102 1860 3173 spirituale,
1888 3097 1936 3165 C
1967 3098 2058 3175 qui
2084 3113 2208 3157 vera
2239 3114 2339 3168 pax
2369 3106 2475 3167 est,
2509 3098 2829 3157 habitaverit
2857 3104 2908 3157 in
2932 3119 2992 3159 ea
3026 3118 3041 3160 :
3074 3107 3189 3176 ipse
3240 3127 3337 3165 nos
3382 3112 3566 3171 bene-

259 3193 408 3266 qued
436 3194 628 3265 siquis
659 3194 864 3259 biberit
907 3194 1090 3255 statim
1144 3194 1466 3253 inebriatur.
1518 3195 1625 3251 Vos
1646 3209 1859 3265 omnes,

261 3295 323 3347 ιιι
347 3286 694 3351 dimitteretis
724 3289 1100 3355 possessiones
1128 3297 1361 3355 vestras,
1392 3298 1447 3344 et
1473 3298 1722 3360 parentes
1741 3304 1862 3343 ves-

261 3388 400 3445 tros,
430 3389 486 3441 et
522 3380 663 3441 ﬂlios
693 3389 747 3435 et
793 3378 1005 3445 allines,
1038 3380 1252 3436 bibistis
1275 3382 1482 3448 vinum,
1528 3388 1584 3435 et
1610 3379 1861 3437 inebriati

257 3486 363 3543 pro
387 3471 604 3529 Christo
642 3472 884 3528 insanire
909 3473 1171 3541 cmpistis.
1196 3472 1309 3527 Non
1334 3472 1489 3533 vobis
1511 3472 1720 3529 videtur
1739 3489 1861 3530 esse

256 3565 536 3631 ebrietas?
587 3581 694 3623 non
739 3566 894 3623 vobis
938 3566 1155 3629 videtur
1177 3566 1477 3634 spiritualis
1509 3565 1740 3634 insania,
1765 3567 1859 3625 de-

257 3658 418 3725 licias
445 3668 819 3727 contemnere,
845 3659 1041 3723 sordes
1070 3667 1352 3731 appetere,
1373 3657 1558 3731 lugere
1586 3659 1855 3725 civitates,

252 3750 474 3817 deserta
500 3752 722 3821 sectari,
749 3753 964 3810 nescire
993 3751 1240 3820 aﬂ'ectus,
1262 3753 1511 3825 ignorare
1536 3753 1715 3811 carnis
1733 3767 1859 3823 pra-

259 3846 640 3917 pinquitatem,
698 3859 754 3903 et
806 3848 981 3902 solum
1040 3863 1201 3903 nosse
1247 3846 1558 3913 Christum?
1614 3848 1855 3921 Denique

255 3937 491 4008 apostoli
522 3938 627 3997 hoc
653 3937 778 3993 vino
806 3939 1054 4005 inebt‘iati
1081 3947 1259 4006 erant,
1306 3947 1362 3997 et
1392 3949 1680 4009 propterea
1719 3940 1857 3995 diri-

258 4039 349 4086 tur
378 4028 504 4087 eis:
536 4028 713 4085 Musto
765 4038 883 4083 sunt
927 4031 1067 4099 pleni
1116 4030 1254 4102 (Act.
1291 4031 1485 4103 “,15).
1540 4032 1657 4088 Non
1706 4033 1852 4100 enim

252 4122 479 4189 fuerant
507 4119 753 4183 inebriati
784 4120 853 4176 de
874 4120 1018 4194 Lege
1046 4122 1240 4191 veleri,
1303 4124 1399 4181 sed
1432 4124 1500 4180 dc
1532 4125 1850 4197 Evangelio.

253 4213 373 4275 Noe
398 4227 529 4285 ergo
555 4222 708 4285 puto,
732 4213 875 4289 quod
899 4216 973 4277 ita
1000 4214 1300 4279 inebriatus
1329 4217 1397 4270 sit
1424 4216 1525 4275 hoc
1550 4215 1692 4272 vino.
1720 4215 1852 4273 Filii

250 4306 333 4369 tui
356 4309 489 4371 sicut
518 4305 735 4369 novella:
761 4306 1032 4367 olivarum,
1061 4304 1205 4379 Nulli
1229 4306 1318 4365 alii
1347 4318 1733 4379 comparantur
1754 4309 1850 4366 ﬁlii

254 4399 429 4466 nostri
460 4399 563 4454 nisi
594 4398 821 4459 novella:
847 4399 1138 4457 olivarum.
1171 4398 1283 4455 Non
1305 4399 1446 4461 dixit
1473 4401 1628 4457 olivae
1650 4404 1844 4473 veteri,

1966 3189 2118 3245 dicit.
2154 3191 2208 3245 Si
2238 3189 2561 3247 habitaverit
2602 3194 2654 3248 in
2678 3196 2834 3250 nobis
2873 3196 3143 3269 Christus,
3198 3212 3253 3257 et
3295 3220 3392 3263 nos
3449 3211 3563 3262 eri-

1966 3302 2086 3343 tnus
2108 3288 2260 3344 Sion.
2296 3287 2364 3343 Et
2393 3305 2490 3344 nos
2527 3290 2732 3345 erimus
2757 3290 3082 3350 Jerusalem.
3117 3295 3182 3350 Et
3212 3299 3382 3354 videas
3422 3302 3562 3369 ﬁlios

1961 3379 2213 3450 filiorum.
2250 3380 2362 3459 Ego
2387 3382 2540 3437 vobis
2569 3383 2783 3452 loquor.
2815 3382 2872 3438 Si
2906 3400 2971 3445 ex
3027 3402 3152 3444 meo
3181 3405 3436 3448 set-mone
3464 3410 3563 3449 vus

1964 3472 2293 3539 instruxere,
2330 3473 2439 3527 vidi
2465 3474 2603 3529 lilios
2635 3492 2785 3531 meos
2817 3493 2833 3530 :
2866 3477 2909 3533 si
2951 3494 3052 3535 vos
3094 3481 3231 3536 alios
3274 3483 3556 3542 instruxe-

1960 3563 2100 3629 ritis,
2129 3564 2237 3619 vidi
2262 3564 2403 3620 ﬁlios
2436 3566 2668 3622 ﬁliorum
2712 3583 2977 3631 meorum.
3013 3569 3245 3629 Oremus
3267 3574 3430 3647 igitur
3456 3579 3560 3633 Du-

1960 3656 2190 3725 minum,
2220 3666 2277 3712 ιιι
2303 3657 2597 3714 habeamus
2640 3660 2801 3727 ﬁlios,
2851 3656 3147 3721 habeamus
3194 3678 3442 3739 nepotes,
3503 3684 3558 3728 ct

1958 3764 2177 3820 semper
2205 3751 2500 3807 habeamus
2540 3753 2767 3808 multam
2811 3757 3148 3825 progeniem.
3210 3759 3556 3823 Festinetnus

1960 3842 2093 3898 tales
2118 3841 2258 3907 tilias
2287 3841 2485 3901 facere.
2533 3842 2730 3898 Sancta
2787 3845 2889 3900 ista
2939 3858 3021 3901 est
3043 3850 3381 3919 conjunctio.
3412 3854 3545 3912 Rem

1956 3935 2113 3995 vobis
2152 3935 2273 3999 dico
2324 3952 2569 4003 novam:
2620 3939 2736 3995 sine
2791 3942 2981 3997 uxoris
3037 3947 3323 4019 complexu
3368 3952 3553 4021 plures

1957 4034 2249 4091 nascuntur
2283 4028 2420 4084 tales
2443 4028 2556 4084 lilii.
2594 4028 2713 4084 Pax
2742 4048 2892 4100 :uper
2922 4031 3113 4093 Israel.
3176 4036 3351 4096 Israel
3382 4041 3555 4101 inter.

1956 4130 2220 4199 pretatur,
2242 4138 2383 4178 mens
2403 4123 2579 4178 videns
2609 4122 2798 4181 Deum.
2824 4126 2955 4183 Vide
2989 4146 3119 4202 ergo
3158 4134 3301 4205 quod
3352 4137 3552 4197 dicitur

1952 4228 2061 4289 pax
2085 4228 2250 4285 super
2280 4212 2462 4268 Israel.
2490 4212 2664 4284 Super
2693 4231 2789 4271 eos
2811 4219 2902 4290 qui
2934 4218 3135 4277 habent
3174 4238 3414 4284 mentem
3473 4231 3551 4288 vi-

1954 4304 2169 4363 dentem
2193 4305 2384 4362 Deum.
2418 4305 2568 4361 Mens
2607 4306 2727 4371 mea
2768 4312 2813 4365 si
2859 4310 3107 4369 habuerit
3135 4315 3400 4376 visionem
3427 4321 3545 4391 Dei,

1952 4399 1998 4453 si
2027 4413 2244 4468 semper
2270 4398 2543 4455 Christum
2576 4402 2794 4470 videro,
2819 4404 2958 4460 alios
3007 4424 3112 4464 non
3143 4411 3360 4470 videbo.
3418 4416 3547 4485 Qui.

251 4495 351 4555 sed
383 4493 614 4553 novella:
642 4492 819 4548 oliva'.
863 4491 1145 4565 Quomodo
1166 4501 1221 4547 et
1254 4491 1409 4549 ibide
1432 4492 1695 4551 ebrietate
1716 4509 1848 4564 apo-
1878 4484 1928 4546 D
1954 4503 2181 4560 cumque
2210 4492 2479 4546 Christum
2514 4494 2676 4548 habet
2711 4494 2763 4549 in
2789 4510 2870 4557 se.
2914 4499 3075 4555 habet
3124 4502 3178 4557 in
3227 4520 3288 4561 se
3333 4484 3542 4579 pacem.

253 4583 541 4648 stolorum,
568 4598 675 4636 non
705 4584 901 4639 dicitur
932 4583 1002 4636 de
1032 4583 1159 4637 vino
1185 4582 1378 4650 veteri,
1404 4582 1498 4638 sed
1534 4583 1604 4639 de
1631 4593 1810 4639 musto
1834 4602 1846 4639 :

252 4677 336 4732 sic
362 4687 414 4732 et
448 4675 538 4731 hic
562 4675 761 4733 dicitur
781 4676 995 4735 novella
1020 4676 1311 4742 olivarum,
1370 4691 1490 4747 qua:
1546 4685 1657 4733 tota
1713 4679 1851 4734 viret

237 4768 308 4828 ‘in
336 4770 616 4843 Evangelii
636 4770 947 4841 iuventute.
974 4769 1195 4829 Novella
1226 4770 1491 4835 olivarum
1520 4772 1677 4851 plena
1701 4772 1842 4829 luce.

250 4865 444 4931 Oleum
471 4864 612 4931 hanc
642 4874 888 4925 naturam
921 4865 1104 4937 habet,
1139 4874 1196 4921 ut
1216 4866 1368 4922 cibos
1404 4863 1648 4933 condiat,
1680 4875 1740 4921 ut
1764 4867 1845 4921 lu-

250 4958 383 5023 mini
415 4956 653 5029 [omettta
682 4958 940 5029 precbeat,
984 4967 1041 5023 ut
1071 4959 1217 5016 lasso
1262 4959 1423 5029 longe
1472 4959 1668 5021 itinere
1722 4972 1846 5014 cor-

246 5067 352 5124 pus
378 5060 602 5117 unctum
636 5053 887 5111 restituat
913 5054 1072 5127 quasi
1108 5052 1279 5117 Labori
1308 5053 1537 5123 pristino
1589 5061 1647 5109 et
1695 5055 1844 5107 sani-

216 5136 367 5205 tati.
400 5145 646 5217 Denique
665 5146 993 5218 quicumque
1040 5146 1216 5215 lassus
1268 5146 1430 5211 fuerit
1484 5156 1541 5213 et
1598 5147 1837 5217 ungitur,

244 5238 399 5312 quasi
426 5238 627 5309 recipit
647 5239 933 5308 pristinum
983 5239 1244 5311 vigorem.
1295 5240 1456 5306 Putas
1509 5241 1628 5295 sine
1677 5254 1839 5303 causa

243 5349 392 5401 uuae
417 5334 619 5401 dicitur
645 5335 831 5399 viuum
849 5345 908 5401 et
928 5335 1147 5391 oleum?
1195 5334 1313 5391 Non
1361 5335 1534 5404 potuit
1576 5334 1682 5391 mel
1706 5334 1833 5402 dici,

242 5442 353 5493 non
376 5425 486 5491 alia
508 5436 777 5491 aromata,
806 5440 914 5489 non
942 5425 1042 5480 alia
1075 5425 1260 5497 arbor,
1312 5425 1406 5483 sed
1464 5434 1672 5487 tantum
1716 5425 1842 5480 vitis

240 5529 299 5585 at
320 5521 485 5587 oliva.
518 5519 721 5587 Vinum
748 5528 803 5575 et
833 5519 1033 5585 etcum.
1066 5518 1125 5584 in
1160 5517 1286 5571 vino
1307 5518 1624 5583 austeritas,
1644 5517 1694 5579 in
1719 5517 1842 5579 eleb

242 5611 633 5677 misericordia.
665 5610 905 5687 Denique
936 5609 1012 5662 illi
1040 5610 1127 5683 qui
1187 5607 1255 5665 de
1275 5607 1572 5667 Jerusalem
1621 5607 1843 5669 ierit-ho

246 5706 640 5770 descendebat,
698 5705 785 5775 qui
820 5703 1133 5771 vulneratus
1162 5703 1355 5768 fuerat,
1388 5701 1691 5763 Samaritis,
1743 5702 1844 5759 hoc

1954 4581 2147 4638 Pacem
2174 4597 2338 4635 meam
2367 4582 2624 4652 docebis,
2681 4602 2861 4653 pacem
2902 4604 3069 4653 meam
3116 4595 3350 4666 relinquo
3401 4602 3544 4657 vobis

1953 4672 2133 4747 (Joan.
2167 4689 2274 4743 λιν,
2309 4674 2426 4746 27).
2475 4672 2626 4730 Licet
2668 4676 2777 4732 sint
2799 4678 2985 4733 multa:
3012 4687 3446 4758 persecutiones,
3485 4693 3550 4748 li-

1949 4776 2036 4823 cet
2061 4766 2213 4821 multi
2242 4766 2354 4822 sint
2382 4767 2471 4834 qui
2501 4779 2913 4837 persequantur,
2950 4780 3132 4828 tamen
3161 4776 3214 4830 in
3247 4793 3356 4846 quo
3385 4780 3544 4840 ciui-

1945 4860 2302 4927 stusbabitat,
2318 4859 2407 4914 ille
2428 4875 2642 4931 semper
2660 4858 2934 4916 Christum
2958 4862 3150 4934 habet;
3176 4869 3264 4924 cui
3287 4872 3537 4944 sitgloria

1949 4952 2003 5007 in
2032 4954 2230 5006 smcnla
2258 4952 2602 5007 smculorttttt.
2638 4955 2827 5007 Amen.

2423 5047 2545 5103 PSA
2557 5045 2745 5113 LMUS
2781 5047 3067 5106 CXXVIII.

2019 5143 2170 5217 Swpe
2198 5152 2622 5216 expugnaverunt
2642 5158 2721 5196 me
2742 5160 2772 5194 a
2794 5144 3058 5211 iuventute
3078 5162 3212 5217 mea,
3237 5152 3377 5209 dicat
3400 5172 3542 5213 nunc

1947 5236 2135 5292 Israel.
2168 5235 2321 5308 Swpe
2351 5244 2770 5307 expugnaverunt
2801 5252 2879 5289 me
2908 5254 2940 5290 a
2955 5239 3229 5311 juventute
3253 5261 3383 5303 mea.
3421 5249 3536 5303 Duo

1944 5330 2216 5387 dicuntur.
2245 5328 2313 5385 Et
2343 5344 2486 5398 smpe
2512 5340 2966 5398 expugnaverunt
2993 5349 3101 5398 me,
3127 5347 3180 5396 et
3203 5352 3233 5391 a
3252 5338 3537 5406 iuventute

1943 5438 2064 5480 mea
2115 5432 2566 5496 expugnaverunt
2613 5438 2719 5479 me.
2775 5423 2917 5495 Ergo
2962 5426 3005 5479 si
3050 5427 3102 5481 in
3145 5432 3325 5499 media
3374 5446 3537 5496 {etate

1944 5532 2167 5584 οφρυτο
2194 5518 2406 5579 servire
2449 5516 2714 5580 Domino,
2749 5519 2897 5572 verbi
2924 5521 3097 5588 gratia
3125 5566 3139 5591 ,
3173 5526 3534 5601 quadraginta

1946 5624 2234 5678 annorum,
2272 5627 2376 5663 non
2412 5624 2630 5677 possunt
2663 5609 2849 5665 dicere
2876 5653 2888 5673 ,
2933 5628 3356 5685 expugnaverunt
3395 5640 3478 5679 me
3504 5644 3536 5678 (ι

1946 5703 2207 5772 iurgaturi?
2235 5715 2364 5765 ηιιῃ.
2398 5700 2506 5757 Sed
2546 5702 2679 5770 quid
2708 5703 2872 5758 thco?
2912 5704 3232 5777 occiderunt
3279 5729 3363 5769 me
3393 5732 3417 5768 τι
3451 5735 3540 5788 θυι
