3982 6326
426 227 569 287 4295

1216 208 1560 272 APPENDIX
1599 207 1693 269 AD
1731 202 1978 266 TOMUM
2017 196 2372 264 SEPTIMUM
2407 200 2464 260 S.
2509 195 2917 258 IIIERONVMI.

3567 185 3718 246 1296

424 350 649 399 vcntute
673 334 1251 405 mea,vulneravcrunt
1271 346 1357 386 me
1381 345 1408 383 a
1431 328 1712 399 iuventute
1731 336 2008 389 mea,con-
2033 323 2081 383 Α
2110 334 2383 386 cursores,
2414 318 2516 372 boc
2541 325 2646 384 est,
2692 315 2786 386 qui
2813 317 3047 369 currunt
3075 309 3128 366 in
3158 307 3362 366 stadio.
3388 304 3634 377 Denique
3656 313 3718 360 et

426 440 779 493 t-ulcaverunt
818 446 904 487 me
932 446 960 483 a
983 429 1270 499 juventute
1299 438 1440 479 mea.
1473 422 1577 490 Qui
1607 428 1787 474 autem
1821 432 1849 471 a
1887 431 2016 487 pue-

2118 413 2412 486 Apostolus
2442 411 2573 468 dicit
2611 426 2672 466 se
2698 424 2919 466 currere
2948 416 3008 462 ut
3034 405 3103 462 ad
3133 419 3390 461 coronam
3424 402 3718 474 perveniat

427 531 551 587 ritia
581 527 772 597 incipit
803 493 1009 580 servire
1041 518 1269 575 Domino
1303 530 1316 575 :
1346 525 1399 572 et
1424 528 1570 585 saepe
1615 516 1956 581 expugnatur
1985 521 2014 560 a
2117 506 2137 562 Ι
2167 505 2288 560 Cor.
2319 503 2530 574 tx,26).
2564 501 2632 557 Et
2661 500 2790 573 quid
2811 499 3014 555 dicitur
3043 500 3094 552 in
3121 497 3230 552 alio
3255 497 3380 553 loco
3413 511 3430 550 :
3465 493 3716 548 Prateri—

431 623 653 680 diabolo
679 583 732 675 ct
754 617 959 688 angelis
989 615 1128 683 ejus,
1161 622 1218 668 et
1248 621 1427 666 tamen
1465 583 1574 664 non
1607 605 1880 668 vincitur;
1913 602 2018 656 iste
2120 610 2291 654 torum
2311 597 2606 653 obliviscens
2623 595 2692 648 ad
2713 583 3714 665 priorameexteudo(Philip.ut,15).

424 717 556 788 quid
580 711 767 770 dicat?
797 711 952 782 Swpe
977 713 1400 780 expugnaverunt
1430 719 1510 756 me
1530 719 1562 754 a
1575 705 1844 773 juventute
1865 711 1976 750 mea
1999 711 2018 749 :

427 809 614 862 etenim
639 820 742 859 non
764 808 1046 874 potuerunt
1075 798 1227 853 mihi.
1257 795 1473 852 Athleta
1506 792 1612 847 nisi
1643 788 1883 860 legitime
1904 801 2020 842 cer-

2126 692 2318 748 Videte
2361 705 2491 762 ergo
2541 689 2822 760 Scriptura
2869 686 2997 758 quid
3051 685 3204 741 dicit.
3259 684 3438 760 Supra
3485 681 3714 736 dorsum

2123 801 2302 843 meum
2325 783 2728 840 fabricabantur
2750 788 3090 852 peccatores.
3113 777 3204 834 Sic
3224 790 3446 847 semper
3466 772 3708 838 cucurri,

427 899 647 968 taverit,
676 873 784 952 non
815 903 1138 959 coronatur,
1170 889 1276 944 nisi
1322 902 1562 959 pugnum
1594 883 1884 954 acceperit,
1918 879 2021 936 nisi
2124 890 2179 936 et
2205 886 2413 936 tantum
2455 877 2695 942 cucurri,
2729 884 2786 930 ut
2821 873 3171 929 adversarius
3213 885 3369 926 meus
3415 881 3718 937 numquam

433 990 632 1046 faciem
664 986 886 1044 lividam
912 1027 927 1052 ,
964 984 1066 1040 nisi
1089 982 1158 1038 de
1189 980 1330 1036 facie
1359 981 1580 1049 sanguis
1608 976 1812 1033 effusus
1839 972 2020 1030 fuerit.

428 1085 598 1141 Livor
623 1090 870 1138 meretur
916 1092 1177 1134 coronam
1201 1117 1216 1142 ,
1251 1075 1412 1130 dolor
1444 1081 1703 1128 'meretur
1742 1069 2021 1140 gaudium.

429 1178 585 1248 Same
614 1180 1044 1247 expugnaverunt
1076 1185 1154 1223 me
1179 1185 1210 1221 a
1229 1170 1506 1240 juventute
1532 1181 1667 1218 mea.
1701 1162 1854 1216 Dicat
1880 1159 2026 1215 hunc

434 1268 772 1325 versiculum
823 1264 980 1337 virgo
1028 1261 1264 1318 Domini.
1316 1258 1472 1315 Dicat
1509 1254 1814 1313 monachus
1856 1257 1950 1324 qui
1995 1267 2026 1306 a

383 1408 385 1410 .
428 1377 597 1435 parva
638 1368 798 1416 aetate
842 1359 1007 1430 coepit
1051 1356 1256 1413 servire
1288 1353 1546 1409 Domino.
1581 1349 1695 1420 Ego
1725 1356 1910 1402 autem
1936 1343 2029 1415 qui

427 1453 788 1526 quadraginta
817 1451 901 1507 vel
924 1448 1321 1521 quinquaginta
1349 1457 1620 1500 annorum
1648 1439 1788 1509 ccepi
1819 1437 2029 1493 servire

432 1549 668 1603 Domino
693 1592 708 1615 ,
740 1543 1016 1617 quomodo
1056 1555 1279 1613 possum
1308 1539 1494 1595 dicere
1523 1554 1537 1590 :
1567 1536 1719 1606 Saepe
1763 1530 2031 1605 expugna-

429 1651 613 1696 verunt
643 1655 723 1693 me
763 1653 794 1691 a
821 1639 1096 1708 juventutc
1143 1636 1300 1688 mea?
1338 1631 1494 1687 Dicat
1536 1644 1670 1700 ergo
1719 1627 1824 1682 hoc
1853 1626 2027 1696 virgo.

2127 970 2427 1044 praecedat,
2457 969 2552 1025 sed
2578 982 2791 1038 semper
2817 975 2936 1036 post
2961 974 3172 1036 tergum
3195 959 3529 1017 inveniatur.
3550 958 3723 1014 Num-

2127 1081 2290 1137 quam
2323 1062 2477 1119 venit
2506 1069 2699 1118 contra
2723 1059 2911 1114 oculos
2942 1071 3095 1112 meos
3120 1073 3133 1109 :
3158 1070 3337 1126 neque
3363 1053 3513 1109 enim
3545 1050 3725 1122 potuit

2128 1157 2402 1214 sustinere
2451 1155 2634 1210 lumen
2685 1152 2970 1209 oculorum
3019 1164 3306 1214 meorum;
3358 1145 3457 1203 sed
3503 1157 3728 1215 semper

2129 1267 2252 1308 eam
2307 1258 2513 1321 partem
2570 1243 3001 1318 persequebatur
3047 1241 3370 1311 quzc'cteca
3418 1249 3545 1306 est,
3596 1251 3726 1307 qua:

2131 1344 2321 1401 oculos
2369 1358 2478 1397 non
2531 1340 2720 1397 habet.
2777 1340 2951 1410 Supra
2991 1336 3212 1392 dorsum
3257 1348 3441 1391 meum
3491 1329 3723 1387 fabrica-

2130 1437 2333 1493 bantur
2363 1442 2698 1506 peccatores.
2737 1429 3201 1499 Quandocumque
3229 1425 3430 1496 aliquis
3458 1422 3726 1479 fratribus

2132 1527 2392 1593 detrahit,
2425 1527 2528 1582 iste
2553 1534 2677 1597 post
2702 1523 2927 1579 dorsum
2956 1519 3271 1578 fabricatur.
3299 1519 3476 1588 Supra
3500 1516 3726 1572 dorsum

2133 1634 2315 1675 meum
2348 1616 2758 1674 fabricabantur
2785 1620 3105 1685 peccatores
3128 1652 3143 1677 ,
3175 1608 3270 1666 sed
3301 1624 3403 1681 ego
3438 1623 3547 1664 non
3579 1605 3734 1662 vide-

434 1731 592 1786 Dicat
618 1701 918 1786 monachus
945 1730 1153 1798 integer
1192 1739 1427 1797 corpore
1466 1733 1520 1778 et
1550 1722 1767 1792 spiritu.
1809 1719 1878 1774 Et
1901 1716 2029 1788 quid
2060 1713 2110 1775 B
2135 1714 2258 1770 bam
2296 1711 2526 1767 insidias
2554 1725 2741 1766 eorum
2769 1725 2784 1774 ;
2814 1708 2896 1764 illi
2928 1706 3333 1764 fabricabantur
3353 1712 3479 1774 post
3504 1701 3734 1759 dorsum

432 1825 578 1880 dicat
604 1841 617 1877 :
643 1824 794 1896 Saepe
811 1831 1233 1894 expugnaverunt
1261 1835 1340 1873 me
1365 1835 1396 1870 a
1411 1820 1682 1890 juventute
1707 1814 1856 1867 mea?
1879 1811 2033 1866 Dicat

440 1917 640 1989 aliquis
687 1935 701 1972 :
747 1917 792 1972 Ο
823 1916 1128 1982 monacbe,
1166 1910 1442 1983 quomodo
1487 1919 1541 1964 tc
1585 1912 2032 1978 expugnaverunt

433 2011 713 2068 daemones
739 2020 801 2066 et
825 2007 1120 2064 diabolus?
1149 2005 1490 2062 Videbantur
1519 2002 1738 2073 quidem
1782 1999 2033 2054 homines

432 2107 524 2178 qui
554 2103 949 2177 impugnabant
972 2148 987 2173 ,
1036 2100 1133 2157 sed
1181 2115 1284 2171 ego
1315 2100 1368 2153 in
1416 2097 1726 2152 hominibus
1756 2093 2032 2150 diabolum

430 2199 828 2271 intelligebam.
885 2193 1117 2266 Quando
1146 2207 1278 2263 ergo
1305 2204 1400 2246 eos
1428 2195 1834 2260 persequuntur
1861 2181 2034 2239 homi-

433 2306 538 2347 nes
557 2335 572 2359 ,
602 2305 713 2344 non
743 2289 1045 2343 irascamur
1086 2281 1442 2355 persequenti
1465 2321 1480 2346 ,
1516 2279 1613 2335 sed
1643 2277 2034 2334 condolcamus

435 2390 495 2438 et
517 2383 838 2453 plangamus
866 2393 962 2433 eos
992 2397 1004 2430 :
1033 2376 1158 2446 quia
1195 2375 1333 2428 allus
1359 2381 1445 2427 est
1473 2371 1565 2440 qui
1598 2367 1949 2438 persequitur
1978 2365 2034 2421 in

435 2469 908 2546 persecutoribus.
951 2467 1011 2524 Si
1042 2463 1430 2521 daemoniarius
1459 2503 1474 2529 ,
1507 2461 1596 2529 qui
1641 2459 1805 2514 habet
1834 2457 2036 2513 dmmo-

431 2583 584 2634 nem,
617 2563 850 2630 venerit,
884 2570 939 2617 et
969 2573 1210 2631 pugnum
1241 2555 1375 2612 mihi
1396 2554 1628 2620 dederit,
1658 2559 1713 2608 et
1739 2551 1891 2607 calce
1914 2565 2036 2621 per-

437 2660 692 2726 cusserit,
718 2654 984 2727 numquid
1014 2653 1225 2708 irascor
1250 2650 1346 2706 ei?
1372 2650 1466 2707 Ille
1495 2661 1676 2721 pugno
1698 2645 1958 2715 percutit,
1982 2653 2038 2698 et

442 2770 545 2825 ego
582 2752 734 2821 ploro
761 2761 819 2806 et
854 2749 1054 2820 plango
1083 2744 1502 2818 percutientem.
1535 2739 1708 2796 Video
1737 2738 1882 2794 enim
1910 2735 2039 2807 quia

439 2847 600 2918 pejus
627 2842 928 2916 percutitur
957 2839 1028 2895 ab
1053 2853 1120 2894 eo
1151 2838 1239 2909 qui
1271 2837 1326 2892 in
1358 2850 1418 2891 se
1450 2842 1726 2906 operatur,
1749 2845 1911 2902 quam
1937 2841 2039 2899 ego

442 2960 472 2998 a
502 2955 664 2997 manu
694 2937 839 3009 ejus.
878 2933 1110 3003 Quoties
1137 2947 1270 3002 ergo
1301 2929 1505 2999 aliquid
1545 2927 1802 2998 patimur,
1833 2933 1889 2979 et
1921 2931 2038 2977 len-

436 3034 675 3090 tationes
700 3029 910 3100 aliquas
939 3025 1300 3092 sustinemus,
1328 3022 1483 3076 illum
1515 3017 1884 3087 intelligamus
1913 3027 2039 3070 esse

2135 1822 2316 1862 meum
2343 1847 2359 1873 ,
2390 1814 2447 1860 et
2475 1819 2575 1875 ego
2604 1801 2778 1859 oculis
2809 1799 3121 1872 paradisum
3167 1796 3600 1868 conspiciebam.
3647 1795 3737 1850 Illi

2133 1898 2267 1954 mihi
2299 1896 2667 1953 moliebantur
2703 1893 2930 1949 insidias
2957 1934 2973 1961 ,
3017 1903 3070 1949 et
3100 1907 3202 1963 ego
3241 1905 3504 1946 coronam
3543 1887 3739 1944 videre

2135 1991 2441 2064 cupiebam.
2494 1988 2949 2060 Prolongauerunt
2996 1985 3321 2056 iniquitatem
3364 1999 3534 2038 suam.
3588 1979 3738 2048 Quid

2134 2085 2305 2150 dixit,
2338 2073 2775 2155 prtilongaverunt
2819 2080 3141 2152 iniquitatem
3168 2093 3317 2132 suam
3341 2093 3360 2130 :
3382 2076 3500 2147 Ego
3529 2075 3576 2130 si
3606 2088 3737 2144 pec-

2135 2191 2355 2244 cavero,
2382 2183 2437 2231 et
2462 2183 2586 2244 post
2611 2181 2892 2244 peccatum
2918 2184 3099 2226 meum
3130 2183 3295 2240 egero
3317 2168 3735 2240 ptenitentiam,

2137 2269 2320 2326 brevis
2347 2275 2431 2323 est
2458 2265 2714 2336 iniquitas
2743 2279 2862 2320 mea
2891 2272 2944 2318 et
2972 2278 3080 2318 non
3109 2261 3293 2333 longa.
3323 2261 3378 2317 Si
3407 2269 3593 2316 autem
3619 2274 3736 2328 pec-

2135 2378 2358 2432 cavero,
2381 2376 2726 2434 quocumque
2753 2360 2840 2415 die
2887 2372 3210 2430 peccavero,
3243 2356 3520 2412 funiculus
3544 2369 3740 2427 pecca-

2137 2467 2316 2515 torum
2356 2472 2604 2512 meorum
2636 2455 2850 2525 longior
2880 2455 2991 2510 fiet.
3035 2451 3194 2509 Unde
3223 2450 3426 2507 dicitur
3452 2460 3512 2506 et
3541 2451 3598 2504 in
3627 2447 3739 2502 alio

2138 2549 2260 2606 loco
2303 2566 2318 2603 :
2352 2545 2532 2603 Funes
2577 2556 2903 2620 peccatorum
2943 2541 3397 2599 circumdederunt
3445 2558 3529 2595 me
3559 2538 3734 2610 (Psat.

2139 2657 2328 2710 cxvm,
2359 2642 2474 2712 6i).
2510 2640 2644 2697 Vide
2672 2639 2799 2711 quid
2827 2638 3006 2706 dicat,
3038 2637 3220 2693 Funes
3249 2643 3598 2707 peccatorum
3628 2633 3740 2688 cir-

2139 2735 2534 2793 cumdederunt
2557 2749 2665 2790 me.
2690 2734 2758 2788 Et
2780 2733 2832 2787 in
2855 2733 2964 2788 alio
2988 2732 3110 2787 loco
3132 2730 3392 2786 scribitur
3416 2747 3428 2782 :
3451 2725 3739 2782 Funicutis

2141 2840 2469 2902 peccatorum
2495 2845 2710 2884 suorum
2737 2827 3088 2897 unusquisque
3113 2824 3500 2895 constringetur
3548 2820 3736 2892 (Prov.

2139 2938 2194 2989 v,
2217 2921 2335 2995 2‘2).
2361 2921 2497 2978 Vide
2516 2920 2646 2993 quid
2665 2919 2832 2987 dicat,
2857 2917 3118 2974 funiculis
3136 2925 3492 2986 peccatorum
3512 2927 3743 2970 suorum

2143 3017 2517 3088 unusquisque
2559 3014 2983 3084 constringetur.
3017 3009 3317 3067 Funiculus
3356 3016 3740 3080 peccatorum,

445 3135 502 3182 ct
531 3125 676 3190 illos,
708 3122 802 3192 qui
831 3120 989 3177 nobis
1020 3116 1357 3174 tentationes
1385 3119 1681 3186 generant,
1712 3110 1764 3164 in
1795 3106 2038 3163 homini-
2063 3101 2111 3166 C
2142 3110 2246 3167 nisi
2271 3111 2426 3181 plura
2453 3118 2675 3180 peccata
2701 3106 3010 3170 habuerim,
3043 3105 3152 3162 texi
3177 3118 3286 3160 non
3308 3110 3509 3175 potest.
3532 3101 3596 3159 Si
3618 3115 3749 3174 pec-

442 3221 568 3274 bus.
599 3217 757 3271 Dicat
779 3214 975 3285 aliquis
998 3229 1012 3265 :
1037 3211 1152 3267 Hoc
1180 3210 1356 3280 ipsum
1380 3207 1449 3262 de
1469 3203 1769 3275 Scripturis
1790 3201 1998 3256 affirma
2025 3217 2037 3253 :

446 3326 560 3365 non
608 3307 755 3364 enim
783 3306 1047 3363 debemus
1092 3301 1294 3373 aliquid
1329 3298 1476 3370 loqui
1509 3297 1612 3354 nisi
1642 3297 1712 3352 de
1741 3292 2046 3364 Scripturis

445 3402 614 3459 fuerit
641 3402 965 3458 adornatum
997 3407 1162 3468 atque
1191 3393 1573 3470 approbatum.
1599 3389 1765 3446 Judas
1795 3385 2046 3458 proditor

444 3499 573 3564 fuit,
603 3495 700 3553 sed
728 3493 959 3551 intravit
983 3491 1038 3546 in
1063 3490 1214 3544 illum
1245 3489 1503 3555 Satanas,
1535 3494 1591 3539 ct
1620 3484 1741 3553 ipse
1771 3482 1824 3536 in
1864 3477 2046 3550 prodi-

443 3604 568 3650 torc
597 3588 865 3662 prodidit.
899 3585 1052 3642 Uxor
1076 3580 1341 3652 Putipbar
1362 3595 1429 3634 co
1459 3589 1702 3648 tempore
1722 3571 1942 3644 quando
1969 3581 2046 3625 te-

445 3686 569 3742 nuit
598 3681 820 3752 Josepb,
853 3693 1072 3736 servum
1109 3690 1265 3730 suum
1292 3716 1308 3742 ,
1342 3671 1566 3728 domina
1606 3682 1862 3734 servum,
1887 3664 2044 3720 ditis-

449 3776 588 3836 sima
622 3773 1012 3850 pauperculum
1039 3813 1055 3839 ,
1086 3769 1221 3827 civis
1271 3765 1618 3838 peregrinum
1643 3804 1658 3830 ,
1699 3762 1791 3816 illa
1822 3757 2050 3816 tenebat

450 3870 677 3941 Joseph,
707 3867 806 3926 sed
837 3875 1064 3922 sanctus
1092 3863 1176 3919 vir
1205 3862 1261 3918 in
1285 3859 1536 3915 manibus
1565 3853 1814 3912 mulieris
1844 3850 2048 3907 intelli-

456 3963 633 4033 gebat
671 3975 794 4017 esse
819 3958 1096 4015 diabolum
1129 3955 1480 4009 retinentem.
1531 3947 1648 4005 Hoc
1683 3955 1854 4002 totum
1879 3957 2050 4016 quare

450 4055 612 4112 dico?
637 4052 711 4110 Ut
739 4051 957 4123 quando
984 4047 1193 4119 aliquid
1221 4047 1461 4118 patimur
1487 4041 1555 4097 ab
1575 4039 1916 4103 hominibus,
1942 4051 2050 4091 non

452 4151 761 4206 irascamur
789 4144 1104 4202 hominibus
1138 4159 1150 4195 :
1179 4141 1274 4197 sed
1305 4141 1623 4212 plangamus
1651 4149 1770 4192 eos.
1802 4134 1868 4190 Et
1899 4132 2051 4188 illum

454 4240 743 4296 videamus
789 4235 1172 4292 insidiatorem
1203 4233 1298 4303 qui
1328 4233 1382 4288 in
1411 4231 1547 4302 ipsis
1580 4235 1858 4299 operatur.
1901 4223 2054 4296 Saepe

457 4337 881 4402 expugnaverunt
925 4343 1005 4381 me
1041 4343 1075 4380 a
1107 4329 1379 4397 juventute
1408 4339 1520 4376 mea
1551 4338 1568 4375 :
1598 4322 1784 4376 etenim
1813 4335 1914 4373 non
1954 4334 2051 4388 po-

456 4428 663 4478 tuerunt
709 4420 856 4475 mihi.
906 4417 1348 4490 Expugnaverunt
1387 4431 1466 4469 me
1493 4456 1507 4480 ,
1541 4414 1594 4469 in
1625 4411 2052 4485 cogitationibus

2145 3212 2326 3261 catum
2370 3205 2574 3269 fecero,
2623 3217 2731 3256 non
2771 3209 2878 3256 tam
2915 3198 3192 3255 funiculus
3230 3205 3312 3254 est
3338 3238 3355 3265 ,
3386 3211 3550 3268 quam
3575 3195 3737 3266 quasi

2149 3313 2316 3354 unum
2364 3296 2512 3351 filum
2557 3303 2663 3350 est.
2712 3293 2770 3350 Si
2813 3302 2998 3348 autem
3056 3305 3220 3346 unum
3271 3289 3421 3344 filum
3468 3297 3590 3355 est,
3632 3287 3748 3344 cito

2146 3390 2438 3459 rumpitur,
2469 3397 2524 3444 et
2551 3396 2739 3443 tenere
2764 3428 2780 3454 ,
2811 3395 2866 3442 et
2895 3385 3064 3457 ligare
3092 3399 3198 3439 non
3228 3391 3431 3455 potest.
3465 3382 3525 3439 Si
3551 3391 3738 3438 autem

2148 3485 2307 3556 plura
2334 3491 2557 3553 peccata
2587 3481 2790 3537 fuerint
2825 3490 2880 3536 et
2917 3477 3360 3550 prolongaverint
3389 3477 3742 3549 iniquitates,

2149 3575 2218 3632 de
2251 3575 2498 3647 pluribus
2530 3574 2769 3646 peccatis
2793 3573 2948 3645 quasi
2975 3573 3044 3630 de
3071 3573 3317 3643 pluribus
3342 3571 3450 3626 ﬁlis
3469 3571 3753 3628 funiculus

2156 3669 2249 3738 ﬁt,
2279 3678 2338 3726 et
2357 3670 2486 3740 ligat
2509 3711 2523 3737 ,
2549 3676 2605 3724 et.
2630 3683 2739 3724 non
2769 3668 2880 3724 cito
2908 3667 3199 3738 rumpitur.
3231 3666 3346 3723 Hoc
3373 3676 3550 3722 totum
3579 3681 3752 3738 quare

2151 3765 2299 3822 dixi?
2328 3762 2464 3832 Quia
2491 3763 2724 3834 legimus
2752 3763 2808 3818 in
2837 3763 2942 3819 isto
2970 3761 3275 3829 versiculo‘,
3306 3761 3751 3834 prolongarerunt

2149 3861 2476 3930 iniquitatem
2504 3875 2673 3914 suam.

2222 3951 2476 4007 Dominus
2495 3953 2673 4022 justus
2693 3950 2926 4006 concidet
2944 3951 3160 4006 ceruices
3184 3957 3530 4023 peccatorum.
3557 3947 3755 4006 Videte

2152 4045 2283 4116 quid
2309 4045 2474 4117 dicat,
2508 4060 2616 4101 non
2646 4045 2805 4114 dixit,
2829 4044 3090 4102 concidat
3109 4056 3450 4116 peccatores.
3482 4043 3543 4100 Si
3570 4053 3756 4100 autem

2154 4136 2258 4193 hoc
2288 4137 2536 4202 dixisset,
2570 4151 2733 4192 nemo
2763 4137 2961 4192 salvari
2997 4144 3242 4208 poterat,
3273 4151 3466 4192 omnes
3501 4143 3756 4208 peccato-

2153 4244 2244 4285 res
2273 4244 2478 4285 sumus.
2527 4227 2632 4285 Sed
2663 4228 2790 4299 quid
2821 4203 3276 4285 diali-Dominus
3295 4231 3479 4301 justus
3502 4203 3757 4283 concidet

2154 4322 2373 4376 ceruices
2403 4330 2750 4391 peccatorum.
2799 4321 2901 4389 Qui
2937 4331 2992 4378 et
3021 4330 3340 4393 peccatores
3366 4331 3532 4390 sunt,
3570 4329 3628 4377 et
3655 4336 3756 4376 su-

2156 4414 2313 4485 perbi
2339 4424 2469 4471 sunt
2501 4433 2514 4469 :
2542 4413 2795 4485 quoniam
2823 4415 3072 4485 superbis
3103 4415 3245 4470 Deus
3271 4415 3504 4482 resistit,
3535 4413 3761 4470 humili-

453 4516 708 4588 turpibus
738 4532 750 4569 :
779 4519 1211 4587 expugnaverunt
1241 4526 1322 4565 me
1342 4555 1356 4578 ,
1389 4509 1444 4564 in
1475 4508 1781 4564 iracundia.
1819 4507 1933 4578 Ego
1962 4521 2053 4563 ac-
2079 4491 2129 4555 D
2156 4505 2256 4563 bus
2293 4517 2473 4564 autem
2501 4506 2596 4563 dat
2617 4507 2846 4579 gratiam
2874 4523 2888 4561 :
2916 4506 3042 4564 ideo
3072 4506 3326 4565 concidet
3351 4507 3603 4564 cervices
3630 4521 3760 4578 pec-

458 4609 645 4683 quievi
690 4605 1156 4680 cogitationibus;
1205 4601 1300 4659 sed
1341 4600 1528 4676 [Forte
1572 4591 1869 4655 addendum
1918 4597 2051 4669 non]

455 4701 704 4775 acquievi
746 4697 1176 4763 tentationibus;
1205 4694 1300 4753 sed
1331 4693 1537 4766 aliquid
1562 4693 1662 4750 feci
1687 4692 1830 4764 quod
1856 4706 1942 4748 me
1961 4706 2051 4747 co-

456 4797 654 4870 gitatio
683 4792 1076 4865 compellebat.
1119 4790 1178 4846 Si
1218 4787 1496 4844 iracundia
1527 4803 1617 4842 me
1656 4785 1966 4856 superavit,
2000 4793 2056 4841 et

455 4890 611 4948 fratri
645 4888 745 4944 feci
773 4884 1054 4957 iniuriam,
1086 4897 1194 4938 non
1225 4895 1445 4952 possum
1471 4879 1655 4935 dicere
1680 4896 1695 4934 :
1719 4876 1926 4933 Etenim
1951 4892 2054 4932 non

455 4988 735 5055 potuerunt
766 4979 913 5033 mihi.
951 4977 1257 5032 Potuerunt
1283 4973 1430 5028 enim
1464 4971 1617 5026 mihi.

531 5075 701 5145 Super
727 5073 942 5127 dorsum
970 5084 1139 5124 meum
1170 5065 1554 5138 fabricaverunt
1584 5075 1895 5136 peccatores.
1929 5066 2054 5122 Dili-

453 5177 649 5242 genter
673 5162 1102 5220 animadvertite
1140 5158 1422 5230 Scriptura
1455 5157 1587 5227 quid
1618 5159 1783 5213 dicat.
1818 5157 2054 5214 Sanctus

458 5262 666 5319 athleta
696 5266 806 5325 est,
836 5267 892 5314 et
921 5270 1028 5312 non
1071 5261 1367 5310 coronatur
1394 5251 1499 5305 nisi
1537 5251 1628 5320 qui
1662 5250 1896 5321 legitime
1925 5265 2052 5306 cer-

459 5352 660 5409 taverit
691 5368 704 5404 :
738 5350 890 5406 scitis
922 5348 1068 5404 enim
1093 5347 1220 5418 quia
1251 5345 1575 5400 athletarum
1605 5344 1771 5398 multa
1803 5357 1929 5399 sunt
1957 5359 2053 5415 ge-

459 5463 614 5504 nera.
649 5446 790 5504 Sunt
811 5443 956 5499 enim
985 5440 1075 5496 alii
1106 5439 1328 5494 athletae
1362 5457 1376 5493 :
1409 5438 1502 5493 alii
1529 5452 1659 5492 vero
1685 5445 1814 5492 sunt
1841 5437 1992 5507 quasi
2025 5446 2052 5475 ιι

372 5604 390 5616 κ
456 5535 881 5602 Pammacbarii,
911 5533 1008 5589 alii
1031 5531 1099 5586 ad
1122 5529 1240 5586 dies
1259 5528 1618 5597 contendunt,
1647 5528 1737 5583 alii
1767 5543 1899 5584 vero
1924 5537 2053 5584 sunt

534 5668 559 5695 ⁸
599 5658 866 5726 Corrupte
917 5649 1336 5714 Pammacharii,
1398 5663 1675 5726 qutevox
1725 5647 2046 5726 felicissimos

461 5728 673 5800 potius,
705 5718 864 5799 quam
893 5730 1200 5795 pugnatorcs
1232 5718 1552 5792 notae—legi
1591 5718 1835 5777 autumo.
1866 5718 2046 5776 Malim

2155 4609 2423 4657 calorum.

2654 4670 2972 4729 PSALMUS
3008 4670 3249 4729 CXXXI.

2231 4786 2514 4854 Memento,
2543 4783 2798 4855 Domine,
2833 4785 3006 4842 Dauid
3052 4796 3099 4842 et
3129 4789 3299 4843 omnis
3337 4787 3760 4843 mansuetudinis

2159 4884 2293 4955 ejus.
2326 4881 2475 4936 Multi
2511 4890 2700 4952 putant
2728 4896 2796 4937 ex
2824 4896 2890 4938 eo
2916 4880 3064 4952 quod
3093 4883 3354 4952 scriptum
3381 4892 3466 4938 est
3493 4882 3548 4939 in
3580 4882 3763 4938 Evan-

2159 4975 2324 5046 gelio,
2355 4974 2604 5032 Miserere
2623 4976 2808 5042 nostri,
2833 4975 2909 5045 ﬁli
2938 4973 3109 5030 David
3135 4975 3268 5048 (hoc
3290 4975 3422 5031 caeci
3448 4975 3638 5031 dicunt
3662 4974 3791 5044 qui‘

2159 5067 2418 5122 sedebant
2449 5069 2500 5123 in
2529 5066 2792 5139 Jericho),
2823 5069 2986 5123 istum
3017 5067 3211 5135 David,
3242 5067 3335 5139 qui
3365 5068 3762 5139 interpretatur

2161 5161 2306 5229 fortis
2333 5175 2512 5227 manu,
2542 5159 2736 5217 referri
2766 5159 2833 5215 ad
2861 5159 3152 5216 Dominum
3177 5161 3537 5216 Salvatorem.
3565 5159 3673 5216 Sui
3703 5159 3764 5216 in

2159 5250 2264 5307 isto
2307 5252 2513 5322 psalmo
2553 5252 2600 5307 si
2630 5252 2961 5307 voluerimus
3009 5251 3238 5318 referri,
3287 5263 3346 5308 ut
3396 5252 3474 5308 illi
3522 5261 3761 5324 putant,

2160 5341 2388 5398 multum
2441 5351 2602 5398 nocet
2658 5342 3030 5412 intelligentia:
3076 5352 3300 5399 nostra}.
3351 5341 3413 5400 Si
3459 5345 3608 5399 enim
3655 5344 3766 5401 hoc

2160 5434 2304 5504 quod
2353 5433 2570 5502 dicitur,
2625 5433 2918 5502 Memento,
2967 5433 3228 5502 Domine,
3279 5433 3454 5490 David
3500 5446 3550 5492 et
3594 5437 3766 5492 omnis

2157 5532 2569 5587 mansuetudinis
2599 5532 2743 5603 ejus,
2778 5531 3014 5587 refertur
3043 5531 3112 5588 ad
3139 5531 3416 5589 Christum
3439 5574 3456 5601 ,
3484 5532 3769 5605 quomodo

2157 5647 2385 5730 rescribi
2414 5645 2787 5730 Pancratiarii,
2814 5646 2957 5730 quod
2982 5662 3182 5705 nomen
3204 5646 3346 5706 idem
3378 5655 3466 5705 est
3493 5656 3660 5719 atque
3691 5646 3767 5704 il-

2158 5718 2255 5776 lud
2276 5720 2618 5790 potissimum
2639 5716 3036 5775 Pancratiastw.
