3992 6298
218 307 375 364 1297
1247 306 1448 364 LIBER
1491 305 1578 362 DE
1617 303 2073 365 EXPOSITIONE
2109 305 2556 366 PSALMORUM.
3413 317 3552 372 1'298

207 422 365 480 dicit
397 423 570 494 quasi
601 423 670 480 de
706 422 813 479 alio
847 441 860 478 :
893 422 1074 479 Donec
1105 423 1359 478 inveniam
1389 421 1558 476 locum
1585 419 1808 474 Domino
1831 459 1844 485 ,
1875 421 1927 481 A
1953 428 2009 476 et
2036 419 2349 476 invenietis.
2378 420 2629 490 Denique
2671 431 2727 478 et
2768 423 2884 478 hmc
2917 423 3176 494 -Ephrata
3224 440 3421 484 nomen
3451 445 3547 485 ac-

208 516 646 570 tabernaculum
694 514 803 571 Deo
845 515 1056 571 Jacob?
1106 514 1238 570 Ecce
1295 514 1588 568 audivimus
1640 530 1754 568 eam
1798 515 1855 568 in
1955 511 2118 580 cepit.
2142 510 2368 567 Videtur
2409 511 2635 568 forsitan
2682 514 2845 570 alicui
2874 530 3062 570 verum
3090 533 3198 572 non
3230 533 3377 586 esse,
3421 522 3548 589 quia

209 605 522 677 Ephrata,
545 608 836 664 invenimus
861 625 974 663 eam
995 609 1047 662 in
1071 608 1264 681 campis
1291 606 1455 662 silvas.
1487 606 1556 662 Et
1579 606 1854 677 quomodo
1956 618 2159 658 novum
2183 615 2267 659 est
2294 623 2308 658 :
2338 603 2432 658 sed
2462 619 2584 660 eum
2624 605 2843 661 remitto
2871 605 2938 660 ad
2983 607 3362 664 auctoritatem
3403 610 3551 667 libri.

207 699 448 755 dicitur
487 719 504 756 :
537 700 761 773 Propter
797 699 992 767 David,
1018 717 1214 754 servum
1269 709 1418 752 tuum
1443 741 1457 764 ,
1504 715 1606 753 non
1655 706 1854 753 avertas

207 793 432 864 faciem
470 791 671 847 Christi
701 793 819 848 tui?
847 794 903 849 Si
934 793 1082 849 enim
1101 833 1116 856 ,
1162 800 1218 846 ut
1248 799 1462 861 putant,
1490 787 1740 844 Christus
1768 798 1854 846 est

207 886 438 949 David.
472 887 752 958 quomodo
767 887 923 947 dicit.
951 895 1173 957 propter
1202 885 1390 952 David,
1419 899 1639 941 servum
1673 892 1848 952 tuum,

209 995 334 1036 non
372 990 609 1036 avertas
637 979 830 1036 faciem
876 978 1080 1034 Christi
1119 977 1239 1032 tui?
1283 977 1397 1033 Non
1437 986 1545 1032 stat
1590 977 1746 1032 ordo.
1793 977 1852 1032 Si

209 1074 376 1129 enim
415 1073 600 1128 David
633 1070 885 1129 Christus
912 1071 1141 1137 dicitur,
1196 1071 1274 1127 sic
1307 1070 1596 1141 incipimus
1645 1070 1851 1125 intelli-

207 1181 395 1237 gere,
432 1173 666 1236 propter
690 1163 967 1221 Christum
999 1179 1217 1220 servum
1249 1174 1399 1219 tuum
1430 1179 1499 1219 ne
1529 1171 1744 1218 avertas
1775 1161 1852 1217 fa-

211 1259 374 1315 ciem
422 1257 640 1314 Christi
675 1259 770 1312 tui.
807 1258 918 1313 Hoc
947 1266 1170 1328 propter
1195 1272 1291 1313 eos
1320 1257 1533 1328 loquor,
1564 1256 1656 1327 qui
1685 1255 1850 1311 David

212 1350 272 1405 in
306 1351 497 1405 istum
535 1350 710 1404 locum
743 1348 1020 1403 Christum
1054 1349 1486 1418 interpretantur
1515 1365 1528 1401 :
1561 1346 1680 1402 Non
1709 1346 1851 1417 quod

214 1456 518 1512 negemus
546 1438 821 1496 Christum
863 1440 1213 1510 interpretari
1257 1439 1425 1495 David
1468 1456 1566 1510 pro
1606 1439 1850 1494 locorum

2029 695 2163 750 Ecce
2192 694 2487 750 audivimus
2530 711 2645 750 eam
2695 699 2750 751 in
2790 695 3053 768 Ephrata.
3085 698 3143 754 In
3186 699 3416 756 Hebraeo
3446 718 3556 758 non

1958 788 2120 844 habet
2147 804 2281 856 eam,
2315 787 2412 844 sed
2438 787 2602 844 habet
2626 805 2763 850 eum,
2791 789 2897 844 hoc
2926 799 3036 853 est,
3071 790 3222 844 illum
3251 793 3342 862 qui
3374 796 3556 850 nasci-

1956 889 2112 935 turus
2132 880 2305 935 estde
2330 880 2564 936 semine.
2591 881 2896 937 Audiuimus
2917 897 3032 935 eam
3049 883 3101 938 in
3117 881 3352 953 Ephrata
3373 905 3386 941 :
3409 887 3559 956 quod

1954 972 2024 1029 de
2053 973 2220 1028 Maria
2265 988 2476 1029 sensus.
2513 973 2621 1029 Sed
2651 983 2706 1029 et
2732 974 3062 1044 simpliciter
3091 977 3395 1048 intelligere
3426 994 3550 1050 pos-

1954 1081 2165 1132 sumus,
2225 1067 2480 1137 quoniam
2531 1067 2793 1135 Ephrata,
2852 1067 3170 1125 Bethlehem
3211 1070 3431 1128 dicitur.
3483 1075 3554 1130 Et

1953 1161 2208 1218 Christus
2250 1161 2305 1216 in
2345 1160 2664 1217 Bethlehem
2701 1171 2861 1218 natus
2899 1163 2989 1217 sit.
3018 1163 3165 1220 Felix
3198 1166 3362 1236 igitur
3397 1167 3551 1223 locus

1955 1254 2049 1326 qui
2081 1263 2230 1308 tanto
2270 1262 2396 1308 ante
2441 1263 2688 1325 tempore.
2717 1254 3110 1326 prophetarum
3142 1272 3277 1314 voce
3306 1270 3556 1317 cantatus

1954 1357 2059 1402 cst.
2091 1345 2282 1402 Omnia
2330 1346 2550 1416 quidem
2595 1347 2710 1402 loca
2762 1355 2986 1411 sancta,
3037 1350 3375 1406 venerabilia
3405 1361 3554 1426 sunt,

1954 1447 2009 1494 et
2035 1438 2125 1493 ubi
2153 1447 2311 1493 natus
2347 1445 2451 1503 est,
2485 1446 2540 1492 et
2580 1437 2672 1492 ubi
2703 1437 3000 1493 cruciﬁxus
3028 1448 3134 1505 est,
3165 1449 3219 1495 et
3249 1441 3337 1498 ubi
3370 1458 3557 1499 resur-

212 1532 515 1604 qualitate
540 1548 556 1597 ;
602 1531 698 1588 sed
747 1532 800 1587 in
849 1531 956 1587 isto
987 1531 1108 1586 loco
1153 1546 1261 1586 non
1308 1530 1504 1598 recipit
1533 1545 1747 1585 sensus.
1779 1530 1848 1585 Et
1953 1533 2118 1594 rexit.
2145 1541 2204 1587 et
2230 1533 2323 1588 ubi
2353 1532 2420 1587 ad
2443 1533 2612 1589 cmlos
2634 1532 2809 1588 victor
2835 1533 3116 1598 ascendit;
3145 1535 3241 1590 sed
3269 1536 3372 1592 iste
3398 1536 3552 1593 locus

212 1639 410 1695 quare
436 1633 630 1679 errent
649 1623 772 1679 dico
793 1623 968 1686 vobis,
994 1623 1116 1694 quia
1136 1624 1397 1691 scriptum
1418 1633 1502 1679 est
1527 1640 1541 1678 :
1570 1623 1848 1689 Memento,
1955 1626 2175 1698 proprie
2203 1627 2580 1682 venerabilior
2620 1636 2722 1682 est.
2769 1627 2905 1684 Vide
2935 1637 3138 1700 quanta
3177 1631 3557 1687 misericordia

212 1718 496 1782 Domine,
529 1715 698 1772 Dauid
727 1727 775 1771 et
811 1719 977 1772 omnis
1015 1716 1424 1770 mansuetudinis
1454 1717 1587 1788 ejus.
1633 1715 1701 1771 Et
1743 1715 1850 1772 Do-
1956 1723 2050 1778 Dei
2091 1724 2176 1778 hic
2210 1729 2366 1778 natus
2395 1721 2660 1793 parvulus
2683 1722 2880 1778 infans.
2917 1723 2974 1778 lu
3017 1739 3268 1794 prmsepe
3298 1725 3548 1794 ponitur;

215 1812 425 1868 minus
458 1811 596 1867 dicit
639 1812 693 1867 in
741 1811 1035 1883 Evangelio
1068 1828 1082 1866 :
1116 1809 1314 1866 Discite
1357 1828 1389 1864 a
1436 1827 1516 1866 me
1545 1811 1666 1882 quia
1711 1811 1846 1865 mitis

1957 1831 2064 1872 non
2096 1817 2242 1870 enim
2275 1824 2392 1869 erat
2421 1815 2526 1869 illis
2557 1814 2710 1870 locus
2736 1813 2791 1869 in
2835 1814 3158 1870 diversorio.
3191 1815 3237 1870 0
3260 1816 3551 1883 monache,

215 1925 347 1962 sum
373 1917 430 1962 et
457 1907 674 1962 humilis
696 1907 869 1962 corde.
896 1907 998 1962 Pro
1019 1904 1237 1976 quidem
1263 1920 1457 1970 sensu;
1485 1905 1579 1961 sed
1601 1914 1848 1960 errantes

215 1998 414 2055 David
462 1998 555 2054 hic
581 1997 857 2054 Christum
906 1999 1356 2069 interpretantur,
1386 2006 1443 2052 et
1469 1995 1845 2052 mansuetudi-

223 2105 366 2146 nem
401 2090 532 2161 ejus
561 2088 808 2146 rel'erunt
833 2089 898 2144 ad
929 2089 1230 2145 Christum.
1269 2087 1379 2144 Nos
1407 2103 1538 2160 ergo
1577 2089 1847 2158 interpre-

223 2191 429 2237 temur
459 2181 624 2236 istum
667 2181 934 2252 psalmum
965 2184 1017 2236 in
1052 2179 1217 2234 David
1237 2220 1252 2244 ,
1284 2188 1344 2234 ut
1371 2179 1462 2250 qui
1494 2187 1744 2234 nascetur
1773 2194 1844 2235 ex

217 2274 410 2331 David
444 2289 577 2331 vere
604 2274 857 2329 Christus
888 2272 1244 2342 intelligatur.
1277 2272 1520 2342 Denique
1543 2271 1722 2327 videte
1751 2285 1844 2327 or-

217 2369 430 2425 dinem
453 2409 470 2431 ,
505 2368 766 2439 quoniam
798 2367 941 2424 enim
971 2366 1194 2438 grandis
1219 2374 1304 2421 est
1342 2365 1579 2436 psalmus
1602 2409 1617 2432 ,
1653 2375 1705 2420 et
1733 2365 1844 2434 jam

217 2462 408 2517 multa
441 2459 686 2516 diximus
712 2503 725 2525 ,
761 2459 1025 2516 debemus
1071 2458 1312 2514 breviter
1341 2473 1534 2514 sensus
1577 2458 1842 2526 perstrin-

218 2568 406 2624 gere,
456 2566 568 2607 non
616 2551 777 2607 latius
807 2551 1083 2621 diSputare
1116 2568 1130 2604 :
1163 2559 1223 2606 ut
1251 2551 1494 2623 prudens
1523 2550 1738 2606 auditor
1777 2565 1842 2606 ex

219 2644 320 2700 his
351 2659 488 2716 quae
516 2643 775 2712 diximus,
805 2644 966 2701 etiam
995 2659 1059 2701 ea
1084 2659 1206 2716 quae
1249 2659 1356 2700 non
1401 2643 1694 2716 loquimur,
1726 2643 1842 2714 ipse

131 2789 136 2795 .
218 2755 251 2797 a
288 2755 358 2797 se
394 2739 697 2810 intelligat.

299 2835 469 2892 Sicut
504 2835 705 2905 juravit
744 2832 1006 2900 Domino,
1053 2843 1228 2889 votum
1268 2834 1400 2889 vovit
1433 2832 1541 2888 Deo
1567 2832 1753 2888 Iacob.
1785 2833 1845 2889 In

222 2927 520 2985 Hebraico
551 2942 657 2982 non
690 2926 938 2995 habetat,
962 2927 1066 2982 hoc
1091 2936 1205 2995 est,
1234 2927 1384 2990 sicut,
1417 2941 1517 2982 nec
1544 2926 1624 2981 sic
1651 2939 1846 2981 sensus

223 3029 355 3083 est;
387 3019 494 3076 sed
527 3019 690 3075 habet
714 3021 790 3084 ὸς,
826 3018 931 3074 hoc
959 3027 1044 3074 est
1066 3061 1081 3084 ,
1109 3019 1235 3089 qui,
1265 3028 1319 3073 et
1348 3027 1430 3074 est
1456 3033 1650 3074 sensus
1685 3035 1698 3070 :
1733 3016 1847 3072 Me-

222 3123 439 3181 mento,
474 3111 734 3179 Domine,
762 3109 932 3166 Dauid
971 3120 1018 3165 et
1057 3111 1224 3166 omnis
1252 3110 1664 3166 mansuetudinis
1693 3112 1805 3183 ejus
1829 3150 1844 3174 ,

1957 1911 2219 1966 Dominus
2257 1911 2500 1966 nascitur
2524 1911 2578 1965 in
2613 1920 2789 1976 terra,
2823 1919 2876 1966 et
2905 1909 3101 1966 cellam
3133 1910 3412 1980 pmpriam
3443 1925 3553 1967 non

1953 2003 2120 2059 habet
2148 2023 2160 2058 :
2194 2019 2296 2060 non
2328 2013 2440 2058 erat
2466 2004 2572 2058 illis
2615 2004 2758 2059 locus
2785 2005 2840 2058 in
2886 2005 3191 2059 diversorio.
3223 2003 3550 2062 Universum

1949 2113 2122 2169 genus
2150 2097 2446 2152 humanum
2479 2096 2644 2153 habet
2671 2098 2853 2153 locum
2889 2116 2901 2150 :
2932 2096 3183 2154 Christus
3210 2113 3319 2154 non
3342 2100 3552 2155 invenit

1952 2191 2130 2246 locum
2162 2190 2305 2244 inter
2332 2189 2602 2244 homines.
2625 2188 2742 2244 Non
2767 2190 2976 2246 invenit
2997 2191 3049 2245 in
3075 2190 3320 2256 Platone,
3355 2207 3463 2247 non
3495 2193 3552 2247 in

1949 2282 2271 2347 Aristotele,
2315 2282 2411 2338 sed
2453 2283 2505 2336 in
2545 2297 2812 2353 praesepe.
2854 2283 3000 2339 Inter
3024 2282 3267 2353 jumeuta
3299 2292 3355 2338 et
3392 2284 3552 2340 bruta

1949 2375 2202 2430 animalia
2233 2384 2286 2429 et
2316 2375 2596 2446 simplices
2635 2390 2882 2446 quosque
2912 2384 2968 2431 et
3018 2377 3364 2432 innocentes.
3400 2377 3557 2434 Unde

1948 2467 2081 2523 dicit
2109 2475 2165 2523 et
2188 2466 2451 2522 Dominus
2478 2467 2534 2523 in
2566 2467 2880 2539 Evangelia.
2914 2465 3106 2538 Vulpes
3137 2471 3312 2540 foveas
3335 2468 3547 2538 habent,

1945 2569 1996 2615 et
2025 2560 2257 2615 volucres
2287 2560 2403 2615 coeli
2434 2562 2607 2617 nidos.
2637 2559 2812 2616 Filius
2831 2571 3000 2618 autem
3025 2562 3247 2618 hominis
3271 2579 3374 2620 non
3400 2563 3553 2619 habet

1946 2652 2035 2706 ubi
2057 2661 2210 2724 caput
2233 2654 2467 2708 reclinet.

2463 2786 2783 2845 PSALMUS
2841 2786 3024 2844 CXLI.

2020 2920 2319 2976 Intellectus
2360 2921 2533 2977 David
2562 2964 2577 2989 ,
2621 2938 2741 2976 cum
2780 2933 2912 2978 esset
2952 2924 3006 2977 in
3045 2925 3314 2995 spelunca.
3358 2925 3548 2983 Oratio

1947 3015 2346 3086 praescribitur.
2363 3017 2475 3073 lste
2497 3016 2684 3072 titulus
2701 3017 3003 3073 secundum
3025 3019 3308 3076 historiam
3327 3022 3549 3092 quidem

1948 3121 2052 3176 est,
2083 3108 2305 3180 quando
2343 3109 2592 3181 fugiebat
2630 3110 2796 3166 David
2843 3126 2873 3165 a
2923 3111 3050 3168 Saul
3096 3113 3148 3168 in
3185 3115 3410 3170 deserto
3439 3117 3551 3172 En-

223 3206 321 3276 qui
345 3205 562 3278 juravit
591 3203 815 3259 Domino
837 3243 853 3270 ,
898 3212 1070 3257 votum
1116 3203 1248 3256 vovit
1295 3201 1405 3256 Deo
1433 3201 1619 3256 Jacob.
1653 3202 1718 3256 Et
1748 3201 1850 3256 hoc
1877 3201 1921 3264 C
1954 3201 2138 3273 gaddi,
2172 3201 2226 3256 in
2248 3203 2506 3272 spelunca
2536 3201 2860 3258 absconsus.
2887 3203 2956 3258 Et
2983 3204 3262 3275 ingressus
3289 3217 3371 3262 est
3395 3208 3549 3279 igno-

228 3306 364 3367 puto
398 3312 517 3352 non
548 3305 652 3350 tam
682 3296 815 3352 vitio
847 3293 1197 3366 Septuaginta
1228 3293 1589 3364 lnterpretum
1613 3293 1837 3362 factum,

225 3404 394 3460 quam
431 3387 769 3458 scriptorum
801 3401 1012 3444 errore.

301 3482 370 3538 Si
394 3483 652 3538 introiero
678 3482 732 3534 in
758 3479 1144 3536 tabernaculum
1166 3481 1351 3536 domus
1371 3496 1514 3536 mete.
1547 3479 1719 3536 David
1741 3477 1845 3536 hoc

226 3576 387 3644 dicit,
424 3574 640 3632 nullam
682 3575 843 3630 aliam
869 3573 1116 3646 requiem
1144 3588 1329 3645 quaero
1358 3574 1459 3629 nisi
1496 3572 1720 3640 Christi,
1753 3571 1844 3644 qui

224 3669 296 3724 de
337 3685 472 3726 meo
522 3668 731 3724 semine
762 3669 1072 3724 nasciturus
1105 3671 1210 3733 est,
1245 3667 1346 3722 hoc
1371 3678 1478 3733 est,
1527 3682 1688 3738 quem
1720 3680 1847 3736 pro-

227 3763 458 3829 misisti,
496 3759 623 3832 quia
652 3759 720 3814 de
752 3759 885 3815 meis
915 3759 1118 3814 lumbis
1147 3759 1454 3814 nasciturus
1479 3769 1585 3814 est.

302 3853 366 3910 Si
400 3852 607 3909 dedero
637 3853 800 3907 oculis
839 3851 964 3906 meis
993 3861 1040 3906 et
1068 3851 1329 3924 palpebris
1369 3852 1493 3906 meis
1523 3850 1847 3905 dormitatio-

226 3965 368 4003 nem.
409 3947 487 4004 Et
517 3948 740 4018 requiem
780 3946 1089 4016 temporibus
1119 3947 1261 4008 meis,
1297 3945 1457 4000 donec
1476 3945 1732 3999 inveniam
1764 3944 1846 3997 lo-

228 4056 346 4095 cum
372 4040 632 4109 Domino,
663 4039 1050 4094 tabernaculum
1074 4035 1184 4090 Deo
1213 4035 1393 4091 Jacob.
1427 4035 1540 4091 Hoc
1564 4033 1719 4090 multi
1753 4050 1850 4105 pu-

233 4142 351 4188 tant
396 4133 517 4191 dici
546 4133 615 4190 de
662 4133 938 4197 Ecclesia;
971 4131 1067 4188 sed
1093 4131 1224 4187 mihi
1255 4131 1470 4187 videtur
1503 4145 1606 4186 non
1639 4139 1744 4184 tam
1777 4129 1847 4186 de

230 4224 495 4284 Ecclesia
552 4225 678 4293 dici,
727 4240 890 4297 quam
925 4224 993 4280 de
1025 4232 1210 4280 sancta
1243 4223 1431 4279 Maria.
1487 4222 1728 4293 Denique
1768 4221 1849 4276 di-

231 4319 400 4375 citur.

306 4410 446 4467 Ecce
491 4410 784 4465 audivimus
810 4425 924 4464 eam
957 4410 1011 4464 in
1055 4408 1308 4480 Ephrata,
1339 4409 1621 4464 invenimus
1651 4426 1765 4464 eam
1789 4411 1844 4465 in

235 4505 436 4571 campis
466 4501 636 4556 silete.
667 4501 934 4572 Legamus
963 4501 1274 4571 Scripturas
1301 4512 1540 4568 sanctas,
1572 4510 1627 4555 et
1653 4501 1845 4557 diebus

1947 3311 2076 3352 rans
2102 3293 2260 3364 Saul,
2282 3294 2436 3366 quasi
2457 3310 2554 3349 sua
2575 3309 2760 3360 causa,
2786 3298 2881 3350 sed
2903 3296 3159 3367 quoniam
3187 3297 3349 3353 habet
3371 3299 3423 3354 in
3447 3315 3547 3356 sua

1947 3390 2380 3462 prtescriptione,
2426 3385 2731 3442 Intellectus
2763 3387 2958 3456 David,
2991 3389 3255 3446 debemus
3284 3391 3546 3461 spiritua-

1950 3485 2078 3541 liter
2097 3485 2402 3554 intelligere
2427 3483 2720 3555 psalmum.
2744 3482 3028 3552 Accipitur
3043 3483 3266 3555 quidem
3288 3492 3345 3542 et
3367 3487 3420 3540 in
3445 3486 3546 3542 Do-

1949 3581 2156 3638 minum
2176 3595 2362 3636 verum
2385 3577 2555 3634 David
2579 3577 2685 3634 iste
2703 3576 2965 3648 psalmus,
2994 3587 3050 3634 et
3070 3579 3393 3652 intelligitur
3413 3580 3548 3637 Saul

1950 3675 2008 3731 in
2039 3673 2252 3730 diabolo
2281 3692 2292 3728 :
2325 3673 2583 3744 spelunca
2611 3683 2796 3727 autem
2822 3671 2876 3726 in
2907 3670 3012 3727 hoc
3041 3671 3264 3727 mundo.
3299 3672 3370 3727 Et
3397 3673 3548 3742 quod

1949 3766 2199 3822 diabolus
2224 3782 2330 3822 non
2362 3764 2541 3821 mittat
2567 3765 2621 3820 in
2649 3763 2751 3819 hoc
2775 3762 2982 3819 mundo
3025 3762 3232 3834 aliquid
3263 3763 3414 3828 boni,
3445 3763 3544 3820 sed

1949 3869 2180 3927 stercus,
2211 3870 2268 3916 et
2287 3860 2333 3914 si
2355 3859 2484 3931 quid
2508 3859 2805 3930 putridum.
2831 3856 3100 3928 Spelunca
3130 3866 3310 3912 autem
3335 3857 3546 3912 intelli-

1948 3955 2091 4026 gitur
2118 3953 2224 4008 iste
2254 3953 2516 4019 mundus,
2545 3953 2672 4022 quia
2696 3950 2996 4018 perfectum
3028 3951 3209 4006 lumen
3241 3966 3349 4006 nou
3380 3949 3552 4008 habet

1950 4054 2211 4116 quantum
2239 4044 2305 4099 ad
2331 4043 2801 4113 comparationem
2833 4043 3029 4110 luturi,
3063 4043 3158 4098 sed
3180 4045 3335 4113 quasi
3359 4043 3545 4101 lumen

1949 4140 2172 4210 aliquod
2201 4139 2383 4195 illuxit
2425 4138 2690 4194 Dominus
2721 4138 2948 4194 veniens
2983 4138 3038 4194 in
3077 4139 3223 4194 hunc
3254 4140 3538 4196 mundum.

1948 4234 2248 4304 Propterea
2270 4233 2402 4288 dicit
2421 4233 2752 4303 Apostolus:
2785 4232 2887 4300 Qui
2913 4241 2988 4286 est
3018 4233 3189 4287 lumen
3217 4233 3398 4304 gloria:
3426 4237 3542 4304 ejus

1950 4325 2113 4398 (Heb.
2161 4325 2322 4397 1,5).
2356 4325 2499 4395 Ergo
2525 4325 2665 4379 sicut
2697 4323 2863 4378 David
2895 4324 3115 4380 intravit
3143 4325 3197 4380 in
3230 4326 3546 4396 speluncam

1949 4419 2294 4474 abscondens
2321 4434 2380 4473 se
2409 4434 2437 4472 a
2465 4417 2592 4474 Sanl
2629 4436 2641 4470 :
2675 4416 2748 4472 ita
2776 4427 2833 4472 et
2865 4418 3124 4474 Dominus
3148 4417 3431 4490 ingressus
3457 4429 3543 4477 est

1946 4511 2001 4566 in
2031 4511 2132 4563 hoc
2153 4507 2375 4574 mundo,
2407 4518 2460 4562 et
2491 4509 2924 4575 persecutionem
2963 4524 3153 4578 passus
3183 4520 3288 4565 est.

235 4602 292 4648 et
318 4594 580 4651 noctibus
608 4594 850 4663 singulas
885 4593 1122 4664 syllabas
1152 4604 1207 4647 et
1239 4593 1452 4648 litteras
1493 4593 1836 4648 ventilemus.
1869 4610 1918 4671 υ
2017 4599 2246 4667 Επαηάο
2275 4599 2328 4652 in
2359 4606 2631 4666 conspectu
2654 4600 2768 4668 ejus
2797 4599 3079 4652 orationem
3099 4615 3284 4655 meum,
3317 4599 3542 4670 Signia-

237 4685 394 4743 Dicat
425 4688 630 4758 aliquis
659 4687 728 4742 de
759 4687 993 4757 Ephrata
1015 4731 1031 4753 ,
1085 4688 1172 4743 hic
1200 4687 1524 4744 Bethlehem
1551 4687 1710 4743 dixit.
1744 4688 1843 4744 Le-

237 4779 419 4850 gimus
451 4778 602 4836 enim
631 4781 685 4834 in
715 4779 915 4836 Genesi
945 4798 956 4835 :
995 4779 1142 4834 Venit
1167 4781 1221 4834 in
1249 4778 1567 4847 Bet/cleltem,
1601 4779 1706 4834 hoc
1737 4789 1840 4849 est,

243 4868 506 4944 Ephrata.
545 4870 658 4927 Hoc
707 4870 906 4926 dicitur
961 4870 1028 4926 de
1071 4870 1242 4952 Jacob
1291 4872 1509 4942 quando
1555 4888 1698 4928 uxor
1729 4872 1847 4942 ejus

243 4962 449 5021 Rachel
486 4974 700 5020 mortua
730 4972 835 5020 est.
892 4963 1006 5020 Hoc
1029 4973 1154 5032 est,
1205 4965 1466 5034 prrata.
1503 4966 1609 5024 Sed
1659 4966 1846 5022 videa-

245 5069 365 5112 mus
396 5055 639 5128 Ephrata
677 5072 845 5128 quare
883 5071 1080 5113 nomen
1126 5059 1422 5128 acceperit.
1457 5059 1732 5130 Scriptum
1761 5068 1845 5115 est

246 5150 391 5205 enim
454 5151 511 5206 in
575 5149 1056 5222 Paralipomenon,
1123 5152 1380 5222 quoniam
1442 5151 1633 5219 Maria,
1689 5167 1844 5208 soror

248 5239 418 5312 Moysi
457 5255 514 5300 et
560 5247 763 5310 Aaron,
825 5242 1074 5298 habuerit
1113 5244 1366 5299 maritum
1399 5245 1425 5274 "
1454 5243 1528 5300 0r
1561 5261 1575 5300 :
1607 5261 1714 5300 non
1745 5245 1839 5313 Ur,

248 5339 342 5391 sed
371 5341 446 5394 0r
473 5339 518 5412 (Ι
546 5338 678 5394 Par.
709 5339 810 5408 χι).
863 5338 933 5392 Et
977 5347 1160 5407 postea
1213 5337 1348 5393 ordo
1391 5337 1744 5405 describitur,
1789 5347 1846 5395 et

249 5424 444 5485 dicitur
466 5448 478 5485 :
503 5430 689 5495 Maria,
721 5445 882 5486 soror
899 5430 1066 5501 Moysi
1087 5439 1142 5486 et
1165 5431 1366 5498 Aaron,
1391 5431 1509 5487 hare
1535 5444 1616 5487 est
1640 5431 1848 5502 Ephra-

252 5525 323 5574 ta.
357 5521 473 5580 Hoc
526 5524 582 5580 in
624 5522 1081 5594 Paralipomenon
1115 5523 1269 5580 libris
1297 5525 1576 5580 scribitur.
1601 5525 1844 5592 Quaerite

326 5676 351 5704 ⁸
391 5669 742 5727 Hebraeorum
764 5671 862 5725 ista
887 5669 1072 5738 opinio
1093 5678 1196 5725 est.
1224 5669 1490 5724 Msnr.—
1507 5667 1698 5724 Falsus
1725 5669 1850 5725 Hie-

263 5751 381 5813 r_on_.
399 5743 454 5813 in
477 5743 864 5813 quaestionibus
877 5740 1226 5813 Hebraicisin
1247 5741 1339 5813 lib.
1363 5739 1849 5813 Paralipomenon:

267 5805 417 5867 Caleb
443 5805 590 5871 duxit
618 5816 776 5871 aliam
801 5827 1015 5866 uxorem
1034 5811 1241 5867 nomine
1267 5811 1524 5883 Ephrata,
1550 5805 1616 5865 ex
1634 5827 1734 5882 qua
1762 5829 1852 5866 su-

1949 4691 2163 4751 cantius
2190 4691 2346 4758 dixit,
2381 4688 2601 4744 ell'undo
2623 4697 2796 4743 totum
2819 4703 2914 4744 cor
2943 4704 3126 4744 meum
3156 4691 3210 4744 in
3240 4703 3542 4761 conspectu

1949 4783 2162 4842 Domini
2193 4801 2205 4837 :
2238 4779 2707 4850 Quemadmodum
2748 4778 2943 4848 aliquis
2968 4779 3297 4834 confiteatur
3325 4782 3542 4838 medico

1947 4879 2143 4934 vulnus
2172 4891 2354 4932 suum.
2387 4875 2451 4930 Et
2470 4887 2659 4930 omnes
2709 4886 2845 4943 quas
2888 4870 3053 4927 habet
3098 4871 3382 4940 passiones
3408 4873 3544 4930 dicit

1949 4973 2051 5036 illi,
2080 4981 2138 5026 ut
2167 4969 2242 5025 ita
2271 4967 2528 5024 adhibeat
2565 4969 2614 5024 ei
2664 4981 2871 5021 curam.
2925 4964 3332 5019 Tribulationem
3376 4983 3545 5021 meam

1948 5075 2068 5122 ante
2093 5067 2260 5135 ipsum
2284 5062 2564 5133 pronuntio
2581 5103 2595 5126 ,
2626 5060 2731 5116 hoc
2753 5069 2875 5124 est,
2907 5057 3188 5113 tribulatio
3207 5072 3370 5129 quam
3397 5059 3546 5128 Apo-

1950 5157 2122 5212 stolus
2143 5165 2414 5221 numerat,
2433 5167 2554 5224 qua:
2567 5160 2847 5208 numerata
2864 5165 2986 5205 cum
3000 5149 3212 5206 caeteris
3224 5164 3380 5220 spem
3392 5148 3541 5218 facit,

1947 5265 2072 5320 spes
2104 5260 2286 5305 autem
2317 5263 2421 5302 non
2451 5246 2750 5302 confundit.

2021 5341 2090 5396 In
2108 5342 2396 5412 deﬁciendo
2420 5343 2570 5395 inme
2595 5341 2834 5412 spiritum
2857 5352 3045 5392 meum.
3075 5338 3131 5395 Si
3163 5352 3270 5393 non
3293 5351 3359 5394 ex
3383 5337 3542 5394 nobis

1949 5435 2168 5491 deficiat
2204 5434 2426 5506 spiritus
2455 5433 2632 5487 malus
2669 5432 2758 5502 qui
2798 5430 3096 5485 sull'ocaltat
3125 5429 3278 5498 Saul,
3309 5447 3413 5484 non
3447 5444 3546 5500 p0-

1953 5535 2058 5584 test
2083 5542 2243 5583 nosse
2273 5528 2495 5589 semitas
2523 5533 2736 5580 nostras
2760 5524 3040 5578 Dominus.
3064 5524 3194 5592 Quae
3215 5532 3392 5579 autem
3417 5532 3542 5579 sunt

1952 5671 2114 5742 srepit
2142 5665 2194 5722 Η
2200 5685 2279 5737 ur,
2315 5669 2481 5723 virum
2514 5665 2718 5736 Mariae,
2747 5666 2940 5721 sororis
2972 5663 3166 5738 Moysi,
3194 5676 3393 5738 patrem
3421 5663 3544 5720 Hu-

1953 5743 2022 5810 ri,
2055 5748 2162 5798 etc.
