3982 6346
224 285 369 341 1301

1252 285 1625 345 ΡΒΒΕἊΤΙΟ
1663 287 1753 345 ΒΕ
1794 288 2000 345 LIBRO
2035 286 2493 349 PSALMURUH.

3389 290 3526 352 tam

222 399 416 456 traditi
437 408 564 456 sunt
582 401 1055 471 captivitati.Nibil
1087 403 1248 473 igitur
1270 404 1830 473 mirabilesubliujoso
1857 406 2188 476 Aquinius,
2245 409 2558 479 trigesimus
2616 418 2834 475 sextus,
2892 410 3196 482 trigesimus
3246 410 3531 481 septimus,

221 492 381 548 modi
408 494 820 562 constitutione,
862 504 915 549 et
942 511 1064 565 quae
1094 496 1240 552 illata
1262 504 1393 553 sunt
1419 496 1564 552 libro
1589 495 1834 552 Pssimo-

221 600 380 652 rum,
403 584 742 652 deciderunt,
761 585 1020 641 oblivioni
1042 586 1217 657 longis
1242 587 1440 642 tradita
1464 588 1828 660 temporibus.

305 677 435 731 Post
459 676 576 732 haec
598 689 802 745 autem,
840 686 863 715 ⁸
898 680 1015 733 sive
1049 678 1272 745 Ezram,
1299 679 1414 736 sive
1442 681 1731 750 quemdam
1753 682 1834 736 vi-

219 786 353 826 rum
374 773 786 842 proltbetarum,
816 771 963 827 circa
983 772 1465 843 congregationem
1487 789 1700 841 eorum,
1729 773 1833 829 fes‘

222 864 441 920 tinasse
486 879 609 920 cum
654 864 871 920 caeteris
910 873 968 920 et
1004 864 1203 920 librum
1249 864 1591 921 Psalmorum
1634 865 1834 922 condu-

220 970 420 1023 nasse,
450 971 559 1011 non
584 956 789 1028 liquido
821 957 1160 1014 invenientes
1188 973 1401 1028 omnes,
1429 957 1524 1015 sed
1559 974 1655 1029 per
1680 959 1833 1014 varia

221 1033 504 1119 tempora.
537 1048 820 1104 Taxavere
850 1059 1031 1105 autem
1064 1050 1331 1121 imprimis
1364 1050 1455 1121 qui
1501 1050 1718 1119 priores
1746 1052 1831 1105 in-

217 1142 383 1199 venti
412 1152 560 1208 sunt,
595 1153 813 1212 propter
845 1141 988 1213 quod
1021 1158 1121 1198 nec
1148 1142 1254 1213 ipsi
1283 1152 1342 1196 ut
1365 1142 1528 1197 David
1562 1143 1613 1197 in
1642 1141 1835 1200 ordine

228 1235 261 1275 δ
289 1237 483 1307 jacere
511 1249 726 1291 omnes.
774 1235 985 1291 Deinde
1012 1246 1193 1292 autem
1225 1247 1279 1291 et
1309 1235 1550 1291 ﬁliorum
1578 1235 1738 1301 Core,
1781 1244 1837 1291 et

218 1328 437 1396 Asapb,
465 1337 521 1383 et
543 1328 876 1397 Salomonis,
912 1338 964 1382 et
993 1328 1189 1399 Moysi,
1216 1338 1273 1383 et
1301 1328 1500 1394 Etban,
1523 1337 1578 1383 et
1598 1328 1832 1396 Hcman,

218 1430 280 1477 et
312 1420 574 1488 lditbum,
607 1430 662 1475 et
686 1420 883 1475 iterum
911 1419 1083 1490 ipsius
1113 1420 1279 1476 David
1302 1420 1592 1477 inveniens
1623 1422 1833 1477 mixtim

219 1515 279 1570 in
332 1514 475 1568 libro
507 1521 746 1580 laxatos,
801 1528 907 1569 non
946 1513 1245 1569 secundum
1291 1514 1490 1585 quibus
1533 1514 1664 1569 dicti
1708 1522 1835 1571 sunt

221 1604 595 1674 temporibus,
618 1604 713 1660 sed
742 1604 940 1676 quibus
964 1606 1188 1660 inventi.
1214 1603 1348 1661 Hinc
1366 1606 1529 1668 etiam
1558 1607 1832 1676 provenit,

220 1706 285 1752 ut
316 1697 411 1767 qui
434 1699 772 1768 temporibus
802 1707 963 1751 erant
989 1697 1271 1754 novissimi
1303 1697 1463 1769 primi
1492 1697 1724 1767 inventi,
1748 1714 1833 1754 re-

1939 501 2244 571 trigesimus
2255 510 2498 567 octavus,
2523 503 2831 575 trigesimus
2854 517 3049 571 nouus;
3064 503 3534 576 quadragesimus;

1935 594 2440 666 quinquagesimus,
2503 595 2985 666 quinquagesimae
3061 596 3297 666 primus,
3367 595 3533 667 quin-

1934 685 2279 758 quagesimae
2359 686 2671 754 secundus,
2734 688 3218 759 quinquagesitnus
3294 688 3530 755 tertius,

1934 779 2411 851 quinquagesimus
2463 788 2714 849 quartus,
2759 781 3248 851 quinquagesimae
3287 779 3535 852 quintus,

1937 875 2421 945 quinquagesimus
2449 883 2656 943 sextus,
2710 875 3193 945 quinquagesima
3238 874 3531 944 septimus,

1937 965 2427 1039 quinquagesimus
2470 979 2736 1034 octavus,
2784 968 3272 1039 quinquagesimus
3318 978 3535 1027 nonus:

1936 1060 2329 1129 sexagesimus,
2364 1059 2743 1129 sexagesimus
2778 1059 3008 1130 primus,
3041 1058 3418 1130 sexagesimus
3445 1072 3534 1115 se-

1935 1149 2167 1215 cundus,
2197 1150 2566 1220 sexagesimus
2608 1151 2827 1218 tertius,
2870 1154 3241 1222 sexagesimus
3280 1161 3533 1221 quartus,

1936 1239 1966 1279 λ
1997 1243 2369 1314 sexagesimus
2395 1244 2678 1312 septimus,
2710 1245 3081 1314 sexagesimus
3103 1255 3352 1309 octavus,
3372 1257 3531 1301 sexa-

1934 1334 2181 1405 gesimus
2225 1347 2433 1398 nonus;
2480 1333 2842 1400 centesimus,
2871 1335 3211 1391 centesimus
3234 1333 3534 1400 secundus,

1936 1427 2271 1483 centesimus
2318 1426 2611 1497 septimus,
2643 1425 2975 1481 centesimus
3001 1436 3245 1494 octavus,
3293 1426 3535 1483 ceutesi-r

1938 1534 2058 1573 mus
2088 1531 2294 1584 nonus;
2328 1517 2662 1573 centesimus
2687 1516 2982 1588 vigesimus
3021 1518 3246 1588 primus,
3291 1518 3527 1574 centesi—

1938 1627 2056 1667 mus
2088 1611 2377 1683 vigesimus
2423 1611 2643 1677 tertius;
2672 1610 2999 1666 centesimus
3028 1609 3365 1680 trigesimus,
3399 1625 3529 1666 cen-

1937 1703 2161 1759 tesimus
2182 1702 2488 1773 trigesimus
2509 1702 2805 1769 secundus,
2823 1701 3158 1759 centesimus
3184 1701 3199 1741 ί
3223 1702 3534 1773 trigesimus

218 1791 544 1862 ciperentur
594 1792 753 1860 primi
790 1799 887 1847 :et
928 1792 1019 1861 qui
1063 1791 1398 1861 temporibus
1434 1799 1592 1847 erant
1640 1793 1819 1861 primi,
1855 1803 1901 1862 Β
1928 1797 2138 1861 tertius,
2176 1795 2506 1851 centesimus
2545 1794 2859 1865 trigesimus
2900 1802 3157 1866 quartus,
3202 1795 3535 1851 centesimus

216 1891 417 1953 postea
449 1882 674 1950 inventi,
707 1883 947 1939 secundo
977 1883 1365 1939 ordinarentur
1411 1885 1556 1942 loco.
1589 1884 1824 1953 ldipsum

217 1985 411 2033 autem
443 1976 691 2033 invenies
714 1976 911 2032 factum
935 1986 990 2033 et
1020 1978 1071 2033 in
1102 1976 1407 2048 prophetis.
1595 1955 1605 1969 ’

295 2081 320 2110 ε
358 2070 505 2126 Libri
536 2070 876 2126 Psalmorum
902 2071 1017 2125 lure
1043 2079 1129 2126 est
1153 2070 1354 2125 divisio
1386 2072 1654 2141 ipsorum,
1688 2072 1833 2127 sicut

216 2171 380 2217 certa
410 2162 745 2218 scribentum
767 2162 1181 2234 diligentissima
1209 2164 1459 2233 exempla
1487 2164 1751 2235 priorum,
1776 2172 1830 2220 et

216 2254 407 2324 ipsum
438 2253 759 2310 Hebraicmn
804 2254 1106 2310 continent.
1140 2254 1401 2310 Persona:
1440 2270 1669 2324 quorum
1701 2264 1829 2312 sunt

215 2345 424 2418 psalmi
450 2346 569 2403 sine
607 2332 965 2417 inscriptione
995 2362 1140 2413 xvu;
1183 2362 1347 2418 supra
1372 2348 1558 2418 scripti
1589 2363 1826 2416 cxxxm;

216 2453 396 2510 supra
429 2439 761 2509 scriptorum
805 2440 1022 2511 divisio,
1055 2441 1155 2509 ipsi
1205 2439 1371 2495 David
1422 2456 1603 2506 Lxxu;
1651 2439 1772 2494 ﬁliis
1800 2437 1828 2477 τι

215 2532 371 2605 Core
399 2548 486 2596 tu;
514 2532 695 2602 Asaph
725 2548 832 2597 xu;
874 2532 1048 2588 Etban
1082 2549 1130 2600 t;
1182 2534 1349 2589 Eman
1380 2550 1433 2600 ις
1464 2547 1519 2590 et
1558 2535 1728 2607 Moysi
1774 2551 1827 2601 t;

217 2626 543 2685 Salomonis
564 2642 601 2681 ιι
621 2643 637 2694 ;
664 2628 785 2683 sine
805 2629 1025 2684 nomine
1047 2644 1187 2696 xvn;
1216 2628 1543 2684 Alleluiatici
1569 2644 1708 2695 xvtt;
1732 2644 1831 2700 pro

222 2718 599 2776 torcularibus
635 2735 730 2786 lll;
763 2719 1041 2775 Graduum
1075 2737 1175 2787 xv;
1206 2730 1335 2776 sunt
1375 2732 1555 2776 autem
1588 2721 1707 2777 sine
1735 2737 1833 2775 no-

221 2813 399 2879 mine,
436 2813 622 2881 quanti
673 2813 1173 2884 superscriptiones
1211 2812 1428 2885 quidem
1459 2813 1679 2879 habent,
1723 2827 1831 2869 non

223 2914 414 2959 tamen
444 2904 754 2975 significant
779 2904 938 2975 cujus
968 2905 1100 2974 sint,
1136 2921 1268 2973 xvn,
1299 2906 1458 2961 simul
1490 2920 1574 2961 cs.
1608 2905 1733 2960 Non
1753 2904 1833 2960 sic

224 2998 497 3068 suscipiat
527 2997 648 3068 quis
678 2997 801 3070 quia
844 3014 1037 3053 omnes
1079 3000 1188 3054 sint
1214 2998 1381 3054 David
1408 2999 1619 3068 psalmi,
1653 2998 1749 3054 sed
1778 3006 1835 3055 et

224 3091 468 3146 aliorum
495 3090 881 3161 prophetarum
915 3091 981 3146 ad
1005 3091 1344 3163 psallendum
1373 3092 1832 3163 propltetautium,

1932 1888 2241 1959 trigesimus
2256 1886 2499 1958 quintus,
2514 1888 2841 1944 centesimus
2856 1888 3383 1958 trigesimuss'extus.
3401 1902 3534 1946 cen-

1932 1980 2154 2035 tesimus
2192 1979 2498 2048 trigesimus
2529 1978 2822 2049 septimus,
2860 1980 3189 2036 centesimus
3220 1980 3533 2052 trigesimus

1917 2078 2182 2138 'octavus;
2223 2071 2553 2128 centesimus
2607 2073 2915 2145 trigesimus
2952 2088 3161 2131 nonus:
3201 2076 3535 2131 centesimus

1930 2169 2402 2240 quadragesimus,
2436 2172 2766 2226 centesimus
2796 2172 3246 2244 quadragesimus
3288 2172 3493 2243 primus
3513 2218 3531 2245 ,

1929 2261 2259 2316 centesimus
2307 2262 2753 2333 quadragesimus
2813 2263 3085 2340 secundus
3115 2308 3131 2332 ,
3192 2264 3528 2320 centesimus

1930 2351 2383 2422 quadragesimus
2435 2354 2648 2422 tertius,
2699 2356 3034 2410 centesimus
3080 2354 3528 2426 quadragesimus

1932 2452 2180 2516 quartus,
2219 2444 2378 2499 simul
2426 2460 2594 2500 Lxxn.
2621 2444 2739 2501 Non
2799 2459 2962 2517 supra
3015 2446 3205 2517 scripti
3237 2457 3383 2511 sunt,
3418 2447 3531 2517 pri-

1931 2553 2073 2603 mus,
2096 2536 2387 2604 secundus,
2412 2537 2723 2613 trigesimus
2748 2538 3044 2605 secundus,
3075 2538 3531 2612 quadragesimus

1933 2630 2227 2697 secundus,
2255 2632 2710 2702 septuagesimus,
2735 2633 3122 2702 nonagesimus
3170 2634 3399 2704 primus,
3433 2650 3533 2691 uo-

1935 2723 2242 2793 nagesimus
2267 2722 2562 2790 secundus,
2594 2725 2979 2794 nonagesimus
3009 2725 3224 2793 tertius,
3246 2727 3536 2797 nonagesi-

1937 2831 2056 2870 mus
2102 2825 2351 2887 quartus,
2401 2815 2789 2887 nonagesimus
2832 2817 3056 2887 quintus
3084 2858 3100 2885 ,
3150 2823 3535 2891 nonagesimus

1937 2919 2146 2973 sextus,
2168 2909 2550 2979 nonagesimus
2573 2909 2864 2979 septimus,
2882 2910 3268 2980 nonagesimus
3287 2920 3535 2979 octavus;

1937 2999 2272 3056 centesimus
2325 3000 2559 3068 tertius,
2606 3001 2938 3056 centesimus
2990 3000 3238 3057 decimus
3286 3004 3534 3073 quintus.

1937 3093 2270 3149 centesimus
2298 3094 2607 3165 trigesimus
2636 3103 2847 3162 sextus,
2876 3095 3206 3151 centesimus
3231 3096 3540 3167 quadrage-

229 3192 461 3255 propter
502 3183 644 3256 quod
678 3184 794 3240 haec
841 3185 1022 3239 omnis
1070 3184 1350 3255 Scriptura
1393 3198 1514 3256 quae
1546 3182 1689 3256 apud
1732 3183 1835 3239 lle-
1861 3201 1905 3264 ρ
1939 3186 2108 3242 simus
2140 3184 2437 3255 septimus;
2466 3183 2628 3239 simul
2671 3199 2804 3240 xvu.
2837 3183 2988 3240 Filiis
3014 3184 3174 3251 Core,
3224 3185 3535 3258 quadrage-

227 3278 414 3334 brmos
467 3276 712 3334 Psalterii
761 3277 1002 3344 nomine,
1034 3288 1058 3315 θ
1089 3292 1196 3333 non
1241 3277 1409 3346 ipsius
1458 3277 1621 3331 David
1671 3284 1835 3346 supra

229 3371 519 3439 scribitur,
545 3368 639 3426 sed
666 3370 943 3427 individue
965 3372 1104 3427 liber
1132 3371 1469 3427 Psalmorum
1502 3372 1831 3426 nominatur.

313 3459 512 3518 tSicut
559 3456 773 3517 dicebat
797 3461 1018 3533 quidam
1066 3462 1192 3533 quia
1230 3463 1547 3517 hexametro
1574 3462 1835 3532 scriptum

233 3560 322 3610 est
343 3553 620 3609 canticum
648 3553 1078 3616 Deuteronomii,
1099 3552 1239 3621 apud
1266 3550 1528 3609 Hebraeos
1552 3571 1563 3606 :
1592 3555 1839 3609 trimetro

232 3662 372 3702 vero
402 3656 458 3702 et
509 3656 826 3703 tetrametro
855 3645 1041 3717 scripti
1070 3656 1197 3702 sunt
1226 3645 1420 3718 psalmi
1451 3661 1633 3702 versu.
1695 3646 1838 3718 Ergo

236 3740 329 3811 qui
359 3730 501 3810 apud
532 3741 811 3806 Hebraeos,
835 3740 921 3794 alii
952 3749 1079 3794 sunt
1104 3741 1197 3810 qui
1225 3739 1365 3810 apud
1390 3755 1511 3794 nos.

311 3831 421 3901 Ipsi
456 3830 642 3898 David,
670 3833 879 3901 tertius,
916 3844 1163 3904 quartus.
1196 3835 1443 3903 quintus,
1474 3844 1682 3900 sextus,
1717 3848 1844 3905 sep-

244 3928 435 3993 timus,
470 3935 714 3989 octavus,
746 3942 943 3992 nonus,
976 3926 1242 3994 decimus,
1270 3925 1610 3990 undecimus,
1634 3926 1841 3982 duode-

240 4022 446 4087 cimus,
479 4019 719 4074 decimus
751 4019 969 4083 tertius,
1018 4020 1266 4075 decimus
1310 4029 1555 4091 quartus,
1599 4021 1841 4076 decimus

240 4114 490 4183 quintus,
530 4109 773 4165 decimus
803 4119 1016 4174 sextus,
1050 4121 1076 4160 ις
1123 4113 1367 4169 decimus
1407 4121 1656 4180 octavus,
1687 4112 1838 4169 deci-

242 4222 369 4262 mus
395 4202 592 4268 nonus,
623 4205 938 4274 vigesimus,
961 4205 1256 4276 vigesimus
1285 4207 1515 4276 primus,
1545 4207 1843 4276 vigesimus

244 4297 541 4368 secundus,
574 4296 872 4367 vigesimus
918 4298 1128 4363 tertius,
1164 4298 1458 4369 vigesimus
1483 4307 1735 4368 quartus,
1761 4297 1843 4353 vi-

244 4390 489 4461 gesimus
516 4389 758 4458 quintus,
794 4387 1089 4458 vigesimus
1132 4397 1344 4453 sextus,
1374 4389 1668 4460 vigesimus
1714 4403 1839 4460 sep-

246 4484 440 4540 timus.
477 4481 772 4553 vigesimus
820 4489 1068 4550 octavus,
1109 4481 1409 4552 vigesimus
1434 4495 1646 4545 nonus;
1677 4481 1843 4552 trige-

1940 3278 2115 3334 simus
2168 3277 2398 3348 primus,
2448 3274 2902 3347 quadragesimus
2958 3275 3183 3345 tertius,
3238 3276 3545 3348 quadrage—

1940 3372 2111 3427 simus
2159 3380 2406 3440 quartus,
2438 3367 2894 3440 quadragesimus
2938 3367 3182 3437 quintus,
3228 3362 3535 3439 quadrage-

1940 3464 2109 3517 simus
2158 3470 2364 3526 sextus,
2405 3460 2854 3532 quadragesimus
2891 3460 3178 3530 septimus,
3230 3459 3534 3531 quadrage-

1941 3557 2108 3611 simus
2168 3564 2425 3621 octavus;
2476 3554 2843 3627 octogesimus
2902 3552 3115 3620 tertius,
3167 3552 3533 3624 octogesimus

1941 3659 2187 3722 quartus,
2218 3648 2582 3720 octogesimus
2626 3658 2840 3716 sextus,
2868 3647 3235 3718 octegesimus
3285 3657 3538 3710 octavus,

1941 3743 2104 3797 simul
2136 3757 2207 3797 ιι.
2236 3743 2364 3797 Sine
2400 3742 2623 3796 nomine
2652 3742 2740 3811 qui
2785 3748 2996 3794 tantum
3048 3738 3536 3808 superscriptiones

1942 3836 2168 3903 habent,
2203 3844 2514 3890 nontamen
2548 3833 2855 3904 significant
2895 3834 3053 3902 cujus
3094 3833 3224 3899 sint,
3256 3831 3533 3902 sexagesi-

1944 3943 2063 3982 mus
2089 3929 2331 3998 quintus,
2369 3927 2740 3998 sexagesimus
2770 3932 2977 3993 sextus,
3011 3925 3394 3995 nonagesimus
3426 3924 3537 3995 pri-

1944 4040 2083 4094 mus,
2114 4023 2490 4093 nonagesimus
2503 4031 2744 4087 octavus,
2766 4021 3145 4092 nonagesimus
3168 4034 3374 4086 nouus;
3407 4034 3533 4075 cen-

1948 4119 2169 4176 tesimus
2198 4119 2422 4188 primus,
2451 4114 2779 4172 centesimus
2810 4113 3051 4170 decimus
3074 4127 3268 4179 nonus,
3300 4113 3538 4167 centesi-

1944 4226 2062 4265 mus
2075 4207 2387 4278 vigesimus,
2401 4206 2730 4263 centesimus
2744 4204 3032 4274 vigesimus
3049 4202 3342 4268 secundus,
3355 4212 3537 4257 cente-

1944 4303 2114 4357 simus
2143 4298 2433 4372 vigesimus
2465 4298 2681 4363 tertius,
2703 4296 3042 4351 centesimus
3061 4278 3356 4367 vigesimus
3377 4309 3541 4363 quar-

1946 4402 2052 4461 tus,
2073 4391 2404 4447 centesimus
2424 4376 2718 4460 vigesimus
2739 4387 2981 4460 quintus,
2997 4387 3328 4443 centesimus
3346 4386 3541 4457 vigesi-

1947 4500 2068 4540 mus
2088 4484 2374 4551 septimus,
2407 4483 2741 4537 centesimus
2766 4480 3064 4550 vigesimus
3083 4488 3335 4547 octavus,
3354 4487 3539 4534 cente-

248 4575 443 4639 simus,
471 4576 785 4646 trigesimus
817 4574 1043 4644 primus,
1079 4574 1385 4646 trigesimus
1411 4573 1704 4642 secundus,
1739 4575 1837 4629 tri-
1871 4590 1920 4650 D
1946 4576 2117 4632 simus
2134 4571 2421 4644 vigesimus
2438 4584 2632 4633 nonus;
2658 4571 2987 4650 centesimus
3014 4567 3341 4650 trigesimus,
3364 4566 3380 4616 l
3407 4574 3538 4621 cett-

249 4666 499 4736 gesimus
554 4666 779 4732 tertius,
857 4656 1181 4736 trigesimus,
1228 4672 1473 4738 quartus,
1534 4662 1841 4737 trigesimus

324 4810 352 4839 ι
368 4802 444 4855 Do
455 4792 736 4872 Synagoga
756 4810 946 4872 magna
958 4798 1289 4867 Iudaeorum,
1311 4814 1428 4872 quae
1444 4799 1697 4856 floruisse
1715 4798 1845 4855 dici-

254 4880 345 4956 tur
368 4872 512 4927 circa
544 4871 760 4956 aetatem
792 4871 997 4956 Etsdrm,
1022 4871 1371 4956 aper-te‘satis
1388 4871 1632 4956 loquitur
1657 4880 1848 4955 auctor

254 4888 341 4926 tur
368 4888 512 4927 circa
544 4888 760 4927 aetatem
793 4888 997 4935 usurae,
1029 4888 1216 4996 aperte
1237 4888 1371 4925 satis
1396 4888 1632 4956 loquitur
1657 4888 1845 4927 auctor

253 4942 418 5009 hujus
439 4942 798 5012 praefationis.
821 4941 976 5009 Quod
1004 4941 1057 4996 di
1082 4942 1290 5011 igenter
1311 4948 1488 4996 notari
1508 4942 1695 5007 velim,
1720 4943 1845 5012 quia

256 5014 407 5069 solus
436 5024 543 5074 est,
565 5014 618 5066 ni
641 5012 815 5081 fallor,
843 5012 986 5083 inter
1009 5013 1303 5083 scriptores
1328 5021 1541 5068 veteres
1567 5012 1848 5068 ecclesias-

261 5088 418 5151 ticos,
454 5085 558 5157 qui
605 5084 909 5157 Synagoga:
939 5082 1249 5139 Judzuo’rum
1279 5084 1521 5157 meminit
1554 5101 1568 5137 :
1596 5086 1699 5138 etsi
1725 5084 1843 5153 ejus

259 5154 582 5210 auctoritate
608 5154 989 5211 consecratum
1014 5157 1179 5209 velint
1207 5156 1542 5210 recentiores
1570 5158 1843 5210 Canunem

260 5224 554 5282 Esdt‘ittttm
578 5242 854 5282 sacrorum
880 5226 1199 5281 Bibliorum.
1231 5227 1410 5281 Mur.

331 5295 358 5335 ι)
397 5297 580 5369 Codex
605 5297 1057 5369 Ambrosian..iu
1085 5297 1265 5352 ordine
1289 5308 1343 5351 ut
1363 5301 1559 5369 jacere,
1593 5307 1697 5352 etc.

336 5380 357 5406 ε
403 5369 481 5423 Ex
526 5368 629 5424 hoc
672 5370 795 5424 loco
830 5379 886 5423 et
914 5368 1035 5422 aliis
1077 5368 1536 5436 consequentibus
1564 5368 1848 5424 manifeste

263 5439 604 5509 comprobari
634 5449 843 5509 potest,
877 5438 1167 5509 Eusebium
1196 5440 1584 5509 Ctesiricnsem
1618 5439 1849 5509 scripto-

265 5507 585 5581 rem'l‘uisse
610 5507 915 5581 verborum
936 5507 1326 5581 liuiusprolugi
1364 5527 1375 5560 :
1400 5516 1531 5581 sunt
1565 5508 1708 5562 enim
1741 5509 1850 5581 Hyg

268 5580 521 5647 polheses
566 5580 736 5647 ipsius
779 5582 832 5634 in
888 5576 1173 5644 Psalterio,
1220 5576 1339 5646 quae
1388 5576 1577 5633 Graece
1633 5576 1851 5634 exsrani

269 5657 400 5730 tortu
420 5667 470 5706 v1
494 5650 949 5730 Polyglottnrutn,
964 5648 1194 5730 Londiu.
1214 5663 1266 5730 p.
1284 5649 1408 5730 ιδῃ
1424 5658 1480 5730 et
1497 5648 1690 5730 patine
1706 5650 1847 5730 apud

270 5718 525 5793 Ibamus.
559 5718 756 5778 Carum
782 5719 1191 5793 pratfaliunibus
1217 5718 1269 5774 in
1288 5718 1638 5774 Psalterium.
1663 5718 1847 5789 Atqui

277 5788 566 5849 Eusebium
597 5795 649 5848 in
696 5788 797 5849 hoc
836 5792 1062 5863 prologo
1101 5804 1196 5858 per
1232 5802 1442 5857 pannos
1472 5798 1526 5844 et
1568 5788 1845 5861 segmenta

1950 4667 2173 4723 tesimus
2222 4656 2533 4733 trigesimus
2565 4662 2788 4724 tertius,
2825 4646 2987 4712 simul
3009 4668 3138 4712 xm.
3177 4646 3541 4722 Alleluiatici.

1947 4798 2157 4856 Latinis
2184 4794 2366 4863 tradit,
2392 4792 2640 4849 ordinem
2662 4784 3044 4863 llypotbeseev
3079 4782 3397 4844 subrertere
3427 4795 3543 4842 stu-

1948 4871 2089 4935 duit,
2124 4883 2193 4925 ne
2226 4858 2426 4923 furtum
2453 4858 2895 4935 agiioscerentus.
2932 4858 3109 4913 ΜΑιιτ.

2020 4939 2045 4977 d
2077 4924 2453 4994 'Emendamus
2487 4924 2559 4989 Ex
2590 4932 2936 4988 Ambrosiam.
2977 4944 3080 4985 ms.
3114 4924 3286 4984 Antea
3313 4927 3365 4984 in
3390 4943 3544 4985 recto

1949 5020 2067 5067 erat
2096 5008 2248 5064 Filii.

2026 5093 2048 5120 ε
2089 5077 2328 5147 Negandi
2371 5075 2687 5147 partiettlam
2719 5073 2842 5129 (md.
2870 5069 3267 5147 Ambrosianus
3288 5071 3535 5147 ignorat.

2031 5096 2048 5120 ε
2090 5096 2165 5137 ue
2203 5096 2328 5135 anot
2371 5096 2687 5147 particulam
2719 5096 2842 5129 cuu.
2870 5096 3267 5128 ιιιιιυτυδιῖιιιυδ
3300 5096 3535 5142 Ignorat.

2031 5151 2048 5189 ί
2090 5096 2423 5209 δοξοΙίιιςῑθε
2444 5146 2498 5202 in
2523 5149 2658 5217 psal.
2687 5158 2874 5217 cxvut,
2907 5148 3017 5217 tum
3036 5154 3088 5198 vr
3115 5140 3407 5217 Polgyglott.
3432 5140 3544 5198 Hoc

1952 5224 2115 5280 etiam
2160 5220 2430 5278 Eusebius
2465 5213 2724 5288 expresse
2761 5216 2919 5280 dixit,
2965 5214 3141 5284 Praep.
3192 5215 3287 5269 Ev.
3319 5213 3413 5268 lib.
3466 5229 3540 5279 xi,

1952 5310 2073 5364 cap.
2100 5292 2377 5369 5.__Lianr._
2435 5359 2484 5369 η
2672 5368 2676 5369 ί
2730 5360 2741 5369 _
2805 5358 2817 5369 .

2029 5358 2053 5411 it
2085 5363 2249 5420 Addit
2278 5361 2401 5417 cod.
2434 5359 2598 5428 idem,
2630 5368 2677 5413 et
2706 5358 2959 5413 decimum
2987 5358 3282 5428 septimum.

2029 5432 2054 5471 ιλ
2081 5436 2278 5490 lterum
2302 5431 2453 5486 addit
2473 5430 2623 5498 cod.,
2647 5429 2813 5493 idem,
2836 5437 2882 5482 et
2902 5428 3272 5500 sexagesimum
3286 5427 3545 5498 quintum,

1956 5517 2002 5564 et
2032 5504 2403 5577 segagest'mum
2428 5511 2651 5577 scalam.

2036 5574 2050 5614 ί
2085 5569 2402 5630 Εεῖιιιῐηηίο
2441 5572 2530 5627 hic
2570 5572 2697 5627 cod.
2748 5570 3070 5626 centesimum
3101 5569 3416 5640 trigesimum
3448 5577 3552 5622 ter-

1958 5650 2106 5707 tium,
2134 5646 2666 5716 quartttut,_qut'ntuut
2688 5651 2736 5697 et
2763 5650 2960 5716 sextum
2988 5641 3198 5716 reticet.

2032 5718 2045 5769 i
2088 5710 2293 5771 Dicitur
2314 5714 2365 5768 in
2397 5710 2727 5771 Ambrosian
2756 5713 2904 5779 cod.,
2924 5712 3227 5768 centesimus
3255 5710 3547 5783 trigesimus

1956 5804 2191 5860 primus._
