3982 6324
488 269 625 333 1506

1273 265 1622 326 APPENDIX
1660 266 1755 324 AD
1791 264 2036 325 TOMUM
2074 263 2438 336 SEPTIMUM
2478 265 2538 322 S.
2579 264 2982 326 BIERONYUI.

3639 269 3664 324 1
3675 265 3787 324 504

483 390 814 450 centesimus
832 394 1078 462 quartus,
1107 382 1440 441 centesimus
1461 380 1707 454 quintus,
1748 379 2081 437 centesimus
2107 383 2159 444 Α
2185 395 2317 436 sum.
2363 377 2618 436 Diabolus
2657 389 2776 436 erat
2814 379 3086 448 inimicus,
3127 380 3216 452 qni
3258 378 3561 437 humanum
3609 395 3783 452 genus

483 491 692 553 sextus,
717 480 1050 540 centesimus
1077 476 1351 543 decimus,
1371 474 1708 533 centesimus
1736 473 2074 542 undecimus,

482 577 818 636 centesimus
861 572 1251 638 duodecimus,
1303 569 1637 626 centesimus
1680 567 1925 624 decimus
1968 577 2079 624 ter-

484 674 617 741 tius,
649 669 980 727 centesimus
1026 667 1270 725 decimus
1310 675 1562 736 quartus,
1590 664 1928 719 centesimus
1976 661 2077 717 de-

477 767 654 823 cimus
690 761 908 834 quintus
931 801 948 828 ,
991 758 1326 817 centesimus
1355 757 1606 814 decimus
1639 765 1849 822 sextus,
1895 763 2080 811 ceutek

484 857 655 912 simus
704 854 951 911 decimus
995 853 1290 924 septimus,
1325 851 1661 906 centesimus
1705 849 1949 906 decimus
1996 863 2081 905 oc-

480 955 667 1013 tavus;
714 945 1050 1002 centesimus
1100 943 1413 1016 trigesimus
1443 950 1693 1014 quartus,
1745 941 2081 998 centesimus

484 1038 801 1110 trigesimus
824 1039 1077 1108 quintus;
1103 1035 1436 1092 centesimus
1456 1033 1904 1104 quadragesimus
1923 1031 2083 1101 quin-

483 1140 592 1200 tus,
639 1134 977 1188 centesimus
1017 1127 1466 1200 quadragesimus
1507 1133 1712 1192 sextus,
1753 1124 2082 1180 centesimus

482 1223 926 1294 quadragesimus
957 1231 1201 1286 octavus,
1232 1218 1560 1275 centesimus
1583 1217 1610 1246 ⁸
1632 1216 2082 1288 quadragesimus

483 1331 682 1383 nonus,
700 1317 1032 1373 centesimus
1051 1313 1553 1386 quinquagesimus,
1576 1311 1735 1365 simul
1759 1325 1886 1365 xvu.
1909 1309 2083 1364 Ethan

481 1425 738 1475 Lxxxvln;
755 1408 1023 1466 Salmonis
1040 1422 1184 1471 Lxxt,
1203 1419 1384 1461 cxxvr.
1415 1402 1619 1472 ASaph,
1639 1401 2084 1472 quadragesimus

481 1517 680 1569 nonus,
709 1499 736 1539 ι)
764 1500 1195 1570 septuagesimus
1218 1510 1412 1562 nonus,
1439 1496 1870 1566 septuagesimus
1893 1510 2086 1551 secun-

481 1596 603 1665 dus,
645 1593 1075 1666 septuagesimus
1116 1591 1330 1658 tertius,
1370 1591 1800 1663 septuagesimus
1836 1599 2081 1661 quartus,

481 1691 913 1762 septuagesimus
927 1689 1168 1760 quintus,
1189 1687 1620 1758 septuagesimus
1633 1695 1839 1750 sextus,
1869 1692 2086 1755 septua-

2180 471 2482 528 obtinebat.
2516 469 2810 542 Increpasti
2839 480 3033 544 gentes,
3067 472 3219 543 periit
3250 473 3462 545 impius.
3497 473 3781 530 Diabolus.

2183 564 2454 631 Quomodo
2482 565 2785 620 annuntient
2817 565 2996 621 laudes
3025 575 3164 632 tuas,
3201 567 3255 621 in
3282 567 3443 638 portis
3469 568 3597 637 ﬁlia:
3626 566 3782 623 Sion.

2180 656 2416 716 Civitate
2443 658 2539 715 Dei
2569 658 2823 725 viventis,
2857 659 3069 716 caelesti
3099 658 3428 725 Jerusalem,
3473 659 3585 714 ﬁlia
3626 659 3780 715 Sion.

2181 753 2555 825 Octogesimus
2595 767 2791 809 nonus.
2827 753 3069 821 Domine,
3097 754 3357 826 refugium
3386 757 3556 825 factus
3597 771 3651 808 es
3689 769 3783 808 no-

2183 849 2258 904 bis
2287 849 2340 902 in
2389 848 2768 920 generationem
2812 857 2862 902 et
2905 847 3303 919 generationem.
3363 846 3652 918 Reluginm
3698 862 3785 904 se-

2183 942 2422 998 cundum
2462 941 2871 1013 generationem
2921 939 3025 997 fuit
3070 939 3280 1008 Enoch,
3313 939 3441 996 inde
3485 941 3781 1008 Abraham,

2183 1044 2239 1092 et
2270 1034 2498 1105 reliqua.
2525 1033 2714 1100 Terra,
2744 1032 2954 1089 habens
2983 1031 3126 1104 apud
3155 1047 3216 1088 se
3243 1031 3594 1088 absconditos
3633 1047 3784 1087 mon-

2186 1137 2290 1195 tes,
2337 1126 2631 1184 novissime
2677 1136 2703 1174 8
2747 1127 2890 1182 sicut
2930 1141 2992 1181 ea
3045 1125 3444 1181 demonstravit
3485 1140 3624 1197 aqua
3673 1133 3782 1182 tum

2187 1222 2483 1279 secundum
2518 1231 2762 1290 tempora
2799 1229 3000 1276 terram
3025 1219 3338 1288 denudavit,
3357 1228 3413 1276 et
3432 1219 3780 1276 demonstrati

2188 1325 2316 1372 sunt
2351 1326 2584 1372 montes.
2615 1314 2682 1368 Et
2715 1315 2916 1382 dixisti,
2946 1315 3341 1379 Convertimini,
3364 1314 3464 1385 filii
3494 1313 3776 1369 hominum.
3817 1303 3826 1310 ’

2189 1412 2266 1469 De
2286 1411 2529 1484 gentium
2579 1410 2882 1466 vocatione.
2918 1409 3055 1476 Quia
3100 1407 3244 1464 mille
3289 1410 3437 1463 anni.
3483 1409 3617 1475 Quae
3658 1409 3779 1464 iecit

2190 1507 2362 1578 Moysi
2393 1524 2405 1560 :
2434 1504 2591 1559 Mane
2620 1505 2753 1559 sicut
2782 1503 2942 1558 herba
2980 1510 3226 1558 transeat.
3261 1502 3394 1570 Quae
3429 1500 3724 1557 secundum
3751 1499 3776 1536 ιι

2191 1599 2383 1665 David,
2412 1609 2466 1655 et
2494 1598 2866 1659 Salomonem,
2897 1595 3123 1666 Vespere
3153 1595 3378 1648 decidat.
3418 1593 3495 1648 De
3531 1608 3777 1648 consum-

2190 1694 2518 1750 mationibus
2577 1691 2971 1747 desolationum
3024 1687 3363 1754 Jerusalem,
3411 1686 3529 1742 haec
3575 1685 3779 1757 Moyses

481 1785 720 1855 gesimus
763 1781 1046 1852 septimus,
1099 1780 1525 1854 septuagesimus
1569 1788 1818 1847 octavus,
1862 1789 2081 1850 septua-
2110 1779 2156 1839 Β
2187 1783 2531 1860 prophetavit
2563 1783 2771 1855 Spiritu
2817 1781 2834 1818 ί
2872 1781 2964 1837 Dei
2992 1780 3182 1836 Israel.

478 1878 716 1949 gesimus
766 1891 971 1942 nonus;
1019 1877 1419 1946 octogesimus,
1459 1874 1824 1945 octogesimus
1851 1874 2080 1943 primus,

481 1970 848 2040 octogesimus
875 1968 1172 2035 secundus,
1197 1967 1358 2024 simul
1384 1983 1476 2022 xu.
1507 1967 1696 2040 Moysi,
1716 1968 2082 2039 octogesimus

480 2077 679 2118 nonus.
713 2062 878 2117 Fiunt
907 2076 1101 2118 omnes
1132 2060 1325 2133 psalmi
1355 2077 1440 2116 CL.
1471 2059 1578 2116 Pro
1608 2060 1966 2117 torcularibus
2000 2077 2078 2128 ιιι,

479 2164 531 2210 et
559 2155 836 2212 Graduum
861 2171 956 2224 xv,
989 2171 1088 2226 pro
1108 2154 1420 2210 nominibus
1447 2155 1606 2224 positi
1632 2165 1783 2212 sunt.
1819 2156 1985 2212 Extra
2016 2172 2082 2212 CL

483 2263 592 2304 non
621 2256 769 2304 sunt.

554 2353 576 2380 ε
603 2343 660 2396 In
691 2342 888 2412 quibus
920 2342 1142 2413 psalmis
1171 2343 1224 2397 in
1251 2342 1802 2414 superscriptionibus
1841 2358 2029 2398 eorum
2052 2341 2080 2382 ἀ

481 2433 680 2490 obulus
700 2435 846 2505 jacet
880 2452 893 2488 :
922 2435 1038 2491 haec
1066 2450 1232 2507 penes
1273 2437 1421 2492 solos
1461 2435 1810 2508 Septuaginta
1839 2437 2084 2493 inferun-

481 2535 586 2582 tur.
619 2525 810 2598 Neque
830 2541 966 2582 vero
993 2527 1140 2597 apud
1167 2536 1400 2583 caeteros
1431 2528 1762 2600 lnterpretes
1793 2531 2082 2588 inveniun-

477 2630 587 2676 tur.
626 2632 648 2656 θ
682 2621 894 2688 Quanta
925 2621 1229 2691 adiacentia
1264 2622 1317 2676 in
1360 2621 1630 2678 Hebraico
1657 2633 1715 2679 et
1743 2627 1883 2695 apud
1914 2635 2078 2682 caete-

479 2727 591 2778 ros,
641 2727 748 2767 non
773 2723 897 2769 sunt
957 2713 1176 2771 inventa
1221 2731 1386 2787 penes
1424 2716 1775 2790 Septuaginta
1805 2730 1858 2776 et
1903 2720 2081 2776 Theo-

480 2810 787 2878 dotionem,
837 2810 1138 2881 adjecimus
1174 2829 1295 2868 cum
1341 2814 1616 2870 asteriscis
1661 2831 1672 2867 :
1707 2823 1908 2886 quanta
1950 2831 2081 2872 vero

479 2905 620 2976 apud
645 2914 974 2962 memoratos
996 2905 1141 2961 LXX
1163 2917 1254 2962 aut
1291 2906 1726 2965 Theodotionem
1750 2910 2074 2966 invenimus.

479 2997 668 3070 Neque
690 3007 870 3056 autem
899 3001 951 3054 in
985 3001 1238 3070 Hebraeo,
1273 3017 1449 3074 neque
1473 3003 1615 3073 apud
1643 3013 1892 3070 caeteros,
1918 3004 2080 3061 obolo

477 3093 880 3163 supposuimus.
919 3094 992 3150 De
1019 3109 1178 3165 supra
1207 3095 1424 3165 scriptis
1445 3111 1596 3166 vero,
1629 3097 1754 3166 quia
1783 3097 2076 3152 secundum

2261 1878 2590 1948 Principium
2615 1876 2945 1948 psalmorum
2975 1873 3146 1929 David
3174 1871 3474 1928 secundum
3503 1869 3780 1927 historiam

2189 1991 2310 2048 quae
2333 1973 2385 2028 in
2414 1973 2554 2028 libro
2577 1971 2890 2042 Regnorum
2921 1965 3236 2022 continetur
3263 1983 3276 2021 :
3308 1980 3496 2032 cxuu,
3530 1963 3781 2020 adversus

2187 2068 2404 2125 Goliath
2427 2081 2551 2121 cum
2582 2065 2763 2129 stetit;
2797 2077 2947 2126 LVIII,
2994 2075 3118 2116 cum
3159 2059 3308 2114 misit
3345 2057 3477 2114 Saul
3519 2067 3575 2113 et
3605 2067 3781 2112 custo-

2187 2162 2320 2218 divit
2342 2162 2564 2216 domum
2589 2158 2730 2228 ejus,
2762 2162 2824 2211 ut
2852 2153 3182 2211 interﬁceret
3217 2167 3372 2218 eum;
3404 2167 3516 2220 Lvt,
3546 2167 3668 2206 cum
3708 2149 3781 2204 l’u-

2187 2257 2264 2330 git
2290 2271 2319 2311 a
2349 2255 2485 2310 facie
2524 2251 2654 2308 Saul
2704 2252 2757 2306 in
2798 2250 3090 2320 spelunca;
3122 2263 3313 2318 xxxtu,
3364 2262 3488 2304 cum
3536 2248 3684 2303 venit
3717 2245 3779 2301 ad

2189 2346 2505 2405 Abimelech
2530 2345 2894 2410 sacerdotem,
2926 2351 2981 2400 et
3007 2341 3360 2397 commutavit
3387 2338 3603 2395 vultum
3635 2354 3778 2395 suum

2186 2457 2368 2501 coram
2413 2438 2731 2497 Abimelech
2778 2451 2905 2508 rege
2969 2444 3024 2492 et
3081 2436 3287 2492 dimisit
3332 2449 3478 2498 eum,
3520 2445 3577 2488 et
3621 2433 3775 2496 abiit;

2187 2553 2351 2606 cm,
2385 2551 2508 2594 cum
2533 2535 2668 2606 fugit
2691 2533 2761 2590 de
2789 2533 2952 2598 Geth,
2986 2542 3041 2588 et
3081 2531 3231 2586 venit
3281 2529 3336 2585 in
3379 2528 3644 2600 Spelunca
3675 2527 3779 2584 Mo-

2186 2632 2418 2698 dollam;
2452 2647 2526 2698 ιι,
2558 2643 2679 2685 cum
2709 2628 2858 2684 venit
2897 2626 3079 2682 Doeclt
3111 2625 3383 2680 ldummus
3413 2633 3469 2679 et
3509 2623 3782 2679 annuntia-

2184 2725 2262 2780 vit
2301 2722 2453 2789 Saul,
2487 2720 2689 2777 etdixit
2711 2719 2758 2774 ei
2786 2737 2798 2772 :
2829 2717 2982 2773 Venit
3015 2717 3183 2772 David
3211 2717 3267 2771 in
3301 2717 3518 2771 domum
3553 2715 3780 2769 Achime-

2188 2818 2332 2882 lech;
2365 2831 2530 2881 Lxxn,
2559 2829 2682 2870 cum
2715 2822 2862 2869 esset
2903 2813 2954 2867 in
3007 2810 3225 2868 deserto
3254 2809 3489 2874 Judreze;
3522 2825 3636 2876 LIII,
3665 2824 3779 2863 cum

2186 2919 2452 2967 venerunt
2475 2908 2716 2980 Zephmi,
2746 2918 2798 2963 et
2821 2906 3074 2962 dixerunt
3099 2905 3251 2963 Sauli
3281 2923 3293 2959 :
3318 2905 3508 2960 Nonne
3540 2922 3652 2960 ecce
3677 2904 3781 2958 Da-

2183 3007 2268 3060 rid
2296 3003 2624 3060 absconditus
2653 3012 2726 3057 est
2765 3018 2918 3074 penes
2963 3018 3088 3066 nos;
3121 3017 3212 3068 ιν,
3245 2999 3461 3072 quando
3499 3009 3784 3056 tenuerunt

2186 3116 2309 3156 eum
2339 3098 2600 3170 allophyli
2632 3098 2683 3152 in
2699 3096 2867 3162 Geth;
2899 3112 3045 3162 xxvr,
3066 3106 3188 3166 post
3211 3106 3440 3150 mortem
3459 3094 3588 3152 Saul
3620 3097 3783 3166 prius-

474 3188 765 3257 quamdam
793 3187 1254 3257 dispensationem
1279 3187 1424 3243 LXX
1457 3187 1800 3260 interpretati
1826 3200 1970 3256 sunt,
1999 3189 2079 3244 De
2107 3178 2153 3242 C
2185 3209 2344 3265 quam
2367 3203 2660 3264 ungeretnr
2681 3191 2735 3246 in
2757 3205 2971 3260 regem;
2997 3205 3124 3255 xcv,
3151 3204 3274 3244 cum
3301 3189 3495 3245 domus
3527 3190 3780 3246 :rdilicata

478 3290 644 3335 morte
671 3280 793 3350 lilii,
821 3297 919 3352 pro
947 3281 1157 3336 occultis
1194 3282 1314 3352 ﬁlii.
1349 3281 1501 3338 Sicut
1551 3297 1682 3352 ergo
1711 3280 1897 3337 eduxit
1927 3283 2076 3352 prius

476 3381 621 3428 terra
655 3373 1022 3442 quadrttpedia
1047 3382 1102 3429 et
1123 3389 1240 3444 quae
1269 3389 1335 3428 ex
1366 3388 1427 3429 ea
1461 3382 1714 3444 generata
1737 3383 1880 3441 sunt,
1913 3384 1970 3430 et
1998 3375 2076 3429 si-

473 3475 566 3520 cut
587 3466 820 3537 quodam
852 3467 1128 3536 pascimus
1162 3467 1301 3522 lacte
1332 3467 1590 3537 prinmm,
1621 3469 1700 3522 sic
1739 3476 1864 3524 ante
1894 3469 2076 3524 Salva-

477 3559 611 3614 toris
635 3559 931 3614 adventum
975 3559 1288 3628 dispensata
1317 3569 1403 3615 est
1430 3561 1804 3630 interpretatio
1830 3560 2077 3631 Scriptu-

476 3669 658 3708 rarum
680 3664 904 3723 pmpter
924 3653 1277 3707 Ptoldnueum
1303 3653 1539 3708 :etenim
1563 3654 1929 3720 interpretato
1950 3663 2077 3709 sunt

475 3747 579 3802 sub
614 3744 634 3783 ί
685 3746 967 3816 apostolis,
1006 3745 1262 3817 quoniam
1310 3755 1429 3802 erat
1473 3745 1808 3817 impossibile
1857 3758 2076 3818 pr0pter

482 3839 855 3895 inﬁdelitatem
887 3841 954 3895 de
973 3838 1195 3896 Christo
1221 3853 1314 3895 eas
1341 3839 1674 3910 prophetari.

549 3933 782 3988 Nonum.
826 3932 1118 4004 Conﬁtebor
1147 3935 1238 3989 tibi
1281 3935 1337 3989 in
1367 3943 1476 3989 toto
1505 3936 1662 3990 corde
1690 3951 1822 4002 meo,
1869 3951 1966 4008 pro
2005 3951 2074 3994 eo

475 4025 644 4096 quod,
684 4028 881 4096 gratias
897 4044 1016 4099 ago.
1044 4027 1288 4082 Narrabo
1313 4029 1485 4083 omnia
1510 4028 1767 4083 mirabilia
1788 4039 1896 4084 tua.
1923 4031 2074 4102 Moy-

476 4133 567 4176 ses
594 4134 702 4175 non
737 4121 914 4175 omnia
944 4131 1060 4175 erat
1085 4119 1355 4190 possibilis
1399 4135 1644 4187 narrare,
1677 4120 1777 4176 sed
1808 4137 1874 4176 ex
1917 4131 2072 4192 parte

473 4226 536 4266 ea
569 4213 841 4269 mirabilia
865 4228 986 4286 qua:
1008 4215 1064 4269 in
1105 4211 1364 4286 Egypto.
1394 4213 1646 4270 Christus
1668 4222 1847 4270 autem
1877 4222 1932 4270 et
1956 4231 2079 4286 qua:

470 4318 635 4375 super
659 4306 934 4361 caelestia.
983 4305 1049 4359 In
1079 4307 1355 4360 auertendo
1384 4308 1652 4360 inimicum
1679 4323 1852 4362 meum
1878 4307 2073 4363 retror-

548 4467 577 4496 α
606 4457 712 4513 Iste
742 4457 1043 4512 centesimus
1067 4457 1497 4531 quadragesimus
1532 4475 1699 4514 nonus
1743 4459 1800 4517 in
1831 4461 2070 4519 Ambro-

503 4529 612 4584 ian.
646 4543 748 4584 ms.
779 4529 1141 4584 desideratur.

471 4538 612 4584 sian.
646 4543 748 4584 ms.
779 4538 1141 4586 desideratur.

471 4597 572 4728 In;
602 4601 942 4728 :IggSqttoque
973 4601 1377 4674 septuagesimus
1406 4618 1575 4657 nonus
1619 4602 1688 4659 ab
1719 4603 2064 4662 Ambrosian.

468 4686 572 4828 {meo
600 4681 898 4828 agitatum
925 4745 992 4828 ab
1017 4745 1253 4828 Eusebio
1276 4753 1547 4802 mutuatus
1576 4753 1660 4801 est
1680 4746 1964 4817 imperitus
1985 4749 2066 4804 in-

472 4822 682 4923 terpres
713 4817 813 4900 iste
846 4817 1088 4872 Latinus.
1120 4817 1299 4900 Mans.
1555 4889 1568 4902 .

595 4887 840 4958 intelligo
867 4887 1090 4953 obelum,
1123 4903 1213 4958 qut
1245 4887 1512 4958 superﬂua
1549 4888 1778 4958 iugulat.

539 4967 577 5029 ¢_
598 4957 638 5010 E
661 4957 904 5025 margine
937 4961 987 5012 in
1023 4957 1336 5015 cctttextum
1369 4957 1702 5029 irrepserunt
1725 4961 1830 5015 duo
1867 4961 2056 5018 isthaec

464 5027 654 5102 verba,
695 5031 1202 5102 asteriscisgobolus;
1248 5031 1395 5102 quod
1443 5027 1572 5087 ante
1614 5046 1715 5085 nos
1744 5032 2056 5089 observavit

464 5099 552 5156 vir
579 5099 822 5158 eruditus
871 5100 1018 5157 J.-B.
1074 5098 1381 5161 Cotelerius
1413 5103 1526 5174 jam
1574 5116 1737 5174 supra
1783 5102 2048 5162 laudatus.

2180 3294 2260 3341 est
2292 3294 2415 3354 post
2443 3284 2831 3354 captivitatem,
2882 3292 2936 3338 et
2963 3296 3084 3337 arca
3128 3281 3342 3336 Domini
3395 3281 3619 3338 reducta
3669 3291 3775 3339 est:

2182 3393 2351 3434 xxvttt
2372 3419 2384 3443 ,
2413 3379 2467 3433 in
2510 3376 2980 3432 consummatione
3033 3375 3419 3443 Tabernacnli,
3441 3375 3494 3430 in
3524 3391 3634 3448 quo
3661 3391 3777 3430 arca

2182 3472 2356 3542 posita
2381 3481 2494 3537 est;
2529 3486 2682 3532 xxix,
2713 3471 2764 3525 in
2796 3467 3138 3525 dedicatione
3184 3467 3380 3524 domus
3434 3468 3634 3534 David;
3675 3483 3777 3535 ιιι,

2181 3581 2304 3622 cum
2333 3564 2470 3622 Joab
2496 3565 2855 3636 percussisset
2901 3563 3338 3630 Mesopotamiam
3370 3561 3567 3633 Syriae,
3597 3571 3652 3618 et
3679 3563 3778 3634 Sy-

2185 3659 2319 3714 riam
2345 3656 2510 3722 Soba,
2540 3665 2595 3712 et
2638 3655 2836 3711 vallem
2884 3654 3220 3720 Salinarum,
3259 3653 3547 3710 duodecim
3581 3654 3772 3720 millia;

2183 3766 2244 3816 L,
2274 3765 2400 3805 cum
2441 3749 2592 3804 venit
2616 3748 2684 3803 ad
2727 3765 2850 3804 eum
2892 3747 3100 3803 Nathan
3133 3747 3424 3820 pmpheta,
3451 3757 3506 3803 et
3561 3748 3774 3803 intravit

2183 3844 2250 3900 ad
2283 3843 2585 3905 Bcthsabe;
2617 3859 2699 3911 Ill,
2730 3858 2852 3898 cum
2883 3843 3013 3911 fugit
3041 3859 3070 3897 a
3106 3844 3238 3897 facie
3264 3841 3509 3898 Absalon
3543 3842 3635 3898 lilii
3665 3843 3769 3907 sui;

2180 3953 2285 4004 vn,
2317 3953 2416 4008 pro
2438 3937 2623 3993 verbis
2643 3934 2768 3992 Cusi
2797 3935 2887 3990 lilii
2913 3934 3130 3992 Gemini
3154 3952 3166 3999 ;
3186 3950 3348 4003 est",
3369 3950 3490 3990 cum
3514 3951 3637 3991 eum
3662 3952 3772 4007 per-

2181 4039 2500 4102 sequeretur
2544 4027 2846 4083 Abessalon
2889 4027 3031 4082 lilius
3077 4042 3245 4092 suus;
3289 4041 3422 4093 xvn,
3469 4027 3522 4081 in
3566 4027 3651 4082 die
3674 4041 3767 4096 qua

2181 4121 2434 4178 liberavit
2457 4136 2581 4178 eum
2610 4120 2872 4175 Dominus
2886 4119 2954 4175 de
2976 4133 3138 4176 manu
3168 4119 3410 4175 omnium
3432 4120 3765 4176 inimicorum

2175 4229 2426 4281 suorum,
2455 4223 2510 4271 et
2538 4213 2606 4269 de
2639 4228 2803 4269 manu
2831 4211 2984 4269 Saul.

2181 4465 2362 4590 Liui“.
2395 4495 2467 4508 -—
2492 4463 2656 4520 Addit
2696 4463 2784 4520 hic
2829 4464 3177 4521 Ambrosian.
3227 4465 3370 4522 liber
3407 4468 3683 4524 asteriscus
3725 4481 3765 4524 et

2181 4553 2207 4589 ο
2244 4554 2274 4590 ο
2301 4555 2378 4590 us.

2176 4539 2707 4679 Obeli‘mperitissi‘me
2734 4607 2866 4664 dicit
2887 4606 3030 4662 LXX
3053 4609 3392 4679 interpretes
3423 4611 3526 4666 sub
3553 4623 3764 4679 aposto—

2178 4678 2244 4753 lis
2264 4679 2572 4753 Scripturas
2593 4677 2789 4753 Graece
2814 4678 3176 4753 transtulisse,
3201 4677 3324 4734 cum
3358 4677 3623 4738 trecentis
3647 4685 3759 4753 plus

2175 4749 2555 4826 minus_an_n_is
2578 4759 2702 4806 ante
2732 4749 3006 4805 Christum
3040 4752 3424 4821 interpretatio
3464 4753 3610 4811 LXX
3639 4749 3757 4826 per-

2172 4820 2312 4878 fecta
2341 4822 2431 4876 sit.
2461 4822 2641 4876 Mam.

2242 4903 2268 4962 β
2298 4892 2578 4948 lnterserit
2605 4891 2742 4946 idem
2775 4905 2877 4944 ms.
2903 4891 3219 4948 adverbium
3243 4896 3471 4962 quando.

2237 4961 2265 5000 ¹³
2298 4963 2540 5045 Βυτειιῐη
2569 4978 2637 5018 ex
2658 4962 2851 5018 eodem
2882 4977 2984 5018 ms.
3031 4963 3117 5017 hic
3148 4961 3319 5020 David
3365 4983 3566 5027 nomen
3599 4971 3758 5028 inter-

2165 5048 2464 5092 serutmus.

2241 5105 2256 5143 ί
2288 5103 2437 5164 Idem
2465 5121 2595 5177 ms.,
2626 5105 2949 5178 prapltetavit
2973 5106 3160 5176 spiritu
3181 5108 3245 5163 de
3275 5107 3469 5168 Israel.
