3972 6224
349 307 3581 373 M"“_‘m”m

646 346 743 351 ψ.
790 348 861 352 ἠγ»
894 350 905 351 κ
938 348 969 353 ,κ
1002 350 1005 351 ν
1112 350 1159 353 γ-
1224 350 1231 351 κ
1270 350 1339 353 ἠγ
1364 350 1387 353 ρ
1428 350 1495 354 μ.
1526 352 1529 353 ν
1566 314 2411 359 H_.,,_.--.._____.__.._,--_~-
2494 355 3327 364 -__m‘_.-_.____.._...--

1565 501 2380 622 ADMONITIO

583 733 711 823 IN
794 732 1366 840 QUATUOR
1440 733 2147 832 OBATIONES
2217 740 2695 834 CONTRA
2763 744 3296 840 ARIANOS

396 1093 560 1166 διε
587 1092 628 1149 l.
651 1093 907 1150 Historia:
927 1095 1254 1150 Arianorum
1274 1097 1342 1150 ad
1361 1097 1642 1150 monachos
1663 1113 1696 1150 a
1714 1095 1775 1151 S.
1809 1098 2107 1153 Athanasio
2129 1100 2305 1152 missa:
2325 1097 2638 1169 subjungere
2653 1099 2820 1153 visum
2845 1107 2920 1152 est
2950 1107 3176 1167 quatuor
3191 1095 3456 1151 orationes
3469 1111 3596 1149 con-

337 1195 414 1240 tra
436 1188 694 1242 Arianos.
730 1186 975 1256 Namque
1011 1189 1079 1252 si,
1105 1200 1162 1242 ut
1187 1188 1561 1243 nonnullorum
1584 1201 1658 1244 est
1691 1191 1970 1257 sententia,
1998 1192 2279 1260 hocipsum
2299 1208 2427 1261 opus
2442 1201 2521 1246 est
2547 1191 2685 1263 quod
2703 1207 2808 1244 una
2844 1207 2965 1244 cum
3001 1192 3320 1244 Arianorum
3347 1187 3593 1242 'Historin

330 1283 394 1337 ad
419 1285 700 1338 monachos
745 1285 888 1338 misit
919 1283 978 1339 S.
1005 1286 1351 1350 Athanasius,
1382 1287 1627 1356 proprius
1649 1285 1731 1340 hic
1755 1288 1868 1356 ejus
1891 1286 2037 1342 locus
2059 1296 2157 1341 est.
2182 1286 2284 1341 Sed
2313 1287 2471 1342 sialii
2504 1285 2829 1354 probabilius
2850 1285 3146 1340 existiment
3165 1283 3290 1338 illas
3327 1283 3592 1338 orationes

328 1373 459 1427 alias
485 1374 645 1442 plane
666 1391 774 1429 esse
803 1374 867 1427 ab
891 1389 1039 1443 opere
1067 1375 1135 1428 ad
1161 1375 1441 1428 monachos
1474 1377 1670 1429 misso:
1708 1393 1800 1429 nec
1832 1377 2030 1430 idcirco
2067 1378 2396 1431 incommode
2414 1378 2498 1430 hic
2525 1377 2876 1431 collocantur.
2909 1376 3042 1430 Cum
3078 1376 3219 1430 enim
3241 1383 3441 1430 constet
3476 1392 3589 1429 eas»

326 1477 434 1538 post
457 1467 726 1521 intrusum
757 1466 1057 1538 Georgium,
1081 1486 1114 1523 a
1144 1467 1202 1523 S.
1241 1470 1539 1524 Athanasio
1567 1470 1620 1523 in
1641 1469 1927 1524 solitudine
1953 1479 2066 1524 tum
2088 1471 2302 1541 degente
2320 1487 2432 1526 esse
2455 1471 2775 1537 compositas
2801 1484 2820 1523 :
2843 1477 3010 1538 potest
3034 1469 3214 1539 utique
3233 1469 3351 1537 ﬁeri
3383 1477 3442 1521 ut
3464 1467 3590 1523 illas

329 1559 530 1612 nonnisi
557 1569 673 1628 post
695 1559 970 1629 epistolam
1002 1569 1292 1631 cceteraque
1324 1563 1392 1614 ad
1422 1561 1702 1614 monachos
1733 1562 1898 1616 missa
1921 1577 2078 1630 opera
2102 1562 2413 1631 scripserit;
2437 1577 2561 1614 nam
2603 1576 2706 1632 quo
2735 1560 2947 1630 deﬁnite
2970 1576 3108 1613 anno
3131 1557 3445 1627 conscripta:
3470 1557 3588 1625 fue-

328 1654 445 1721 rint,
484 1663 632 1708 certo
656 1655 763 1708 dici
785 1671 886 1708 non
909 1664 1096 1724 potest.
1129 1654 1234 1710 Sed
1255 1657 1319 1709 de
1341 1656 1420 1711 his
1454 1656 1625 1725 fusius
1654 1655 1709 1708 in
1750 1653 2076 1734 Praefatione
2111 1655 2374 1727 generali:
2404 1663 2595 1710 cwtera
2626 1671 2786 1723 nunc,
2811 1669 2929 1726 quae
2952 1655 3020 1707 ad
3052 1653 3198 1722 ipsas
3221 1652 3444 1707 attinent
3466 1668 3590 1705 oru-

327 1749 507 1811 tiones,
534 1763 935 1818 prosequamur.

386 1840 450 1898 ll.
486 1841 772 1897 Volumine.
788 1843 1048 1912 superiori
1064 1843 1162 1916 (a),
1192 1843 1247 1897 in
1271 1843 1632 1898 admonitione
1652 1845 1707 1899 in
1725 1842 2356 1914 Epistolamencyclicam
2382 1845 2452 1897 ad
2471 1846 2738 1914 episcopos
2760 1841 2834 1896 Αἱ
2837 1843 2983 1913 gypti
2993 1851 3044 1896 et
3067 1839 3253 1911 Libya:
3266 1839 3384 1909 jam
3413 1837 3591 1894 obser-

323 1941 550 1992 vavimus
587 1948 815 2008 quatuor
853 1938 1114 1993 duntaxat
1137 1955 1249 1994 esse
1280 1942 1544 1994 orationes
1576 1950 1761 1993 contra
1795 1941 2046 2007 Arianos,
2071 1956 2174 1994 non
2206 1942 2454 2011 quinque,
2482 1949 2540 1993 ut
2578 1939 2675 1994 alii
2705 1937 2839 1992 editi
2862 1937 3075 2000 habent,
3113 1937 3384 2006 ipsamque
3431 1948 3590 2001 ency-

324 2028 504 2082 clicam
543 2030 827 2099 epistolam
852 2029 916 2083 ab
944 2029 1054 2085 illis
1083 2031 1412 2086 orationibus
1435 2034 1639 2102 penitus
1663 2049 1774 2087 esse
1795 2033 2144 2086 distinctam:
2167 2049 2344 2086 verum
2373 2048 2542 2101 opera:
2557 2032 2782 2102 pretium
2799 2039 2878 2083 est
2901 2029 3106 2100 plenius
3125 2028 3209 2082 hic
3228 2043 3289 2081 ea
3309 2025 3373 2079 de
3397 2042 3451 2080 re
3471 2025 3589 2077 dis-

323 2137 502 2177 serere.
566 2121 720 2178 Inter
763 2141 819 2178 se
866 2140 973 2179 non
1027 2127 1361 2181 consentiunt
1414 2129 1768 2198 manuscripti
1823 2129 2028 2182 codices
2081 2129 2137 2182 in
2170 2128 2494 2199 assignando
2527 2142 2743 2181 numero
2771 2126 3076 2179 orationum
3117 2133 3301 2179 contra
3333 2122 3584 2175 Arianos.

322 2212 672 2285 Seguerianus
702 2217 914 2287 optimae
952 2231 1092 2275 notae
1130 2222 1296 2275 codex
1325 2223 1550 2293 quinque
1585 2236 1850 2288 numerat,
1875 2241 2098 2294 quarum
2125 2225 2298 2294 prima
2322 2233 2400 2278 est
2429 2223 2656 2288 epistola
2687 2221 2953 2291 encyclica
2973 2220 3042 2278 ad
3073 2221 3339 2288 episcopos
3364 2215 3589 2286 Egypti

321 2314 363 2359 et
386 2304 592 2376 Libyae,
621 2307 691 2360 ad
718 2308 868 2377 cujus
899 2309 1114 2363 initium
1140 2311 1194 2363 in
1218 2313 1453 2382 margine
1474 2313 1584 2366 hwc
1609 2325 1734 2366 nota
1764 2313 1887 2384 legit

2018 2330 2165 2383 quam
2197 2313 2464 2368 noluimus
2493 2316 2768 2368 omittere:
2793 2307 2963 2377 Οὗτος
3008 2313 3036 2366 ὁ
3079 2311 3315 2369 ἐνταῦθα
3369 2310 3586 2383 πρῶτος

319 2401 463 2470 λόγος
500 2403 601 2456 τοῦ
623 2404 777 2473 ἁγίου
825 2403 1140 2460 Ἀθανασίου
1167 2405 1223 2459 ἐν
1251 2424 1362 2461 τισι.
1391 2407 1501 2460 τῶν
1536 2411 1887 2480 ἀντιγράφων
1917 2410 2176 2483 τέταρτος
2231 2410 2470 2481 φέρεται.
2498 2412 2610 2466 Kal.
2648 2411 2888 2483 Σεὸἦρος
2937 2410 2993 2465 δὲ
3039 2411 3067 2462 ὁ
3108 2406 3371 2480 δυσσεϐὴς
3399 2409 3458 2459 ὲν
3511 2405 3589 2475 τῷ

320 2496 539 2568 εἰκοστῷ
571 2499 742 2570 τρίτῳ
780 2499 1058 2569 κεφαλαίῳ
1088 2499 1179 2552 τοῦ
1204 2500 1388 2572 τρίτου
1422 2500 1581 2570 λόγου
1607 2501 1714 2554 τῶν
1741 2503 1884 2556 κατὰ
1910 2502 2005 2557 τοῦ
2041 2503 2310 2577 μακαρίου
2353 2501 2601 2555 Ἰωάννου
2630 2502 2726 2556 τοῦ
2775 2501 3072 2557 ἐπισκόπου
3106 2498 3444 2570 Καισαρείας
3471 2498 3586 2550 Πα-

318 2589 595 2661 λαιστίνης
615 2589 710 2644 τοῦ
750 2591 856 2643 ἀπὸ
883 2590 1289 2662 γραμματικῶν
1316 2592 1576 2666 τέταρτον
1608 2595 1698 2648 τὸν
1755 2597 1996 2667 παρόντα
2028 2596 2184 2663 λόγον
2210 2593 2485 2664 ὀνομάζει.
2531 2595 2587 2647 Ὁ
2612 2595 2669 2648 δὲ
2708 2597 2765 2648 ἐν
2789 2595 2958 2656 ὁσίοις
2991 2592 3264 2667 Θεόδωρος
3290 2589 3585 2654 ἐπίσκοπος

317 2683 408 2754 τῆς
455 2685 647 2756 Φαρᾶν
665 2725 677 2748 ,
710 2685 849 2756 ἀνὴρ
869 2684 1074 2753 λόγιος,
1113 2686 1206 2738 καὶ
1234 2687 1642 2760 συγγράμματα
1680 2688 2084 2752 καταλελοιπὼς
2125 2688 2450 2755 ἁξιάγαστα,
2475 2689 2533 2742 ὲν
2560 2686 2639 2760 τῷ
2669 2688 2810 2744 κατὰ
2835 2684 3136 2757 Ἀγνοητῶν
3159 2682 3325 2739 αὑτοῦ
3354 2681 3586 2752 διαλόγῳ

314 2774 569 2848 τέταρτον
597 2774 690 2829 τοῦ
723 2775 876 2845 ἁγίου
915 2775 1229 2829 Ἀϐανασίου
1250 2780 1392 2831 κατὰ
1428 2780 1721 2851 Ἀρειανῶν
1759 2781 1916 2850 λόγον
1947 2781 2201 2853 ὀνομάζει
2227 2781 2317 2835 τὸν
2341 2782 2435 2834 καὶ
2463 2783 2522 2833 ὲν
2546 2779 2678 2851 τῷδε
2708 2779 2787 2850 τῷ
2812 2779 2994 2849 τεύχει
3020 2777 3280 2849 τέταρτον
3307 2773 3581 2844 κείμενον,

315 2864 371 2925 οὗ
399 2870 433 2941 ἠ
460 2869 609 2943 ἀρχή
628 2886 641 2899 ο
676 2870 738 2923 Οἱ
776 2871 1198 2942 ’Δρειομανῖται,
1232 2871 1306 2935 ὡς
1338 2870 1504 2937 ἔοικε,
1533 2873 1817 2944 κρίναντες
1840 2874 1883 2927 ἂι

2016 2873 2320 2928 ἀποστάται
2352 2871 2627 2943 γενέσθαι.
2668 2871 2733 2925 Id
2765 2882 2874 2926 est:
2913 2888 2932 2922 s
2969 2869 3118 2933 llam,
3141 2885 3261 2940 qua:
3282 2867 3368 2921 hic
3390 2867 3583 2920 inseri-

315 2962 450 3016 bitur
474 2963 656 3017 oratio
684 2964 859 3033 prima
886 2961 946 3018 S.
983 2963 1264 3017 Athanasii
1285 2966 1336 3018 in
1365 2964 1632 3036 aliquibus
1652 2966 2041 3036 exemplaribus
2062 2979 2256 3037 quarta
2280 2967 2501 3022 dicitur.
2530 2965 2600 3020 Et
2623 2982 2740 3021 vero
2765 2966 2962 3035 impius
2997 2963 3218 3019 Severus
3245 2962 3300 3014 in
3330 2958 3582 3013 vicesimo

315 3059 457 3112 tertio
489 3060 670 3128 capite
698 3058 824 3112 libri
857 3060 996 3112 tertii
1026 3058 1274 3114 adversus
1299 3059 1558 3116 Joannem
1581 3078 1614 3114 a
1643 3062 2008 3131 grammaticis
2036 3061 2293 3116 ϐαθείῃ-ειη
2321 3062 2375 3114 in
2405 3060 2699 3115 Palaestina
2731 3062 3053 3128 episcopum,
3073 3066 3320 3128 quartam
3350 3045 3578 3123 appella'

312 3161 620 3218 prcsentem
643 3154 957 3208 orationem.
989 3155 1056 3208 At
1087 3153 1146 3210 S.
1179 3153 1482 3208 Theodorus
1520 3154 1791 3223 episcopus
1838 3153 2076 3218 Pharan,
2099 3157 2178 3208 vir
2205 3155 2466 3218 eruditus,
2500 3155 2589 3224 qui
2610 3164 2658 3207 et
2687 3155 2896 3224 egregia
2937 3151 3149 3221 reliquit
3180 3163 3362 3218 opera,
3390 3146 3446 3200 in
3483 3159 3578 3198 suo

313 3243 557 3300 adversus
587 3243 853 3316 Agnoetas
879 3244 1114 3317 dialogo,
1144 3253 1393 3315 quartam
1417 3242 1476 3299 S.
1513 3244 1798 3299 Athanasii
1835 3246 2128 3300 orationem
2149 3258 2338 3300 contra
2369 3245 2599 3300 Arianos
2630 3243 2884 3315 appellat,
2911 3257 3026 3314 qua:
3059 3243 3186 3295 item
3220 3238 3399 3294 istoin
3429 3234 3581 3289 volu-

311 3341 441 3395 mine
468 3349 672 3411 quarta
699 3348 797 3406 est,
823 3340 972 3410 cujus
1003 3340 1238 3394 videlicet
1270 3338 1482 3392 initium
1503 3347 1579 3392 est
1605 3355 1622 3392 :
1657 3357 1675 3389 ι
1708 3337 2146 3408 Quandoquidem
2179 3337 2337 3393 semel
2357 3339 2571 3406 Ariani,
2595 3350 2650 3392 ut
2690 3337 2914 3401 videtur,
2951 3336 3183 3390 animum
3203 3333 3520 3387 induxerunt
3546 3350 3578 3385 a

317 3452 334 3486 ι
353 3436 571 3491 veritate
596 3435 936 3490 desciscerea
965 3432 1091 3488 Hac
1115 3434 1210 3498 ibi,
1235 3449 1352 3504 qua:
1380 3434 1501 3486 item
1530 3432 1790 3486 habentur
1813 3435 1869 3488 in
1897 3435 2072 3491 codice
2099 3432 2437 3500 Gobleriano,
2466 3449 2629 3502 eaque
2650 3429 3037 3486 Felckmannus
3065 3428 3139 3482 ait
3163 3444 3272 3482 esse
3297 3426 3576 3495 cujusdam

311 3529 508 3583 lectoris
538 3528 766 3583 Romani
799 3528 1007 3582 nomine
1037 3527 1127 3598 qui
1159 3527 1390 3580 codicem
1413 3524 1788 3580 Goblerianum
1813 3529 2046 3597 scripsit.
2074 3526 2226 3580 Editi
2248 3525 2421 3582 erci
2453 3526 2679 3588 codices,
2712 3534 2762 3578 et
2799 3541 2898 3578 ms.
2925 3521 3272 3576 Felckmanni
3313 3518 3575 3574 secundus

309 3620 421 3677 licet
444 3623 608 3676 illam
636 3621 915 3692 epistolam
949 3636 1050 3673 non
1083 3619 1371 3673 inscribant
1407 3619 1637 3688 primam
1669 3618 1996 3685 orationem;
2025 3629 2198 3673 tamen
2224 3636 2340 3673 eam
2375 3633 2535 3689 quam
2551 3616 2669 3685 jam
2692 3633 2785 3670 nos
2815 3617 3040 3684 primam
3083 3613 3440 3674 inscribimus,
3488 3625 3573 3662 se-

305 3718 528 3770 cundam
566 3715 861 3786 appellant.
911 3713 979 3768 In
1005 3713 1291 3768 Basiliensi
1318 3713 1496 3765 codice
1530 3721 1633 3766 tres
1659 3712 1844 3778 prima:
1876 3711 2143 3764 orationes
2173 3710 2354 3764 eodem
2398 3709 2602 3771 ordine,
2631 3724 2732 3777 quo
2749 3707 2866 3776 jam
2915 3723 2946 3758 a
2984 3704 3154 3767 nobis,
3185 3709 3567 3754 numerantur»

304 3813 389 3866 sed
417 3828 586 3866 auam
615 3802 860 3876 quartam
882 3809 1242 3872 inscribimus,
1271 3806 1342 3860 ibi
1370 3813 1520 3859 sexta
1546 3805 1779 3868 dicitur;
1803 3805 1940 3874 forte
1963 3821 2145 3873 nempe
2171 3803 2311 3873 quod
2341 3801 2566 3871 epistola
2589 3799 2853 3869 encyclica
2881 3800 2950 3851 ad
2981 3798 3248 3866 episcOpos
3279 3791 3498 3863 zEgypti
3520 3788 3572 3842 οι

304 3903 499 3973 Libye,
531 3905 596 3958 in
638 3903 904 3976 aliquibus
954 3901 1220 3956 codicibus
1256 3898 1430 3954 oratio
1461 3906 1652 3967 quarta
1694 3896 1748 3948 in
1792 3896 2021 3948 Arianos
2063 3894 2380 3964 appellatur,
2406 3904 2455 3947 et
2497 3893 2670 3946 oratio
2708 3891 2771 3945 de
2797 3889 3172 3943 Incarnatione
3209 3885 3382 3952 Verbi,
3416 3883 3568 3951 cujus

302 4003 531 4068 initium,
561 4003 631 4058 Οἱ
657 4000 1020 4072 κακοτέχνως,
1035 3999 1221 4069 quinta
1249 4002 1577 4055 numeratur,
1607 4000 1664 4044 ut
1695 3993 1752 4044 in
1783 3989 2122 4043 Felckmanni
2149 3989 2334 4060 quinto
2361 3987 2538 4040 codice
2565 4001 2664 4040 ms.
2687 3984 2751 4039 In
2779 3984 2940 4054 Regio
2967 3998 3064 4037 ms.
3093 3981 3270 4035 codice
3293 3980 3569 4035 chartaceo

301 4107 401 4151 tres
427 4097 628 4166 primce
656 4105 871 4148 exstant
899 4095 1167 4146 orationes
1197 4089 1380 4143 eadem
1403 4087 1555 4153 serie,
1579 4094 1635 4138 ut
1667 4084 1765 4138 hac
1796 4085 1848 4137 in
1879 4092 2060 4137 nostra
2095 4082 2344 4146 editione,
2373 4088 2683 4142 numeratae,
2717 4079 2807 4133 sed
2837 4087 3029 4148 quarta
3054 4077 3214 4130 deest.
3238 4075 3304 4128 In
3338 4076 3443 4129 alio
3467 4075 3568 4130 Re-

298 4195 380 4266 gio
402 4196 630 4264 optima:
654 4200 793 4247 nota:
815 4208 915 4245 ms.
942 4189 1139 4254 codice,
1164 4188 1254 4256 qui
1283 4185 1513 4239 mediam
1542 4183 1770 4253 Operam
1794 4179 1853 4234 S.
1881 4176 2164 4233 Athanasii
2194 4185 2400 4245 partem
2440 4177 2700 4240 continet,
2729 4175 2852 4229 duae
2885 4172 3106 4240 ultimae,
3134 4171 3287 4224 initio
3310 4171 3569 4224 habentur

298 4261 726 4354 orationes,quw
751 4283 876 4336 item
903 4279 1094 4334 ibidem
1121 4278 1278 4331 tertia
1295 4285 1342 4330 et
1359 4283 1551 4346 quarta
1577 4278 1969 4340 nuncupantur.
1987 4267 2091 4322 Sed
2113 4284 2175 4320 ne
2201 4267 2408 4324 diutius
2432 4267 2486 4319 in
2509 4265 2879 4336 percurrendis
2909 4264 3282 4332 manuscriptis
3299 4261 3566 4316 codicibus

296 4397 667 4452 immoremur,
693 4379 805 4433 vide
833 4378 1184 4446 discrepantes
1217 4374 1460 4427 lectiones
1488 4385 1619 4440 quas
1651 4367 1886 4422 studiose
1922 4363 2228 4433 collegimus
2269 4361 2338 4414 ad
2370 4361 2584 4415 initium
2615 4360 2948 4432 singularum
2979 4359 3303 4424 orationum,
3339 4372 3430 4409 nec
3461 4371 3564 4408 non

293 4446 532 4543 cpistola
554 4471 841 4542 encyclicte
871 4469 939 4523 ad
976 4468 1242 4538 episcopos
1267 4463 1488 4533 AZgypti
1513 4471 1564 4515 et
1585 4459 1788 4528 Libyco.
1815 4467 1864 4511 et
1889 4465 2152 4509 tractatus
2194 4454 2348 4508 modo
2396 4455 2675 4508 memorati
2709 4451 2772 4506 de
2803 4449 3201 4505 Incarnatione.
3237 4446 3399 4502 Multi
3427 4462 3567 4516 pra:-

296 4576 432 4622 terea
469 4567 688 4637 antiqui
712 4566 992 4635 scriptores
1017 4562 1192 4616 eodem
1220 4559 1400 4614 ordine
1427 4557 1550 4610 illas
1586 4557 1819 4609 citarunt
1845 4552 2110 4606 orationes
2143 4567 2206 4603 ac
2233 4566 2324 4603 nos
2358 4565 2724 4609 numeramus,
2762 4558 2822 4600 ut
2858 4545 3094 4616 Cyrillus
3145 4543 3560 4603 Alexandrinus,

297 4665 680 4727 Theodoretus,
710 4659 1049 4715 Justinianus
1077 4659 1385 4726 imperator,
1411 4649 1853 4722 quemadmodum
1877 4648 1986 4701 suis
2021 4647 2075 4699 in
2101 4646 2233 4700 locis
2256 4647 2611 4699 observamus.
2645 4641 2834 4696 Verum
2860 4639 2996 4694 nihil
3018 4656 3148 4710 opus
3181 4639 3415 4709 longiore
3443 4637 3559 4688 dis-

290 4759 589 4827 putatione,
630 4770 748 4808 cum
774 4753 980 4806 clarum
1003 4752 1072 4804 sit
1103 4764 1168 4802 ex
1200 4747 1339 4800 hisce
1365 4745 1492 4816 ipsis
1522 4753 1750 4814 quatuor
1786 4738 2114 4793 orationibus
2151 4737 2285 4793 nihil
2312 4753 2402 4791 eas
2439 4751 2711 4790 commune
2740 4749 2858 4787 cum
2886 4732 2996 4786 ullo
3035 4732 3143 4785 alio
3167 4746 3318 4801 opere
3347 4728 3556 4788 habere,

291 4825 378 4901 sed
403 4850 485 4902 ita
507 4849 653 4901 inter
680 4861 734 4900 se
762 4845 1040 4908 cohaerere,
1075 4849 1132 4894 ut
1163 4854 1324 4893 unum
1362 4837 1492 4906 ipsis
1533 4851 1662 4904 opus
1687 4832 1847 4886 simul
1875 4830 2184 4899 conﬁciant,
2217 4844 2442 4898 quarum
2471 4827 2644 4898 prima
2677 4827 2748 4880 sit
2775 4825 3120 4896 principium,
3154 4829 3348 4893 quarta
3375 4826 3552 4874 autem

288 4941 524 4994 omnium
549 4940 626 4993 sit
649 4938 793 5007 ﬁnis,
819 4950 979 5006 quam
998 4949 1123 4986 sane
1143 4933 1205 4986 ob
1233 4945 1449 4984 causam
1473 4927 1589 4981 sola
1618 4926 1728 4979 hac
1758 4923 1948 4976 ultima
1978 4921 2141 4976 solita
2167 4920 2482 4975 terminatur
2502 4917 2859 4973 conclusione.
2891 4917 3052 4971 Ratio
3083 4925 3260 4968 autem
3285 4927 3380 4964 cur
3401 4910 3555 4980 quin-

287 5049 380 5101 que
406 5005 672 5087 adversus
703 5005 929 5084 Arianos
953 5029 1212 5082 orationes
1239 5026 1294 5078 in
1327 5022 1509 5076 multis
1540 5027 1880 5074 numerentur
1910 5017 2202 5084 codicibus,
2233 5015 2382 5069 nulla
2421 5015 2531 5069 alia
2558 5015 2784 5080 videtur,
2815 5029 2975 5084 quam
3005 5009 3144 5083 quod
3175 5009 3232 5062 in
3258 5006 3369 5060 illis
3401 5005 3552 5059 cadi.

286 5127 431 5182 cibus
455 5125 696 5197 epistola
717 5124 983 5194 encyclica
1003 5123 1071 5174 ad
1100 5121 1365 5190 episcopos
1395 5117 1617 5187 As'gypti
1648 5124 1696 5168 et
1733 5113 1913 5182 Libya:
1933 5113 2170 5183 proxime
2191 5121 2304 5166 erat
2329 5119 2450 5165 a‘nte
2471 5119 2700 5182 quatuor
2729 5111 3019 5174 orationes,
3053 5119 3171 5175 quae
3188 5101 3397 5176 quidem
3431 5117 3549 5154 cum

287 5233 332 5276 et
362 5224 481 5292 ipsa
523 5220 600 5274 sit
623 5219 677 5271 in
697 5217 925 5270 Arianos
948 5213 1260 5282 composita,
1283 5211 1539 5280 inscripta
1562 5209 1760 5263 idcirco
1787 5216 1888 5267 est,
1919 5224 1936 5257 ι
1966 5205 2153 5260 Oratio
2184 5203 2360 5274 prima
2391 5211 2579 5256 contra
2599 5200 2881 5256 Arianos.»

352 5317 440 5372 lli.
472 5313 893 5386 Supersedemus
911 5310 995 5363 hic
1016 5326 1050 5362 a
1069 5307 1416 5378 proponendis
1441 5306 1773 5376 singularum
1789 5303 2090 5356 orationum
2112 5298 2470 5370 argumentis;
2497 5314 2579 5352 res
2601 5296 2740 5351 enim
2765 5311 2857 5349 nos
2901 5291 3105 5362 longius
3124 5292 3434 5346 deduceret:
3457 5291 3546 5343 sed

229 5468 236 5476 ,
284 5411 520 5480 singula,
553 5379 678 5478 qua:
703 5405 865 5476 digna
887 5401 1240 5457 observatione
1261 5400 1410 5455 nobis
1442 5399 1555 5454 visa
1592 5406 1714 5452 sunt
1746 5399 1802 5451 in
1821 5394 2274 5455 indiceadnotare
2313 5392 2459 5445 nobis
2496 5406 2639 5444 curce
2681 5389 2800 5454 fuit,
2831 5401 2968 5457 qua,
3001 5386 3085 5438 cui
3118 5385 3368 5452 lubuerit,
3393 5379 3550 5454 facile

351 5590 427 5663 (η)
458 5589 600 5663 ιξξια.
629 5589 753 5644 212.
779 5618 848 5630 --
871 5589 970 5663 llic
1000 5596 1052 5640 el
1082 5586 1218 5639 infra
1246 5601 1347 5638 non
1376 5584 1564 5647 semel,
1593 5579 1819 5663 cuman
1844 5579 1958 5663 lges
1983 5575 2239 5663 paxallela
2276 5582 2565 5632 revocatur
2599 5573 2794 5628 Lector
2814 5613 2829 5640 ,
2886 5573 3110 5644 paginas
3143 5570 3409 5640 intelligat
3435 5567 3549 5621 edi-

285 5647 445 5718 tionis
474 5647 708 5716 veneta:
732 5674 852 5729 qua:
877 5660 927 5712 in
965 5666 1147 5711 nostro
1183 5667 1330 5709 textu
1355 5661 1830 5727 repnnsemamtur.

732 5674 852 5729 qua:
877 5660 927 5712 in
965 5666 1147 5711 nostro
1183 5667 1330 5709 textu
1355 5661 1830 5727 repnnsemamtur.
1859 5647 2014 5707 Enn.
2042 5647 2283 5704 PATROL.

612 5753 890 5813 ΡΑτιιοι..
916 5750 1303 5832 ΕιιηΧΧνΙ.
3190 5736 3224 5796 1

1723 5965 1794 6006 r1-
1825 5975 1887 5996 που
1917 5968 2073 6006 νηί-ξ
2113 5963 2145 5999 η

1850 6010 1881 6020 ..ι
1917 6006 1977 6020 ,ντιλ
2049 6015 2054 6020 ὑ
2141 6013 2144 6020 λ
