3972 6224
352 290 407 342 n
930 289 1009 344 ηε.
1049 289 1417 347 namss“
1456 292 1608 350 om».
1647 294 1824 350 psus
1858 268 1901 351 1;

2051 294 2426 351 HISTORICA
2465 296 2552 351 ET
2591 295 3010 356 DOGMATICA.
3529 307 3595 363 ιι

345 409 507 464 Dassit
534 409 882 479 perlustrare.
912 408 1058 464 Satis
1085 410 1296 463 interim
1337 410 1408 463 sit
1448 413 1734 481 generatim
1765 412 2057 477 observare,
2087 412 2344 466 Arianam
2384 413 2703 482 impietatem
2741 414 2888 483 plene
2924 414 3007 467 hic
3030 415 3321 485 confutari,
3351 419 3597 491 variaque

344 502 669 556 Arianorum
691 513 998 573 argumenta
1040 515 1090 559 et
1124 523 1374 576 responsa
1412 507 1601 575 referri
1639 517 1688 562 et
1728 507 1918 577 refelli.
1942 507 2054 562 Nec
2087 524 2205 563 vero
2236 508 2405 562 solam
2433 509 2755 563 Arianorum
2777 509 3017 564 haeresim
3055 512 3280 565 conterit
3314 509 3371 566 S.
3399 512 3596 582 Pater,

343 596 433 649 sed
469 595 697 649 aliorum
723 596 883 650 etiam
906 596 1298 666 haereticorum,
1323 601 1414 670 qui
1441 600 1582 653 circa
1603 599 1873 653 Christum
1901 600 2186 656 Dominum
2209 611 2538 671 erraverunt,
2564 613 2858 656 contmenta
2888 602 3057 655 obiter
3081 603 3344 668 dissolvit,
3369 605 3475 659 sive
3505 624 3600 677 qui

345 689 617 744 Christum
651 705 842 757 purum
870 706 985 744 esse
1009 690 1293 757 hominem,
1325 693 1431 746 sive
1451 707 1542 762 qus
1569 708 1688 745 eum
1708 692 1919 746 nonnisi
1940 692 2331 762 phantasticum
2350 693 2597 747 habuisse
2615 709 2828 762 corpus,
2852 692 2959 745 sive
2979 693 3069 762 qui
3093 694 3220 761 quid
3251 694 3400 748 aliud
3422 696 3594 765 ﬁnxe-

340 793 486 839 runt.
513 784 654 850 Quin
679 787 839 840 etiam
863 787 940 840 ita
970 786 1134 840 nitide
1156 801 1329 842 veram
1358 788 1422 842 de
1444 783 1652 842 Christo
1686 786 1909 841 Domino
1933 787 2094 855 ﬁdem
2111 789 2345 858 exponit,
2372 797 2429 843 ut
2446 788 2687 858 ipsorum
2712 803 2933 859 quoque,
2959 789 3049 858 qui
3073 797 3199 858 post
3224 790 3397 858 ipsum
3420 797 3592 847 exorti

340 890 485 944 sunt,
509 880 776 950 confodiat
802 880 1066 937 hmresim.
1096 882 1238 936 Hinc
1269 880 1575 936 Nestorium
1601 881 1853 951 pro/ligat
1876 897 1993 934 cum
2016 882 2163 935 docet
2188 880 2481 946 Christum,
2508 880 2673 934 Deum
2696 880 2815 935 licet
2842 891 2891 934 et
2917 882 3202 945 hominem,
3227 899 3388 936 unum
3418 895 3590 939 tamen

338 991 471 1041 esse,
501 976 759 1047 uniusque
777 993 887 1031 esse
908 977 1021 1047 ejus
1059 994 1179 1031 cum
1203 976 1382 1030 divina
1412 983 1521 1027 tum
1550 975 1782 1027 humana
1811 989 2000 1043 opera;
2035 991 2153 1029 cum
2190 974 2413 1029 Verbum
2443 992 2545 1029 non
2569 976 2626 1029 in
2648 976 2909 1029 hominem
2927 976 3272 1042 descendisse,
3310 978 3399 1031 sed
3419 978 3589 1033 hami-

339 1085 456 1123 nem
477 1069 679 1139 factum
703 1087 814 1126 esse
838 1072 1100 1125 ostendit:
1125 1087 1245 1124 cum
1271 1070 1490 1140 denique
1516 1070 1722 1122 beatam
1747 1067 2022 1139 Virginem
2050 1067 2304 1135 Mariam,
2329 1068 2612 1133 Θεοτόκον,
2648 1068 2926 1138 Deiparam
2951 1071 3147 1138 saepius
3183 1069 3434 1139 appellat.
3463 1069 3584 1125 Non

336 1165 511 1217 minus
542 1163 705 1216 etiam
733 1161 988 1233 Eutychis
1017 1163 1187 1217 errori
1206 1162 1536 1224 adversatur,
1571 1176 1690 1213 cum
1710 1161 1920 1230 passim
1942 1161 2269 1215 demonstrat
2299 1161 2578 1215 distinctas
2614 1160 2815 1216 Christi
2847 1171 3089 1227 naturas,
3122 1164 3371 1233 variaque
3403 1180 3586 1217 earum

335 1257 519 1309 munia
545 1256 742 1310 diserte
765 1255 1017 1326 explicat.
1047 1255 1188 1309 Hinc
1213 1256 1384 1309 sancti
1409 1254 1599 1309 Patres
1626 1255 1684 1308 in
1702 1254 1962 1318 conciliis,
1982 1255 2048 1309 in
2068 1255 2255 1325 quibus
2280 1255 2497 1310 illorum
2520 1256 2885 1311 haereticorum
2925 1257 3177 1311 damnata
3208 1258 3454 1325 impietas
3483 1268 3582 1317 est.

335 1348 472 1401 tanti
516 1348 747 1403 doctoris
796 1349 1096 1402 testimonia
1124 1347 1407 1415 adducere,
1429 1348 1686 1418 ﬁdemque
1716 1347 2035 1401 catholicam
2064 1346 2189 1418 ejus
2214 1347 2544 1417 conﬁrmare
2580 1347 2898 1401 auctoritate
2928 1362 3030 1400 non
3064 1347 3375 1412 omiserunt,
3401 1347 3482 1400 uti
3513 1348 3582 1399 ad

332 1439 548 1507 propria
577 1438 693 1493 loca
716 1441 1034 1494 monuimus.

399 1531 566 1602 319
582 1529 673 1585 IV.
696 1530 897 1597 Photii,
922 1532 1013 1603 qui
1036 1532 1241 1602 quidem
1266 1534 1376 1605 ipse
1402 1535 1627 1606 quinque
1650 1533 1707 1589 S.
1728 1533 2008 1587 Athanasii
2044 1535 2510 1588 orationescontra
2531 1533 2759 1589 Arianos
2783 1544 3043 1601 numerat,
3066 1534 3135 1587 de
3165 1533 3354 1589 iisdem
3382 1535 3585 1589 oratio-

330 1624 483 1678 nibus
492 1625 759 1694 judicium
785 1641 888 1680 non
914 1625 1000 1679 hic
1019 1626 1812 1700 duximusprMermittendum.
1837 1626 1927 1682 Sic
1950 1627 2113 1697 igitur
2126 1627 2222 1681 ille
2238 1625 2589 1698 Bibliotheca
2616 1627 2932 1683 codicecu:
2951 1625 3282 1699 Ἀνεγνώσθη
3309 1624 3401 1680 τοῦ
3420 1624 3584 1681 αὐτού

328 1715 482 1785 ἁγίου
515 1716 899 1788 (Ἀθανασίου)
945 1719 979 1789 ή
1025 1717 1166 1773 κατὰ
1226 1721 1437 1792 Ἀρείου
1470 1721 1564 1775 καὶ
1591 1721 1700 1775 τῶν
1748 1720 1915 1777 αὑτοῦ
1959 1719 2245 1791 δογμάτων
2287 1718 2662 1783 πεντάόιϐλος.
2686 1719 2800 1789 Τὴν
2831 1718 2932 1789 μὲν
2968 1714 3062 1772 οὖν
3091 1716 3288 1790 φράσιν
3317 1719 3492 1789 σαφής
3522 1717 3583 1771 τέ

327 1816 498 1874 ιστιν,
526 1810 603 1873 ὡς
624 1811 720 1863 καὶ
746 1812 805 1862 ἐν
838 1811 992 1876 πᾶσι,
1025 1812 1119 1865 καὶ
1142 1811 1430 1885 ἀπέριττός
1456 1813 1553 1867 καὶ
1580 1812 1808 1887 ἀφελὴς,
1840 1814 2041 1887 δριμὺς
2061 1813 2157 1867 καὶ
2179 1810 2366 1883 βαθὺς,
2401 1812 2496 1866 καὶ
2522 1814 2635 1875 τοῖς
2665 1812 3088 1882 ἐπιχειρήμασιν
3112 1809 3350 1874 εὔτονος.
3382 1810 3493 1863 Kal
3523 1809 3583 1862 τὸ

326 1907 545 1974 γόνιμον
572 1903 629 1956 δὲ
651 1903 815 1958 αὑτοῦ
844 1906 900 1959 ἐν
928 1905 1141 1969 τούτοις
1169 1906 1376 1979 ἡλίκον,
1399 1909 1523 1961 ὅσον
1546 1909 1642 1962 καὶ
1668 1908 1971 1981 θαυμάσιον
1991 1926 2005 1940 ο
2035 1907 2281 1977 λιγικαῐς
2306 1924 2367 1961 τε
2396 1905 2638 1978 μεθόδοις
2667 1906 2791 1960 οὔτε
2826 1906 3048 1978 γυμνῶς
3074 1906 3168 1961 καὶ
3212 1906 3321 1960 ἀπὸ
3366 1907 3579 1960 ἐκεῖθεν

323 1994 542 2060 ὶεξεων,
575 1995 765 2069 ὥσπερ
789 1998 839 2052 oi
863 1998 1050 2063 παῖδες
1072 1999 1165 2053 καὶ
1195 2000 1517 2071 ἀρτιμαθείς
1547 2000 1880 2075 μειρακιώδη
1912 2001 2222 2072 φιλοτιμίαν
2254 1999 2686 2071 ἐπιδεικνύμενοι
2726 1999 3056 2070 πράττουσιν
3075 2038 3089 2063 ,
3135 1996 3249 2050 ἀλλ’
3298 1994 3583 2067 ὲμφιλοσό-

321 2105 437 2159 φως
461 2105 521 2142 τε
553 2089 647 2145 καὶ
678 2090 1126 2162 μεγαλοπρεπῶς,
1157 2093 1253 2145 καὶ
1281 2096 1402 2157 ταῖς
1438 2093 1669 2158 ἐννοίαις
1688 2094 1876 2166 μόναις
1901 2094 1997 2147 καὶ
2021 2092 2245 2157 ταύταις
2276 2091 2831 2164 διεσχηματισμέναις
2856 2090 3260 2161 ἀποκέχρηται·
3283 2089 3581 2158 γραφικαῖς

322 2198 381 2238 ιε
413 2183 740 2255 μαρτυρίαις
764 2183 860 2237 καὶ
892 2183 1229 2248 ἀποδείξεσιν
1251 2186 1332 2248 είς
1363 2184 1424 2239 τὸ
1456 2187 1722 2258 καρτερὸν
1750 2185 2145 2256 κατωχύρωται
2173 2201 2184 2213 '
2212 2185 2307 2238 καὶ
2335 2183 2523 2247 ἁπλῶς
2549 2185 2712 2255 ἀρκεῖ
2736 2183 2797 2236 τὸ
2822 2180 3024 2252 βιϐλίον
3051 2180 3207 2235 τοῦτο
3235 2179 3374 2234 κατὰ
3398 2181 3579 2250 πάσης

344 2278 630 2347 ’.ιρειανῆς
654 2274 1030 2346 παρατάξεως.
1069 2278 1180 2330 Καὶ
1205 2279 1260 2331 ei
1283 2294 1366 2342 τις
1385 2278 1479 2332 τὸν
1506 2278 1754 2345 θεολόγον
1783 2278 2080 2350 Γρηγόριον
2109 2277 2203 2332 καὶ
2231 2276 2321 2328 τὸν
2345 2276 2485 2329 θεῖον
2514 2275 2791 2330 Βασίλειον
2816 2276 2881 2328 ὲκ
2902 2274 3122 2343 ταύτης,
3152 2271 3339 2344 ὥσπερ
3373 2272 3576 2342 πηγῆς,

322 2366 699 2439 αρυσαμένους
727 2367 860 2440 φαίη
889 2367 990 2439 τῆς
1017 2366 1198 2440 βίόλου
1230 2370 1358 2434 τοὺς
1384 2370 1584 2434 καλοὺς
1618 2369 1858 2434 ἐκείνους
1882 2370 1977 2424 καὶ
2009 2369 2220 2434 διειδεῖς
2245 2368 2353 2422 τῶν
2381 2367 2598 2422 οἰκείων
2618 2366 2793 2436 λόγων
2822 2364 2962 2418 κατὰ
2998 2364 3098 2433 τῆς
3126 2364 3333 2434 πλάνης
3382 2363 3577 2433 ῥεῦσαι

323 2460 617 2531 κοταμοὺς,
639 2461 740 2514 οὐκ
756 2461 844 2529 ἂν,
866 2457 1040 2534 οἶμαι,
1060 2461 1284 2533 σφαλείη
1299 2460 1394 2515 τοῦ
1417 2461 1873 2535 παραδείγματος.

2006 2473 2050 2519 st
2075 2481 2119 2517 ε(
2131 2461 2277 2516 Lecti
2291 2469 2412 2515 sunt
2429 2458 2660 2528 ejusdem
2677 2458 2848 2510 sancti
2865 2455 3188 2526 (Athanasii)
3205 2456 3328 2509 libri
3348 2457 3574 2526 quinque

321 2561 506 2608 contra
534 2553 724 2606 Arium
748 2562 798 2608 et
826 2554 940 2623 ejus
965 2554 1232 2625 dogmata.
1259 2552 1328 2609 In
1350 2554 1433 2610 his
1456 2567 1514 2609 ut
1539 2556 1592 2608 in
1619 2555 1857 2610 omnibus
1893 2555 2006 2626 ejus
2037 2555 2301 2627 operibus,
2332 2551 2494 2606 dictio
2523 2549 2697 2604 nitida
2734 2556 2830 2612 est,
2869 2548 3093 2615 simplex
3126 2562 3218 2599 nec
3247 2546 3567 2602 redundans.

320 2662 505 2703 acrem
537 2646 622 2701 hic
647 2662 702 2701 se
730 2646 925 2716 prtebet
949 2656 1001 2701 et
1024 2647 1366 2717 profundum,
1389 2647 1835 2721 vehementemque
1859 2649 1915 2702 in
1944 2646 2360 2717 argumentando
2378 2660 2397 2698 :
2429 2652 2681 2711 tantaque
2705 2640 2819 2709 ejus
2845 2641 3057 2694 ubertas
3094 2646 3169 2693 est
3199 2653 3357 2708 quam
3390 2648 3438 2692 et
3468 2640 3571 2693 ad--

320 2744 590 2800 .‘m‘randa.
619 2744 827 2817 Logicis
851 2756 1025 2799 autem
1050 2745 1306 2800 methodis
1336 2745 1414 2798 ita
1445 2744 1635 2810 utitur,
1665 2752 1724 2795 ut
1764 2758 1869 2796 non
1911 2740 2051 2795 nude
2086 2756 2177 2793 nec
2225 2740 2282 2792 in
2326 2740 2457 2810 ipsis
2497 2740 2706 2794 vocibus
2746 2748 3011 2802 versetur,
3042 2737 3122 2790 uti
3172 2737 3322 2806 pueri
3364 2744 3413 2789 et
3446 2734 3573 2789 tiro-

321 2853 410 2890 aes
443 2838 798 2892 adolescentes
822 2838 914 2908 qui
945 2838 1087 2891 docti
1120 2836 1286 2891 videri
1316 2836 1559 2907 cupiunt,
1585 2833 1757 2889 solent
1786 2847 1958 2903 agere,
1990 2831 2081 2885 sed
2111 2829 2468 2901 philosophice
2494 2840 2547 2885 et
2576 2830 2873 2901 magniﬁce,
2904 2828 3135 2899 solisque
3157 2827 3431 2883 verborum
3458 2842 3572 2881 sen-

321 2929 497 2983 tentiis
530 2930 712 3001 hisque
731 2929 934 2985 diverse
954 2931 1222 2984 innititur.
1249 2927 1544 2998 Scriptura:
1577 2925 1826 2981 similiter
1861 2923 2174 2978 testimoniis
2194 2932 2245 2977 et
2270 2924 2667 2992 probationibus
2705 2922 3011 2992 ﬁrmissime
3040 2937 3094 2975 se
3119 2919 3428 3001 communit.
3466 2917 3571 2972 De-

321 3037 473 3091 nique
494 3000 639 3078 istud
658 3039 787 3093 opus
809 3022 1057 3077 adversus
1090 3021 1386 3075 universam
1417 3020 1741 3074 Arianorum
1772 3017 1939 3072 aciem
1968 3018 2135 3087 possit
2181 3018 2433 3087 sufﬁcere.
2466 3016 2632 3086 Atque
2659 3015 2705 3068 si
2731 3014 2847 3085 quis
2881 3028 2945 3067 ex
2968 3029 3027 3067 eo
3061 3011 3194 3066 libro
3227 3000 3476 3081 tanquam
3508 3023 3571 3064 ,εκ

320 3116 462 3185 fonte
482 3113 796 3188 Theologum
826 3115 1134 3186 Gregorium
1159 3125 1210 3170 et
1236 3116 1473 3169 divinum
1505 3112 1770 3168 Basiliam
1790 3112 2030 3166 hausisse
2061 3111 2257 3165 dixerit
2292 3109 2539 3181 pulchros
2570 3107 2694 3162 illos
2729 3120 2779 3161 et
2807 3104 3106 3177 perlucidos
3132 3118 3353 3159 suarum
3381 3108 3568 3155 cou:rs

319 3220 546 3261 morem
574 3206 875 3261 orationum
896 3207 1108 3276 ﬂuvios,
1138 3207 1274 3260 hunc
1295 3221 1388 3277 ego
1422 3220 1522 3259 non
1552 3212 1728 3273 putem
1752 3219 1787 3258 a
1811 3202 1919 3257 veri
1947 3200 2298 3256 similitudine
2320 3201 2710 3254 aberraturum.
2741 3216 2760 3250 ι
2797 3195 2929 3252 Hazc
2958 3194 3206 3250 Photius.

320 3350 3475 3380 MM

1416 3506 1552 3562 ΤΟΥ
1588 3506 1681 3573 EN
1717 3505 1941 3560 ΔΓΙΟῘΣ
1975 3505 2245 3561 ΠΑΤΡΟΣ
2278 3504 2474 3557 ΗΜΩΝ

1134 3672 2736 3854 ΑΘΑΝΑΣΙΟΥ

1357 3946 1944 4003 ΔΡΧΙΕΠΙΣΚΟΠὉΥ
1963 3943 2517 4003 ΑΛΕΞΑΝΔΡΕΙΑΣ

924 4110 1227 4203 ΚΑΤΑ
1298 4108 1848 4204 ΑΡΕΙΑΝΩΝ
1918 4111 2289 4202 ΛΟΓΟΣ
2360 4109 2803 4201 ΠΡΩΤΟΣ
2856 4097 2965 4195 (ί).

1215 4479 1337 4592 S.
1424 4479 1549 4590 P.
1639 4477 1779 4592 N.
1869 4473 2655 4590 ATHANASII

1412 4696 1942 4758 ARCHIEPISCOPI
1977 4697 2449 4755 ALEXANDRIE

803 4877 1416 4974 ADVERSUS
1489 4871 2008 4967 ARIANOS
2077 4869 2535 4966 ORATIO
2608 4868 3026 4961 PRIMA.

376 5201 429 5258 i.
464 5198 667 5259 Omnes
694 5203 910 5275 quidem
945 5206 1201 5270 haereses,
1248 5213 1515 5276 quotquot
1539 5204 1802 5260 hactenus
1831 5218 1864 5259 a

2054 5204 2106 5258 1.
2133 5205 2199 5258 Αἱ
2224 5205 2322 5278 μὲν
2344 5205 2581 5276 αἱρέσεις
2596 5204 2673 5278 (2)
2691 5204 2812 5260 ὅσαι
2830 5206 2932 5278 τῆς
2947 5207 3205 5279 ἀληθείας
3220 5205 3556 5281 ἀπέστησαν,

304 5294 535 5352 ueritate
559 5311 853 5366 recessere,
887 5299 1111 5353 evidens
1145 5305 1228 5352 est
1253 5296 1476 5352 insanas
1515 5297 1619 5353 sibi
1662 5295 1872 5366 excogi-

1992 5297 2343 5369 ὲπινοήσασωι
2373 5297 2570 5369 μανίαν
2598 5299 2817 5365 ἑαυταῖς
2836 5301 3070 5373 φανεραὶ
3099 5300 3449 5371 τυγχάνουσι,
3463 5302 3560 5357 καὶ

379 5410 456 5481 (1)
496 5413 577 5467 Ita
625 5410 825 5489 [Regius
845 5413 1040 5489 _code:_t
1069 5429 1174 5489 ius.
1203 5422 1257 5468 et
1287 5411 1623 5489 fiasiliensis1
1667 5410 1875 5489 εοεαε·
1981 5421 2035 5489 et
2058 5412 2240 5489 Libym
2267 5413 2349 5470 sic
2376 5415 2648 5483 inscribit,
2673 5417 2952 5472 Athanasii
2981 5418 3114 5473 liber
3136 5419 3342 5489 primus
3373 5427 3559 5473 contra

306 5481 531 5557 cianus,
569 5483 663 5536 τοῦ
700 5481 1048 5557 amoma
1083 5483 1372 5557 ’ᾼρειανῶν
1401 5481 1871 5557 λόχος-δεύτερος.

705 5481 872 5557 αὑτοῦ
892 5485 1048 5557 ᾲκατὰ
1083 5483 1372 5557 ’ᾼρειανῶν
1401 5481 1871 5557 λόχος-δεύτερος.
1983 5481 2273 5557 haereticos.

306 5552 662 5629 Anglicanus,
689 5552 1080 5629 Gobleriunus,
1102 5552 1453 5629 Felciuuanni
1480 5553 1594 5629 1,}
1622 5554 1739 5629 et__5
1761 5552 1873 5608 Vlia-

1989 5623 2019 5629 _
2056 5554 2131 5629 (ἢ)
2176 5553 2424 5629 Segnior“
2453 5556 2490 5610 ἃ
2514 5555 2627 5629 μὲν
2656 5556 3099 5629 ᾲαίρίέσειςηιάεητ
3136 5556 3354 5629 et_Reg.
3389 5557 3554 5613 Basil.

306 5622 434 5677 bent
477 5623 604 5678 item
646 5640 773 5679 cum
804 5625 992 5687 editis,
1023 5624 1179 5693 λόγος
1221 5622 1490 5694 δεύτερος.
1535 5622 1874 5680 Omnibonus

306 5696 380 5745 im
418 5693 558 5750 hanc
586 5696 891 5751 orationem
918 5695 1198 5752 inscribit,
1234 5702 1418 5746 contra
1452 5694 1684 5748 Arianae
1705 5710 1874 5748 sermo

1987 5622 2199 5708 Gobler.
2228 5622 2472 5680 Fclckm.
2506 5622 2539 5679 Ι
2566 5622 2868 5709 cvi-iiut
2898 5626 3002 5708 si};
3022 5626 3278 5752 ἁλιὲθείας
3304 5622 3555 5710 ἆπέστη-

1987 5710 2109 5752 σαν,
2150 5697 2525 5752 επινοήσασαι.
2558 5698 2666 5752 Ain
2713 5712 2837 5752 cum
2876 5697 3068 5752 edttls.
3141 5714 3228 5752 σαι
3277 5699 3418 5752 κατὰ
3459 5715 3555 5752 της

306 5696 387 5771 ita
418 5693 558 5750 hanc
575 5696 891 5771 gratiouem
918 5695 1198 5771 inscribit,
1234 5693 1418 5771 contra
1452 5694 1874 5771 Arianos_sermo

1990 5710 2112 5771 σειν2
2150 5695 2525 5771 ἐπινοήσασαι.
2558 5697 2666 5752 Alii
2704 5693 2837 5754 cum
2876 5693 3068 5765 editis,
3107 5693 3228 5752 ὅσαι
3277 5699 3418 5753 κατὰ
3459 5693 3558 5771 τῆς

304 5763 677 5850 ρνὺιηιεηδοιι
725 5766 867 5822 idem
902 5764 1185 5853 epistolam
1218 5764 1301 5853 ad.
1326 5764 1612 5835 episcopos
1656 5763 1872 5837 Aﬁgypti

1066 5765 1185 5853 tiatn
1218 5764 1301 5853 ad.
1326 5764 1612 5835 episcopos
1656 5763 1874 5837 [Egypti
1982 5762 2237 5835 ἀληθείας
2262 5762 2634 5846 ὲτέινοήσασοιι.
