  <div class='ocr_page' id='page_1' title='image "/cluster/home/n/w/nwhite01/storage/ocr_20150623/26/mdp.39015019958456/017.png"; bbox 0 0 3972 6224; ppageno 0'>
   <div class='ocr_carea' id='block_1_1' title="bbox 334 337 1899 410">
    <p class='ocr_par' dir='ltr' id='par_1_1' title="bbox 334 337 1890 407">
     <span class='ocr_line' id='line_1_1' title="bbox 334 337 1890 407; baseline 0.002 -4"><span class='ocrx_word' id='word_1_1' title='bbox 334 347 399 403; x_wconf 76' lang='grc'><strong>10</strong></span> <span class='ocrx_word' id='word_1_2' title='bbox 941 344 999 401; x_wconf 60' lang='lat' dir='ltr'><strong>Si</strong></span> <span class='ocrx_word' id='word_1_3' title='bbox 1042 344 1421 405; x_wconf 77' lang='lat' dir='ltr'><strong>ATHANASII</strong></span> <span class='ocrx_word' id='word_1_4' title='bbox 1459 337 1612 405; x_wconf 73' lang='grc' dir='ltr'><strong>ΟῐΨ.</strong></span> <span class='ocrx_word' id='word_1_5' title='bbox 1652 346 1833 407; x_wconf 77' lang='lat' dir='ltr'><strong>PARS</strong></span> <span class='ocrx_word' id='word_1_6' title='bbox 1874 363 1890 406; x_wconf 84' lang='grc' dir='ltr'><strong>ι</strong></span> 
     </span>
    </p>
   </div>
   <div class='ocr_carea' id='block_1_2' title="bbox 2007 337 3591 410">
    <p class='ocr_par' dir='ltr' id='par_1_2' title="bbox 2007 343 3591 410">
     <span class='ocr_line' id='line_1_2' title="bbox 2007 343 3591 410; baseline 0.001 -2"><span class='ocrx_word' id='word_1_7' title='bbox 2007 385 2026 395; x_wconf 90' lang='grc'><strong>-</strong></span> <span class='ocrx_word' id='word_1_8' title='bbox 2056 343 2432 410; x_wconf 73' lang='grc' dir='ltr'><strong>ΗΙΞΤΟΙΠΟΑ</strong></span> <span class='ocrx_word' id='word_1_9' title='bbox 2472 354 2559 410; x_wconf 84' lang='grc' dir='ltr'><strong>ΕΤ</strong></span> <span class='ocrx_word' id='word_1_10' title='bbox 2602 346 3002 409; x_wconf 75' lang='lat' dir='ltr'><strong>DOGMATICA</strong></span> <span class='ocrx_word' id='word_1_11' title='bbox 3520 350 3591 410; x_wconf 70' lang='grc' dir='ltr'><strong>ευ</strong></span> 
     </span>
    </p>
   </div>
   <div class='ocr_carea' id='block_1_3' title="bbox 402 449 1899 543">
    <p class='ocr_par' dir='ltr' id='par_1_3' title="bbox 402 449 1899 533">
     <span class='ocr_line' id='line_1_3' title="bbox 402 449 1899 533; baseline 0.005 -18"><span class='ocrx_word' id='word_1_12' title='bbox 402 461 456 516; x_wconf 74' lang='grc'><strong>4.</strong></span> <span class='ocrx_word' id='word_1_13' title='bbox 486 457 628 516; x_wconf 82' lang='lat' dir='ltr'><strong>Num</strong></span> <span class='ocrx_word' id='word_1_14' title='bbox 656 449 824 532; x_wconf 82' lang='lat' dir='ltr'><strong>igitur</strong></span> <span class='ocrx_word' id='word_1_15' title='bbox 839 478 1056 533; x_wconf 61' lang='lat' dir='ltr'><strong>aequum</strong></span> <span class='ocrx_word' id='word_1_16' title='bbox 1088 459 1252 518; x_wconf 78' lang='lat' dir='ltr'><strong>fuerit</strong></span> <span class='ocrx_word' id='word_1_17' title='bbox 1280 480 1376 522; x_wconf 91' lang='lat' dir='ltr'><strong>eos</strong></span> <span class='ocrx_word' id='word_1_18' title='bbox 1396 465 1741 523; x_wconf 85' lang='lat' dir='ltr'><strong>Christianos</strong></span> <span class='ocrx_word' id='word_1_19' title='bbox 1764 468 1899 524; x_wconf 91' lang='lat' dir='ltr'><strong>dice-</strong></span> 
     </span>
    </p>
   </div>
   <div class='ocr_carea' id='block_1_4' title="bbox 2007 449 3590 543">
    <p class='ocr_par' dir='ltr' id='par_1_4' title="bbox 2084 462 3590 543">
     <span class='ocr_line' id='line_1_4' title="bbox 2084 462 3590 543; baseline 0.001 -19"><span class='ocrx_word' id='word_1_20' title='bbox 2084 471 2138 524; x_wconf 76' lang='grc'><strong>4.</strong></span> <span class='ocrx_word' id='word_1_21' title='bbox 2182 471 2308 536; x_wconf 87' lang='grc' dir='ltr'>Πῶς</span> <span class='ocrx_word' id='word_1_22' title='bbox 2332 462 2515 525; x_wconf 78' lang='grc' dir='ltr'>τοίνυν</span> <span class='ocrx_word' id='word_1_23' title='bbox 2546 464 2864 543; x_wconf 80' lang='grc' dir='ltr'><strong>Χριστιανοὶ</strong></span> <span class='ocrx_word' id='word_1_24' title='bbox 2892 466 2942 523; x_wconf 75' lang='lat' dir='ltr'><strong>et</strong></span> <span class='ocrx_word' id='word_1_25' title='bbox 2979 470 3054 540; x_wconf 82' lang='grc' dir='ltr'>μὴ</span> <span class='ocrx_word' id='word_1_26' title='bbox 3085 470 3420 543; x_wconf 70' lang='grc' dir='ltr'>Χριστιανοὶ,</span> <span class='ocrx_word' id='word_1_27' title='bbox 3454 470 3590 527; x_wconf 75' lang='grc' dir='ltr'>ἀλλὰ</span> 
     </span>
    </p>
   </div>
   <div class='ocr_carea' id='block_1_5' title="bbox 330 551 1903 623">
    <p class='ocr_par' dir='ltr' id='par_1_5' title="bbox 330 551 1903 623">
     <span class='ocr_line' id='line_1_5' title="bbox 330 551 1903 623; baseline 0.006 -18"><span class='ocrx_word' id='word_1_28' title='bbox 330 567 411 613; x_wconf 84' lang='lat' dir='ltr'><strong>re,</strong></span> <span class='ocrx_word' id='word_1_29' title='bbox 445 551 540 623; x_wconf 89' lang='lat' dir='ltr'><strong>qui</strong></span> <span class='ocrx_word' id='word_1_30' title='bbox 576 567 685 606; x_wconf 86' lang='lat' dir='ltr'><strong>non</strong></span> <span class='ocrx_word' id='word_1_31' title='bbox 714 551 1032 618; x_wconf 86' lang='lat' dir='ltr'><strong>Christiani,</strong></span> <span class='ocrx_word' id='word_1_32' title='bbox 1070 554 1162 609; x_wconf 89' lang='lat' dir='ltr'><strong>sed</strong></span> <span class='ocrx_word' id='word_1_33' title='bbox 1190 554 1377 611; x_wconf 84' lang='lat' dir='ltr'><strong>Ariani</strong></span> <span class='ocrx_word' id='word_1_34' title='bbox 1407 559 1571 613; x_wconf 89' lang='lat' dir='ltr'><strong>sunt?</strong></span> <span class='ocrx_word' id='word_1_35' title='bbox 1596 561 1679 614; x_wconf 84' lang='lat' dir='ltr'><strong>An</strong></span> <span class='ocrx_word' id='word_1_36' title='bbox 1709 560 1776 615; x_wconf 90' lang='lat' dir='ltr'><strong>ad</strong></span> <span class='ocrx_word' id='word_1_37' title='bbox 1810 575 1903 617; x_wconf 90' lang='lat' dir='ltr'><strong>ca-</strong></span> 
     </span>
    </p>
   </div>
   <div class='ocr_carea' id='block_1_6' title="bbox 332 642 1907 722">
    <p class='ocr_par' dir='ltr' id='par_1_6' title="bbox 332 642 1907 722">
     <span class='ocr_line' id='line_1_6' title="bbox 332 642 1907 722; baseline 0.007 -25"><span class='ocrx_word' id='word_1_38' title='bbox 332 644 591 700; x_wconf 88' lang='lat' dir='ltr'><strong>tholicam</strong></span> <span class='ocrx_word' id='word_1_39' title='bbox 641 642 939 702; x_wconf 87' lang='lat' dir='ltr'><strong>Ecclesiam</strong></span> <span class='ocrx_word' id='word_1_40' title='bbox 973 648 1052 703; x_wconf 84' lang='lat' dir='ltr'><strong>illi</strong></span> <span class='ocrx_word' id='word_1_41' title='bbox 1080 649 1376 719; x_wconf 90' lang='lat' dir='ltr'><strong>pertinent,</strong></span> <span class='ocrx_word' id='word_1_42' title='bbox 1413 652 1507 720; x_wconf 89' lang='lat' dir='ltr'><strong>qui</strong></span> <span class='ocrx_word' id='word_1_43' title='bbox 1549 651 1907 722; x_wconf 78' lang='lat' dir='ltr'><strong>apostolicam</strong></span> 
     </span>
    </p>
   </div>
   <div class='ocr_carea' id='block_1_7' title="bbox 330 737 1907 806">
    <p class='ocr_par' dir='ltr' id='par_1_7' title="bbox 330 737 1907 806">
     <span class='ocr_line' id='line_1_7' title="bbox 330 737 1907 806; baseline 0.005 -14"><span class='ocrx_word' id='word_1_44' title='bbox 330 737 491 793; x_wconf 77' lang='lat' dir='ltr'><strong>tidem</strong></span> <span class='ocrx_word' id='word_1_45' title='bbox 527 747 912 806; x_wconf 79' lang='lat' dir='ltr'><strong>excusserunt,</strong></span> <span class='ocrx_word' id='word_1_46' title='bbox 955 748 1010 794; x_wconf 89' lang='lat' dir='ltr'><strong>et</strong></span> <span class='ocrx_word' id='word_1_47' title='bbox 1042 755 1310 795; x_wconf 82' lang='lat' dir='ltr'><strong>novorum</strong></span> <span class='ocrx_word' id='word_1_48' title='bbox 1348 744 1618 797; x_wconf 85' lang='lat' dir='ltr'><strong>malorum</strong></span> <span class='ocrx_word' id='word_1_49' title='bbox 1654 753 1907 800; x_wconf 89' lang='lat' dir='ltr'><strong>auctores</strong></span> 
     </span>
    </p>
   </div>
   <div class='ocr_carea' id='block_1_8' title="bbox 331 829 1903 903">
    <p class='ocr_par' dir='ltr' id='par_1_8' title="bbox 331 829 1903 903">
     <span class='ocr_line' id='line_1_8' title="bbox 331 829 1903 903; baseline 0.004 -19"><span class='ocrx_word' id='word_1_50' title='bbox 331 829 593 886; x_wconf 80' lang='lat' dir='ltr'><strong>fuerunt?</strong></span> <span class='ocrx_word' id='word_1_51' title='bbox 619 829 713 898; x_wconf 86' lang='lat' dir='ltr'><strong>qui</strong></span> <span class='ocrx_word' id='word_1_52' title='bbox 746 829 1494 903; x_wconf 83' lang='lat' dir='ltr'><strong>divinarumScripturarum</strong></span> <span class='ocrx_word' id='word_1_53' title='bbox 1525 835 1760 890; x_wconf 80' lang='lat' dir='ltr'><strong>oraculis</strong></span> <span class='ocrx_word' id='word_1_54' title='bbox 1780 835 1903 890; x_wconf 90' lang='lat' dir='ltr'><strong>reli—</strong></span> 
     </span>
    </p>
   </div>
   <div class='ocr_carea' id='block_1_9' title="bbox 332 921 1906 999">
    <p class='ocr_par' dir='ltr' id='par_1_9' title="bbox 332 921 1906 999">
     <span class='ocr_line' id='line_1_9' title="bbox 332 921 1906 999; baseline 0.003 -21"><span class='ocrx_word' id='word_1_55' title='bbox 332 924 452 988; x_wconf 87' lang='lat' dir='ltr'><strong>ctis,</strong></span> <span class='ocrx_word' id='word_1_56' title='bbox 470 922 583 977; x_wconf 79' lang='lat' dir='ltr'><strong>Arii</strong></span> <span class='ocrx_word' id='word_1_57' title='bbox 610 921 826 979; x_wconf 74' lang='lat' dir='ltr'><strong>Thalias</strong></span> <span class='ocrx_word' id='word_1_58' title='bbox 855 939 1048 979; x_wconf 87' lang='lat' dir='ltr'><strong>novam</strong></span> <span class='ocrx_word' id='word_1_59' title='bbox 1077 925 1399 995; x_wconf 83' lang='lat' dir='ltr'><strong>sapientiam</strong></span> <span class='ocrx_word' id='word_1_60' title='bbox 1436 927 1741 997; x_wconf 88' lang='lat' dir='ltr'><strong>appellant?</strong></span> <span class='ocrx_word' id='word_1_61' title='bbox 1761 924 1906 999; x_wconf 91' lang='lat' dir='ltr'><strong>quod</strong></span> 
     </span>
    </p>
   </div>
   <div class='ocr_carea' id='block_1_10' title="bbox 329 1006 1907 1087">
    <p class='ocr_par' dir='ltr' id='par_1_10' title="bbox 329 1006 1907 1087">
     <span class='ocr_line' id='line_1_10' title="bbox 329 1006 1907 1087; baseline 0.003 -20"><span class='ocrx_word' id='word_1_62' title='bbox 329 1014 551 1084; x_wconf 82' lang='lat' dir='ltr'><strong>quidem</strong></span> <span class='ocrx_word' id='word_1_63' title='bbox 582 1029 687 1069; x_wconf 91' lang='lat' dir='ltr'><strong>non</strong></span> <span class='ocrx_word' id='word_1_64' title='bbox 723 1006 1000 1070; x_wconf 86' lang='lat' dir='ltr'><strong>immerito</strong></span> <span class='ocrx_word' id='word_1_65' title='bbox 1032 1014 1186 1070; x_wconf 89' lang='lat' dir='ltr'><strong>aiunt</strong></span> <span class='ocrx_word' id='word_1_66' title='bbox 1220 1035 1233 1070; x_wconf 90' lang='lat'>:</span> <span class='ocrx_word' id='word_1_67' title='bbox 1267 1032 1465 1072; x_wconf 90' lang='lat' dir='ltr'><strong>novam</strong></span> <span class='ocrx_word' id='word_1_68' title='bbox 1502 1018 1704 1087; x_wconf 84' lang='lat' dir='ltr'><strong>quippe</strong></span> <span class='ocrx_word' id='word_1_69' title='bbox 1733 1016 1907 1072; x_wconf 59' lang='lat' dir='ltr'><strong>haere-</strong></span> 
     </span>
    </p>
   </div>
   <div class='ocr_carea' id='block_1_11' title="bbox 329 1100 1905 1180">
    <p class='ocr_par' dir='ltr' id='par_1_11' title="bbox 329 1100 1905 1180">
     <span class='ocr_line' id='line_1_11' title="bbox 329 1100 1905 1180; baseline 0.003 -20"><span class='ocrx_word' id='word_1_70' title='bbox 329 1104 434 1160; x_wconf 83' lang='lat' dir='ltr'><strong>sim</strong></span> <span class='ocrx_word' id='word_1_71' title='bbox 465 1106 813 1161; x_wconf 89' lang='lat' dir='ltr'><strong>annuntiant.</strong></span> <span class='ocrx_word' id='word_1_72' title='bbox 845 1102 1114 1174; x_wconf 83' lang='lat' dir='ltr'><strong>Quocirca</strong></span> <span class='ocrx_word' id='word_1_73' title='bbox 1154 1100 1342 1164; x_wconf 84' lang='lat' dir='ltr'><strong>mirari</strong></span> <span class='ocrx_word' id='word_1_74' title='bbox 1381 1100 1549 1176; x_wconf 84' lang='lat' dir='ltr'><strong>subit,</strong></span> <span class='ocrx_word' id='word_1_75' title='bbox 1583 1109 1729 1180; x_wconf 82' lang='lat' dir='ltr'><strong>qUod</strong></span> <span class='ocrx_word' id='word_1_76' title='bbox 1779 1118 1905 1165; x_wconf 89' lang='lat' dir='ltr'><strong>eum</strong></span> 
     </span>
    </p>
   </div>
   <div class='ocr_carea' id='block_1_12' title="bbox 330 1197 1906 1273">
    <p class='ocr_par' dir='ltr' id='par_1_12' title="bbox 330 1197 1906 1273">
     <span class='ocr_line' id='line_1_12' title="bbox 330 1197 1906 1273; baseline 0.005 -23"><span class='ocrx_word' id='word_1_77' title='bbox 330 1197 485 1251; x_wconf 89' lang='lat' dir='ltr'><strong>multi</strong></span> <span class='ocrx_word' id='word_1_78' title='bbox 517 1197 784 1267; x_wconf 90' lang='lat' dir='ltr'><strong>plurimos</strong></span> <span class='ocrx_word' id='word_1_79' title='bbox 811 1200 1238 1256; x_wconf 85' lang='lat' dir='ltr'><strong>commentarios</strong></span> <span class='ocrx_word' id='word_1_80' title='bbox 1263 1204 1317 1256; x_wconf 86' lang='lat' dir='ltr'><strong>et</strong></span> <span class='ocrx_word' id='word_1_81' title='bbox 1352 1217 1636 1257; x_wconf 87' lang='lat' dir='ltr'><strong>sermones</strong></span> <span class='ocrx_word' id='word_1_82' title='bbox 1671 1202 1906 1273; x_wconf 86' lang='lat' dir='ltr'><strong>scripse-</strong></span> 
     </span>
    </p>
   </div>
   <div class='ocr_carea' id='block_1_13' title="bbox 329 1288 1906 1364">
    <p class='ocr_par' dir='ltr' id='par_1_13' title="bbox 329 1288 1906 1364">
     <span class='ocr_line' id='line_1_13' title="bbox 329 1288 1906 1364; baseline 0.005 -23"><span class='ocrx_word' id='word_1_83' title='bbox 329 1288 440 1343; x_wconf 86' lang='lat' dir='ltr'><strong>rint</strong></span> <span class='ocrx_word' id='word_1_84' title='bbox 495 1289 547 1344; x_wconf 89' lang='lat' dir='ltr'><strong>in</strong></span> <span class='ocrx_word' id='word_1_85' title='bbox 591 1288 761 1347; x_wconf 83' lang='lat' dir='ltr'><strong>Vetus</strong></span> <span class='ocrx_word' id='word_1_86' title='bbox 806 1300 860 1347; x_wconf 91' lang='lat' dir='ltr'><strong>et</strong></span> <span class='ocrx_word' id='word_1_87' title='bbox 892 1290 1104 1348; x_wconf 85' lang='lat' dir='ltr'><strong>Novum</strong></span> <span class='ocrx_word' id='word_1_88' title='bbox 1149 1292 1584 1361; x_wconf 83' lang='lat' dir='ltr'><strong>Testamentum,</strong></span> <span class='ocrx_word' id='word_1_89' title='bbox 1630 1309 1731 1348; x_wconf 91' lang='lat' dir='ltr'><strong>nec</strong></span> <span class='ocrx_word' id='word_1_90' title='bbox 1761 1295 1906 1364; x_wconf 90' lang='lat' dir='ltr'><strong>apud</strong></span> 
     </span>
    </p>
   </div>
   <div class='ocr_carea' id='block_1_14' title="bbox 330 1381 1904 1458">
    <p class='ocr_par' dir='ltr' id='par_1_14' title="bbox 330 1381 1904 1458">
     <span class='ocr_line' id='line_1_14' title="bbox 330 1381 1904 1458; baseline 0.004 -24"><span class='ocrx_word' id='word_1_91' title='bbox 330 1381 493 1449; x_wconf 90' lang='lat' dir='ltr'><strong>ullos,</strong></span> <span class='ocrx_word' id='word_1_92' title='bbox 538 1383 619 1437; x_wconf 85' lang='lat' dir='ltr'><strong>vel</strong></span> <span class='ocrx_word' id='word_1_93' title='bbox 668 1384 834 1438; x_wconf 88' lang='lat' dir='ltr'><strong>etiam</strong></span> <span class='ocrx_word' id='word_1_94' title='bbox 893 1387 1035 1455; x_wconf 91' lang='lat' dir='ltr'><strong>apud</strong></span> <span class='ocrx_word' id='word_1_95' title='bbox 1089 1385 1252 1458; x_wconf 77' lang='lat'><strong>322</strong></span> <span class='ocrx_word' id='word_1_96' title='bbox 1285 1384 1563 1457; x_wconf 82' lang='lat' dir='ltr'><strong>graviores</strong></span> <span class='ocrx_word' id='word_1_97' title='bbox 1623 1385 1904 1457; x_wconf 81' lang='lat' dir='ltr'><strong>gentilium</strong></span> 
     </span>
    </p>
   </div>
   <div class='ocr_carea' id='block_1_15' title="bbox 330 1473 1906 1547">
    <p class='ocr_par' dir='ltr' id='par_1_15' title="bbox 330 1473 1906 1547">
     <span class='ocr_line' id='line_1_15' title="bbox 330 1473 1906 1547; baseline 0.004 -21"><span class='ocrx_word' id='word_1_98' title='bbox 330 1483 586 1530; x_wconf 83' lang='lat' dir='ltr'><strong>auctores</strong></span> <span class='ocrx_word' id='word_1_99' title='bbox 614 1473 806 1529; x_wconf 86' lang='lat' dir='ltr'><strong>Thalia</strong></span> <span class='ocrx_word' id='word_1_100' title='bbox 834 1477 1163 1547; x_wconf 84' lang='lat' dir='ltr'><strong>reperiatur,</strong></span> <span class='ocrx_word' id='word_1_101' title='bbox 1200 1477 1293 1534; x_wconf 87' lang='lat' dir='ltr'><strong>sed</strong></span> <span class='ocrx_word' id='word_1_102' title='bbox 1316 1479 1385 1532; x_wconf 89' lang='lat' dir='ltr'><strong>ab</strong></span> <span class='ocrx_word' id='word_1_103' title='bbox 1409 1478 1495 1533; x_wconf 91' lang='lat' dir='ltr'><strong>his</strong></span> <span class='ocrx_word' id='word_1_104' title='bbox 1517 1476 1783 1534; x_wconf 83' lang='lat' dir='ltr'><strong>duntaxat</strong></span> <span class='ocrx_word' id='word_1_105' title='bbox 1812 1492 1906 1533; x_wconf 85' lang='lat' dir='ltr'><strong>so—</strong></span> 
     </span>
    </p>
   </div>
   <div class='ocr_carea' id='block_1_16' title="bbox 329 1564 1907 1640">
    <p class='ocr_par' dir='ltr' id='par_1_16' title="bbox 329 1564 1907 1640">
     <span class='ocr_line' id='line_1_16' title="bbox 329 1564 1907 1640; baseline 0.005 -23"><span class='ocrx_word' id='word_1_106' title='bbox 329 1568 440 1619; x_wconf 88' lang='lat' dir='ltr'><strong>tcat</strong></span> <span class='ocrx_word' id='word_1_107' title='bbox 463 1564 731 1627; x_wconf 85' lang='lat' dir='ltr'><strong>adhiberi,</strong></span> <span class='ocrx_word' id='word_1_108' title='bbox 759 1565 852 1636; x_wconf 91' lang='lat' dir='ltr'><strong>qui</strong></span> <span class='ocrx_word' id='word_1_109' title='bbox 883 1568 1024 1624; x_wconf 89' lang='lat' dir='ltr'><strong>inter</strong></span> <span class='ocrx_word' id='word_1_110' title='bbox 1042 1569 1238 1640; x_wconf 88' lang='lat' dir='ltr'><strong>pocula</strong></span> <span class='ocrx_word' id='word_1_111' title='bbox 1277 1585 1401 1625; x_wconf 92' lang='lat' dir='ltr'><strong>cum</strong></span> <span class='ocrx_word' id='word_1_112' title='bbox 1435 1569 1631 1639; x_wconf 91' lang='lat' dir='ltr'><strong>plausu</strong></span> <span class='ocrx_word' id='word_1_113' title='bbox 1666 1582 1721 1624; x_wconf 87' lang='lat' dir='ltr'><strong>et</strong></span> <span class='ocrx_word' id='word_1_114' title='bbox 1758 1568 1907 1625; x_wconf 79' lang='lat' dir='ltr'><strong>face-</strong></span> 
     </span>
    </p>
   </div>
   <div class='ocr_carea' id='block_1_17' title="bbox 335 1656 1901 1729">
    <p class='ocr_par' dir='ltr' id='par_1_17' title="bbox 335 1656 1901 1729">
     <span class='ocr_line' id='line_1_17' title="bbox 335 1656 1901 1729; baseline 0.004 -20"><span class='ocrx_word' id='word_1_115' title='bbox 335 1656 428 1712; x_wconf 90' lang='lat' dir='ltr'><strong>tiis</strong></span> <span class='ocrx_word' id='word_1_116' title='bbox 462 1658 566 1713; x_wconf 85' lang='lat' dir='ltr'><strong>ista</strong></span> <span class='ocrx_word' id='word_1_117' title='bbox 605 1659 660 1714; x_wconf 90' lang='lat' dir='ltr'><strong>in</strong></span> <span class='ocrx_word' id='word_1_118' title='bbox 708 1657 853 1716; x_wconf 83' lang='lat' dir='ltr'><strong>ludis</strong></span> <span class='ocrx_word' id='word_1_119' title='bbox 880 1670 1106 1729; x_wconf 88' lang='lat' dir='ltr'><strong>canunt,</strong></span> <span class='ocrx_word' id='word_1_120' title='bbox 1138 1670 1198 1716; x_wconf 92' lang='lat' dir='ltr'><strong>ut</strong></span> <span class='ocrx_word' id='word_1_121' title='bbox 1241 1663 1310 1717; x_wconf 91' lang='lat' dir='ltr'><strong>ab</strong></span> <span class='ocrx_word' id='word_1_122' title='bbox 1358 1661 1481 1717; x_wconf 91' lang='lat' dir='ltr'><strong>aliis</strong></span> <span class='ocrx_word' id='word_1_123' title='bbox 1514 1662 1848 1718; x_wconf 89' lang='lat' dir='ltr'><strong>irrideantur</strong></span> <span class='ocrx_word' id='word_1_124' title='bbox 1886 1679 1901 1716; x_wconf 92' lang='lat'><strong>:</strong></span> 
     </span>
    </p>
   </div>
   <div class='ocr_carea' id='block_1_18' title="bbox 330 1742 1905 1823">
    <p class='ocr_par' dir='ltr' id='par_1_18' title="bbox 330 1742 1905 1823">
     <span class='ocr_line' id='line_1_18' title="bbox 330 1742 1905 1823; baseline 0.003 -20"><span class='ocrx_word' id='word_1_125' title='bbox 330 1743 598 1805; x_wconf 78' lang='lat' dir='ltr'><strong>miriﬁcus</strong></span> <span class='ocrx_word' id='word_1_126' title='bbox 632 1742 796 1806; x_wconf 79' lang='lat' dir='ltr'><strong>Arius</strong></span> <span class='ocrx_word' id='word_1_127' title='bbox 835 1752 970 1809; x_wconf 85' lang='lat' dir='ltr'><strong>nihil</strong></span> <span class='ocrx_word' id='word_1_128' title='bbox 1002 1754 1291 1808; x_wconf 89' lang='lat' dir='ltr'><strong>honestum</strong></span> <span class='ocrx_word' id='word_1_129' title='bbox 1327 1762 1587 1820; x_wconf 88' lang='lat' dir='ltr'><strong>sectatus,</strong></span> <span class='ocrx_word' id='word_1_130' title='bbox 1618 1751 1727 1809; x_wconf 91' lang='lat' dir='ltr'><strong>imo</strong></span> <span class='ocrx_word' id='word_1_131' title='bbox 1752 1754 1905 1823; x_wconf 86' lang='lat' dir='ltr'><strong>igna-</strong></span> 
     </span>
    </p>
   </div>
   <div class='ocr_carea' id='block_1_19' title="bbox 2024 555 3589 632">
    <p class='ocr_par' dir='ltr' id='par_1_19' title="bbox 2024 555 3589 632">
     <span class='ocr_line' id='line_1_19' title="bbox 2024 555 3589 632; baseline 0.001 -20"><span class='ocrx_word' id='word_1_132' title='bbox 2024 555 2460 632; x_wconf 79' lang='grc' dir='ltr'>’Ᾱρειομανῖται;</span> <span class='ocrx_word' id='word_1_133' title='bbox 2515 561 2587 613; x_wconf 80' lang='grc' dir='ltr'><em>’Ἡ</em></span> <span class='ocrx_word' id='word_1_134' title='bbox 2633 558 2752 625; x_wconf 87' lang='grc' dir='ltr'><strong>πῶς</strong></span> <span class='ocrx_word' id='word_1_135' title='bbox 2778 559 2879 630; x_wconf 80' lang='grc' dir='ltr'>τῆς</span> <span class='ocrx_word' id='word_1_136' title='bbox 2921 558 3214 630; x_wconf 83' lang='grc' dir='ltr'>καθολικῆς</span> <span class='ocrx_word' id='word_1_137' title='bbox 3263 558 3589 632; x_wconf 83' lang='grc' dir='ltr'>Ἐκκλησίας</span> 
     </span>
    </p>
   </div>
   <div class='ocr_carea' id='block_1_20' title="bbox 2011 650 3588 724">
    <p class='ocr_par' dir='ltr' id='par_1_20' title="bbox 2011 650 3588 724">
     <span class='ocr_line' id='line_1_20' title="bbox 2011 650 3588 724; baseline -0.003 -18"><span class='ocrx_word' id='word_1_138' title='bbox 2011 652 2147 706; x_wconf 71' lang='grc' dir='ltr'>εἰσιν</span> <span class='ocrx_word' id='word_1_139' title='bbox 2173 654 2221 706; x_wconf 90' lang='grc' dir='ltr'><strong>οί</strong></span> <span class='ocrx_word' id='word_1_140' title='bbox 2245 651 2341 724; x_wconf 86' lang='grc' dir='ltr'>τὴν</span> <span class='ocrx_word' id='word_1_141' title='bbox 2371 651 2733 723; x_wconf 80' lang='grc' dir='ltr'>άποστολικὴν</span> <span class='ocrx_word' id='word_1_142' title='bbox 2757 650 3208 721; x_wconf 82' lang='grc' dir='ltr'>άποτιναξάμενοι</span> <span class='ocrx_word' id='word_1_143' title='bbox 3257 652 3456 713; x_wconf 87' lang='grc' dir='ltr'>πίστιν,</span> <span class='ocrx_word' id='word_1_144' title='bbox 3492 650 3588 705; x_wconf 71' lang='grc' dir='ltr'>καὶ</span> 
     </span>
    </p>
   </div>
   <div class='ocr_carea' id='block_1_21' title="bbox 2010 738 3589 814">
    <p class='ocr_par' dir='ltr' id='par_1_21' title="bbox 2010 738 3589 814">
     <span class='ocr_line' id='line_1_21' title="bbox 2010 738 3589 814; baseline -0.002 -15"><span class='ocrx_word' id='word_1_145' title='bbox 2010 744 2210 799; x_wconf 90' lang='grc' dir='ltr'>καινῶν</span> <span class='ocrx_word' id='word_1_146' title='bbox 2238 742 2424 797; x_wconf 83' lang='grc' dir='ltr'>κακῶν</span> <span class='ocrx_word' id='word_1_147' title='bbox 2450 744 2738 814; x_wconf 75' lang='grc' dir='ltr'>ἐφευρεταὶ</span> <span class='ocrx_word' id='word_1_148' title='bbox 2774 738 3089 813; x_wconf 86' lang='grc' dir='ltr'>γενόμενοι,</span> <span class='ocrx_word' id='word_1_149' title='bbox 3142 742 3191 795; x_wconf 87' lang='grc' dir='ltr'><strong>οί</strong></span> <span class='ocrx_word' id='word_1_150' title='bbox 3230 740 3297 794; x_wconf 83' lang='grc' dir='ltr'>τὰ</span> <span class='ocrx_word' id='word_1_151' title='bbox 3353 741 3451 812; x_wconf 84' lang='grc' dir='ltr'>μὲν</span> <span class='ocrx_word' id='word_1_152' title='bbox 3480 741 3589 796; x_wconf 83' lang='grc' dir='ltr'><strong>τῶν</strong></span> 
     </span>
    </p>
   </div>
   <div class='ocr_carea' id='block_1_22' title="bbox 2010 830 3589 907">
    <p class='ocr_par' dir='ltr' id='par_1_22' title="bbox 2010 830 3589 907">
     <span class='ocr_line' id='line_1_22' title="bbox 2010 830 3589 907; baseline -0.003 -18"><span class='ocrx_word' id='word_1_153' title='bbox 2010 830 2168 890; x_wconf 81' lang='grc' dir='ltr'><strong>θείων</strong></span> <span class='ocrx_word' id='word_1_154' title='bbox 2212 834 2446 907; x_wconf 84' lang='grc' dir='ltr'>Γραφῶν</span> <span class='ocrx_word' id='word_1_155' title='bbox 2498 834 2657 904; x_wconf 81' lang='grc' dir='ltr'>λόγια</span> <span class='ocrx_word' id='word_1_156' title='bbox 2702 834 2812 905; x_wconf 79' lang='lat'><strong>(59)</strong></span> <span class='ocrx_word' id='word_1_157' title='bbox 2859 832 3315 903; x_wconf 72' lang='grc' dir='ltr'>καταλείψαντες,</span> <span class='ocrx_word' id='word_1_158' title='bbox 3374 832 3473 896; x_wconf 86' lang='grc' dir='ltr'>τὰς</span> <span class='ocrx_word' id='word_1_159' title='bbox 3529 830 3589 885; x_wconf 74' lang='grc' dir='ltr'>δὲ</span> 
     </span>
    </p>
   </div>
   <div class='ocr_carea' id='block_1_23' title="bbox 2010 914 3589 999">
    <p class='ocr_par' dir='ltr' id='par_1_23' title="bbox 2010 914 3589 999">
     <span class='ocr_line' id='line_1_23' title="bbox 2010 914 3589 999; baseline -0.005 -16"><span class='ocrx_word' id='word_1_160' title='bbox 2010 926 2480 999; x_wconf 78' lang='grc' dir='ltr'>ΘαλείαςἈρείου</span> <span class='ocrx_word' id='word_1_161' title='bbox 2511 925 2700 995; x_wconf 86' lang='grc' dir='ltr'>σοφίαν</span> <span class='ocrx_word' id='word_1_162' title='bbox 2730 925 2919 998; x_wconf 76' lang='grc' dir='ltr'>καινὴν</span> <span class='ocrx_word' id='word_1_163' title='bbox 2940 925 3317 998; x_wconf 77' lang='grc' dir='ltr'>ὀνομάζοντεςς</span> <span class='ocrx_word' id='word_1_164' title='bbox 3352 914 3589 987; x_wconf 76' lang='grc' dir='ltr'><strong>Εἰκότως</strong></span> 
     </span>
    </p>
   </div>
   <div class='ocr_carea' id='block_1_24' title="bbox 2007 1012 3587 1089">
    <p class='ocr_par' dir='ltr' id='par_1_24' title="bbox 2007 1012 3587 1089">
     <span class='ocr_line' id='line_1_24' title="bbox 2007 1012 3587 1089; baseline -0.004 -18"><span class='ocrx_word' id='word_1_165' title='bbox 2007 1012 2167 1072; x_wconf 87' lang='grc' dir='ltr'>τοῦτο</span> <span class='ocrx_word' id='word_1_166' title='bbox 2199 1017 2449 1086; x_wconf 88' lang='grc' dir='ltr'>λέγοντες</span> <span class='ocrx_word' id='word_1_167' title='bbox 2487 1015 2631 1088; x_wconf 73' lang='grc'>(40)·</span> <span class='ocrx_word' id='word_1_168' title='bbox 2685 1017 2877 1088; x_wconf 86' lang='grc' dir='ltr'>καινὴν</span> <span class='ocrx_word' id='word_1_169' title='bbox 2906 1015 3016 1089; x_wconf 85' lang='grc' dir='ltr'><strong>γὰρ</strong></span> <span class='ocrx_word' id='word_1_170' title='bbox 3050 1015 3260 1088; x_wconf 77' lang='grc' dir='ltr'>αἵρεσιν</span> <span class='ocrx_word' id='word_1_171' title='bbox 3308 1013 3587 1082; x_wconf 76' lang='grc' dir='ltr'>ἀπαγγέλρ</span> 
     </span>
    </p>
   </div>
   <div class='ocr_carea' id='block_1_25' title="bbox 2008 1103 3589 1180">
    <p class='ocr_par' dir='ltr' id='par_1_25' title="bbox 2008 1103 3589 1180">
     <span class='ocr_line' id='line_1_25' title="bbox 2008 1103 3589 1180; baseline -0.004 -16"><span class='ocrx_word' id='word_1_172' title='bbox 2008 1110 2179 1165; x_wconf 89' lang='grc' dir='ltr'>λουσι.</span> <span class='ocrx_word' id='word_1_173' title='bbox 2226 1103 2317 1163; x_wconf 83' lang='grc' dir='ltr'><strong>Διὸ</strong></span> <span class='ocrx_word' id='word_1_174' title='bbox 2353 1109 2449 1163; x_wconf 58' lang='grc' dir='ltr'><strong>καί⁵</strong></span> <span class='ocrx_word' id='word_1_175' title='bbox 2476 1108 2805 1180; x_wconf 85' lang='grc' dir='ltr'><strong>θαυμάσειεν</strong></span> <span class='ocrx_word' id='word_1_176' title='bbox 2824 1107 2889 1162; x_wconf 79' lang='grc' dir='ltr'>ἄν</span> <span class='ocrx_word' id='word_1_177' title='bbox 2914 1125 3018 1173; x_wconf 86' lang='grc' dir='ltr'>τις,</span> <span class='ocrx_word' id='word_1_178' title='bbox 3058 1109 3140 1161; x_wconf 86' lang='grc' dir='ltr'>ὅτι</span> <span class='ocrx_word' id='word_1_179' title='bbox 3174 1105 3344 1161; x_wconf 86' lang='grc' dir='ltr'>πολλὰ</span> <span class='ocrx_word' id='word_1_180' title='bbox 3376 1104 3589 1159; x_wconf 83' lang='grc' dir='ltr'>πολλῶν</span> 
     </span>
    </p>
   </div>
   <div class='ocr_carea' id='block_1_26' title="bbox 2011 1196 3589 1274">
    <p class='ocr_par' dir='ltr' id='par_1_26' title="bbox 2011 1196 3589 1274">
     <span class='ocr_line' id='line_1_26' title="bbox 2011 1196 3589 1274; baseline -0.006 -17"><span class='ocrx_word' id='word_1_181' title='bbox 2011 1199 2365 1274; x_wconf 83' lang='grc' dir='ltr'><strong>συντάγματα</strong></span> <span class='ocrx_word' id='word_1_182' title='bbox 2423 1202 2519 1256; x_wconf 78' lang='grc' dir='ltr'>καὶ</span> <span class='ocrx_word' id='word_1_183' title='bbox 2577 1200 2837 1263; x_wconf 83' lang='grc' dir='ltr'>πλείστας</span> <span class='ocrx_word' id='word_1_184' title='bbox 2874 1199 3090 1268; x_wconf 85' lang='grc' dir='ltr'>ὁμιλίας</span> <span class='ocrx_word' id='word_1_185' title='bbox 3128 1198 3207 1262; x_wconf 80' lang='grc' dir='ltr'><strong>είς</strong></span> <span class='ocrx_word' id='word_1_186' title='bbox 3239 1214 3301 1267; x_wconf 89' lang='grc' dir='ltr'><strong>γε</strong></span> <span class='ocrx_word' id='word_1_187' title='bbox 3347 1196 3460 1267; x_wconf 74' lang='grc'><strong>(41)</strong></span> <span class='ocrx_word' id='word_1_188' title='bbox 3488 1196 3589 1266; x_wconf 85' lang='grc' dir='ltr'>τὴν</span> 
     </span>
    </p>
   </div>
   <div class='ocr_carea' id='block_1_27' title="bbox 2009 1287 3589 1363">
    <p class='ocr_par' dir='ltr' id='par_1_27' title="bbox 2009 1287 3589 1363">
     <span class='ocr_line' id='line_1_27' title="bbox 2009 1287 3589 1363; baseline -0.004 -17"><span class='ocrx_word' id='word_1_189' title='bbox 2009 1293 2251 1346; x_wconf 68' lang='grc' dir='ltr'>Παλαιὰν</span> <span class='ocrx_word' id='word_1_190' title='bbox 2280 1288 2373 1345; x_wconf 69' lang='grc' dir='ltr'><strong>καὶ</strong></span> <span class='ocrx_word' id='word_1_191' title='bbox 2406 1293 2504 1363; x_wconf 85' lang='grc' dir='ltr'>τὴν</span> <span class='ocrx_word' id='word_1_192' title='bbox 2528 1291 2737 1363; x_wconf 86' lang='grc' dir='ltr'>Καινὴν</span> <span class='ocrx_word' id='word_1_193' title='bbox 2763 1290 3112 1363; x_wconf 71' lang='grc' dir='ltr'><strong>γραψάντων,</strong></span> <span class='ocrx_word' id='word_1_194' title='bbox 3158 1289 3253 1343; x_wconf 77' lang='grc' dir='ltr'>καὶ</span> <span class='ocrx_word' id='word_1_195' title='bbox 3295 1287 3446 1359; x_wconf 85' lang='grc' dir='ltr'>παρὰ</span> <span class='ocrx_word' id='word_1_196' title='bbox 3485 1304 3589 1358; x_wconf 86' lang='grc' dir='ltr'>μη-</span> 
     </span>
    </p>
   </div>
   <div class='ocr_carea' id='block_1_28' title="bbox 2007 1378 3590 1457">
    <p class='ocr_par' dir='ltr' id='par_1_28' title="bbox 2007 1378 3590 1457">
     <span class='ocr_line' id='line_1_28' title="bbox 2007 1378 3590 1457; baseline -0.005 -17"><span class='ocrx_word' id='word_1_197' title='bbox 2007 1385 2119 1440; x_wconf 81' lang='grc' dir='ltr'>δενὶ</span> <span class='ocrx_word' id='word_1_198' title='bbox 2156 1385 2387 1449; x_wconf 84' lang='grc' dir='ltr'>Θαλείας</span> <span class='ocrx_word' id='word_1_199' title='bbox 2427 1378 2845 1457; x_wconf 67' lang='grc' dir='ltr'>εὑρισκομένης,</span> <span class='ocrx_word' id='word_1_200' title='bbox 2893 1383 3028 1437; x_wconf 84' lang='grc' dir='ltr'>ἀλλὰ</span> <span class='ocrx_word' id='word_1_201' title='bbox 3084 1382 3221 1455; x_wconf 81' lang='grc' dir='ltr'>μηδὲ</span> <span class='ocrx_word' id='word_1_202' title='bbox 3268 1380 3422 1452; x_wconf 81' lang='grc' dir='ltr'>παρὰ</span> <span class='ocrx_word' id='word_1_203' title='bbox 3475 1383 3590 1443; x_wconf 77' lang='grc' dir='ltr'>τοῖς</span> 
     </span>
    </p>
   </div>
   <div class='ocr_carea' id='block_1_29' title="bbox 2011 1473 3589 1550">
    <p class='ocr_par' dir='ltr' id='par_1_29' title="bbox 2011 1473 3589 1550">
     <span class='ocr_line' id='line_1_29' title="bbox 2011 1473 3589 1550; baseline -0.003 -20"><span class='ocrx_word' id='word_1_204' title='bbox 2011 1476 2321 1541; x_wconf 84' lang='grc' dir='ltr'>σπουδαίοις</span> <span class='ocrx_word' id='word_1_205' title='bbox 2339 1475 2447 1531; x_wconf 89' lang='grc' dir='ltr'><strong>τῶν</strong></span> <span class='ocrx_word' id='word_1_206' title='bbox 2492 1477 2783 1549; x_wconf 85' lang='grc' dir='ltr'>Ἑλλήνων,</span> <span class='ocrx_word' id='word_1_207' title='bbox 2816 1474 2849 1550; x_wconf 76' lang='grc' dir='ltr'>ἢ</span> <span class='ocrx_word' id='word_1_208' title='bbox 2881 1476 3031 1549; x_wconf 83' lang='grc' dir='ltr'>παρὰ</span> <span class='ocrx_word' id='word_1_209' title='bbox 3063 1475 3243 1547; x_wconf 89' lang='grc' dir='ltr'>μόνοις</span> <span class='ocrx_word' id='word_1_210' title='bbox 3270 1477 3385 1538; x_wconf 83' lang='grc' dir='ltr'>τοῖς</span> <span class='ocrx_word' id='word_1_211' title='bbox 3403 1473 3589 1546; x_wconf 79' lang='grc' dir='ltr'>ᾄδουσι</span> 
     </span>
    </p>
   </div>
   <div class='ocr_carea' id='block_1_30' title="bbox 2007 1567 3590 1642">
    <p class='ocr_par' dir='ltr' id='par_1_30' title="bbox 2007 1567 3590 1642">
     <span class='ocr_line' id='line_1_30' title="bbox 2007 1567 3590 1642; baseline -0.002 -21"><span class='ocrx_word' id='word_1_212' title='bbox 2007 1570 2076 1623; x_wconf 79' lang='grc' dir='ltr'><strong>τὰ</strong></span> <span class='ocrx_word' id='word_1_213' title='bbox 2106 1568 2330 1625; x_wconf 88' lang='grc' dir='ltr'>τοιαῦτα</span> <span class='ocrx_word' id='word_1_214' title='bbox 2361 1568 2514 1641; x_wconf 78' lang='grc' dir='ltr'>παρὰ</span> <span class='ocrx_word' id='word_1_215' title='bbox 2536 1570 2700 1624; x_wconf 83' lang='grc' dir='ltr'>πότον</span> <span class='ocrx_word' id='word_1_216' title='bbox 2725 1569 2863 1642; x_wconf 84' lang='grc' dir='ltr'>μετά</span> <span class='ocrx_word' id='word_1_217' title='bbox 2883 1568 3078 1642; x_wconf 87' lang='grc' dir='ltr'>κρότου</span> <span class='ocrx_word' id='word_1_218' title='bbox 3106 1568 3202 1621; x_wconf 79' lang='grc' dir='ltr'>καὶ</span> <span class='ocrx_word' id='word_1_219' title='bbox 3236 1567 3590 1639; x_wconf 81' lang='grc' dir='ltr'><strong>σκωμμάτων</strong></span> 
     </span>
    </p>
   </div>
   <div class='ocr_carea' id='block_1_31' title="bbox 2009 1655 3589 1729">
    <p class='ocr_par' dir='ltr' id='par_1_31' title="bbox 2009 1655 3589 1729">
     <span class='ocr_line' id='line_1_31' title="bbox 2009 1655 3589 1729; baseline -0.004 -15"><span class='ocrx_word' id='word_1_220' title='bbox 2009 1664 2066 1714; x_wconf 86' lang='grc' dir='ltr'>ὲν</span> <span class='ocrx_word' id='word_1_221' title='bbox 2096 1660 2350 1724; x_wconf 88' lang='grc' dir='ltr'>παιδιαῖς,</span> <span class='ocrx_word' id='word_1_222' title='bbox 2381 1661 2567 1713; x_wconf 79' lang='grc' dir='ltr'>ἕνεκεν</span> <span class='ocrx_word' id='word_1_223' title='bbox 2590 1659 2684 1714; x_wconf 88' lang='grc' dir='ltr'><strong>τοῦ</strong></span> <span class='ocrx_word' id='word_1_224' title='bbox 2716 1658 2977 1728; x_wconf 76' lang='grc' dir='ltr'>γελᾶσθαι</span> <span class='ocrx_word' id='word_1_225' title='bbox 2999 1658 3129 1729; x_wconf 80' lang='grc' dir='ltr'>παρ’</span> <span class='ocrx_word' id='word_1_226' title='bbox 3151 1656 3373 1729; x_wconf 79' lang='grc' dir='ltr'>ἑτέρων,</span> <span class='ocrx_word' id='word_1_227' title='bbox 3396 1657 3424 1708; x_wconf 86' lang='lat'><em>6</em></span> <span class='ocrx_word' id='word_1_228' title='bbox 3452 1655 3589 1709; x_wconf 85' lang='grc' dir='ltr'>θαυ-</span> 
     </span>
    </p>
   </div>
   <div class='ocr_carea' id='block_1_32' title="bbox 2012 1747 3591 1824">
    <p class='ocr_par' dir='ltr' id='par_1_32' title="bbox 2012 1747 3591 1824">
     <span class='ocr_line' id='line_1_32' title="bbox 2012 1747 3591 1824; baseline -0.004 -18"><span class='ocrx_word' id='word_1_229' title='bbox 2012 1752 2216 1824; x_wconf 74' lang='grc' dir='ltr'>μαστὸς</span> <span class='ocrx_word' id='word_1_230' title='bbox 2251 1753 2467 1824; x_wconf 80' lang='grc' dir='ltr'>Ἀρειος</span> <span class='ocrx_word' id='word_1_231' title='bbox 2496 1751 2647 1805; x_wconf 78' lang='grc' dir='ltr'>οὐδὲν</span> <span class='ocrx_word' id='word_1_232' title='bbox 2673 1751 2869 1823; x_wconf 84' lang='grc' dir='ltr'>σεμνὸν</span> <span class='ocrx_word' id='word_1_233' title='bbox 2894 1750 3292 1823; x_wconf 82' lang='grc' dir='ltr'>μιμησάμενος,</span> <span class='ocrx_word' id='word_1_234' title='bbox 3326 1747 3462 1802; x_wconf 82' lang='grc' dir='ltr'>ἀλλὰ</span> <span class='ocrx_word' id='word_1_235' title='bbox 3491 1749 3591 1801; x_wconf 71' lang='grc' dir='ltr'>καὶ</span> 
     </span>
    </p>
   </div>
   <div class='ocr_carea' id='block_1_33' title="bbox 328 1828 1899 1915">
    <p class='ocr_par' dir='ltr' id='par_1_33' title="bbox 328 1834 1899 1915">
     <span class='ocr_line' id='line_1_33' title="bbox 328 1834 1899 1915; baseline 0.003 -21"><span class='ocrx_word' id='word_1_236' title='bbox 328 1855 427 1895; x_wconf 90' lang='lat' dir='ltr'><strong>rus</strong></span> <span class='ocrx_word' id='word_1_237' title='bbox 456 1842 584 1911; x_wconf 89' lang='lat' dir='ltr'><strong>quid</strong></span> <span class='ocrx_word' id='word_1_238' title='bbox 614 1834 816 1913; x_wconf 82' lang='lat' dir='ltr'><strong>probos</strong></span> <span class='ocrx_word' id='word_1_239' title='bbox 842 1842 1090 1900; x_wconf 87' lang='lat' dir='ltr'><strong>homines</strong></span> <span class='ocrx_word' id='word_1_240' title='bbox 1110 1844 1319 1907; x_wconf 87' lang='lat' dir='ltr'><strong>deceat,</strong></span> <span class='ocrx_word' id='word_1_241' title='bbox 1348 1844 1753 1915; x_wconf 86' lang='lat' dir='ltr'><strong>maximamque</strong></span> <span class='ocrx_word' id='word_1_242' title='bbox 1780 1861 1899 1915; x_wconf 91' lang='lat' dir='ltr'><strong>par-</strong></span> 
     </span>
    </p>
   </div>
   <div class='ocr_carea' id='block_1_34' title="bbox 2007 1828 3589 1915">
    <p class='ocr_par' dir='ltr' id='par_1_34' title="bbox 2007 1839 3589 1915">
     <span class='ocr_line' id='line_1_34' title="bbox 2007 1839 3589 1915; baseline -0.002 -17"><span class='ocrx_word' id='word_1_243' title='bbox 2007 1844 2074 1898; x_wconf 79' lang='grc' dir='ltr'><strong>τά</strong></span> <span class='ocrx_word' id='word_1_244' title='bbox 2099 1844 2207 1899; x_wconf 91' lang='grc' dir='ltr'><strong>τῶν</strong></span> <span class='ocrx_word' id='word_1_245' title='bbox 2239 1845 2543 1899; x_wconf 82' lang='grc' dir='ltr'>σπουδαίων</span> <span class='ocrx_word' id='word_1_246' title='bbox 2576 1845 2869 1915; x_wconf 87' lang='grc' dir='ltr'>ἀγνοήσας,</span> <span class='ocrx_word' id='word_1_247' title='bbox 2897 1842 3127 1896; x_wconf 81' lang='grc' dir='ltr'>πλεῖστά</span> <span class='ocrx_word' id='word_1_248' title='bbox 3157 1857 3218 1894; x_wconf 87' lang='grc' dir='ltr'><strong>τε</strong></span> <span class='ocrx_word' id='word_1_249' title='bbox 3269 1858 3379 1895; x_wconf 90' lang='grc' dir='ltr'><strong>των</strong></span> <span class='ocrx_word' id='word_1_250' title='bbox 3406 1839 3589 1895; x_wconf 77' lang='grc' dir='ltr'>ἄλλων</span> 
     </span>
    </p>
   </div>
   <div class='ocr_carea' id='block_1_35' title="bbox 329 1925 1905 1996">
    <p class='ocr_par' dir='ltr' id='par_1_35' title="bbox 329 1925 1905 1996">
     <span class='ocr_line' id='line_1_35' title="bbox 329 1925 1905 1996; baseline 0.003 -12"><span class='ocrx_word' id='word_1_251' title='bbox 329 1941 437 1985; x_wconf 90' lang='lat' dir='ltr'><strong>tem</strong></span> <span class='ocrx_word' id='word_1_252' title='bbox 472 1931 703 1988; x_wconf 88' lang='lat' dir='ltr'><strong>aliarum</strong></span> <span class='ocrx_word' id='word_1_253' title='bbox 739 1933 1008 1988; x_wconf 73' lang='lat' dir='ltr'><strong>bam-sum</strong></span> <span class='ocrx_word' id='word_1_254' title='bbox 1042 1925 1278 1996; x_wconf 77' lang='lat' dir='ltr'><strong>furatus.</strong></span> <span class='ocrx_word' id='word_1_255' title='bbox 1309 1936 1479 1990; x_wconf 92' lang='lat' dir='ltr'><strong>solius</strong></span> <span class='ocrx_word' id='word_1_256' title='bbox 1516 1936 1733 1991; x_wconf 71' lang='lat' dir='ltr'><strong>Sotada:</strong></span> <span class='ocrx_word' id='word_1_257' title='bbox 1752 1953 1905 1991; x_wconf 86' lang='lat' dir='ltr'><strong>scur-</strong></span> 
     </span>
    </p>
   </div>
   <div class='ocr_carea' id='block_1_36' title="bbox 327 2021 1904 2101">
    <p class='ocr_par' dir='ltr' id='par_1_36' title="bbox 327 2021 1904 2101">
     <span class='ocr_line' id='line_1_36' title="bbox 327 2021 1904 2101; baseline 0.005 -24"><span class='ocrx_word' id='word_1_258' title='bbox 327 2022 457 2079; x_wconf 89' lang='lat' dir='ltr'><strong>riles</strong></span> <span class='ocrx_word' id='word_1_259' title='bbox 507 2022 732 2081; x_wconf 80' lang='lat' dir='ltr'><strong>facetias</strong></span> <span class='ocrx_word' id='word_1_260' title='bbox 762 2026 1047 2082; x_wconf 62' lang='lat' dir='ltr'><strong>aemulatus</strong></span> <span class='ocrx_word' id='word_1_261' title='bbox 1076 2026 1197 2081; x_wconf 81' lang='lat' dir='ltr'><strong>fuit.</strong></span> <span class='ocrx_word' id='word_1_262' title='bbox 1232 2021 1375 2094; x_wconf 87' lang='lat' dir='ltr'><strong>Quid</strong></span> <span class='ocrx_word' id='word_1_263' title='bbox 1401 2025 1547 2084; x_wconf 82' lang='lat' dir='ltr'><strong>enim</strong></span> <span class='ocrx_word' id='word_1_264' title='bbox 1586 2044 1711 2084; x_wconf 90' lang='lat' dir='ltr'><strong>eum</strong></span> <span class='ocrx_word' id='word_1_265' title='bbox 1737 2045 1904 2101; x_wconf 84' lang='lat' dir='ltr'><strong>agere</strong></span> 
     </span>
    </p>
   </div>
   <div class='ocr_carea' id='block_1_37' title="bbox 327 2116 1900 2191">
    <p class='ocr_par' dir='ltr' id='par_1_37' title="bbox 327 2116 1900 2191">
     <span class='ocr_line' id='line_1_37' title="bbox 327 2116 1900 2191; baseline 0.005 -22"><span class='ocrx_word' id='word_1_266' title='bbox 327 2116 705 2184; x_wconf 85' lang='lat' dir='ltr'><strong>conveniebat,</strong></span> <span class='ocrx_word' id='word_1_267' title='bbox 730 2117 1034 2189; x_wconf 87' lang='lat' dir='ltr'><strong>cupientem</strong></span> <span class='ocrx_word' id='word_1_268' title='bbox 1061 2127 1249 2174; x_wconf 87' lang='lat' dir='ltr'><strong>contra</strong></span> <span class='ocrx_word' id='word_1_269' title='bbox 1269 2116 1554 2175; x_wconf 88' lang='lat' dir='ltr'><strong>Dominum</strong></span> <span class='ocrx_word' id='word_1_270' title='bbox 1581 2121 1900 2191; x_wconf 87' lang='lat' dir='ltr'><strong>tripudiare,</strong></span> 
     </span>
    </p>
   </div>
   <div class='ocr_carea' id='block_1_38' title="bbox 325 2206 1901 2280">
    <p class='ocr_par' dir='ltr' id='par_1_38' title="bbox 325 2206 1901 2280">
     <span class='ocr_line' id='line_1_38' title="bbox 325 2206 1901 2280; baseline 0.006 -21"><span class='ocrx_word' id='word_1_271' title='bbox 325 2221 491 2277; x_wconf 88' lang='lat' dir='ltr'><strong>quam</strong></span> <span class='ocrx_word' id='word_1_272' title='bbox 520 2208 752 2265; x_wconf 89' lang='lat' dir='ltr'><strong>miseras</strong></span> <span class='ocrx_word' id='word_1_273' title='bbox 800 2225 914 2265; x_wconf 71' lang='lat' dir='ltr'><strong>suae</strong></span> <span class='ocrx_word' id='word_1_274' title='bbox 946 2210 1244 2280; x_wconf 87' lang='lat' dir='ltr'><strong>impietatis</strong></span> <span class='ocrx_word' id='word_1_275' title='bbox 1284 2206 1508 2269; x_wconf 82' lang='lat' dir='ltr'><strong>voculas</strong></span> <span class='ocrx_word' id='word_1_276' title='bbox 1535 2208 1818 2269; x_wconf 82' lang='lat' dir='ltr'><strong>dissolutis</strong></span> <span class='ocrx_word' id='word_1_277' title='bbox 1845 2216 1901 2269; x_wconf 80' lang='lat' dir='ltr'><strong>ct</strong></span> 
     </span>
    </p>
   </div>
   <div class='ocr_carea' id='block_1_39' title="bbox 325 2297 1904 2374">
    <p class='ocr_par' dir='ltr' id='par_1_39' title="bbox 325 2297 1904 2374">
     <span class='ocr_line' id='line_1_39' title="bbox 325 2297 1904 2374; baseline 0.005 -22"><span class='ocrx_word' id='word_1_278' title='bbox 325 2297 628 2356; x_wconf 81' lang='lat' dir='ltr'><strong>luxuriosis</strong></span> <span class='ocrx_word' id='word_1_279' title='bbox 651 2301 826 2357; x_wconf 89' lang='lat' dir='ltr'><strong>modis</strong></span> <span class='ocrx_word' id='word_1_280' title='bbox 847 2302 1189 2372; x_wconf 77' lang='lat' dir='ltr'><strong>signiﬁcare?</strong></span> <span class='ocrx_word' id='word_1_281' title='bbox 1212 2312 1290 2367; x_wconf 92' lang='lat' dir='ltr'><strong>ut,</strong></span> <span class='ocrx_word' id='word_1_282' title='bbox 1313 2304 1776 2374; x_wconf 84' lang='lat' dir='ltr'><strong>quemadmodum</strong></span> <span class='ocrx_word' id='word_1_283' title='bbox 1815 2321 1904 2360; x_wconf 89' lang='lat' dir='ltr'><strong>sa-</strong></span> 
     </span>
    </p>
   </div>
   <div class='ocr_carea' id='block_1_40' title="bbox 322 2390 1902 2467">
    <p class='ocr_par' dir='ltr' id='par_1_40' title="bbox 322 2390 1902 2467">
     <span class='ocr_line' id='line_1_40' title="bbox 322 2390 1902 2467; baseline 0.005 -23"><span class='ocrx_word' id='word_1_284' title='bbox 322 2390 528 2460; x_wconf 89' lang='lat' dir='ltr'><strong>pientia</strong></span> <span class='ocrx_word' id='word_1_285' title='bbox 552 2391 649 2456; x_wconf 91' lang='lat' dir='ltr'><strong>ait,</strong></span> <span class='ocrx_word' id='word_1_286' title='bbox 685 2391 769 2446; x_wconf 78' lang='lat' dir='ltr'><strong>Ea:</strong></span> <span class='ocrx_word' id='word_1_287' title='bbox 819 2394 991 2448; x_wconf 78' lang='lat' dir='ltr'><strong>verbis</strong></span> <span class='ocrx_word' id='word_1_288' title='bbox 1041 2396 1151 2448; x_wconf 77' lang='lat' dir='ltr'><strong>suis</strong></span> <span class='ocrx_word' id='word_1_289' title='bbox 1186 2407 1528 2467; x_wconf 75' lang='lat' dir='ltr'><strong>cognoscatur</strong></span> <span class='ocrx_word' id='word_1_290' title='bbox 1557 2398 1666 2465; x_wconf 85' lang='lat' dir='ltr'><strong>vir;</strong></span> <span class='ocrx_word' id='word_1_291' title='bbox 1698 2398 1779 2453; x_wconf 86' lang='lat' dir='ltr'><strong>sic</strong></span> <span class='ocrx_word' id='word_1_292' title='bbox 1807 2398 1902 2452; x_wconf 85' lang='lat' dir='ltr'><strong>hu-</strong></span> 
     </span>
    </p>
   </div>
   <div class='ocr_carea' id='block_1_41' title="bbox 319 2482 1903 2557">
    <p class='ocr_par' dir='ltr' id='par_1_41' title="bbox 319 2482 1903 2557">
     <span class='ocr_line' id='line_1_41' title="bbox 319 2482 1903 2557; baseline 0.006 -21"><span class='ocrx_word' id='word_1_293' title='bbox 319 2482 563 2553; x_wconf 76' lang='lat' dir='ltr'><strong>iusmodi</strong></span> <span class='ocrx_word' id='word_1_294' title='bbox 618 2484 896 2551; x_wconf 87' lang='lat' dir='ltr'><strong>numeris,</strong></span> <span class='ocrx_word' id='word_1_295' title='bbox 944 2488 1231 2557; x_wconf 89' lang='lat' dir='ltr'><strong>scriptoris</strong></span> <span class='ocrx_word' id='word_1_296' title='bbox 1281 2488 1502 2543; x_wconf 89' lang='lat' dir='ltr'><strong>animus</strong></span> <span class='ocrx_word' id='word_1_297' title='bbox 1556 2488 1903 2546; x_wconf 83' lang='lat' dir='ltr'><strong>cﬂ‘eminatus</strong></span> 
     </span>
    </p>
   </div>
   <div class='ocr_carea' id='block_1_42' title="bbox 322 2576 1903 2651">
    <p class='ocr_par' dir='ltr' id='par_1_42' title="bbox 322 2576 1903 2651">
     <span class='ocr_line' id='line_1_42' title="bbox 322 2576 1903 2651; baseline 0.005 -22"><span class='ocrx_word' id='word_1_298' title='bbox 322 2576 554 2645; x_wconf 87' lang='lat' dir='ltr'><strong>ejusque</strong></span> <span class='ocrx_word' id='word_1_299' title='bbox 603 2576 801 2633; x_wconf 85' lang='lat' dir='ltr'><strong>mentis</strong></span> <span class='ocrx_word' id='word_1_300' title='bbox 849 2580 1132 2651; x_wconf 84' lang='lat' dir='ltr'><strong>corruptio</strong></span> <span class='ocrx_word' id='word_1_301' title='bbox 1181 2589 1409 2651; x_wconf 87' lang='lat' dir='ltr'><strong>pateret.</strong></span> <span class='ocrx_word' id='word_1_302' title='bbox 1449 2580 1515 2636; x_wconf 85' lang='lat' dir='ltr'><strong>Et</strong></span> <span class='ocrx_word' id='word_1_303' title='bbox 1567 2596 1699 2636; x_wconf 88' lang='lat' dir='ltr'><strong>vero</strong></span> <span class='ocrx_word' id='word_1_304' title='bbox 1733 2581 1903 2638; x_wconf 90' lang='lat' dir='ltr'><strong>latcre</strong></span> 
     </span>
    </p>
   </div>
   <div class='ocr_carea' id='block_1_43' title="bbox 324 2669 1904 2747">
    <p class='ocr_par' dir='ltr' id='par_1_43' title="bbox 324 2669 1904 2747">
     <span class='ocr_line' id='line_1_43' title="bbox 324 2669 1904 2747; baseline 0.006 -25"><span class='ocrx_word' id='word_1_305' title='bbox 324 2683 434 2725; x_wconf 89' lang='lat' dir='ltr'><strong>non</strong></span> <span class='ocrx_word' id='word_1_306' title='bbox 463 2669 640 2739; x_wconf 83' lang='lat' dir='ltr'><strong>potuit</strong></span> <span class='ocrx_word' id='word_1_307' title='bbox 670 2670 835 2726; x_wconf 90' lang='lat' dir='ltr'><strong>homo</strong></span> <span class='ocrx_word' id='word_1_308' title='bbox 872 2680 1168 2731; x_wconf 86' lang='lat' dir='ltr'><strong>versutus:</strong></span> <span class='ocrx_word' id='word_1_309' title='bbox 1213 2690 1404 2730; x_wconf 85' lang='lat' dir='ltr'><strong>verum</strong></span> <span class='ocrx_word' id='word_1_310' title='bbox 1433 2675 1687 2747; x_wconf 88' lang='lat' dir='ltr'><strong>quamvis</strong></span> <span class='ocrx_word' id='word_1_311' title='bbox 1722 2675 1904 2746; x_wconf 44' lang='lat' dir='ltr'><strong>saepis‘</strong></span> 
     </span>
    </p>
   </div>
   <div class='ocr_carea' id='block_1_44' title="bbox 321 2762 1898 2834">
    <p class='ocr_par' dir='ltr' id='par_1_44' title="bbox 321 2762 1898 2834">
     <span class='ocr_line' id='line_1_44' title="bbox 321 2762 1898 2834; baseline 0.006 -18"><span class='ocrx_word' id='word_1_312' title='bbox 321 2762 463 2818; x_wconf 83' lang='lat' dir='ltr'><strong>sime</strong></span> <span class='ocrx_word' id='word_1_313' title='bbox 495 2778 618 2818; x_wconf 91' lang='lat' dir='ltr'><strong>sese</strong></span> <span class='ocrx_word' id='word_1_314' title='bbox 643 2765 913 2834; x_wconf 82' lang='lat' dir='ltr'><strong>serpentis</strong></span> <span class='ocrx_word' id='word_1_315' title='bbox 950 2780 1101 2823; x_wconf 87' lang='lat' dir='ltr'><strong>more</strong></span> <span class='ocrx_word' id='word_1_316' title='bbox 1144 2784 1365 2825; x_wconf 90' lang='lat' dir='ltr'><strong>sursum</strong></span> <span class='ocrx_word' id='word_1_317' title='bbox 1392 2769 1722 2824; x_wconf 89' lang='lat' dir='ltr'><strong>deorsumve</strong></span> <span class='ocrx_word' id='word_1_318' title='bbox 1765 2785 1898 2825; x_wconf 82' lang='lat' dir='ltr'><strong>con-</strong></span> 
     </span>
    </p>
   </div>
   <div class='ocr_carea' id='block_1_45' title="bbox 321 2853 1902 2931">
    <p class='ocr_par' dir='ltr' id='par_1_45' title="bbox 321 2853 1902 2931">
     <span class='ocr_line' id='line_1_45' title="bbox 321 2853 1902 2931; baseline 0.004 -23"><span class='ocrx_word' id='word_1_319' title='bbox 321 2853 544 2909; x_wconf 88' lang='lat' dir='ltr'><strong>torserit</strong></span> <span class='ocrx_word' id='word_1_320' title='bbox 574 2863 628 2909; x_wconf 85' lang='lat' dir='ltr'><strong>et</strong></span> <span class='ocrx_word' id='word_1_321' title='bbox 654 2855 900 2921; x_wconf 84' lang='lat' dir='ltr'><strong>verterit,</strong></span> <span class='ocrx_word' id='word_1_322' title='bbox 946 2864 1130 2912; x_wconf 88' lang='lat' dir='ltr'><strong>tamen</strong></span> <span class='ocrx_word' id='word_1_323' title='bbox 1163 2858 1219 2913; x_wconf 91' lang='lat' dir='ltr'><strong>in</strong></span> <span class='ocrx_word' id='word_1_324' title='bbox 1272 2856 1678 2915; x_wconf 68' lang='lat' dir='ltr'><strong>Pharisaeorum</strong></span> <span class='ocrx_word' id='word_1_325' title='bbox 1718 2861 1902 2931; x_wconf 85' lang='lat' dir='ltr'><strong>lapsus</strong></span> 
     </span>
    </p>
   </div>
   <div class='ocr_carea' id='block_1_46' title="bbox 321 2944 1899 3024">
    <p class='ocr_par' dir='ltr' id='par_1_46' title="bbox 321 2944 1899 3024">
     <span class='ocr_line' id='line_1_46' title="bbox 321 2944 1899 3024; baseline 0.003 -22"><span class='ocrx_word' id='word_1_326' title='bbox 321 2958 567 3002; x_wconf 82' lang='lat' dir='ltr'><strong>errorem</strong></span> <span class='ocrx_word' id='word_1_327' title='bbox 595 2954 699 3002; x_wconf 89' lang='lat' dir='ltr'><strong>est.</strong></span> <span class='ocrx_word' id='word_1_328' title='bbox 729 2944 867 3001; x_wconf 83' lang='lat' dir='ltr'><strong>Nam</strong></span> <span class='ocrx_word' id='word_1_329' title='bbox 892 2957 948 3003; x_wconf 89' lang='lat' dir='ltr'><strong>ut</strong></span> <span class='ocrx_word' id='word_1_330' title='bbox 986 2949 1062 3003; x_wconf 92' lang='lat' dir='ltr'><strong>illi</strong></span> <span class='ocrx_word' id='word_1_331' title='bbox 1094 2949 1146 3004; x_wconf 94' lang='lat' dir='ltr'><strong>in</strong></span> <span class='ocrx_word' id='word_1_332' title='bbox 1196 2950 1383 3006; x_wconf 86' lang='lat' dir='ltr'><strong>animo</strong></span> <span class='ocrx_word' id='word_1_333' title='bbox 1436 2952 1699 3009; x_wconf 87' lang='lat' dir='ltr'><strong>habentes</strong></span> <span class='ocrx_word' id='word_1_334' title='bbox 1729 2953 1899 3024; x_wconf 76' lang='lat' dir='ltr'><strong>legem</strong></span> 
     </span>
    </p>
   </div>
   <div class='ocr_carea' id='block_1_47' title="bbox 321 3036 1901 3115">
    <p class='ocr_par' dir='ltr' id='par_1_47' title="bbox 321 3036 1901 3115">
     <span class='ocr_line' id='line_1_47' title="bbox 321 3036 1901 3115; baseline 0.005 -25"><span class='ocrx_word' id='word_1_335' title='bbox 321 3036 546 3102; x_wconf 69' lang='lat' dir='ltr'><strong>violare,</strong></span> <span class='ocrx_word' id='word_1_336' title='bbox 578 3053 637 3094; x_wconf 86' lang='lat' dir='ltr'><strong>se</strong></span> <span class='ocrx_word' id='word_1_337' title='bbox 667 3038 802 3109; x_wconf 82' lang='lat' dir='ltr'><strong>legis</strong></span> <span class='ocrx_word' id='word_1_338' title='bbox 827 3039 991 3095; x_wconf 89' lang='lat' dir='ltr'><strong>verba</strong></span> <span class='ocrx_word' id='word_1_339' title='bbox 1020 3041 1274 3098; x_wconf 86' lang='lat' dir='ltr'><strong>meditari</strong></span> <span class='ocrx_word' id='word_1_340' title='bbox 1319 3043 1595 3115; x_wconf 72' lang='lat' dir='ltr'><strong>[iungebant</strong></span> <span class='ocrx_word' id='word_1_341' title='bbox 1614 3086 1629 3110; x_wconf 95' lang='lat'><strong>,</strong></span> <span class='ocrx_word' id='word_1_342' title='bbox 1663 3060 1901 3115; x_wconf 87' lang='lat' dir='ltr'><strong>cumque</strong></span> 
     </span>
    </p>
   </div>
   <div class='ocr_carea' id='block_1_48' title="bbox 322 3130 1901 3204">
    <p class='ocr_par' dir='ltr' id='par_1_48' title="bbox 322 3130 1901 3204">
     <span class='ocr_line' id='line_1_48' title="bbox 322 3130 1901 3204; baseline 0.004 -20"><span class='ocrx_word' id='word_1_343' title='bbox 322 3138 697 3199; x_wconf 78' lang='lat' dir='ltr'><strong>exspectatum</strong></span> <span class='ocrx_word' id='word_1_344' title='bbox 739 3130 965 3202; x_wconf 86' lang='lat' dir='ltr'><strong>jamque</strong></span> <span class='ocrx_word' id='word_1_345' title='bbox 1011 3142 1333 3204; x_wconf 71' lang='lat' dir='ltr'><strong>prtesentem</strong></span> <span class='ocrx_word' id='word_1_346' title='bbox 1369 3130 1657 3192; x_wconf 86' lang='lat' dir='ltr'><strong>Dominum</strong></span> <span class='ocrx_word' id='word_1_347' title='bbox 1702 3136 1901 3192; x_wconf 90' lang='lat' dir='ltr'><strong>vellent</strong></span> 
     </span>
    </p>
   </div>
   <div class='ocr_carea' id='block_1_49' title="bbox 323 3222 1899 3299">
    <p class='ocr_par' dir='ltr' id='par_1_49' title="bbox 323 3222 1899 3299">
     <span class='ocr_line' id='line_1_49' title="bbox 323 3222 1899 3299; baseline 0.006 -24"><span class='ocrx_word' id='word_1_348' title='bbox 323 3226 547 3291; x_wconf 74' lang='lat' dir='ltr'><strong>negare,</strong></span> <span class='ocrx_word' id='word_1_349' title='bbox 574 3222 906 3281; x_wconf 86' lang='lat' dir='ltr'><strong>simulabant</strong></span> <span class='ocrx_word' id='word_1_350' title='bbox 938 3224 1107 3281; x_wconf 85' lang='lat' dir='ltr'><strong>Deum</strong></span> <span class='ocrx_word' id='word_1_351' title='bbox 1162 3242 1287 3281; x_wconf 91' lang='lat' dir='ltr'><strong>cum</strong></span> <span class='ocrx_word' id='word_1_352' title='bbox 1339 3226 1648 3299; x_wconf 88' lang='lat' dir='ltr'><strong>appellare,</strong></span> <span class='ocrx_word' id='word_1_353' title='bbox 1677 3245 1899 3297; x_wconf 46' lang='lat' dir='ltr'><strong>eorum:</strong></span> 
     </span>
    </p>
   </div>
   <div class='ocr_carea' id='block_1_50' title="bbox 323 3311 1897 3387">
    <p class='ocr_par' dir='ltr' id='par_1_50' title="bbox 323 3311 1897 3387">
     <span class='ocr_line' id='line_1_50' title="bbox 323 3311 1897 3387; baseline 0.008 -24"><span class='ocrx_word' id='word_1_354' title='bbox 323 3326 431 3380; x_wconf 88' lang='lat' dir='ltr'><strong>que</strong></span> <span class='ocrx_word' id='word_1_355' title='bbox 482 3311 843 3371; x_wconf 80' lang='lat' dir='ltr'><strong>nihilominus</strong></span> <span class='ocrx_word' id='word_1_356' title='bbox 878 3312 1127 3371; x_wconf 88' lang='lat' dir='ltr'><strong>convicta</strong></span> <span class='ocrx_word' id='word_1_357' title='bbox 1167 3312 1419 3387; x_wconf 89' lang='lat' dir='ltr'><strong>impietas</strong></span> <span class='ocrx_word' id='word_1_358' title='bbox 1459 3328 1543 3374; x_wconf 89' lang='lat' dir='ltr'><strong>est</strong></span> <span class='ocrx_word' id='word_1_359' title='bbox 1589 3335 1713 3376; x_wconf 92' lang='lat' dir='ltr'><strong>cum</strong></span> <span class='ocrx_word' id='word_1_360' title='bbox 1746 3318 1897 3375; x_wconf 84' lang='lat' dir='ltr'><strong>diee-</strong></span> 
     </span>
    </p>
   </div>
   <div class='ocr_carea' id='block_1_51' title="bbox 327 3408 1900 3480">
    <p class='ocr_par' dir='ltr' id='par_1_51' title="bbox 327 3408 1900 3480">
     <span class='ocr_line' id='line_1_51' title="bbox 327 3408 1900 3480; baseline 0.005 -20"><span class='ocrx_word' id='word_1_361' title='bbox 327 3411 467 3480; x_wconf 75' lang='lat' dir='ltr'><strong>rent,</strong></span> <span class='ocrx_word' id='word_1_362' title='bbox 495 3422 593 3462; x_wconf 82' lang='lat' dir='ltr'><strong>cur</strong></span> <span class='ocrx_word' id='word_1_363' title='bbox 620 3419 695 3473; x_wconf 84' lang='lat' dir='ltr'><strong>tu,</strong></span> <span class='ocrx_word' id='word_1_364' title='bbox 738 3408 890 3463; x_wconf 81' lang='lat' dir='ltr'><strong>homo</strong></span> <span class='ocrx_word' id='word_1_365' title='bbox 927 3427 1044 3464; x_wconf 85' lang='lat' dir='ltr'><strong>cum</strong></span> <span class='ocrx_word' id='word_1_366' title='bbox 1076 3408 1172 3474; x_wconf 79' lang='lat' dir='ltr'><strong>sis,</strong></span> <span class='ocrx_word' id='word_1_367' title='bbox 1201 3408 1336 3480; x_wconf 76' lang='lat' dir='ltr'><strong>facis</strong></span> <span class='ocrx_word' id='word_1_368' title='bbox 1376 3412 1598 3480; x_wconf 81' lang='lat' dir='ltr'><strong>teipsttm</strong></span> <span class='ocrx_word' id='word_1_369' title='bbox 1626 3411 1811 3479; x_wconf 69' lang='lat' dir='ltr'><strong>Deum,</strong></span> <span class='ocrx_word' id='word_1_370' title='bbox 1845 3418 1900 3468; x_wconf 88' lang='lat' dir='ltr'><strong>et</strong></span> 
     </span>
    </p>
   </div>
   <div class='ocr_carea' id='block_1_52' title="bbox 320 3479 1899 3574">
    <p class='ocr_par' dir='ltr' id='par_1_52' title="bbox 320 3479 1899 3574">
     <span class='ocr_line' id='line_1_52' title="bbox 320 3479 1899 3574; baseline 0.004 -22"><span class='ocrx_word' id='word_1_371' title='bbox 320 3479 497 3565; x_wconf 75' lang='lat' dir='ltr'><strong>dicis,</strong></span> <span class='ocrx_word' id='word_1_372' title='bbox 546 3497 660 3569; x_wconf 86' lang='lat' dir='ltr'><strong>Ego</strong></span> <span class='ocrx_word' id='word_1_373' title='bbox 697 3510 748 3554; x_wconf 81' lang='lat' dir='ltr'><strong>et</strong></span> <span class='ocrx_word' id='word_1_374' title='bbox 776 3499 954 3572; x_wconf 35' lang='lat' dir='ltr'><strong>(Pater</strong></span> <span class='ocrx_word' id='word_1_375' title='bbox 997 3518 1160 3555; x_wconf 82' lang='lat' dir='ltr'><strong>unum</strong></span> <span class='ocrx_word' id='word_1_376' title='bbox 1204 3479 1385 3556; x_wconf 77' lang='lat' dir='ltr'><strong>sumus</strong></span> <span class='ocrx_word' id='word_1_377' title='bbox 1426 3479 1502 3556; x_wconf 12' lang='lat'><strong>&#39;7?</strong></span> <span class='ocrx_word' id='word_1_378' title='bbox 1553 3503 1625 3557; x_wconf 93' lang='lat' dir='ltr'><strong>ita</strong></span> <span class='ocrx_word' id='word_1_379' title='bbox 1681 3520 1899 3574; x_wconf 86' lang='lat' dir='ltr'><strong>quoque</strong></span> 
     </span>
    </p>
   </div>
   <div class='ocr_carea' id='block_1_53' title="bbox 323 3586 1899 3666">
    <p class='ocr_par' dir='ltr' id='par_1_53' title="bbox 323 3586 1899 3666">
     <span class='ocr_line' id='line_1_53' title="bbox 323 3586 1899 3666; baseline 0.001 -19"><span class='ocrx_word' id='word_1_380' title='bbox 323 3586 543 3648; x_wconf 76' lang='lat' dir='ltr'><strong>fucatus</strong></span> <span class='ocrx_word' id='word_1_381' title='bbox 573 3603 631 3648; x_wconf 92' lang='lat' dir='ltr'><strong>et</strong></span> <span class='ocrx_word' id='word_1_382' title='bbox 663 3593 934 3650; x_wconf 89' lang='lat' dir='ltr'><strong>Sotadeus</strong></span> <span class='ocrx_word' id='word_1_383' title='bbox 980 3594 1147 3651; x_wconf 85' lang='lat' dir='ltr'><strong>Arius</strong></span> <span class='ocrx_word' id='word_1_384' title='bbox 1193 3594 1419 3651; x_wconf 87' lang='lat' dir='ltr'><strong>simulat</strong></span> <span class='ocrx_word' id='word_1_385' title='bbox 1469 3595 1690 3666; x_wconf 91' lang='lat' dir='ltr'><strong>quidem</strong></span> <span class='ocrx_word' id='word_1_386' title='bbox 1737 3611 1795 3652; x_wconf 92' lang='lat' dir='ltr'><strong>se</strong></span> <span class='ocrx_word' id='word_1_387' title='bbox 1832 3596 1899 3651; x_wconf 90' lang='lat' dir='ltr'><strong>de</strong></span> 
     </span>
    </p>
   </div>
   <div class='ocr_carea' id='block_1_54' title="bbox 322 3682 1898 3758">
    <p class='ocr_par' dir='ltr' id='par_1_54' title="bbox 322 3682 1898 3758">
     <span class='ocr_line' id='line_1_54' title="bbox 322 3682 1898 3758; baseline 0 -17"><span class='ocrx_word' id='word_1_388' title='bbox 322 3682 434 3741; x_wconf 83' lang='lat' dir='ltr'><strong>Deo</strong></span> <span class='ocrx_word' id='word_1_389' title='bbox 454 3685 625 3755; x_wconf 88' lang='lat' dir='ltr'><strong>loqui,</strong></span> <span class='ocrx_word' id='word_1_390' title='bbox 644 3700 767 3741; x_wconf 89' lang='lat' dir='ltr'><strong>cum</strong></span> <span class='ocrx_word' id='word_1_391' title='bbox 786 3685 1190 3758; x_wconf 88' lang='lat' dir='ltr'><strong>Scripturarum</strong></span> <span class='ocrx_word' id='word_1_392' title='bbox 1211 3687 1433 3743; x_wconf 85' lang='lat' dir='ltr'><strong>vocibus</strong></span> <span class='ocrx_word' id='word_1_393' title='bbox 1455 3688 1659 3756; x_wconf 80' lang='lat' dir='ltr'><strong>mitur;</strong></span> <span class='ocrx_word' id='word_1_394' title='bbox 1680 3697 1735 3742; x_wconf 90' lang='lat' dir='ltr'><strong>at</strong></span> <span class='ocrx_word' id='word_1_395' title='bbox 1764 3686 1898 3741; x_wconf 90' lang='lat' dir='ltr'><strong>nihil</strong></span> 
     </span>
    </p>
   </div>
   <div class='ocr_carea' id='block_1_55' title="bbox 322 3775 1898 3850">
    <p class='ocr_par' dir='ltr' id='par_1_55' title="bbox 322 3775 1898 3850">
     <span class='ocr_line' id='line_1_55' title="bbox 322 3775 1898 3850; baseline 0.004 -21"><span class='ocrx_word' id='word_1_396' title='bbox 322 3775 376 3831; x_wconf 86' lang='lat' dir='ltr'><strong>id</strong></span> <span class='ocrx_word' id='word_1_397' title='bbox 401 3777 629 3848; x_wconf 88' lang='lat' dir='ltr'><strong>impedit</strong></span> <span class='ocrx_word' id='word_1_398' title='bbox 652 3779 950 3850; x_wconf 85' lang='lat' dir='ltr'><strong>quominus</strong></span> <span class='ocrx_word' id='word_1_399' title='bbox 983 3779 1178 3835; x_wconf 88' lang='lat' dir='ltr'><strong>atheus</strong></span> <span class='ocrx_word' id='word_1_400' title='bbox 1201 3789 1255 3835; x_wconf 88' lang='lat' dir='ltr'><strong>et</strong></span> <span class='ocrx_word' id='word_1_401' title='bbox 1293 3779 1493 3850; x_wconf 91' lang='lat' dir='ltr'><strong>impius</strong></span> <span class='ocrx_word' id='word_1_402' title='bbox 1513 3796 1635 3836; x_wconf 90' lang='lat' dir='ltr'><strong>esse</strong></span> <span class='ocrx_word' id='word_1_403' title='bbox 1659 3780 1898 3849; x_wconf 87' lang='lat' dir='ltr'><strong>undique</strong></span> 
     </span>
    </p>
   </div>
   <div class='ocr_carea' id='block_1_56' title="bbox 321 3872 1895 3945">
    <p class='ocr_par' dir='ltr' id='par_1_56' title="bbox 321 3872 1895 3945">
     <span class='ocr_line' id='line_1_56' title="bbox 321 3872 1895 3945; baseline 0.001 -21"><span class='ocrx_word' id='word_1_404' title='bbox 321 3873 699 3937; x_wconf 84' lang='lat' dir='ltr'><strong>convincatur,</strong></span> <span class='ocrx_word' id='word_1_405' title='bbox 733 3874 936 3944; x_wconf 86' lang='lat' dir='ltr'><strong>quippe</strong></span> <span class='ocrx_word' id='word_1_406' title='bbox 961 3872 1057 3945; x_wconf 88' lang='lat' dir='ltr'><strong>qui</strong></span> <span class='ocrx_word' id='word_1_407' title='bbox 1084 3872 1178 3928; x_wconf 90' lang='lat' dir='ltr'><strong>Dei</strong></span> <span class='ocrx_word' id='word_1_408' title='bbox 1208 3873 1405 3929; x_wconf 91' lang='lat' dir='ltr'><strong>Filium</strong></span> <span class='ocrx_word' id='word_1_409' title='bbox 1437 3872 1636 3928; x_wconf 83' lang='lat' dir='ltr'><strong>audeat</strong></span> <span class='ocrx_word' id='word_1_410' title='bbox 1678 3889 1895 3942; x_wconf 74' lang='lat' dir='ltr'><strong>negare,</strong></span> 
     </span>
    </p>
   </div>
   <div class='ocr_carea' id='block_1_57' title="bbox 320 3964 1470 4034">
    <p class='ocr_par' dir='ltr' id='par_1_57' title="bbox 320 3964 1470 4034">
     <span class='ocr_line' id='line_1_57' title="bbox 320 3964 1470 4034; baseline 0.002 -15"><span class='ocrx_word' id='word_1_411' title='bbox 320 3979 556 4034; x_wconf 86' lang='lat' dir='ltr'><strong>cumque</strong></span> <span class='ocrx_word' id='word_1_412' title='bbox 592 3964 734 4020; x_wconf 86' lang='lat' dir='ltr'><strong>inter</strong></span> <span class='ocrx_word' id='word_1_413' title='bbox 766 3982 856 4021; x_wconf 86' lang='lat' dir='ltr'><strong>res</strong></span> <span class='ocrx_word' id='word_1_414' title='bbox 884 3976 1096 4021; x_wconf 86' lang='lat' dir='ltr'><strong>creatas</strong></span> <span class='ocrx_word' id='word_1_415' title='bbox 1126 3975 1470 4021; x_wconf 88' lang='lat' dir='ltr'><strong>annumeret.</strong></span> 
     </span>
    </p>
   </div>
   <div class='ocr_carea' id='block_1_58' title="bbox 390 4051 1898 4126">
    <p class='ocr_par' dir='ltr' id='par_1_58' title="bbox 390 4051 1898 4126">
     <span class='ocr_line' id='line_1_58' title="bbox 390 4051 1898 4126; baseline 0.001 -18"><span class='ocrx_word' id='word_1_416' title='bbox 390 4054 444 4108; x_wconf 86' lang='lat'><strong>5.</strong></span> <span class='ocrx_word' id='word_1_417' title='bbox 477 4051 660 4124; x_wconf 88' lang='lat' dir='ltr'><strong>Ipsum</strong></span> <span class='ocrx_word' id='word_1_418' title='bbox 694 4056 877 4126; x_wconf 89' lang='lat' dir='ltr'><strong>itaque</strong></span> <span class='ocrx_word' id='word_1_419' title='bbox 897 4056 1113 4112; x_wconf 70' lang='lat' dir='ltr'><strong>Arianae</strong></span> <span class='ocrx_word' id='word_1_420' title='bbox 1144 4055 1348 4112; x_wconf 78' lang='lat' dir='ltr'><strong>Thalia:</strong></span> <span class='ocrx_word' id='word_1_421' title='bbox 1368 4065 1417 4112; x_wconf 89' lang='lat' dir='ltr'><strong>et</strong></span> <span class='ocrx_word' id='word_1_422' title='bbox 1444 4055 1721 4111; x_wconf 85' lang='lat' dir='ltr'><strong>futilitatis</strong></span> <span class='ocrx_word' id='word_1_423' title='bbox 1741 4070 1898 4111; x_wconf 80' lang='lat' dir='ltr'><strong>exor-</strong></span> 
     </span>
    </p>
   </div>
   <div class='ocr_carea' id='block_1_59' title="bbox 319 4145 1891 4218">
    <p class='ocr_par' dir='ltr' id='par_1_59' title="bbox 319 4145 1891 4218">
     <span class='ocr_line' id='line_1_59' title="bbox 319 4145 1891 4218; baseline 0 -19"><span class='ocrx_word' id='word_1_424' title='bbox 319 4145 493 4208; x_wconf 89' lang='lat' dir='ltr'><strong>dium,</strong></span> <span class='ocrx_word' id='word_1_425' title='bbox 521 4146 668 4215; x_wconf 90' lang='lat' dir='ltr'><strong>quod</strong></span> <span class='ocrx_word' id='word_1_426' title='bbox 693 4162 875 4203; x_wconf 88' lang='lat' dir='ltr'><strong>mores</strong></span> <span class='ocrx_word' id='word_1_427' title='bbox 907 4147 1164 4203; x_wconf 89' lang='lat' dir='ltr'><strong>modosve</strong></span> <span class='ocrx_word' id='word_1_428' title='bbox 1187 4149 1529 4204; x_wconf 78' lang='lat' dir='ltr'><strong>edeminatos</strong></span> <span class='ocrx_word' id='word_1_429' title='bbox 1556 4163 1667 4218; x_wconf 72' lang='lat' dir='ltr'><strong>prae</strong></span> <span class='ocrx_word' id='word_1_430' title='bbox 1686 4163 1744 4203; x_wconf 91' lang='lat' dir='ltr'><strong>se</strong></span> <span class='ocrx_word' id='word_1_431' title='bbox 1768 4146 1891 4210; x_wconf 80' lang='lat' dir='ltr'><strong>fert,</strong></span> 
     </span>
    </p>
   </div>
   <div class='ocr_carea' id='block_1_60' title="bbox 320 4236 1891 4308">
    <p class='ocr_par' dir='ltr' id='par_1_60' title="bbox 320 4236 1891 4308">
     <span class='ocr_line' id='line_1_60' title="bbox 320 4236 1891 4308; baseline 0 -16"><span class='ocrx_word' id='word_1_432' title='bbox 320 4236 633 4307; x_wconf 64' lang='lat' dir='ltr'><strong>huiusmodi</strong></span> <span class='ocrx_word' id='word_1_433' title='bbox 687 4245 822 4294; x_wconf 86' lang='lat' dir='ltr'><strong>est:</strong></span> <span class='ocrx_word' id='word_1_434' title='bbox 869 4257 888 4289; x_wconf 86' lang='grc' dir='ltr'><strong>ι</strong></span> <span class='ocrx_word' id='word_1_435' title='bbox 921 4236 1087 4294; x_wconf 83' lang='lat' dir='ltr'><strong>Juxta</strong></span> <span class='ocrx_word' id='word_1_436' title='bbox 1143 4255 1336 4295; x_wconf 90' lang='lat' dir='ltr'><strong>eorum</strong></span> <span class='ocrx_word' id='word_1_437' title='bbox 1378 4241 1536 4294; x_wconf 82' lang='lat' dir='ltr'><strong>ﬁdem</strong></span> <span class='ocrx_word' id='word_1_438' title='bbox 1597 4239 1691 4308; x_wconf 87' lang='lat' dir='ltr'><strong>qui</strong></span> <span class='ocrx_word' id='word_1_439' title='bbox 1738 4239 1891 4293; x_wconf 85' lang='lat' dir='ltr'><strong>electi</strong></span> 
     </span>
    </p>
   </div>
   <div class='ocr_carea' id='block_1_61' title="bbox 320 4320 1897 4399">
    <p class='ocr_par' dir='ltr' id='par_1_61' title="bbox 320 4320 1897 4399">
     <span class='ocr_line' id='line_1_61' title="bbox 320 4320 1897 4399; baseline 0.001 -16"><span class='ocrx_word' id='word_1_440' title='bbox 320 4320 614 4399; x_wconf 81' lang='lat' dir='ltr'><strong>Dei,periti</strong></span> <span class='ocrx_word' id='word_1_441' title='bbox 641 4325 759 4393; x_wconf 89' lang='lat' dir='ltr'><strong>Dei,</strong></span> <span class='ocrx_word' id='word_1_442' title='bbox 791 4329 886 4384; x_wconf 84' lang='lat' dir='ltr'><strong>lilii</strong></span> <span class='ocrx_word' id='word_1_443' title='bbox 914 4330 1090 4386; x_wconf 87' lang='lat' dir='ltr'><strong>sancti</strong></span> <span class='ocrx_word' id='word_1_444' title='bbox 1116 4343 1170 4385; x_wconf 90' lang='lat' dir='ltr'><strong>et</strong></span> <span class='ocrx_word' id='word_1_445' title='bbox 1195 4330 1488 4386; x_wconf 80' lang='lat' dir='ltr'><strong>orthodoxi</strong></span> <span class='ocrx_word' id='word_1_446' title='bbox 1519 4339 1667 4394; x_wconf 88' lang='lat' dir='ltr'><strong>sunt,</strong></span> <span class='ocrx_word' id='word_1_447' title='bbox 1691 4329 1897 4399; x_wconf 89' lang='lat' dir='ltr'><strong>quique</strong></span> 
     </span>
    </p>
   </div>
   <div class='ocr_carea' id='block_1_62' title="bbox 2005 1933 3587 2009">
    <p class='ocr_par' dir='ltr' id='par_1_62' title="bbox 2005 1933 3587 2009">
     <span class='ocr_line' id='line_1_62' title="bbox 2005 1933 3587 2009; baseline -0.001 -20"><span class='ocrx_word' id='word_1_448' title='bbox 2005 1936 2272 2008; x_wconf 74' lang='grc' dir='ltr'>αἱρέσεων</span> <span class='ocrx_word' id='word_1_449' title='bbox 2323 1935 2654 2007; x_wconf 78' lang='grc' dir='ltr'>ὑποκλέψας,</span> <span class='ocrx_word' id='word_1_450' title='bbox 2700 1936 2799 2009; x_wconf 83' lang='grc' dir='ltr'>τὴν</span> <span class='ocrx_word' id='word_1_451' title='bbox 2842 1934 2937 1990; x_wconf 86' lang='grc' dir='ltr'><strong>τοῦ</strong></span> <span class='ocrx_word' id='word_1_452' title='bbox 2974 1934 3222 1990; x_wconf 82' lang='grc' dir='ltr'>Σωτάδου</span> <span class='ocrx_word' id='word_1_453' title='bbox 3272 1934 3383 2007; x_wconf 69' lang='grc'>(42)</span> <span class='ocrx_word' id='word_1_454' title='bbox 3420 1933 3587 2006; x_wconf 82' lang='grc' dir='ltr'>μόνου</span> 
     </span>
    </p>
   </div>
   <div class='ocr_carea' id='block_1_63' title="bbox 2004 2026 3584 2102">
    <p class='ocr_par' dir='ltr' id='par_1_63' title="bbox 2004 2026 3584 2102">
     <span class='ocr_line' id='line_1_63' title="bbox 2004 2026 3584 2102; baseline -0.002 -20"><span class='ocrx_word' id='word_1_455' title='bbox 2004 2030 2369 2099; x_wconf 83' lang='grc' dir='ltr'>γελοιολογίαν</span> <span class='ocrx_word' id='word_1_456' title='bbox 2400 2029 2662 2102; x_wconf 74' lang='grc' dir='ltr'>ἐζήλωσε.</span> <span class='ocrx_word' id='word_1_457' title='bbox 2698 2030 2764 2082; x_wconf 92' lang='grc' dir='ltr'><strong>Τί</strong></span> <span class='ocrx_word' id='word_1_458' title='bbox 2795 2029 2904 2099; x_wconf 86' lang='grc' dir='ltr'><strong>γάρ</strong></span> <span class='ocrx_word' id='word_1_459' title='bbox 2934 2026 3139 2101; x_wconf 77' lang='grc' dir='ltr'>ἔπρεπε</span> <span class='ocrx_word' id='word_1_460' title='bbox 3178 2029 3351 2081; x_wconf 82' lang='grc' dir='ltr'>ποιεῖν</span> <span class='ocrx_word' id='word_1_461' title='bbox 3396 2027 3584 2090; x_wconf 85' lang='grc' dir='ltr'>αὐτὸν,</span> 
     </span>
    </p>
   </div>
   <div class='ocr_carea' id='block_1_64' title="bbox 2004 2117 3587 2193">
    <p class='ocr_par' dir='ltr' id='par_1_64' title="bbox 2004 2117 3587 2193">
     <span class='ocr_line' id='line_1_64' title="bbox 2004 2117 3587 2193; baseline -0.003 -16"><span class='ocrx_word' id='word_1_462' title='bbox 2004 2122 2038 2193; x_wconf 76' lang='grc' dir='ltr'>ἦ</span> <span class='ocrx_word' id='word_1_463' title='bbox 2069 2121 2288 2177; x_wconf 86' lang='grc' dir='ltr'>θέλοντα</span> <span class='ocrx_word' id='word_1_464' title='bbox 2310 2122 2453 2177; x_wconf 80' lang='grc' dir='ltr'>κατὰ</span> <span class='ocrx_word' id='word_1_465' title='bbox 2475 2120 2571 2175; x_wconf 85' lang='grc' dir='ltr'><strong>τοῦ</strong></span> <span class='ocrx_word' id='word_1_466' title='bbox 2598 2122 2849 2192; x_wconf 76' lang='grc' dir='ltr'>Σωτῆρος</span> <span class='ocrx_word' id='word_1_467' title='bbox 2870 2118 3225 2192; x_wconf 82' lang='grc' dir='ltr'>ὀρχήσασθαι,</span> <span class='ocrx_word' id='word_1_468' title='bbox 3249 2117 3318 2172; x_wconf 85' lang='grc' dir='ltr'><strong>τὰ</strong></span> <span class='ocrx_word' id='word_1_469' title='bbox 3345 2118 3587 2185; x_wconf 78' lang='grc' dir='ltr'>δύστηνα</span> 
     </span>
    </p>
   </div>
   <div class='ocr_carea' id='block_1_65' title="bbox 2005 2210 3589 2287">
    <p class='ocr_par' dir='ltr' id='par_1_65' title="bbox 2005 2210 3589 2287">
     <span class='ocr_line' id='line_1_65' title="bbox 2005 2210 3589 2287; baseline -0.004 -19"><span class='ocrx_word' id='word_1_470' title='bbox 2005 2210 2198 2268; x_wconf 77' lang='grc' dir='ltr'>ἑαυτοῦ</span> <span class='ocrx_word' id='word_1_471' title='bbox 2228 2213 2470 2287; x_wconf 74' lang='grc' dir='ltr'>ῥημάτια</span> <span class='ocrx_word' id='word_1_472' title='bbox 2502 2214 2602 2284; x_wconf 83' lang='grc' dir='ltr'>τῆς</span> <span class='ocrx_word' id='word_1_473' title='bbox 2628 2212 2884 2277; x_wconf 85' lang='grc' dir='ltr'>ἀσεϐείας</span> <span class='ocrx_word' id='word_1_474' title='bbox 2910 2213 2968 2266; x_wconf 80' lang='grc' dir='ltr'>ἐν</span> <span class='ocrx_word' id='word_1_475' title='bbox 2994 2210 3239 2275; x_wconf 81' lang='grc' dir='ltr'>ἑκλύτοις</span> <span class='ocrx_word' id='word_1_476' title='bbox 3264 2211 3358 2264; x_wconf 75' lang='grc' dir='ltr'>καὶ</span> <span class='ocrx_word' id='word_1_477' title='bbox 3393 2224 3589 2281; x_wconf 88' lang='grc' dir='ltr'>παρει-</span> 
     </span>
    </p>
   </div>
   <div class='ocr_carea' id='block_1_66' title="bbox 2007 2301 3584 2379">
    <p class='ocr_par' dir='ltr' id='par_1_66' title="bbox 2007 2301 3584 2379">
     <span class='ocr_line' id='line_1_66' title="bbox 2007 2301 3584 2379; baseline -0.004 -19"><span class='ocrx_word' id='word_1_478' title='bbox 2007 2306 2186 2379; x_wconf 87' lang='grc' dir='ltr'>μένοις</span> <span class='ocrx_word' id='word_1_479' title='bbox 2222 2303 2407 2378; x_wconf 85' lang='grc' dir='ltr'>μέλεσι</span> <span class='ocrx_word' id='word_1_480' title='bbox 2434 2304 2755 2377; x_wconf 88' lang='grc' dir='ltr'>σημαίνειν;</span> <span class='ocrx_word' id='word_1_481' title='bbox 2787 2304 2854 2358; x_wconf 83' lang='grc' dir='ltr'><strong>ἵν’</strong></span> <span class='ocrx_word' id='word_1_482' title='bbox 2880 2302 3066 2376; x_wconf 84' lang='grc' dir='ltr'>ὥσπερ</span> <span class='ocrx_word' id='word_1_483' title='bbox 3117 2304 3150 2374; x_wconf 82' lang='grc' dir='ltr'>ἡ</span> <span class='ocrx_word' id='word_1_484' title='bbox 3194 2302 3355 2372; x_wconf 83' lang='grc' dir='ltr'>σοφία</span> <span class='ocrx_word' id='word_1_485' title='bbox 3395 2301 3584 2372; x_wconf 64' lang='grc' dir='ltr'>φησὶν,</span> 
     </span>
    </p>
   </div>
   <div class='ocr_carea' id='block_1_67' title="bbox 2018 2392 3585 2470">
    <p class='ocr_par' dir='ltr' id='par_1_67' title="bbox 2018 2392 3585 2470">
     <span class='ocr_line' id='line_1_67' title="bbox 2018 2392 3585 2470; baseline -0.005 -16"><span class='ocrx_word' id='word_1_486' title='bbox 2018 2400 2150 2455; x_wconf 79' lang='grc' dir='ltr'><strong>Ἀπὸ</strong></span> <span class='ocrx_word' id='word_1_487' title='bbox 2201 2400 2418 2465; x_wconf 80' lang='grc' dir='ltr'>ἐξόδου</span> <span class='ocrx_word' id='word_1_488' title='bbox 2458 2403 2645 2470; x_wconf 76' lang='grc' dir='ltr'>λόγου</span> <span class='ocrx_word' id='word_1_489' title='bbox 2697 2393 3215 2469; x_wconf 62' lang='grc' dir='ltr'>ἐπιγνωσθήσεται</span> <span class='ocrx_word' id='word_1_490' title='bbox 3254 2395 3364 2467; x_wconf 68' lang='grc'><strong>(45)</strong></span> <span class='ocrx_word' id='word_1_491' title='bbox 3402 2392 3585 2462; x_wconf 75' lang='grc' dir='ltr'>ἀνὴρ,</span> 
     </span>
    </p>
   </div>
   <div class='ocr_carea' id='block_1_68' title="bbox 2003 2484 3587 2563">
    <p class='ocr_par' dir='ltr' id='par_1_68' title="bbox 2003 2484 3587 2563">
     <span class='ocr_line' id='line_1_68' title="bbox 2003 2484 3587 2563; baseline -0.006 -15"><span class='ocrx_word' id='word_1_492' title='bbox 2003 2488 2177 2558; x_wconf 71' lang='grc' dir='ltr'>οὕτως</span> <span class='ocrx_word' id='word_1_493' title='bbox 2202 2490 2303 2548; x_wconf 65' lang='lat' dir='ltr'><strong>dm&quot;</strong></span> <span class='ocrx_word' id='word_1_494' title='bbox 2326 2490 2550 2547; x_wconf 71' lang='grc' dir='ltr'>ἐκείνων</span> <span class='ocrx_word' id='word_1_495' title='bbox 2594 2484 2785 2563; x_wconf 73' lang='grc' dir='ltr'>τὸτῆς</span> <span class='ocrx_word' id='word_1_496' title='bbox 2825 2490 3006 2561; x_wconf 73' lang='grc' dir='ltr'>ψυχῆς</span> <span class='ocrx_word' id='word_1_497' title='bbox 3042 2488 3115 2561; x_wconf 83' lang='grc' dir='ltr'>μὴ</span> <span class='ocrx_word' id='word_1_498' title='bbox 3162 2487 3447 2558; x_wconf 86' lang='grc' dir='ltr'>ἀνδρῶδες,</span> <span class='ocrx_word' id='word_1_499' title='bbox 3487 2488 3587 2540; x_wconf 73' lang='grc' dir='ltr'><strong>κσά⁵</strong></span> 
     </span>
    </p>
   </div>
   <div class='ocr_carea' id='block_1_69' title="bbox 2001 2577 3582 2657">
    <p class='ocr_par' dir='ltr' id='par_1_69' title="bbox 2001 2577 3582 2657">
     <span class='ocr_line' id='line_1_69' title="bbox 2001 2577 3582 2657; baseline -0.005 -19"><span class='ocrx_word' id='word_1_500' title='bbox 2001 2585 2102 2657; x_wconf 77' lang='grc' dir='ltr'><strong>τῆς</strong></span> <span class='ocrx_word' id='word_1_501' title='bbox 2130 2581 2366 2648; x_wconf 83' lang='grc' dir='ltr'>διανοίας</span> <span class='ocrx_word' id='word_1_502' title='bbox 2421 2584 2454 2655; x_wconf 79' lang='grc' dir='ltr'>ὴ</span> <span class='ocrx_word' id='word_1_503' title='bbox 2504 2581 2680 2656; x_wconf 77' lang='grc' dir='ltr'>φθορὰ</span> <span class='ocrx_word' id='word_1_504' title='bbox 2713 2582 2805 2635; x_wconf 88' lang='grc' dir='ltr'><strong>τοῦ</strong></span> <span class='ocrx_word' id='word_1_505' title='bbox 2859 2577 3168 2653; x_wconf 63' lang='grc' dir='ltr'>γράψαντος</span> <span class='ocrx_word' id='word_1_506' title='bbox 3219 2579 3582 2649; x_wconf 81' lang='grc' dir='ltr'>γινώσκηται.</span> 
     </span>
    </p>
   </div>
   <div class='ocr_carea' id='block_1_70' title="bbox 2003 2666 3588 2748">
    <p class='ocr_par' dir='ltr' id='par_1_70' title="bbox 2003 2666 3588 2748">
     <span class='ocr_line' id='line_1_70' title="bbox 2003 2666 3588 2748; baseline -0.006 -17"><span class='ocrx_word' id='word_1_507' title='bbox 2003 2677 2113 2731; x_wconf 74' lang='grc' dir='ltr'>Καὶ</span> <span class='ocrx_word' id='word_1_508' title='bbox 2140 2675 2251 2748; x_wconf 79' lang='grc' dir='ltr'><strong>γάρ</strong></span> <span class='ocrx_word' id='word_1_509' title='bbox 2283 2676 2403 2731; x_wconf 78' lang='grc' dir='ltr'>οὐδὲ</span> <span class='ocrx_word' id='word_1_510' title='bbox 2423 2674 2612 2729; x_wconf 74' lang='grc' dir='ltr'>ἔλαθεν</span> <span class='ocrx_word' id='word_1_511' title='bbox 2640 2678 2668 2729; x_wconf 89' lang='grc' dir='ltr'><strong>ό</strong></span> <span class='ocrx_word' id='word_1_512' title='bbox 2690 2670 2863 2738; x_wconf 89' lang='grc' dir='ltr'>δόλιος</span> <span class='ocrx_word' id='word_1_513' title='bbox 2901 2673 3014 2745; x_wconf 69' lang='grc'><strong>(44)</strong></span> <span class='ocrx_word' id='word_1_514' title='bbox 3033 2713 3048 2738; x_wconf 91' lang='grc'><strong>,</strong></span> <span class='ocrx_word' id='word_1_515' title='bbox 3080 2668 3217 2726; x_wconf 80' lang='grc' dir='ltr'>ἀλλὰ</span> <span class='ocrx_word' id='word_1_516' title='bbox 3249 2670 3425 2724; x_wconf 83' lang='grc' dir='ltr'>καίτοι</span> <span class='ocrx_word' id='word_1_517' title='bbox 3451 2666 3588 2722; x_wconf 80' lang='grc' dir='ltr'>πολ-</span> 
     </span>
    </p>
   </div>
   <div class='ocr_carea' id='block_1_71' title="bbox 2001 2761 3585 2839">
    <p class='ocr_par' dir='ltr' id='par_1_71' title="bbox 2001 2761 3585 2839">
     <span class='ocr_line' id='line_1_71' title="bbox 2001 2761 3585 2839; baseline -0.004 -18"><span class='ocrx_word' id='word_1_518' title='bbox 2001 2767 2179 2833; x_wconf 83' lang='grc' dir='ltr'>λάκις,</span> <span class='ocrx_word' id='word_1_519' title='bbox 2210 2765 2286 2832; x_wconf 86' lang='grc' dir='ltr'><strong>ὡς</strong></span> <span class='ocrx_word' id='word_1_520' title='bbox 2337 2771 2367 2823; x_wconf 87' lang='grc' dir='ltr'><strong>ό</strong></span> <span class='ocrx_word' id='word_1_521' title='bbox 2397 2766 2555 2839; x_wconf 76' lang='grc' dir='ltr'>ὄφις,</span> <span class='ocrx_word' id='word_1_522' title='bbox 2583 2768 2694 2823; x_wconf 86' lang='grc' dir='ltr'>ἄνω</span> <span class='ocrx_word' id='word_1_523' title='bbox 2728 2761 2823 2820; x_wconf 65' lang='grc' dir='ltr'>καὶ</span> <span class='ocrx_word' id='word_1_524' title='bbox 2872 2766 3023 2820; x_wconf 83' lang='grc' dir='ltr'>κάτω</span> <span class='ocrx_word' id='word_1_525' title='bbox 3063 2764 3310 2835; x_wconf 81' lang='grc' dir='ltr'>στρέφων</span> <span class='ocrx_word' id='word_1_526' title='bbox 3365 2761 3585 2826; x_wconf 81' lang='grc' dir='ltr'>ἑαυτὸν,</span> 
     </span>
    </p>
   </div>
   <div class='ocr_carea' id='block_1_72' title="bbox 2000 2851 3582 2930">
    <p class='ocr_par' dir='ltr' id='par_1_72' title="bbox 2000 2851 3582 2930">
     <span class='ocr_line' id='line_1_72' title="bbox 2000 2851 3582 2930; baseline -0.004 -18"><span class='ocrx_word' id='word_1_527' title='bbox 2000 2858 2150 2930; x_wconf 78' lang='grc' dir='ltr'>ὅμως</span> <span class='ocrx_word' id='word_1_528' title='bbox 2172 2859 2461 2914; x_wconf 82' lang='grc' dir='ltr'>πέπτωκεν</span> <span class='ocrx_word' id='word_1_529' title='bbox 2483 2859 2563 2924; x_wconf 86' lang='grc' dir='ltr'><strong>είς</strong></span> <span class='ocrx_word' id='word_1_530' title='bbox 2585 2857 2683 2930; x_wconf 82' lang='grc' dir='ltr'>τὴν</span> <span class='ocrx_word' id='word_1_531' title='bbox 2713 2858 2921 2930; x_wconf 78' lang='grc' dir='ltr'>πλάνην</span> <span class='ocrx_word' id='word_1_532' title='bbox 2958 2857 3069 2910; x_wconf 88' lang='grc' dir='ltr'><strong>τῶν</strong></span> <span class='ocrx_word' id='word_1_533' title='bbox 3098 2854 3406 2926; x_wconf 79' lang='grc' dir='ltr'>Φαρισαίων</span> <span class='ocrx_word' id='word_1_534' title='bbox 3441 2851 3582 2923; x_wconf 66' lang='grc'><strong>(45).</strong></span> 
     </span>
    </p>
   </div>
   <div class='ocr_carea' id='block_1_73' title="bbox 2014 2944 3589 3024">
    <p class='ocr_par' dir='ltr' id='par_1_73' title="bbox 2014 2944 3589 3024">
     <span class='ocr_line' id='line_1_73' title="bbox 2014 2944 3589 3024; baseline -0.004 -18"><span class='ocrx_word' id='word_1_535' title='bbox 2014 2952 2103 3015; x_wconf 83' lang='grc' dir='ltr'>Ὠς</span> <span class='ocrx_word' id='word_1_536' title='bbox 2129 2950 2238 3024; x_wconf 83' lang='grc' dir='ltr'><strong>γάρ</strong></span> <span class='ocrx_word' id='word_1_537' title='bbox 2265 2952 2485 3015; x_wconf 75' lang='grc' dir='ltr'>ἐκεῖνοι,</span> <span class='ocrx_word' id='word_1_538' title='bbox 2514 2948 2760 3014; x_wconf 88' lang='grc' dir='ltr'>θέλοντες</span> <span class='ocrx_word' id='word_1_539' title='bbox 2778 2946 3135 3020; x_wconf 79' lang='grc' dir='ltr'>παρανομεῖν,</span> <span class='ocrx_word' id='word_1_540' title='bbox 3156 2944 3589 3017; x_wconf 71' lang='grc' dir='ltr'>ἐσχηματίζοντο</span> 
     </span>
    </p>
   </div>
   <div class='ocr_carea' id='block_1_74' title="bbox 2000 3036 3586 3114">
    <p class='ocr_par' dir='ltr' id='par_1_74' title="bbox 2000 3036 3586 3114">
     <span class='ocr_line' id='line_1_74' title="bbox 2000 3036 3586 3114; baseline -0.006 -18"><span class='ocrx_word' id='word_1_541' title='bbox 2000 3041 2071 3097; x_wconf 79' lang='grc' dir='ltr'><strong>τὰ</strong></span> <span class='ocrx_word' id='word_1_542' title='bbox 2098 3041 2193 3096; x_wconf 87' lang='grc' dir='ltr'><strong>τοῦ</strong></span> <span class='ocrx_word' id='word_1_543' title='bbox 2226 3041 2392 3114; x_wconf 84' lang='grc' dir='ltr'>νόμου</span> <span class='ocrx_word' id='word_1_544' title='bbox 2425 3041 2653 3113; x_wconf 84' lang='grc' dir='ltr'>μελετᾷν</span> <span class='ocrx_word' id='word_1_545' title='bbox 2689 3041 2929 3112; x_wconf 73' lang='grc' dir='ltr'>ῥήματα,</span> <span class='ocrx_word' id='word_1_546' title='bbox 2962 3039 3057 3092; x_wconf 75' lang='grc' dir='ltr'><strong>καὶ</strong></span> <span class='ocrx_word' id='word_1_547' title='bbox 3107 3036 3349 3099; x_wconf 83' lang='grc' dir='ltr'>θέλοντες</span> <span class='ocrx_word' id='word_1_548' title='bbox 3396 3036 3586 3107; x_wconf 75' lang='grc' dir='ltr'>ἀρνεῖ-</span> 
     </span>
    </p>
   </div>
   <div class='ocr_carea' id='block_1_75' title="bbox 2004 3126 3589 3204">
    <p class='ocr_par' dir='ltr' id='par_1_75' title="bbox 2004 3126 3589 3204">
     <span class='ocr_line' id='line_1_75' title="bbox 2004 3126 3589 3204; baseline -0.004 -17"><span class='ocrx_word' id='word_1_549' title='bbox 2004 3133 2129 3188; x_wconf 90' lang='grc' dir='ltr'>σθαι</span> <span class='ocrx_word' id='word_1_550' title='bbox 2162 3133 2252 3187; x_wconf 82' lang='grc' dir='ltr'>τὸν</span> <span class='ocrx_word' id='word_1_551' title='bbox 2305 3130 2745 3204; x_wconf 85' lang='grc' dir='ltr'>προσδοκηθέντα</span> <span class='ocrx_word' id='word_1_552' title='bbox 2784 3130 2878 3185; x_wconf 79' lang='grc' dir='ltr'>καὶ</span> <span class='ocrx_word' id='word_1_553' title='bbox 2913 3127 3153 3201; x_wconf 88' lang='grc' dir='ltr'>παρόντα</span> <span class='ocrx_word' id='word_1_554' title='bbox 3196 3126 3398 3197; x_wconf 82' lang='grc' dir='ltr'>Κύριον</span> <span class='ocrx_word' id='word_1_555' title='bbox 3421 3165 3435 3188; x_wconf 89' lang='grc'><strong>,</strong></span> <span class='ocrx_word' id='word_1_556' title='bbox 3475 3126 3589 3180; x_wconf 59' lang='grc' dir='ltr'><strong>ὑπ*</strong></span> 
     </span>
    </p>
   </div>
   <div class='ocr_carea' id='block_1_76' title="bbox 2003 3214 3589 3294">
    <p class='ocr_par' dir='ltr' id='par_1_76' title="bbox 2003 3214 3589 3294">
     <span class='ocr_line' id='line_1_76' title="bbox 2003 3214 3589 3294; baseline -0.004 -17"><span class='ocrx_word' id='word_1_557' title='bbox 2003 3223 2281 3292; x_wconf 85' lang='grc' dir='ltr'>εκρίνοντο</span> <span class='ocrx_word' id='word_1_558' title='bbox 2312 3224 2409 3294; x_wconf 80' lang='grc' dir='ltr'>μὲν</span> <span class='ocrx_word' id='word_1_559' title='bbox 2436 3221 2722 3293; x_wconf 76' lang='grc' dir='ltr'>ὀνομάζειν</span> <span class='ocrx_word' id='word_1_560' title='bbox 2749 3221 2841 3276; x_wconf 79' lang='grc' dir='ltr'>τὸν</span> <span class='ocrx_word' id='word_1_561' title='bbox 2864 3219 3015 3282; x_wconf 84' lang='grc' dir='ltr'>Θεὸν,</span> <span class='ocrx_word' id='word_1_562' title='bbox 3038 3218 3327 3287; x_wconf 68' lang='grc' dir='ltr'>ἠλέγχοντο</span> <span class='ocrx_word' id='word_1_563' title='bbox 3358 3215 3413 3269; x_wconf 83' lang='grc' dir='ltr'>δὲ</span> <span class='ocrx_word' id='word_1_564' title='bbox 3446 3214 3589 3285; x_wconf 75' lang='grc' dir='ltr'>βλασ-</span> 
     </span>
    </p>
   </div>
   <div class='ocr_carea' id='block_1_77' title="bbox 2005 3307 3590 3387">
    <p class='ocr_par' dir='ltr' id='par_1_77' title="bbox 2005 3307 3590 3387">
     <span class='ocr_line' id='line_1_77' title="bbox 2005 3307 3590 3387; baseline -0.004 -18"><span class='ocrx_word' id='word_1_565' title='bbox 2005 3313 2346 3387; x_wconf 83' lang='grc' dir='ltr'>σφημοῦντες</span> <span class='ocrx_word' id='word_1_566' title='bbox 2388 3316 2447 3367; x_wconf 84' lang='grc' dir='ltr'>ὲν</span> <span class='ocrx_word' id='word_1_567' title='bbox 2477 3311 2754 3384; x_wconf 80' lang='grc' dir='ltr'>τῷ,λέγειν</span> <span class='ocrx_word' id='word_1_568' title='bbox 2778 3352 2793 3376; x_wconf 93' lang='grc'><strong>,</strong></span> <span class='ocrx_word' id='word_1_569' title='bbox 2818 3309 2907 3364; x_wconf 86' lang='grc' dir='ltr'><strong>διὰ</strong></span> <span class='ocrx_word' id='word_1_570' title='bbox 2931 3309 2984 3363; x_wconf 74' lang='grc' dir='ltr'><strong>τί</strong></span> <span class='ocrx_word' id='word_1_571' title='bbox 3012 3308 3114 3371; x_wconf 82' lang='grc' dir='ltr'><strong>σὺ,</strong></span> <span class='ocrx_word' id='word_1_572' title='bbox 3140 3309 3450 3378; x_wconf 82' lang='grc' dir='ltr'>ἅνθρωπος</span> <span class='ocrx_word' id='word_1_573' title='bbox 3493 3307 3590 3362; x_wconf 71' lang='grc' dir='ltr'><strong>ὢν</strong></span> 
     </span>
    </p>
   </div>
   <div class='ocr_carea' id='block_1_78' title="bbox 2003 3397 3588 3469">
    <p class='ocr_par' dir='ltr' id='par_1_78' title="bbox 2003 3397 3588 3469">
     <span class='ocr_line' id='line_1_78' title="bbox 2003 3397 3588 3469; baseline -0.007 -6"><span class='ocrx_word' id='word_1_574' title='bbox 2003 3407 2151 3463; x_wconf 79' lang='grc' dir='ltr'>Θεὸν</span> <span class='ocrx_word' id='word_1_575' title='bbox 2178 3404 2441 3461; x_wconf 82' lang='grc' dir='ltr'>σεαυτὸν</span> <span class='ocrx_word' id='word_1_576' title='bbox 2476 3404 2686 3469; x_wconf 83' lang='grc' dir='ltr'>ποιεῖς,</span> <span class='ocrx_word' id='word_1_577' title='bbox 2720 3402 2813 3456; x_wconf 77' lang='grc' dir='ltr'>καὶ</span> <span class='ocrx_word' id='word_1_578' title='bbox 2841 3401 3039 3469; x_wconf 87' lang='grc' dir='ltr'>λέγεις,</span> <span class='ocrx_word' id='word_1_579' title='bbox 3072 3397 3211 3469; x_wconf 79' lang='grc' dir='ltr'><strong>Ἐγὼ</strong></span> <span class='ocrx_word' id='word_1_580' title='bbox 3247 3397 3345 3452; x_wconf 77' lang='grc' dir='ltr'>καὶ</span> <span class='ocrx_word' id='word_1_581' title='bbox 3382 3401 3416 3451; x_wconf 80' lang='grc' dir='ltr'><em>ὁ</em></span> <span class='ocrx_word' id='word_1_582' title='bbox 3455 3402 3588 3452; x_wconf 58' lang='lat' dir='ltr'><strong>Hau</strong></span> 
     </span>
    </p>
   </div>
   <div class='ocr_carea' id='block_1_79' title="bbox 1998 3489 3589 3569">
    <p class='ocr_par' dir='ltr' id='par_1_79' title="bbox 1998 3489 3589 3569">
     <span class='ocr_line' id='line_1_79' title="bbox 1998 3489 3589 3569; baseline -0.006 -14"><span class='ocrx_word' id='word_1_583' title='bbox 1998 3500 2110 3569; x_wconf 78' lang='grc' dir='ltr'>τὴρ</span> <span class='ocrx_word' id='word_1_584' title='bbox 2125 3499 2196 3555; x_wconf 83' lang='grc' dir='ltr'>ἓν</span> <span class='ocrx_word' id='word_1_585' title='bbox 2216 3501 2404 3569; x_wconf 80' lang='grc' dir='ltr'>ἐσμεν</span> <span class='ocrx_word' id='word_1_586' title='bbox 2420 3538 2434 3560; x_wconf 87' lang='grc'><strong>,</strong></span> <span class='ocrx_word' id='word_1_587' title='bbox 2452 3495 2594 3550; x_wconf 75' lang='grc' dir='ltr'>οὕτω</span> <span class='ocrx_word' id='word_1_588' title='bbox 2614 3496 2709 3549; x_wconf 78' lang='grc' dir='ltr'>καὶ</span> <span class='ocrx_word' id='word_1_589' title='bbox 2723 3497 2751 3548; x_wconf 85' lang='grc' dir='ltr'><strong>ό</strong></span> <span class='ocrx_word' id='word_1_590' title='bbox 2770 3492 3021 3563; x_wconf 79' lang='grc' dir='ltr'>κίϐδηλος</span> <span class='ocrx_word' id='word_1_591' title='bbox 3040 3492 3135 3545; x_wconf 81' lang='grc' dir='ltr'>καὶ</span> <span class='ocrx_word' id='word_1_592' title='bbox 3151 3490 3445 3554; x_wconf 87' lang='grc' dir='ltr'>Σωτάδειος</span> <span class='ocrx_word' id='word_1_593' title='bbox 3463 3489 3589 3564; x_wconf 73' lang='grc'><strong>(46)</strong></span> 
     </span>
    </p>
   </div>
   <div class='ocr_carea' id='block_1_80' title="bbox 2003 3582 3591 3664">
    <p class='ocr_par' dir='ltr' id='par_1_80' title="bbox 2003 3582 3591 3664">
     <span class='ocr_line' id='line_1_80' title="bbox 2003 3582 3591 3664; baseline -0.007 -18"><span class='ocrx_word' id='word_1_594' title='bbox 2003 3593 2219 3664; x_wconf 80' lang='grc' dir='ltr'>Ἀρειος</span> <span class='ocrx_word' id='word_1_595' title='bbox 2245 3589 2595 3662; x_wconf 84' lang='grc' dir='ltr'>ὑποκρίνεται</span> <span class='ocrx_word' id='word_1_596' title='bbox 2629 3587 2727 3659; x_wconf 80' lang='grc' dir='ltr'>μὲν</span> <span class='ocrx_word' id='word_1_597' title='bbox 2768 3586 2843 3651; x_wconf 88' lang='grc' dir='ltr'><strong>ὡς</strong></span> <span class='ocrx_word' id='word_1_598' title='bbox 2877 3588 3004 3658; x_wconf 82' lang='grc' dir='ltr'>περὶ</span> <span class='ocrx_word' id='word_1_599' title='bbox 3036 3582 3170 3638; x_wconf 84' lang='grc' dir='ltr'>Θεοῦ</span> <span class='ocrx_word' id='word_1_600' title='bbox 3194 3583 3369 3653; x_wconf 88' lang='grc' dir='ltr'>λέγων</span> <span class='ocrx_word' id='word_1_601' title='bbox 3388 3622 3402 3647; x_wconf 92' lang='grc'><strong>,</strong></span> <span class='ocrx_word' id='word_1_602' title='bbox 3435 3598 3591 3656; x_wconf 78' lang='grc' dir='ltr'>παρ-</span> 
     </span>
    </p>
   </div>
   <div class='ocr_carea' id='block_1_81' title="bbox 1997 3674 3592 3754">
    <p class='ocr_par' dir='ltr' id='par_1_81' title="bbox 1997 3674 3592 3754">
     <span class='ocr_line' id='line_1_81' title="bbox 1997 3674 3592 3754; baseline -0.003 -16"><span class='ocrx_word' id='word_1_603' title='bbox 1997 3682 2226 3748; x_wconf 64' lang='grc' dir='ltr'>εντιθεὶς</span> <span class='ocrx_word' id='word_1_604' title='bbox 2271 3682 2382 3754; x_wconf 75' lang='grc'><strong>(47)</strong></span> <span class='ocrx_word' id='word_1_605' title='bbox 2425 3681 2528 3746; x_wconf 79' lang='grc' dir='ltr'><strong>τὰς</strong></span> <span class='ocrx_word' id='word_1_606' title='bbox 2573 3679 2682 3734; x_wconf 87' lang='grc' dir='ltr'><strong>τῶν</strong></span> <span class='ocrx_word' id='word_1_607' title='bbox 2728 3678 2960 3751; x_wconf 87' lang='grc' dir='ltr'>Γραφῶν</span> <span class='ocrx_word' id='word_1_608' title='bbox 2980 3677 3172 3745; x_wconf 79' lang='grc' dir='ltr'>λέξεις,</span> <span class='ocrx_word' id='word_1_609' title='bbox 3201 3674 3486 3748; x_wconf 74' lang='grc' dir='ltr'>ἐλέγχεται</span> <span class='ocrx_word' id='word_1_610' title='bbox 3526 3676 3592 3733; x_wconf 70' lang='grc' dir='ltr'>δὲ</span> 
     </span>
    </p>
   </div>
   <div class='ocr_carea' id='block_1_82' title="bbox 2000 3767 3594 3847">
    <p class='ocr_par' dir='ltr' id='par_1_82' title="bbox 2000 3767 3594 3847">
     <span class='ocr_line' id='line_1_82' title="bbox 2000 3767 3594 3847; baseline -0.005 -17"><span class='ocrx_word' id='word_1_611' title='bbox 2000 3773 2335 3847; x_wconf 86' lang='grc' dir='ltr'>πανταχόθεν</span> <span class='ocrx_word' id='word_1_612' title='bbox 2359 3776 2575 3846; x_wconf 77' lang='grc' dir='ltr'>’Ἄρειος</span> <span class='ocrx_word' id='word_1_613' title='bbox 2598 3772 2775 3835; x_wconf 85' lang='grc' dir='ltr'>ἄθεος,</span> <span class='ocrx_word' id='word_1_614' title='bbox 2811 3770 3139 3843; x_wconf 79' lang='grc' dir='ltr'>ἀρνούμενος</span> <span class='ocrx_word' id='word_1_615' title='bbox 3176 3767 3267 3821; x_wconf 83' lang='grc' dir='ltr'>τὸν</span> <span class='ocrx_word' id='word_1_616' title='bbox 3306 3768 3459 3835; x_wconf 79' lang='grc' dir='ltr'>Υίὸν,</span> <span class='ocrx_word' id='word_1_617' title='bbox 3489 3769 3594 3823; x_wconf 70' lang='grc' dir='ltr'><strong>καί⁸</strong></span> 
     </span>
    </p>
   </div>
   <div class='ocr_carea' id='block_1_83' title="bbox 1997 3861 3015 3939">
    <p class='ocr_par' dir='ltr' id='par_1_83' title="bbox 1997 3861 3015 3939">
     <span class='ocr_line' id='line_1_83' title="bbox 1997 3861 3015 3939; baseline -0.002 -18"><span class='ocrx_word' id='word_1_618' title='bbox 1997 3871 2109 3933; x_wconf 85' lang='grc' dir='ltr'>τοῖς</span> <span class='ocrx_word' id='word_1_619' title='bbox 2137 3868 2435 3939; x_wconf 84' lang='grc' dir='ltr'>ποιήμασιν</span> <span class='ocrx_word' id='word_1_620' title='bbox 2460 3864 2620 3920; x_wconf 74' lang='grc' dir='ltr'>αὑτὸν</span> <span class='ocrx_word' id='word_1_621' title='bbox 2648 3861 3015 3936; x_wconf 87' lang='grc' dir='ltr'>συναριθμῶν.</span> 
     </span>
    </p>
   </div>
   <div class='ocr_carea' id='block_1_84' title="bbox 2068 4043 3595 4121">
    <p class='ocr_par' dir='ltr' id='par_1_84' title="bbox 2068 4043 3595 4121">
     <span class='ocr_line' id='line_1_84' title="bbox 2068 4043 3595 4121; baseline -0.003 -17"><span class='ocrx_word' id='word_1_622' title='bbox 2068 4051 2120 4105; x_wconf 84' lang='lat'><strong>5.</strong></span> <span class='ocrx_word' id='word_1_623' title='bbox 2163 4051 2225 4103; x_wconf 84' lang='grc' dir='ltr'><strong><em>Ἡ</em></strong></span> <span class='ocrx_word' id='word_1_624' title='bbox 2256 4050 2354 4121; x_wconf 83' lang='grc' dir='ltr'>μὲν</span> <span class='ocrx_word' id='word_1_625' title='bbox 2376 4043 2469 4101; x_wconf 73' lang='grc' dir='ltr'>οὖν</span> <span class='ocrx_word' id='word_1_626' title='bbox 2490 4047 2631 4118; x_wconf 83' lang='grc' dir='ltr'>ἁρχὴ</span> <span class='ocrx_word' id='word_1_627' title='bbox 2655 4046 2753 4117; x_wconf 84' lang='grc' dir='ltr'>τῆς</span> <span class='ocrx_word' id='word_1_628' title='bbox 2772 4044 3052 4116; x_wconf 80' lang='grc' dir='ltr'>’Δρειανῆς</span> <span class='ocrx_word' id='word_1_629' title='bbox 3072 4045 3321 4111; x_wconf 70' lang='grc' dir='ltr'>Θαλείας</span> <span class='ocrx_word' id='word_1_630' title='bbox 3348 4043 3464 4115; x_wconf 74' lang='grc'><strong>(48)</strong></span> <span class='ocrx_word' id='word_1_631' title='bbox 3488 4043 3595 4103; x_wconf 76' lang='grc' dir='ltr'>καὶ</span> 
     </span>
    </p>
   </div>
   <div class='ocr_carea' id='block_1_85' title="bbox 1998 4136 3589 4212">
    <p class='ocr_par' dir='ltr' id='par_1_85' title="bbox 1998 4136 3589 4212">
     <span class='ocr_line' id='line_1_85' title="bbox 1998 4136 3589 4212; baseline -0.003 -16"><span class='ocrx_word' id='word_1_632' title='bbox 1998 4142 2378 4212; x_wconf 79' lang='grc' dir='ltr'>κουφολογίας,</span> <span class='ocrx_word' id='word_1_633' title='bbox 2412 4136 2543 4211; x_wconf 77' lang='grc' dir='ltr'>ἦθος</span> <span class='ocrx_word' id='word_1_634' title='bbox 2567 4137 2764 4209; x_wconf 75' lang='grc' dir='ltr'>ἔχουσα</span> <span class='ocrx_word' id='word_1_635' title='bbox 2803 4138 2896 4191; x_wconf 76' lang='grc' dir='ltr'>καὶ</span> <span class='ocrx_word' id='word_1_636' title='bbox 2932 4136 3094 4207; x_wconf 83' lang='grc' dir='ltr'>μέλος</span> <span class='ocrx_word' id='word_1_637' title='bbox 3120 4136 3375 4206; x_wconf 82' lang='grc' dir='ltr'>θηλυκὸν,</span> <span class='ocrx_word' id='word_1_638' title='bbox 3411 4136 3589 4210; x_wconf 77' lang='grc' dir='ltr'>αὕτη·</span> 
     </span>
    </p>
   </div>
   <div class='ocr_carea' id='block_1_86' title="bbox 2002 4227 3595 4295">
    <p class='ocr_par' dir='ltr' id='par_1_86' title="bbox 2002 4227 3595 4295">
     <span class='ocr_line' id='line_1_86' title="bbox 2002 4227 3595 4295; baseline -0.001 -9"><span class='ocrx_word' id='word_1_639' title='bbox 2002 4252 2021 4286; x_wconf 82' lang='grc' dir='ltr'><strong>ι</strong></span> <span class='ocrx_word' id='word_1_640' title='bbox 2063 4234 2217 4288; x_wconf 81' lang='grc' dir='ltr'>Κατὰ</span> <span class='ocrx_word' id='word_1_641' title='bbox 2240 4233 2423 4287; x_wconf 84' lang='grc' dir='ltr'>πίστιν</span> <span class='ocrx_word' id='word_1_642' title='bbox 2444 4229 2715 4286; x_wconf 78' lang='grc' dir='ltr'>ἐκλεκτῶν</span> <span class='ocrx_word' id='word_1_643' title='bbox 2748 4228 2905 4295; x_wconf 82' lang='grc' dir='ltr'>Θεοῦ,</span> <span class='ocrx_word' id='word_1_644' title='bbox 2927 4229 3161 4283; x_wconf 86' lang='grc' dir='ltr'>συνετῶν</span> <span class='ocrx_word' id='word_1_645' title='bbox 3189 4227 3347 4292; x_wconf 85' lang='grc' dir='ltr'>Θεοῦ,</span> <span class='ocrx_word' id='word_1_646' title='bbox 3370 4229 3595 4286; x_wconf 83' lang='grc' dir='ltr'>παίδων</span> 
     </span>
    </p>
   </div>
   <div class='ocr_carea' id='block_1_87' title="bbox 1997 4320 3593 4398">
    <p class='ocr_par' dir='ltr' id='par_1_87' title="bbox 1997 4320 3593 4398">
     <span class='ocr_line' id='line_1_87' title="bbox 1997 4320 3593 4398; baseline -0.003 -18"><span class='ocrx_word' id='word_1_647' title='bbox 1997 4323 2190 4396; x_wconf 83' lang='grc' dir='ltr'>ἁγίων,</span> <span class='ocrx_word' id='word_1_648' title='bbox 2218 4323 2531 4398; x_wconf 86' lang='grc' dir='ltr'>όρθοτόμων</span> <span class='ocrx_word' id='word_1_649' title='bbox 2556 4362 2571 4388; x_wconf 92' lang='grc'><strong>,</strong></span> <span class='ocrx_word' id='word_1_650' title='bbox 2624 4322 2781 4391; x_wconf 85' lang='grc' dir='ltr'>ἆγιον</span> <span class='ocrx_word' id='word_1_651' title='bbox 2810 4321 2946 4376; x_wconf 79' lang='grc' dir='ltr'>Θεοῦ</span> <span class='ocrx_word' id='word_1_652' title='bbox 2992 4321 3209 4393; x_wconf 83' lang='grc' dir='ltr'>πνεῦμα</span> <span class='ocrx_word' id='word_1_653' title='bbox 3258 4320 3546 4376; x_wconf 87' lang='grc' dir='ltr'>λαϐόντων</span> <span class='ocrx_word' id='word_1_654' title='bbox 3575 4363 3593 4388; x_wconf 90' lang='grc'><strong>,</strong></span> 
     </span>
    </p>
   </div>
   <div class='ocr_carea' id='block_1_88' title="bbox 319 4413 1899 4492">
    <p class='ocr_par' dir='ltr' id='par_1_88' title="bbox 319 4418 1894 4492">
     <span class='ocr_line' id='line_1_88' title="bbox 319 4418 1894 4492; baseline 0 -18"><span class='ocrx_word' id='word_1_655' title='bbox 319 4429 571 4474; x_wconf 86' lang='lat' dir='ltr'><strong>sanctum</strong></span> <span class='ocrx_word' id='word_1_656' title='bbox 604 4418 698 4475; x_wconf 91' lang='lat' dir='ltr'><strong>Dei</strong></span> <span class='ocrx_word' id='word_1_657' title='bbox 736 4419 1002 4491; x_wconf 90' lang='lat' dir='ltr'><strong>Spiritum</strong></span> <span class='ocrx_word' id='word_1_658' title='bbox 1034 4430 1384 4492; x_wconf 86' lang='lat' dir='ltr'><strong>acceperunt,</strong></span> <span class='ocrx_word' id='word_1_659' title='bbox 1415 4420 1530 4476; x_wconf 66' lang='lat' dir='ltr'><strong>haec</strong></span> <span class='ocrx_word' id='word_1_660' title='bbox 1552 4435 1653 4490; x_wconf 86' lang='lat' dir='ltr'><strong>ego</strong></span> <span class='ocrx_word' id='word_1_661' title='bbox 1678 4418 1841 4475; x_wconf 91' lang='lat' dir='ltr'><strong>didici</strong></span> <span class='ocrx_word' id='word_1_662' title='bbox 1862 4435 1894 4474; x_wconf 78' lang='grc' dir='ltr'><strong>α</strong></span> 
     </span>
    </p>
   </div>
   <div class='ocr_carea' id='block_1_89' title="bbox 2007 4413 3595 4492">
    <p class='ocr_par' dir='ltr' id='par_1_89' title="bbox 2007 4413 3595 4489">
     <span class='ocr_line' id='line_1_89' title="bbox 2007 4413 3595 4489; baseline -0.001 -17"><span class='ocrx_word' id='word_1_663' title='bbox 2007 4417 2120 4472; x_wconf 77' lang='grc' dir='ltr'>τάδε</span> <span class='ocrx_word' id='word_1_664' title='bbox 2164 4417 2367 4489; x_wconf 67' lang='grc' dir='ltr'>ἔμαθον</span> <span class='ocrx_word' id='word_1_665' title='bbox 2409 4416 2584 4486; x_wconf 75' lang='grc' dir='ltr'>ἔγωγε</span> <span class='ocrx_word' id='word_1_666' title='bbox 2649 4415 2754 4470; x_wconf 83' lang='grc' dir='ltr'><strong>ὑπὸ</strong></span> <span class='ocrx_word' id='word_1_667' title='bbox 2809 4413 2920 4467; x_wconf 90' lang='grc' dir='ltr'><strong>τῶν</strong></span> <span class='ocrx_word' id='word_1_668' title='bbox 2977 4413 3169 4483; x_wconf 86' lang='grc' dir='ltr'>σοφίας</span> <span class='ocrx_word' id='word_1_669' title='bbox 3215 4413 3595 4485; x_wconf 86' lang='grc' dir='ltr'>μετεχόντων,</span> 
     </span>
    </p>
   </div>
   <div class='ocr_carea' id='block_1_90' title="bbox 318 4503 1899 4586">
    <p class='ocr_par' dir='ltr' id='par_1_90' title="bbox 318 4510 1889 4586">
     <span class='ocr_line' id='line_1_90' title="bbox 318 4510 1889 4586; baseline 0.001 -22"><span class='ocrx_word' id='word_1_670' title='bbox 318 4510 474 4577; x_wconf 80' lang='lat' dir='ltr'><strong>viris,</strong></span> <span class='ocrx_word' id='word_1_671' title='bbox 506 4512 600 4585; x_wconf 88' lang='lat' dir='ltr'><strong>qui</strong></span> <span class='ocrx_word' id='word_1_672' title='bbox 627 4512 908 4584; x_wconf 64' lang='lat' dir='ltr'><strong>sapientiae</strong></span> <span class='ocrx_word' id='word_1_673' title='bbox 930 4513 1247 4586; x_wconf 87' lang='lat' dir='ltr'><strong>participes,</strong></span> <span class='ocrx_word' id='word_1_674' title='bbox 1288 4526 1494 4578; x_wconf 89' lang='lat' dir='ltr'><strong>comes,</strong></span> <span class='ocrx_word' id='word_1_675' title='bbox 1523 4526 1559 4565; x_wconf 72' lang='grc' dir='ltr'>ει</span> <span class='ocrx_word' id='word_1_676' title='bbox 1584 4510 1695 4567; x_wconf 88' lang='lat' dir='ltr'><strong>Deo</strong></span> <span class='ocrx_word' id='word_1_677' title='bbox 1720 4511 1889 4579; x_wconf 88' lang='lat' dir='ltr'><strong>docti,</strong></span> 
     </span>
    </p>
   </div>
   <div class='ocr_carea' id='block_1_91' title="bbox 2007 4503 3600 4586">
    <p class='ocr_par' dir='ltr' id='par_1_91' title="bbox 2007 4503 3600 4575">
     <span class='ocr_line' id='line_1_91' title="bbox 2007 4503 3600 4575; baseline -0.003 -10"><span class='ocrx_word' id='word_1_678' title='bbox 2007 4510 2250 4575; x_wconf 66' lang='lat' dir='ltr'><strong>its-.2in,</strong></span> <span class='ocrx_word' id='word_1_679' title='bbox 2274 4508 2649 4574; x_wconf 85' lang='grc' dir='ltr'>θεοδιδάκτων,</span> <span class='ocrx_word' id='word_1_680' title='bbox 2668 4506 2807 4562; x_wconf 81' lang='grc' dir='ltr'>κατὰ</span> <span class='ocrx_word' id='word_1_681' title='bbox 2836 4506 3011 4560; x_wconf 82' lang='grc' dir='ltr'>πάντα</span> <span class='ocrx_word' id='word_1_682' title='bbox 3035 4503 3213 4574; x_wconf 82' lang='grc' dir='ltr'>σοφῶν</span> <span class='ocrx_word' id='word_1_683' title='bbox 3244 4520 3322 4557; x_wconf 85' lang='grc' dir='ltr'>τε.</span> <span class='ocrx_word' id='word_1_684' title='bbox 3356 4503 3600 4564; x_wconf 85' lang='grc' dir='ltr'>Τούτων</span> 
     </span>
    </p>
   </div>
   <div class='ocr_carea' id='block_1_92' title="bbox 434 4703 911 4775">
    <p class='ocr_par' dir='ltr' id='par_1_92' title="bbox 434 4703 911 4775">
     <span class='ocr_line' id='line_1_92' title="bbox 434 4703 911 4775; baseline 0.002 -15"><span class='ocrx_word' id='word_1_685' title='bbox 434 4703 594 4761; x_wconf 75' lang='lat' dir='ltr'><strong>Joan.</strong></span> <span class='ocrx_word' id='word_1_686' title='bbox 627 4722 681 4775; x_wconf 75' lang='grc' dir='ltr'>ι,</span> <span class='ocrx_word' id='word_1_687' title='bbox 704 4706 793 4770; x_wconf 75' lang='grc'><strong>55,</strong></span> <span class='ocrx_word' id='word_1_688' title='bbox 821 4706 911 4763; x_wconf 79' lang='lat'><strong>‘50.</strong></span> 
     </span>
    </p>
   </div>
   <div class='ocr_carea' id='block_1_93' title="bbox 390 4880 1899 5008">
    <p class='ocr_par' dir='ltr' id='par_1_93' title="bbox 390 4882 1898 5008">
     <span class='ocr_line' id='line_1_93' title="bbox 390 4882 1896 4963; baseline 0.001 -18"><span class='ocrx_word' id='word_1_689' title='bbox 390 4882 503 4960; x_wconf 74' lang='lat'><strong>(39)</strong></span> <span class='ocrx_word' id='word_1_690' title='bbox 532 4882 782 4960; x_wconf 86' lang='lat' dir='ltr'><strong>Seguer.,</strong></span> <span class='ocrx_word' id='word_1_691' title='bbox 808 4889 876 4943; x_wconf 81' lang='grc' dir='ltr'><strong>τά</strong></span> <span class='ocrx_word' id='word_1_692' title='bbox 903 4889 1000 4958; x_wconf 79' lang='grc' dir='ltr'>μὲν</span> <span class='ocrx_word' id='word_1_693' title='bbox 1029 4889 1265 4961; x_wconf 87' lang='grc' dir='ltr'>Χριστοῦ</span> <span class='ocrx_word' id='word_1_694' title='bbox 1296 4883 1471 4960; x_wconf 74' lang='grc' dir='ltr'>λόγια,</span> <span class='ocrx_word' id='word_1_695' title='bbox 1500 4889 1621 4945; x_wconf 79' lang='lat' dir='ltr'><strong>Mox</strong></span> <span class='ocrx_word' id='word_1_696' title='bbox 1648 4889 1896 4963; x_wconf 87' lang='lat' dir='ltr'><strong>Seguer.,</strong></span> 
     </span>
     <span class='ocr_line' id='line_1_94' title="bbox 390 4959 1898 5008; baseline 0 0"><span class='ocrx_word' id='word_1_697' title='bbox 390 4959 527 5008; x_wconf 77' lang='grc' dir='ltr'>λίας.</span> <span class='ocrx_word' id='word_1_698' title='bbox 558 4969 613 5008; x_wconf 80' lang='lat' dir='ltr'><strong>et.</strong></span> <span class='ocrx_word' id='word_1_699' title='bbox 644 4961 710 5008; x_wconf 85' lang='lat' dir='ltr'><strong>ad</strong></span> <span class='ocrx_word' id='word_1_700' title='bbox 755 4961 1054 5008; x_wconf 69' lang='lat' dir='ltr'><strong>marginem</strong></span> <span class='ocrx_word' id='word_1_701' title='bbox 1088 4961 1194 5008; x_wconf 83' lang='lat' dir='ltr'><strong>alia</strong></span> <span class='ocrx_word' id='word_1_702' title='bbox 1239 4975 1435 5008; x_wconf 86' lang='lat' dir='ltr'><strong>manu-</strong></span> <span class='ocrx_word' id='word_1_703' title='bbox 1466 4961 1714 5008; x_wconf 73' lang='grc' dir='ltr'>Θαλείας-</span> <span class='ocrx_word' id='word_1_704' title='bbox 1750 4972 1809 5008; x_wconf 83' lang='grc' dir='ltr'><strong>ιιι</strong></span> <span class='ocrx_word' id='word_1_705' title='bbox 1842 4972 1898 5008; x_wconf 68' lang='lat' dir='ltr'><strong>et</strong></span> 
     </span>
    </p>
   </div>
   <div class='ocr_carea' id='block_1_94' title="bbox 2007 4880 3601 5008">
    <p class='ocr_par' dir='ltr' id='par_1_94' title="bbox 2007 4880 3601 5008">
     <span class='ocr_line' id='line_1_95' title="bbox 2007 4880 3601 5008; baseline -0.001 -65"><span class='ocrx_word' id='word_1_706' title='bbox 2007 4887 2300 4963; x_wconf 81' lang='grc' dir='ltr'>νώσκηται.</span> <span class='ocrx_word' id='word_1_707' title='bbox 2336 4888 2471 4945; x_wconf 83' lang='lat' dir='ltr'><strong>ibid.</strong></span> <span class='ocrx_word' id='word_1_708' title='bbox 2502 4885 2815 4957; x_wconf 88' lang='lat' dir='ltr'><strong>conjunctio</strong></span> <span class='ocrx_word' id='word_1_709' title='bbox 2845 4884 2946 4939; x_wconf 83' lang='grc' dir='ltr'><strong>καί</strong></span> <span class='ocrx_word' id='word_1_710' title='bbox 2979 4893 3104 4965; x_wconf 76' lang='lat' dir='ltr'><strong>post</strong></span> <span class='ocrx_word' id='word_1_711' title='bbox 3141 4884 3285 5008; x_wconf 65' lang='lat' dir='ltr'><strong>dtqu</strong></span> <span class='ocrx_word' id='word_1_712' title='bbox 3323 4880 3383 4937; x_wconf 86' lang='lat' dir='ltr'><strong>in</strong></span> <span class='ocrx_word' id='word_1_713' title='bbox 3420 4886 3601 4942; x_wconf 88' lang='lat' dir='ltr'><strong>editis</strong></span> 
     </span>
     <span class='ocr_line' id='line_1_96' title="bbox 2007 4952 3597 5008; baseline 0 0"><span class='ocrx_word' id='word_1_714' title='bbox 2007 4962 2175 5008; x_wconf 70' lang='lat' dir='ltr'><strong>meita</strong></span> <span class='ocrx_word' id='word_1_715' title='bbox 2206 4961 2360 5008; x_wconf 75' lang='lat' dir='ltr'><strong>deest</strong></span> <span class='ocrx_word' id='word_1_716' title='bbox 2388 4961 2441 5008; x_wconf 92' lang='lat' dir='ltr'><strong>in</strong></span> <span class='ocrx_word' id='word_1_717' title='bbox 2476 4960 2698 5008; x_wconf 69' lang='lat' dir='ltr'><strong>Seguer.</strong></span> <span class='ocrx_word' id='word_1_718' title='bbox 2747 4955 2878 5008; x_wconf 69' lang='lat' dir='ltr'><strong>lica.</strong></span> <span class='ocrx_word' id='word_1_719' title='bbox 2912 4955 3076 5008; x_wconf 75' lang='lat' dir='ltr'><strong>BaSIl.</strong></span> <span class='ocrx_word' id='word_1_720' title='bbox 3112 4953 3228 5008; x_wconf 72' lang='lat' dir='ltr'><strong>Ana</strong></span> <span class='ocrx_word' id='word_1_721' title='bbox 3253 4969 3320 5008; x_wconf 88' lang='lat' dir='ltr'><strong>lc.</strong></span> <span class='ocrx_word' id='word_1_722' title='bbox 3352 4952 3597 5008; x_wconf 73' lang='lat' dir='ltr'><strong>Gobler.</strong></span> 
     </span>
    </p>
   </div>
   <div class='ocr_carea' id='block_1_95' title="bbox 318 4952 1899 5086">
    <p class='ocr_par' dir='ltr' id='par_1_95' title="bbox 318 4952 1898 5086">
     <span class='ocr_line' id='line_1_97' title="bbox 318 4952 1898 5031; baseline 0.002 -20"><span class='ocrx_word' id='word_1_723' title='bbox 318 4952 527 5025; x_wconf 61' lang='grc' dir='ltr'>διλιαξ,</span> <span class='ocrx_word' id='word_1_724' title='bbox 558 4952 710 5014; x_wconf 61' lang='grc' dir='ltr'><strong>(δι’σά</strong></span> <span class='ocrx_word' id='word_1_725' title='bbox 755 4952 1054 5031; x_wconf 73' lang='lat' dir='ltr'><strong>marginem</strong></span> <span class='ocrx_word' id='word_1_726' title='bbox 1081 4952 1195 5014; x_wconf 65' lang='lat' dir='ltr'><strong>&#39;alia</strong></span> <span class='ocrx_word' id='word_1_727' title='bbox 1239 4952 1435 5025; x_wconf 77' lang='lat' dir='ltr'><strong>manu,</strong></span> <span class='ocrx_word' id='word_1_728' title='bbox 1466 4952 1809 5026; x_wconf 45' lang='grc' dir='ltr'>Θαλείαςξιιῐ</span> <span class='ocrx_word' id='word_1_729' title='bbox 1842 4952 1898 5015; x_wconf 77' lang='lat' dir='ltr'><strong>et</strong></span> 
     </span>
     <span class='ocr_line' id='line_1_98' title="bbox 321 5020 1898 5086; baseline 0.003 -5"><span class='ocrx_word' id='word_1_730' title='bbox 321 5020 482 5082; x_wconf 81' lang='lat' dir='ltr'><strong>habet</strong></span> <span class='ocrx_word' id='word_1_731' title='bbox 526 5024 888 5086; x_wconf 82' lang='lat' dir='ltr'><strong>Goblerianus</strong></span> <span class='ocrx_word' id='word_1_732' title='bbox 925 5039 979 5086; x_wconf 90' lang='lat' dir='ltr'><strong>et</strong></span> <span class='ocrx_word' id='word_1_733' title='bbox 1023 5028 1262 5086; x_wconf 84' lang='lat' dir='ltr'><strong>Felekm.</strong></span> <span class='ocrx_word' id='word_1_734' title='bbox 1300 5031 1355 5085; x_wconf 82' lang='grc'><strong>1.</strong></span> <span class='ocrx_word' id='word_1_735' title='bbox 1390 5029 1532 5086; x_wconf 78' lang='lat' dir='ltr'><strong>Editi</strong></span> <span class='ocrx_word' id='word_1_736' title='bbox 1560 5046 1690 5086; x_wconf 86' lang='lat' dir='ltr'><strong>vero</strong></span> <span class='ocrx_word' id='word_1_737' title='bbox 1715 5041 1768 5086; x_wconf 89' lang='lat' dir='ltr'><strong>et</strong></span> <span class='ocrx_word' id='word_1_738' title='bbox 1800 5032 1898 5086; x_wconf 88' lang='lat' dir='ltr'><strong>alii</strong></span> 
     </span>
    </p>
   </div>
   <div class='ocr_carea' id='block_1_96' title="bbox 2007 4952 3597 5086">
    <p class='ocr_par' dir='ltr' id='par_1_96' title="bbox 2007 4952 3597 5086">
     <span class='ocr_line' id='line_1_99' title="bbox 2007 4952 3597 5086; baseline -0.002 -69"><span class='ocrx_word' id='word_1_739' title='bbox 2007 4952 2360 5086; x_wconf 46' lang='lat' dir='ltr'><strong>Risiﬁgefst</strong></span> <span class='ocrx_word' id='word_1_740' title='bbox 2388 4961 2441 5016; x_wconf 87' lang='lat' dir='ltr'><strong>in</strong></span> <span class='ocrx_word' id='word_1_741' title='bbox 2476 4952 2698 5030; x_wconf 78' lang='lat' dir='ltr'><strong>Seguer.</strong></span> <span class='ocrx_word' id='word_1_742' title='bbox 2747 4955 2878 5026; x_wconf 71' lang='lat' dir='ltr'><strong>lieg.</strong></span> <span class='ocrx_word' id='word_1_743' title='bbox 2912 4952 3076 5010; x_wconf 58' lang='lat' dir='ltr'><strong>Ba&#39;sil.</strong></span> <span class='ocrx_word' id='word_1_744' title='bbox 3112 4952 3320 5025; x_wconf 83' lang='lat' dir='ltr'><strong>Anglic.</strong></span> <span class='ocrx_word' id='word_1_745' title='bbox 3352 4952 3597 5014; x_wconf 78' lang='lat' dir='ltr'><strong>Gobler.</strong></span> 
     </span>
    </p>
   </div>
   <div class='ocr_carea' id='block_1_97' title="bbox 318 5020 2324 5152">
    <p class='ocr_par' dir='ltr' id='par_1_97' title="bbox 318 5020 2324 5152">
     <span class='ocr_line' id='line_1_100' title="bbox 321 5020 2324 5097; baseline 0.001 -15"><span class='ocrx_word' id='word_1_746' title='bbox 321 5020 906 5097; x_wconf 50' lang='lat' dir='ltr'><strong>liabet&quot;Gobleriatttts&#39;</strong></span> <span class='ocrx_word' id='word_1_747' title='bbox 925 5039 979 5086; x_wconf 90' lang='lat' dir='ltr'><strong>et</strong></span> <span class='ocrx_word' id='word_1_748' title='bbox 1023 5028 1262 5086; x_wconf 83' lang='lat' dir='ltr'><strong>Felekm.</strong></span> <span class='ocrx_word' id='word_1_749' title='bbox 1300 5031 1355 5085; x_wconf 84' lang='grc'><strong>1.</strong></span> <span class='ocrx_word' id='word_1_750' title='bbox 1390 5020 1532 5088; x_wconf 73' lang='lat' dir='ltr'><strong>Editi</strong></span> <span class='ocrx_word' id='word_1_751' title='bbox 1560 5020 1690 5088; x_wconf 83' lang='lat' dir='ltr'><strong>vero</strong></span> <span class='ocrx_word' id='word_1_752' title='bbox 1704 5020 1768 5087; x_wconf 75' lang='grc' dir='ltr'>ἐι</span> <span class='ocrx_word' id='word_1_753' title='bbox 1800 5032 1898 5087; x_wconf 90' lang='lat' dir='ltr'><strong>alii</strong></span> <span class='ocrx_word' id='word_1_754' title='bbox 2000 5020 2240 5086; x_wconf 74' lang='lat' dir='ltr'><strong>Felcltm.</strong></span> <span class='ocrx_word' id='word_1_755' title='bbox 2273 5033 2324 5085; x_wconf 81' lang='grc'><strong>1.</strong></span> 
     </span>
     <span class='ocr_line' id='line_1_101' title="bbox 318 5098 2308 5152; baseline 0.001 -2"><span class='ocrx_word' id='word_1_756' title='bbox 318 5098 539 5152; x_wconf 78' lang='grc' dir='ltr'>Θαλίας.</span> <span class='ocrx_word' id='word_1_757' title='bbox 2066 5103 2181 5152; x_wconf 67' lang='lat' dir='ltr'><strong>(Ml</strong></span> <span class='ocrx_word' id='word_1_758' title='bbox 2216 5103 2308 5152; x_wconf 86' lang='lat' dir='ltr'><strong>Sic</strong></span> 
     </span>
    </p>
   </div>
   <div class='ocr_carea' id='block_1_98' title="bbox 319 5117 1887 5298">
    <p class='ocr_par' dir='ltr' id='par_1_98' title="bbox 319 5117 1887 5298">
     <span class='ocr_line' id='line_1_102' title="bbox 319 5117 1887 5293; baseline 0.004 -72"><span class='ocrx_word' id='word_1_759' title='bbox 319 5117 771 5293; x_wconf 54' lang='lat' dir='ltr'><strong>&quot;Ziﬂfraclm.</strong></span> <span class='ocrx_word' id='word_1_760' title='bbox 805 5171 859 5235; x_wconf 84' lang='lat'><strong>5,</strong></span> <span class='ocrx_word' id='word_1_761' title='bbox 882 5172 1119 5240; x_wconf 88' lang='grc' dir='ltr'>λέγουσι.</span> <span class='ocrx_word' id='word_1_762' title='bbox 1150 5171 1641 5256; x_wconf 40' lang='grc' dir='ltr'>ιυῑιιηξεεευει-[εη.</span> <span class='ocrx_word' id='word_1_763' title='bbox 1671 5171 1887 5255; x_wconf 76' lang='lat' dir='ltr'><strong>Gobler.</strong></span> 
     </span>
     <span class='ocr_line' id='line_1_103' title="bbox 319 5236 1887 5298; baseline 0.004 -6"><span class='ocrx_word' id='word_1_764' title='bbox 319 5236 360 5292; x_wconf 81' lang='lat' dir='ltr'><strong>F</strong></span> <span class='ocrx_word' id='word_1_765' title='bbox 415 5238 560 5294; x_wconf 78' lang='lat' dir='ltr'><strong>ckm.</strong></span> <span class='ocrx_word' id='word_1_766' title='bbox 600 5240 653 5298; x_wconf 78' lang='lat' dir='ltr'><strong>i.</strong></span> <span class='ocrx_word' id='word_1_767' title='bbox 688 5242 881 5298; x_wconf 78' lang='grc' dir='ltr'>καινὴν</span> <span class='ocrx_word' id='word_1_768' title='bbox 910 5243 1042 5298; x_wconf 79' lang='grc' dir='ltr'>γάρ.</span> <span class='ocrx_word' id='word_1_769' title='bbox 1074 5252 1181 5298; x_wconf 90' lang='lat' dir='ltr'><strong>etc.</strong></span> <span class='ocrx_word' id='word_1_770' title='bbox 1220 5242 1361 5298; x_wconf 79' lang='lat' dir='ltr'><strong>Edlll</strong></span> <span class='ocrx_word' id='word_1_771' title='bbox 1387 5254 1442 5298; x_wconf 83' lang='lat' dir='ltr'><strong>et</strong></span> <span class='ocrx_word' id='word_1_772' title='bbox 1470 5243 1562 5298; x_wconf 88' lang='lat' dir='ltr'><strong>altt</strong></span> <span class='ocrx_word' id='word_1_773' title='bbox 1587 5244 1695 5298; x_wconf 87' lang='grc' dir='ltr'><strong>γάο</strong></span> <span class='ocrx_word' id='word_1_774' title='bbox 1722 5253 1887 5298; x_wconf 81' lang='lat' dir='ltr'><strong>omit-</strong></span> 
     </span>
    </p>
   </div>
   <div class='ocr_carea' id='block_1_99' title="bbox 320 5242 1890 5396">
    <p class='ocr_par' dir='ltr' id='par_1_99' title="bbox 320 5242 1890 5396">
     <span class='ocr_line' id='line_1_104' title="bbox 320 5242 1890 5317; baseline 0.004 -25"><span class='ocrx_word' id='word_1_775' title='bbox 320 5242 560 5294; x_wconf 79' lang='lat' dir='ltr'><strong>Felckm.</strong></span> <span class='ocrx_word' id='word_1_776' title='bbox 600 5242 653 5305; x_wconf 82' lang='grc'>1,</span> <span class='ocrx_word' id='word_1_777' title='bbox 688 5242 881 5314; x_wconf 82' lang='grc' dir='ltr'>καινὴν</span> <span class='ocrx_word' id='word_1_778' title='bbox 910 5243 1042 5315; x_wconf 88' lang='grc' dir='ltr'>γάρ,</span> <span class='ocrx_word' id='word_1_779' title='bbox 1074 5252 1181 5299; x_wconf 90' lang='lat' dir='ltr'><strong>etc.</strong></span> <span class='ocrx_word' id='word_1_780' title='bbox 1220 5242 1361 5298; x_wconf 88' lang='lat' dir='ltr'><strong>Editi</strong></span> <span class='ocrx_word' id='word_1_781' title='bbox 1387 5242 1442 5298; x_wconf 67' lang='lat' dir='ltr'><strong>et</strong></span> <span class='ocrx_word' id='word_1_782' title='bbox 1470 5243 1562 5298; x_wconf 90' lang='lat' dir='ltr'><strong>alii</strong></span> <span class='ocrx_word' id='word_1_783' title='bbox 1587 5244 1695 5317; x_wconf 86' lang='grc' dir='ltr'><strong>γάρ</strong></span> <span class='ocrx_word' id='word_1_784' title='bbox 1722 5244 1890 5298; x_wconf 83' lang='lat' dir='ltr'><strong>omit-</strong></span> 
     </span>
     <span class='ocr_line' id='line_1_105' title="bbox 320 5307 1817 5396; baseline 0.003 -32"><span class='ocrx_word' id='word_1_785' title='bbox 320 5307 706 5396; x_wconf 52' lang='lat' dir='ltr'><strong>lut&#39;tt.“Rggius,</strong></span> <span class='ocrx_word' id='word_1_786' title='bbox 735 5315 829 5395; x_wconf 69' lang='grc' dir='ltr'>καὶ</span> <span class='ocrx_word' id='word_1_787' title='bbox 859 5313 961 5396; x_wconf 65' lang='grc' dir='ltr'><strong>νῦν</strong></span> <span class='ocrx_word' id='word_1_788' title='bbox 976 5315 1186 5396; x_wconf 54' lang='grc' dir='ltr'>αἵρεσιν</span> <span class='ocrx_word' id='word_1_789' title='bbox 1213 5312 1656 5396; x_wconf 75' lang='grc' dir='ltr'>καταγγέλλουσι.</span> <span class='ocrx_word' id='word_1_790' title='bbox 1732 5393 1741 5396; x_wconf 26' lang='grc' dir='ltr'><strong>Δ</strong></span> <span class='ocrx_word' id='word_1_791' title='bbox 1780 5378 1817 5396; x_wconf 55' lang='grc' dir='ltr'><strong><em>Α</em></strong></span> 
     </span>
    </p>
   </div>
   <div class='ocr_carea' id='block_1_100' title="bbox 390 5378 1888 5468">
    <p class='ocr_par' dir='ltr' id='par_1_100' title="bbox 390 5378 1888 5468">
     <span class='ocr_line' id='line_1_106' title="bbox 390 5378 1888 5468; baseline 0 0"><span class='ocrx_word' id='word_1_792' title='bbox 390 5379 517 5468; x_wconf 58' lang='lat'><strong>(41),,</strong></span> <span class='ocrx_word' id='word_1_793' title='bbox 538 5378 878 5468; x_wconf 62' lang='grc' dir='ltr'>εξεβιεξιίιιιον</span> <span class='ocrx_word' id='word_1_794' title='bbox 908 5378 1105 5468; x_wconf 52' lang='lat' dir='ltr'><strong>eicis.-</strong></span> <span class='ocrx_word' id='word_1_795' title='bbox 1138 5378 1463 5468; x_wconf 62' lang='lat' dir='ltr'><strong>l’aulerds!</strong></span> <span class='ocrx_word' id='word_1_796' title='bbox 1492 5386 1643 5468; x_wconf 63' lang='grc' dir='ltr'>ιίάειιι</span> <span class='ocrx_word' id='word_1_797' title='bbox 1669 5378 1888 5468; x_wconf 53' lang='lat' dir='ltr'><strong>AGO-</strong></span> 
     </span>
    </p>
   </div>
   <div class='ocr_carea' id='block_1_101' title="bbox 317 5446 1885 5520">
    <p class='ocr_par' dir='ltr' id='par_1_101' title="bbox 317 5446 1885 5520">
     <span class='ocr_line' id='line_1_107' title="bbox 317 5446 1885 5520; baseline 0.004 -17"><span class='ocrx_word' id='word_1_798' title='bbox 317 5446 636 5520; x_wconf 27' lang='lat' dir='ltr'><strong>ble‘ria&#39;nretw</strong></span> <span class='ocrx_word' id='word_1_799' title='bbox 656 5446 893 5509; x_wconf 74' lang='lat' dir='ltr'><strong>Felcknt.</strong></span> <span class='ocrx_word' id='word_1_800' title='bbox 922 5446 981 5520; x_wconf 69' lang='lat' dir='ltr'><strong>l,</strong></span> <span class='ocrx_word' id='word_1_801' title='bbox 994 5454 1245 5519; x_wconf 89' lang='grc' dir='ltr'>Θαλείας.</span> <span class='ocrx_word' id='word_1_802' title='bbox 1274 5446 1378 5510; x_wconf 80' lang='lat' dir='ltr'><strong>Alii</strong></span> <span class='ocrx_word' id='word_1_803' title='bbox 1413 5464 1466 5510; x_wconf 88' lang='lat' dir='ltr'><strong>et</strong></span> <span class='ocrx_word' id='word_1_804' title='bbox 1492 5446 1646 5516; x_wconf 84' lang='lat' dir='ltr'><strong>editi.</strong></span> <span class='ocrx_word' id='word_1_805' title='bbox 1666 5455 1885 5518; x_wconf 76' lang='grc' dir='ltr'>Θαλίας.</span> 
     </span>
    </p>
   </div>
   <div class='ocr_carea' id='block_1_102' title="bbox 390 5518 1890 5593">
    <p class='ocr_par' dir='ltr' id='par_1_102' title="bbox 390 5518 1890 5593">
     <span class='ocr_line' id='line_1_108' title="bbox 390 5518 1890 5593; baseline 0.004 -20"><span class='ocrx_word' id='word_1_806' title='bbox 390 5518 762 5593; x_wconf 64' lang='lat' dir='ltr'><strong>(d2)_Seguer.</strong></span> <span class='ocrx_word' id='word_1_807' title='bbox 789 5518 1005 5579; x_wconf 83' lang='lat' dir='ltr'><strong>Gobler.</strong></span> <span class='ocrx_word' id='word_1_808' title='bbox 1039 5536 1093 5579; x_wconf 85' lang='lat' dir='ltr'><strong>et</strong></span> <span class='ocrx_word' id='word_1_809' title='bbox 1123 5518 1361 5582; x_wconf 84' lang='lat' dir='ltr'><strong>Felckm.</strong></span> <span class='ocrx_word' id='word_1_810' title='bbox 1394 5525 1446 5589; x_wconf 85' lang='lat' dir='ltr'><strong>l,</strong></span> <span class='ocrx_word' id='word_1_811' title='bbox 1478 5525 1747 5579; x_wconf 78' lang='grc' dir='ltr'>Σωτάτου.</span> <span class='ocrx_word' id='word_1_812' title='bbox 1777 5525 1890 5579; x_wconf 81' lang='lat' dir='ltr'><strong>An-</strong></span> 
     </span>
    </p>
   </div>
   <div class='ocr_carea' id='block_1_103' title="bbox 316 5588 1886 5678">
    <p class='ocr_par' dir='ltr' id='par_1_103' title="bbox 316 5588 1886 5678">
     <span class='ocr_line' id='line_1_109' title="bbox 316 5588 1886 5678; baseline 0.004 -36"><span class='ocrx_word' id='word_1_813' title='bbox 316 5588 735 5678; x_wconf 48' lang='lat' dir='ltr'><strong>glic.nFelckm.</strong></span> <span class='ocrx_word' id='word_1_814' title='bbox 765 5595 801 5647; x_wconf 87' lang='lat'><strong>2</strong></span> <span class='ocrx_word' id='word_1_815' title='bbox 839 5604 893 5648; x_wconf 88' lang='lat' dir='ltr'><strong>et</strong></span> <span class='ocrx_word' id='word_1_816' title='bbox 934 5593 1002 5660; x_wconf 85' lang='lat'><strong>5,</strong></span> <span class='ocrx_word' id='word_1_817' title='bbox 1047 5595 1332 5663; x_wconf 72' lang='grc' dir='ltr'>Σωσάτου.,</span> <span class='ocrx_word' id='word_1_818' title='bbox 1374 5595 1556 5651; x_wconf 82' lang='lat' dir='ltr'><strong>Editio</strong></span> <span class='ocrx_word' id='word_1_819' title='bbox 1597 5595 1886 5665; x_wconf 87' lang='lat' dir='ltr'><strong>Commel.,</strong></span> 
     </span>
    </p>
   </div>
   <div class='ocr_carea' id='block_1_104' title="bbox 316 5661 1890 5804">
    <p class='ocr_par' dir='ltr' id='par_1_104' title="bbox 316 5661 1890 5804">
     <span class='ocr_line' id='line_1_110' title="bbox 316 5661 1880 5718; baseline -0.001 -3"><span class='ocrx_word' id='word_1_820' title='bbox 316 5661 583 5718; x_wconf 88' lang='grc' dir='ltr'>Ζωτάδου.</span> <span class='ocrx_word' id='word_1_821' title='bbox 1324 5661 1331 5663; x_wconf 59' lang='grc'><em>”</em></span> <span class='ocrx_word' id='word_1_822' title='bbox 1871 5661 1880 5665; x_wconf 67' lang='grc'>⁷</span> 
     </span>
     <span class='ocr_line' id='line_1_111' title="bbox 322 5732 1890 5804; baseline 0.001 -17"><span class='ocrx_word' id='word_1_823' title='bbox 322 5802 335 5804; x_wconf 28' lang='grc' dir='ltr'><strong><em>Α</em></strong></span> <span class='ocrx_word' id='word_1_824' title='bbox 366 5732 500 5804; x_wconf 10' lang='grc'>,(45)</span> <span class='ocrx_word' id='word_1_825' title='bbox 536 5733 756 5801; x_wconf 73' lang='lat' dir='ltr'><strong>Seguer.</strong></span> <span class='ocrx_word' id='word_1_826' title='bbox 790 5732 1000 5801; x_wconf 75' lang='lat' dir='ltr'><strong>Anglic.</strong></span> <span class='ocrx_word' id='word_1_827' title='bbox 1030 5733 1245 5793; x_wconf 88' lang='lat' dir='ltr'><strong>Gobler.</strong></span> <span class='ocrx_word' id='word_1_828' title='bbox 1268 5735 1511 5794; x_wconf 83' lang='lat' dir='ltr'><strong>Felckm.</strong></span> <span class='ocrx_word' id='word_1_829' title='bbox 1536 5736 1595 5804; x_wconf 82' lang='grc'><strong>1,·</strong></span> <span class='ocrx_word' id='word_1_830' title='bbox 1620 5737 1890 5803; x_wconf 68' lang='grc' dir='ltr'>ὲπιγνωσυ</span> 
     </span>
    </p>
   </div>
   <div class='ocr_carea' id='block_1_105' title="bbox 314 5802 1888 5878">
    <p class='ocr_par' dir='ltr' id='par_1_105' title="bbox 314 5802 1888 5878">
     <span class='ocr_line' id='line_1_112' title="bbox 314 5802 1888 5878; baseline 0.002 -22"><span class='ocrx_word' id='word_1_831' title='bbox 314 5802 558 5873; x_wconf 67' lang='grc' dir='ltr'>θήσεται.</span> <span class='ocrx_word' id='word_1_832' title='bbox 598 5804 709 5878; x_wconf 71' lang='lat' dir='ltr'><strong>Meg</strong></span> <span class='ocrx_word' id='word_1_833' title='bbox 774 5817 827 5863; x_wconf 88' lang='lat' dir='ltr'><strong>et</strong></span> <span class='ocrx_word' id='word_1_834' title='bbox 871 5804 1107 5862; x_wconf 80' lang='lat' dir='ltr'><strong>Felekm.</strong></span> <span class='ocrx_word' id='word_1_835' title='bbox 1141 5806 1194 5872; x_wconf 81' lang='grc'>5,</span> <span class='ocrx_word' id='word_1_836' title='bbox 1230 5802 1582 5876; x_wconf 61' lang='grc' dir='ltr'><strong>γινώττκεται.⁷</strong></span> <span class='ocrx_word' id='word_1_837' title='bbox 1614 5802 1771 5875; x_wconf 84' lang='lat' dir='ltr'><strong>Editi,</strong></span> <span class='ocrx_word' id='word_1_838' title='bbox 1804 5823 1888 5877; x_wconf 81' lang='grc' dir='ltr'>γι-</span> 
     </span>
    </p>
   </div>
   <div class='ocr_carea' id='block_1_106' title="bbox 2066 5092 3603 5185">
    <p class='ocr_par' dir='ltr' id='par_1_106' title="bbox 2066 5092 3603 5185">
     <span class='ocr_line' id='line_1_113' title="bbox 2066 5092 3603 5185; baseline -0.001 -30"><span class='ocrx_word' id='word_1_839' title='bbox 2066 5103 2181 5185; x_wconf 28' lang='grc' dir='ltr'><strong>(ιίέξ)</strong></span> <span class='ocrx_word' id='word_1_840' title='bbox 2207 5103 2308 5185; x_wconf 52' lang='grc' dir='ltr'><strong>ξιξ</strong></span> <span class='ocrx_word' id='word_1_841' title='bbox 2354 5100 2581 5171; x_wconf 81' lang='lat' dir='ltr'><strong>Seguer.</strong></span> <span class='ocrx_word' id='word_1_842' title='bbox 2622 5097 2840 5154; x_wconf 86' lang='lat' dir='ltr'><strong>Gobler.</strong></span> <span class='ocrx_word' id='word_1_843' title='bbox 2888 5095 3126 5151; x_wconf 87' lang='lat' dir='ltr'><strong>Felckm.</strong></span> <span class='ocrx_word' id='word_1_844' title='bbox 3170 5094 3222 5149; x_wconf 80' lang='grc'><strong>1.</strong></span> <span class='ocrx_word' id='word_1_845' title='bbox 3258 5092 3410 5148; x_wconf 89' lang='lat' dir='ltr'><strong>Editi</strong></span> <span class='ocrx_word' id='word_1_846' title='bbox 3454 5111 3603 5154; x_wconf 87' lang='lat' dir='ltr'><strong>vero</strong></span> 
     </span>
    </p>
   </div>
   <div class='ocr_carea' id='block_1_107' title="bbox 1998 5171 3603 5316">
    <p class='ocr_par' dir='ltr' id='par_1_107' title="bbox 1998 5171 3603 5316">
     <span class='ocr_line' id='line_1_114' title="bbox 1998 5171 3173 5245; baseline -0.013 -16"><span class='ocrx_word' id='word_1_847' title='bbox 1998 5181 2048 5229; x_wconf 84' lang='lat' dir='ltr'><strong>el</strong></span> <span class='ocrx_word' id='word_1_848' title='bbox 2085 5173 2175 5227; x_wconf 89' lang='lat' dir='ltr'><strong>alii</strong></span> <span class='ocrx_word' id='word_1_849' title='bbox 2201 5171 2453 5234; x_wconf 57' lang='grc' dir='ltr'>δείλαιος,</span> <span class='ocrx_word' id='word_1_850' title='bbox 3146 5230 3173 5245; x_wconf 41' lang='grc'><em>⁸</em></span> 
     </span>
     <span class='ocr_line' id='line_1_115' title="bbox 2069 5232 3603 5316; baseline -0.011 -16"><span class='ocrx_word' id='word_1_851' title='bbox 2069 5244 2183 5316; x_wconf 67' lang='grc'><strong>(45)</strong></span> <span class='ocrx_word' id='word_1_852' title='bbox 2216 5241 2436 5316; x_wconf 80' lang='lat' dir='ltr'><strong>Seguer.</strong></span> <span class='ocrx_word' id='word_1_853' title='bbox 2482 5239 2699 5296; x_wconf 88' lang='lat' dir='ltr'><strong>Gobler.</strong></span> <span class='ocrx_word' id='word_1_854' title='bbox 2743 5237 2979 5294; x_wconf 79' lang='lat' dir='ltr'><strong>Felckm.</strong></span> <span class='ocrx_word' id='word_1_855' title='bbox 3026 5236 3214 5300; x_wconf 79' lang='grc' dir='ltr'>1,των</span> <span class='ocrx_word' id='word_1_856' title='bbox 3249 5232 3376 5287; x_wconf 81' lang='grc' dir='ltr'>τότε</span> <span class='ocrx_word' id='word_1_857' title='bbox 3417 5236 3603 5311; x_wconf 79' lang='grc' dir='ltr'>Φαρι-</span> 
     </span>
    </p>
   </div>
   <div class='ocr_carea' id='block_1_108' title="bbox 1998 5312 3607 5454">
    <p class='ocr_par' dir='ltr' id='par_1_108' title="bbox 1998 5312 3607 5454">
     <span class='ocr_line' id='line_1_116' title="bbox 1998 5312 3607 5454; baseline 0 -17"><span class='ocrx_word' id='word_1_858' title='bbox 1998 5312 2427 5454; x_wconf 30' lang='lat' dir='ltr'><strong>caffigi&quot;).Seguer.</strong></span> <span class='ocrx_word' id='word_1_859' title='bbox 2454 5391 2510 5436; x_wconf 83' lang='lat' dir='ltr'><strong>et</strong></span> <span class='ocrx_word' id='word_1_860' title='bbox 2538 5378 2671 5450; x_wconf 76' lang='lat' dir='ltr'><strong>Reg.</strong></span> <span class='ocrx_word' id='word_1_861' title='bbox 2699 5379 2985 5442; x_wconf 83' lang='grc' dir='ltr'>Σωτάτιος.</span> <span class='ocrx_word' id='word_1_862' title='bbox 3017 5374 3303 5447; x_wconf 82' lang='lat' dir='ltr'><strong>Anglican.</strong></span> <span class='ocrx_word' id='word_1_863' title='bbox 3331 5372 3607 5437; x_wconf 54' lang='lat' dir='ltr'><strong>Felckm.</strong></span> 
     </span>
    </p>
   </div>
   <div class='ocr_carea' id='block_1_109' title="bbox 1995 5452 3600 5599">
    <p class='ocr_par' dir='ltr' id='par_1_109' title="bbox 1995 5452 3600 5599">
     <span class='ocr_line' id='line_1_117' title="bbox 1995 5452 2537 5517; baseline -0.009 -9"><span class='ocrx_word' id='word_1_864' title='bbox 1995 5454 2032 5508; x_wconf 89' lang='lat'><strong>2</strong></span> <span class='ocrx_word' id='word_1_865' title='bbox 2054 5465 2106 5510; x_wconf 83' lang='lat' dir='ltr'><strong>et</strong></span> <span class='ocrx_word' id='word_1_866' title='bbox 2134 5452 2189 5517; x_wconf 75' lang='lat'><strong>5,</strong></span> <span class='ocrx_word' id='word_1_867' title='bbox 2221 5452 2537 5516; x_wconf 86' lang='grc' dir='ltr'>Σωσάτειος.</span> 
     </span>
     <span class='ocr_line' id='line_1_118' title="bbox 2070 5513 3600 5599; baseline 0 -22"><span class='ocrx_word' id='word_1_868' title='bbox 2070 5523 2183 5599; x_wconf 54' lang='grc' dir='ltr'><strong>(η)</strong></span> <span class='ocrx_word' id='word_1_869' title='bbox 2217 5521 2308 5577; x_wconf 87' lang='lat' dir='ltr'><strong>Sic</strong></span> <span class='ocrx_word' id='word_1_870' title='bbox 2352 5521 2576 5599; x_wconf 76' lang='lat' dir='ltr'><strong>Seguer.</strong></span> <span class='ocrx_word' id='word_1_871' title='bbox 2598 5520 2843 5599; x_wconf 59' lang='lat' dir='ltr'><strong>_f}obl§r.</strong></span> <span class='ocrx_word' id='word_1_872' title='bbox 2877 5527 2933 5574; x_wconf 90' lang='lat' dir='ltr'><strong>et</strong></span> <span class='ocrx_word' id='word_1_873' title='bbox 2978 5517 3217 5599; x_wconf 66' lang='lat' dir='ltr'><strong>Felckm.</strong></span> <span class='ocrx_word' id='word_1_874' title='bbox 3260 5513 3313 5567; x_wconf 77' lang='grc' dir='ltr'>ι.</span> <span class='ocrx_word' id='word_1_875' title='bbox 3348 5513 3429 5599; x_wconf 64' lang='lat' dir='ltr'><strong>At</strong></span> <span class='ocrx_word' id='word_1_876' title='bbox 3453 5520 3600 5599; x_wconf 59' lang='lat' dir='ltr'><strong>editi</strong></span> 
     </span>
    </p>
   </div>
   <div class='ocr_carea' id='block_1_110' title="bbox 1996 5587 3606 5664">
    <p class='ocr_par' dir='ltr' id='par_1_110' title="bbox 1996 5587 3606 5664">
     <span class='ocr_line' id='line_1_119' title="bbox 1996 5587 3606 5664; baseline -0.001 -15"><span class='ocrx_word' id='word_1_877' title='bbox 1996 5604 2051 5649; x_wconf 92' lang='lat' dir='ltr'><strong>et</strong></span> <span class='ocrx_word' id='word_1_878' title='bbox 2077 5587 2195 5664; x_wconf 77' lang='lat' dir='ltr'><strong>alii,</strong></span> <span class='ocrx_word' id='word_1_879' title='bbox 2228 5587 2568 5664; x_wconf 77' lang='grc' dir='ltr'>παρατιθείς.</span> <span class='ocrx_word' id='word_1_880' title='bbox 2595 5591 2723 5664; x_wconf 63' lang='grc' dir='ltr'><strong>ΜοιΔ</strong></span> <span class='ocrx_word' id='word_1_881' title='bbox 2749 5590 2973 5664; x_wconf 83' lang='lat' dir='ltr'><strong>Seguer.</strong></span> <span class='ocrx_word' id='word_1_882' title='bbox 3002 5587 3286 5664; x_wconf 74' lang='grc' dir='ltr'>πάντοθεν,</span> <span class='ocrx_word' id='word_1_883' title='bbox 3314 5587 3420 5655; x_wconf 86' lang='lat' dir='ltr'><strong>qui</strong></span> <span class='ocrx_word' id='word_1_884' title='bbox 3453 5590 3606 5648; x_wconf 75' lang='lat' dir='ltr'><strong>ibid.</strong></span> 
     </span>
    </p>
   </div>
   <div class='ocr_carea' id='block_1_111' title="bbox 1997 5658 3551 5744">
    <p class='ocr_par' dir='ltr' id='par_1_111' title="bbox 1997 5658 3551 5744">
     <span class='ocr_line' id='line_1_120' title="bbox 1997 5658 3551 5744; baseline -0.005 -26"><span class='ocrx_word' id='word_1_885' title='bbox 1997 5678 2055 5718; x_wconf 91' lang='lat' dir='ltr'><strong>ut</strong></span> <span class='ocrx_word' id='word_1_886' title='bbox 2077 5658 2569 5744; x_wconf 24' lang='lat' dir='ltr'><strong>let‘G&#39;oblerianLct‘</strong></span> <span class='ocrx_word' id='word_1_887' title='bbox 2587 5658 3117 5744; x_wconf 36' lang='grc' dir='ltr'>ξἐΙι-ιιιιιίπίιιοιιιιιιξι</span> <span class='ocrx_word' id='word_1_888' title='bbox 3150 5658 3398 5744; x_wconf 47' lang='grc' dir='ltr'>’έρειρς</span> <span class='ocrx_word' id='word_1_889' title='bbox 3474 5729 3492 5744; x_wconf 41' lang='grc' dir='ltr'><strong>Α</strong></span> <span class='ocrx_word' id='word_1_890' title='bbox 3514 5731 3551 5744; x_wconf 49' lang='grc' dir='ltr'>η</span> 
     </span>
    </p>
   </div>
   <div class='ocr_carea' id='block_1_112' title="bbox 1993 5724 3600 5870">
    <p class='ocr_par' dir='ltr' id='par_1_112' title="bbox 1993 5724 3600 5870">
     <span class='ocr_line' id='line_1_121' title="bbox 1993 5724 3600 5858; baseline 0 -70"><span class='ocrx_word' id='word_1_891' title='bbox 1993 5805 2035 5858; x_wconf 70' lang='grc' dir='ltr'>Θ</span> <span class='ocrx_word' id='word_1_892' title='bbox 2067 5735 2179 5857; x_wconf 46' lang='grc' dir='ltr'>ἓξθ)</span> <span class='ocrx_word' id='word_1_893' title='bbox 2210 5734 2441 5806; x_wconf 76' lang='lat' dir='ltr'><strong>Seguer.</strong></span> <span class='ocrx_word' id='word_1_894' title='bbox 2466 5733 2695 5791; x_wconf 77' lang='lat' dir='ltr'><strong>Gobler..</strong></span> <span class='ocrx_word' id='word_1_895' title='bbox 2730 5741 2783 5787; x_wconf 84' lang='lat' dir='ltr'><strong>et</strong></span> <span class='ocrx_word' id='word_1_896' title='bbox 2823 5728 3131 5795; x_wconf 75' lang='lat' dir='ltr'><strong>Fcleknr.i,</strong></span> <span class='ocrx_word' id='word_1_897' title='bbox 3163 5724 3426 5791; x_wconf 77' lang='grc' dir='ltr'>Θαλείας.</span> <span class='ocrx_word' id='word_1_898' title='bbox 3461 5729 3600 5800; x_wconf 80' lang='lat' dir='ltr'><strong>Alii.</strong></span> 
     </span>
     <span class='ocr_line' id='line_1_122' title="bbox 2038 5822 2467 5870; baseline -0.012 -12"><span class='ocrx_word' id='word_1_899' title='bbox 2038 5822 2069 5858; x_wconf 81' lang='grc' dir='ltr'><strong>α</strong></span> <span class='ocrx_word' id='word_1_900' title='bbox 2111 5822 2211 5870; x_wconf 83' lang='grc' dir='ltr'>.ας.</span> <span class='ocrx_word' id='word_1_901' title='bbox 2462 5850 2467 5853; x_wconf 87' lang='grc'>.</span> 
     </span>
    </p>
   </div>
  </div>
