3972 6224
319 365 392 423 ss
965 395 968 398 η
1464 366 1718 430 ORATIO
1757 374 1779 428 ι
1814 371 2095 432 CONTRA
2136 371 2456 428 ARIANOS.
3509 361 3581 418 εδ

325 483 481 551 ἡμων
509 479 825 551 ὑπέμεινεν,
873 482 1236 554 ἀπεστραφη,
1267 484 1361 538 καὶ
1403 485 1501 550 τὰς
1543 488 1767 555 ἀκτῖνας
1817 509 1910 544 συ-

2036 491 2127 545 trii
2163 491 2349 556 verba,
2378 489 2633 545 universa
2677 487 2959 543 hominum
2995 497 3188 541 natura
3232 495 3456 558 stupore
3481 502 3590 542 non

329 572 560 637 στείλας,
592 571 690 644 τὴν
712 571 932 645 ἡμέραν
959 574 1173 645 ἐκείνην
1205 575 1420 647 ἀνήλιον
1466 578 1663 644 ἔδειξεν
1688 599 1699 614 σ
1736 583 1830 636 ἐπὶ
1852 584 1909 637 δὲ

325 668 442 728 ταῖς
479 665 694 735 Ἀρείου
730 665 1102 736 βλασφημίαις
1137 667 1254 732 πῶς
1285 671 1344 722 ού
1385 673 1535 724 πᾶσα
1560 674 1669 728 τῶν
1701 675 1911 747 ἀνθρώ-

329 776 443 814 τπυν
475 761 511 828 ή
537 757 701 827 φύσις
729 757 843 827 (70)
879 759 1087 831 ἀφασίᾳ
1135 760 1499 831 πληγήσεται,
1559 766 1653 819 καὶ
1709 765 1910 822 κλείσει

331 852 428 921 μὲν
459 850 558 913 τὰς
605 849 776 914 ἀκοὰς
803 890 818 914 ,
854 851 1133 921 καμμύσει
1193 853 1248 906 δὲ
1277 854 1403 919 τοὺς
1453 855 1786 928 ὀφθαλμοὺς,
1826 861 1911 916 ἴνα

331 942 467 1013 μήτε
520 940 752 995 ἀκούσαι
811 941 1065 995 τοιούτων
1090 943 1221 1013 (71),
1258 946 1385 1015 μήτ’
1424 946 1551 1000 ἰδεῖν
1608 950 1700 1003 τὸν
1739 951 1911 1006 ταῦτα

330 1033 617 1104 γράψαντα
642 1032 880 1104 δυνηθῇς
912 1033 940 1085 ὁ
972 1034 1028 1086 δὲ
1057 1033 1260 1104 Κύριος
1289 1037 1451 1100 αὐτὸς
1474 1039 1592 1104 πῶς
1619 1041 1679 1093 ού
1715 1043 1912 1113 μᾶλλον

329 1125 552 1189 δικαίως
585 1124 729 1179 κατὰ
778 1125 889 1196 (72)
925 1125 1127 1178 τούτων
1156 1167 1170 1190 ,
1226 1128 1302 1192 ὼς
1335 1129 1582 1196 ἀσεϐῶν,
1629 1132 1768 1188 ἀλλά
1819 1136 1913 1189 καὶ

330 1215 641 1287 ἀχαρίστων
676 1215 901 1287 βοήσει,
935 1215 972 1270 ἃ
1012 1216 1106 1270 καὶ
1150 1217 1240 1272 διὰ
1271 1218 1366 1272 τοῦ
1417 1223 1697 1292 προφήτου
1758 1224 1914 1295 Ὠσηὲ

329 1307 680 1379 προείρηκεν,
729 1307 874 1360 Οὐαὶ
927 1310 1150 1375 αὐτοῖς,
1210 1310 1299 1365 ὅτι
1360 1313 1766 1381 ἀπεπιήδησαν
1809 1316 1911 1370 ἀπ’

327 1396 474 1468 ἐμοῦ
495 1416 508 1429 ·
543 1399 797 1454 δείλαιοι
826 1399 938 1469 (75)
975 1402 1157 1465 εἰσιν,
1191 1401 1282 1456 ὅτι
1323 1403 1641 1471 ἠσέϐησαν
1670 1407 1758 1472 είς
1787 1406 1912 1475 ἐμέ.

342 1491 490 1561 Ἐγὼ
525 1491 593 1545 δὲ
612 1491 1051 1562 ἐλυτρωσάμην
1079 1495 1329 1561 αὐτούς’
1361 1495 1531 1549 αὐτοὶ
1565 1476 1634 1550 δὲ
1669 1496 1916 1552 κατελά-

330 1587 539 1652 λησαν
573 1587 702 1638 κατ’
733 1584 881 1654 ἐμοῦ
911 1584 1132 1653 ψευδῆ.
1173 1586 1284 1639 Καὶ
1318 1589 1436 1657 μετ’
1462 1587 1644 1654 ὀλίγα·
1681 1589 1790 1642 Καὶ
1829 1589 1916 1654 είς

328 1673 434 1742 ἐμὲ
460 1675 827 1745 ἐλογίσαντο
861 1676 973 1747 (74)
997 1678 1232 1746 πονηρὰ
1253 1719 1268 1743 ,
1315 1679 1796 1748 ἀπεστράφησαν
1830 1682 1918 1746 εἰς

329 1765 531 1819 οὐδέν.
567 1765 673 1819 Τὸν
705 1767 813 1839 γὰρ
840 1767 970 1821 ὅντα
1000 1767 1094 1820 τοῦ
1128 1768 1263 1823 Θεοῦ
1312 1771 1482 1839 Λόγον
1533 1771 1913 1844 ἀποστραφέν-

2011 585 2388 649 exhorrescat,
2427 597 2590 637 aures
2631 597 2738 636 non
2775 581 3044 647 obstruat,
3076 581 3267 636 oculos
3300 597 3407 636 non
3435 580 3590 635 clau-

2011 677 2122 742 dat,
2157 685 2343 732 utnec
2370 676 2459 730 illa
2501 675 2720 743 audiat,
2764 689 2864 729 nec
2896 689 3020 729 eum
3046 674 3140 743 qui
3187 675 3290 729 ista
3343 676 3584 730 conscri-

2013 771 2122 840 psit
2157 767 2418 838 aspiciat?
2460 767 2540 821 An
2589 782 2694 821 non
2743 767 2930 836 potius
2973 765 3096 834 jure
3154 765 3348 819 merito
3399 773 3591 820 contra

2014 862 2162 931 ipsos
2193 871 2452 931 tanquam
2487 860 2684 930 impios
2717 870 2770 913 et
2796 857 2952 912 valde
2989 858 3234 928 ingratos
3271 857 3593 912 clamaverit

2017 951 2132 1020 ipse
2159 950 2446 1014 Dominus,
2471 966 2592 1021 quae
2615 965 2712 1019 per
2739 949 3058 1019 prOphetam
3085 947 3279 1004 Oseam
3305 948 3593 1018 praedixit:

2027 1039 2116 1094 Va:
2159 1041 2255 1104 eis,
2283 1040 2538 1111 quoniam
2567 1049 2892 1095 recesserunt
2918 1057 2950 1093 a
2978 1056 3077 1105 me,
3108 1040 3286 1094 miseri
3316 1049 3437 1093 sunt
3470 1040 3598 1109 quia

2015 1130 2168 1198 impii
2200 1130 2254 1182 in
2287 1146 2366 1183 me
2390 1129 2626 1198 fuerunt.
2679 1128 2791 1200 Ego
2837 1145 2956 1183 vero
3010 1129 3209 1182 redemi
3252 1145 3339 1183 eos
3369 1145 3387 1182 .'
3417 1139 3466 1183 et
3493 1129 3598 1198 ipsi

2016 1222 2177 1274 Iocuti
2207 1231 2327 1274 sunt
2369 1235 2555 1275 contra
2590 1237 2673 1275 me
2714 1221 3072 1275 mendacia".
3125 1220 3193 1274 Et
3222 1221 3384 1290 paulo
3433 1230 3551 1292 post
3575 1239 3595 1275 -:

2017 1310 2216 1368 Contra
2254 1328 2332 1365 me
2377 1315 2733 1381 cogitaverunt
2795 1312 2958 1377 mala,
2997 1313 3050 1366 in
3087 1312 3312 1366 nihilum
3366 1312 3600 1368 conuersi

2016 1412 2136 1457 sunt
2164 1404 2230 1456 “.
2283 1401 2420 1456 Nam
2466 1413 2754 1472 postquam
2792 1419 2820 1456 a
2859 1403 2954 1458 Dei
2992 1403 3194 1468 Verbo,
3223 1403 3370 1473 quod
3419 1403 3598 1474 ipsum

2017 1508 2142 1547 vere
2194 1501 2299 1558 est,
2333 1507 2454 1548 sese
2483 1503 2748 1556 avertere,
2774 1501 2830 1547 et
2872 1509 3020 1561 eum,
3055 1494 3148 1564 qui
3189 1509 3300 1548 non
3345 1504 3459 1560 est,
3494 1493 3598 1549 sibi

2021 1585 2358 1652 confinxere,
2384 1587 2439 1639 in
2471 1586 2702 1639 nihilum
2727 1586 2911 1655 utique
2935 1595 3061 1640 sunt
3094 1585 3196 1655 ipsi
3219 1585 3435 1655 dilapsi.
3457 1583 3602 1641 Sane

2021 1679 2136 1733 haec
2190 1691 2356 1732 causa
2405 1678 2508 1732 fuit
2559 1693 2658 1732 cur
2690 1678 2958 1748 generalis
3007 1677 3248 1749 synodus
3274 1678 3462 1732 Arium
3497 1678 3600 1749 ista

2020 1767 2352 1824 effutientem
2411 1768 2673 1838 rcpulerit
2720 1785 2786 1824 ex
2842 1767 3120 1836 Ecclesia;
3160 1768 3318 1838 cujus
3346 1769 3604 1823 cumim-

330 1874 437 1922 τες,
465 1859 775 1922 πλάσαντες
801 1859 858 1913 δὲ
891 1857 1106 1924 ἑαυτοῖς
1132 1860 1222 1915 τὸν
1249 1863 1346 1915 οὐκ
1372 1862 1530 1929 ὄντα,
1553 1865 1633 1927 εἰς
1660 1863 1722 1916 τὸ
1753 1863 1920 1934 μηδὲν

2036 1861 2272 1928 pietatem
2319 1859 2462 1914 ferre
2518 1874 2627 1913 non
2674 1868 2880 1931 posset,
2910 1874 3034 1913 eum
3079 1858 3425 1913 anathemate
3477 1871 3604 1926 pcr-

332 1950 675 2004 πεπτώκασι.
707 1951 807 2004 Διά
837 1951 995 2005 τοῦτο
1025 1952 1134 2024 γάρ
1154 1954 1294 2025 καὶή
1316 1953 1666 2025 οἰκουμενικὴ
1704 1953 1918 2018 σύνοδος

331 2037 504 2094 ταῦτα
539 2041 770 2111 λέγοντα
799 2043 890 2096 τὸν
929 2044 1145 2115 Ἀρειον
1175 2044 1397 2110 ἐξέϐαλε
1431 2047 1533 2118 τῆς
1573 2047 1916 2119 Ἐκκλησίας,

331 2133 834 2205 κι“ιάνεθεμάτισεν
864 2137 925 2189 οὐ
960 2136 1200 2208 φέρουσα
1223 2137 1323 2210 τὴν
1351 2138 1608 2194 ἀσέϐειαν
1633 2155 1646 2169 ·
1685 2141 1777 2194 καὶ
1814 2139 1922 2192 λοι-

332 2224 431 2276 πὸν
451 2225 669 2297 αἵρεσις
690 2226 946 2299 ἐλογίσθη
968 2231 1002 2300 ή
1032 2229 1242 2300 Ἀρείου
1261 2232 1436 2304 πλάνη
1460 2232 1657 2304 ἔχουσά
1681 2251 1735 2287 τι
1759 2233 1921 2288 πλέον

333 2314 436 2368 τῶν
471 2315 652 2371 ἄλλων
685 2317 951 2390 αἱρέσεων
978 2359 992 2384 ,
1021 2320 1106 2372 ὅτι
1135 2321 1228 2374 καὶ
1283 2324 1651 2395 χριστομάχΟς
1695 2323 1918 2395 ἐκλήθη,

336 2407 426 2459 καὶ
456 2408 766 2481 πρόδρομος
795 2409 1048 2484 ἐλογίσθη
1079 2410 1557 2485 τοῦἌντιχρίστου
1589 2415 1724 2487 (75).
1749 2415 1923 2469 Είκαὶ

336 2497 400 2548 τὰ
425 2497 664 2566 μάλιστα
682 2499 880 2565 τοίνυν,
905 2499 980 2563 ὡς
1004 2507 1287 2572 προεῖπον,
1316 2505 1596 2576 αὐτάρκης
1626 2509 1659 2578 ἡ
1685 2505 1920 2579 τοσαύτη

338 2589 516 2658 κρίσις
569 2589 714 2644 κατά
767 2591 870 2661 τῆς
928 2592 1160 2658 ἀσεὸοὖς
1194 2595 1456 2666 αἱρέσεως
1497 2599 1679 2651 πεῖσαι
1717 2595 1923 2661 πάντας

337 2679 558 2749 φεύγειν
591 2684 687 2736 ἀπ’
712 2685 882 2757 αὐτῆς
903 2703 915 2715 ·
949 2688 1120 2756 ὅμως,
1148 2687 1334 2759 ἐπειδή
1376 2704 1521 2750 τινες
1556 2687 1664 2741 τῶν
1696 2688 1926 2760 λεγομέ-

336 2789 440 2826 νων
460 2775 844 2846 Χριστιανῶν,
884 2779 916 2849 ἦ
948 2779 1059 2850 (76)
1089 2779 1411 2849 ἀγνοοῦντες
1434 2823 1449 2849 ,
1483 2781 1516 2853 ἢ
1561 2781 1924 2853 ὑποκρινόμε-

338 2882 436 2931 νοι,
469 2867 727 2940 καθάπρ
765 2872 978 2942 εἴρηται
1008 2873 1262 2944 πρόσθεν,
1298 2873 1588 2946 ἀδιάφορον
1637 2875 1774 2946 πρὸς
1826 2874 1925 2947 τὴν

341 2958 596 3030 ἀλήθειαν
623 2961 885 3032 ἡγοῦνται
917 2962 1016 3034 τήν
1045 2965 1278 3036 αἵρεσιν,
1317 2966 1410 3020 καὶ
1433 2967 1561 3030 τοὺς
1590 2965 1763 3020 ταῦτα
1789 2983 1923 3036 φρο-

338 3051 562 3116 νοῦντας
600 3055 958 3127 Χριστιανοὺς
991 3057 1336 3128 ὀνομάζουσι,
1374 3057 1504 3130 φέρε
1528 3059 1670 3112 κατά
1699 3057 1926 3127 δύναμιν

340 3143 653 3214 ἐρωτῶντες
693 3147 912 3212 αὐτοὺς,
947 3149 1385 3220 ἀποκαλύψωμεν
1439 3151 1538 3221 τὴν
1593 3152 1926 3221 πανουργίαν

2023 1952 2196 2008 cussit
2233 1971 2246 2006 :
2281 1967 2349 2006 ex
2379 1968 2487 2022 quo
2513 1952 2624 2021 jam
2659 1960 2904 2022 tempore
2933 1951 3137 2006 credita
3163 1959 3248 2006 est
3271 1951 3387 2004 Arii
3412 1949 3604 2018 impie-

2023 2052 2107 2097 tas
2141 2042 2272 2113 quid
2319 2043 2557 2112 amplius
2587 2058 2752 2112 quam
2784 2051 3008 2097 caeteras
3036 2042 3270 2097 luereses
3300 2041 3604 2109 continere,

2022 2134 2223 2205 quippe
2261 2149 2384 2204 quas
2426 2143 2480 2189 et
2505 2134 2711 2190 Christi
2743 2135 2966 2190 inimica
2983 2133 3241 2204 dicta‘sit,
3275 2143 3328 2188 et
3358 2147 3606 2202 praenun-

2023 2228 2098 2282 tia
2132 2227 2454 2282 Antichristi
2505 2227 2577 2281 sit
2603 2227 2810 2282 habita.
2849 2225 2962 2281 Etsi
3000 2226 3185 2296 igitur,
3209 2226 3288 2280 uti
3324 2224 3436 2293 jam
3467 2224 3606 2291 dixi,

2027 2328 2138 2374 tam
2191 2321 2432 2391 amplum
2464 2320 2728 2374 adversus
2751 2319 2970 2389 impiam
3004 2319 3147 2373 hanc
3180 2318 3433 2372 haeresim
3459 2316 3609 2386 judi-

2025 2411 2172 2466 cium
2219 2410 2456 2465 maxime
2491 2410 2711 2477 sufﬁcit,
2748 2419 2806 2464 ut
2829 2409 2946 2479 ejus
2977 2409 3172 2464 horror
3197 2409 3455 2464 omnibus
3482 2408 3610 2478 inji-

2024 2502 2202 2556 ciatur
2227 2520 2239 2555 :
2268 2511 2506 2557 attamen
2531 2505 2658 2573 quia
2695 2502 2941 2558 nonnulli
2969 2504 3063 2572 qui
3085 2502 3388 2558 Christiani
3410 2518 3611 2558 vocan-

2027 2603 2137 2661 tur,
2181 2596 2267 2650 vel
2323 2595 2642 2661 inscienter,
2682 2596 2766 2651 vel
2807 2595 3218 2651 dissimulanter
3248 2595 3408 2650 istam
3437 2595 3610 2650 haere-

2024 2689 2128 2744 sint
2155 2688 2222 2742 ad
2255 2687 2415 2743 iidem
2453 2688 2586 2743 nihil
2631 2688 2923 2759 pertinere,
2954 2696 3012 2742 ut
3054 2695 3212 2742 antea
3248 2687 3452 2741 dictum
3503 2696 3608 2754 est,

2025 2781 2362 2847 existimant,
2410 2795 2639 2851 eosque.
2665 2781 2759 2852 qui
2817 2780 2889 2835 ita
2949 2779 3216 2846 sentiunt,
3262 2778 3611 2836 Christianos

2025 2888 2136 2928 non
2181 2873 2433 2928 dubitant
2453 2873 2759 2944 appellare;
2787 2888 2906 2944 age,
2937 2888 3048 2944 quo
3082 2882 3359 2942 retegatur
3388 2874 3613 2929 haeresis

2027 2962 2244 3029 astutia,
2298 2962 2420 3017 illos
2485 2977 2586 3032 pro
2630 2971 2817 3017 nostra
2873 2961 3133 3017 facultate
3186 2963 3610 3033 interrogemus.

2027 3050 2188 3108 Forte
2211 3055 2355 3109 enim
2381 3061 2486 3110 hoc
2512 3064 2674 3125 pacto
2695 3053 2941 3110 futurum
2970 3066 3053 3112 est
3073 3065 3132 3111 ut
3149 3057 3343 3112 irretiti
3374 3064 3610 3119 taceant.

2027 3153 2082 3198 et
2120 3145 2188 3200 ab
2235 3162 2300 3201 ea
2350 3161 2462 3202 non
2495 3162 2656 3204 secus
2688 3163 2854 3218 quam
2904 3163 2936 3204 a
2988 3158 3318 3230 conspectu‘
3342 3149 3615 3222 serpentis
3668 3192 3672 3197 .

341 3237 438 3307 τῆς
463 3238 751 3310 αἱρέσεως.
791 3241 943 3311 Τάχα
971 3241 1073 3296 κᾶν
1117 3243 1260 3296 οὕτω
1314 3243 1769 3313 συμποδισθέντες
1815 3243 1927 3314 (77)
1958 3229 1999 3285 C
2032 3235 2263 3310 fugiant.

340 3330 772 3400 ἐπιστομισθῶσι
806 3334 900 3385 καὶ
934 3333 1176 3402 φύγωσιν
1193 3334 1491 3406 ἀπἀύτῆς
1519 3334 1595 3398 ὡς
1620 3335 1729 3388 ἀπὸ
1763 3352 1931 3407 προσ-

343 3420 490 3476 ἑιπου
517 3423 719 3493 ὄφεως.

410 3553 465 3608 8.
501 3555 568 3608 Εἰ
592 3556 690 3626 μὲν
722 3551 836 3620 οὖν,
871 3555 959 3610 διὰ
986 3557 1046 3610 τὸ
1094 3557 1268 3622 λέξεις
1300 3557 1412 3628 (78)
1452 3555 1604 3620 τινὰς
1636 3556 1737 3627 τῆς
1771 3555 1932 3625 ,θείας

341 3645 568 3718 Γραφῆς
601 3649 660 3700 ἐν
682 3651 746 3720 τῇ
769 3650 985 3717 Θαλείᾳ
1005 3649 1234 3722 γράψαι,
1253 3651 1528 3721 νομίζουσι
1560 3649 1650 3704 καὶ
1679 3649 1776 3712 τὰς
1807 3648 1936 3720 βλα-

345 3740 591 3810 σφημίας
620 3741 896 3813 εὐφημίας
940 3738 1100 3807 εἶναι,
1144 3742 1362 3806 πάντως
1407 3760 1510 3795 που
1540 3741 1650 3812 (79)
1685 3742 1778 3795 καὶ
1810 3741 1935 3804 τοὺς

341 3830 438 3884 νῦν
482 3832 773 3898 Ἰουδαίους
824 3833 1060 3908 ὁρῶντες
1122 3833 1596 3904 ἀναγινώσκοντας
1634 3834 1723 3886 τὸν
1773 3833 1934 3902 νόμον

348 3927 440 3981 καὶ
475 3927 605 3990 τοὺς
633 3928 940 3998 προφήτας,
971 3927 1294 3998 ἀρνήσονται
1331 3926 1424 3979 καὶ
1456 3925 1610 3978 αὐτοὶ
1663 3924 1749 3978 διὰ
1779 3923 1936 3976 τοῦτο

347 4018 444 4070 σὺν
480 4017 714 4081 ἐκείνοις
741 4017 830 4071 τὸν
853 4018 1088 4089 Χριστόν
1104 4032 1118 4046 ⁸
1146 4017 1438 4080 ἀκούοντες
1459 4017 1515 4070 δὲ
1540 4017 1682 4085 τάχα
1703 4015 1796 4069 καὶ
1820 4015 1936 4067 Μα-

347 4107 572 4177 νιχαίων
596 4105 864 4174 λεγόντων
900 4106 1042 4178 μέρη
1071 4107 1192 4160 τινὰ
1224 4106 1333 4160 τῶν
1371 4105 1737 4174 Εὐαγγελίων,
1767 4105 1935 4175 ἀρνή-

349 4214 532 4252 σονται
557 4199 654 4252 σὺν
688 4198 874 4262 αὐτοῖς
909 4199 1001 4251 τὸν
1024 4199 1186 4269 νόμον
1218 4198 1315 4251 καὶ
1349 4199 1475 4260 τοὺς
1526 4197 1831 4268 προφήτας.
1875 4196 1936 4248 Εἰ

346 4288 402 4343 δὲ
433 4290 758 4359 ἀγνοοῦντες
787 4290 930 4344 οὕτω
959 4290 1312 4362 χειμάζονται
1354 4290 1449 4342 καὶ
1485 4289 1710 4342 τοιαῦτα
1751 4289 1938 4358 βαττο-

347 4379 591 4450 λογοῦσι,
626 4381 947 4454 μαθέτωσαν
977 4382 1085 4434 ἀπὸ
1115 4380 1226 4434 τῶν
1252 4380 1505 4452 Γραφῶν,
1540 4380 1622 4432 ὅτι
1654 4380 1749 4431 καὶ
1779 4380 1808 4430 ὁ
1836 4379 1936 4442 τὰς

351 4473 593 4545 αἱρέσεις
616 4475 911 4546 ἐπινοήσας
943 4472 1052 4542 (80)
1097 4471 1340 4534 διάϐολος
1371 4469 1457 4524 διὰ
1501 4470 1601 4542 τὴν
1653 4470 1789 4524 ἰδίαν
1836 4470 1935 4540 τῆς

2106 3549 2159 3606 8.
2184 3552 2371 3624 Itaque
2410 3553 2457 3607 si
2482 3553 2688 3609 idcirco
2735 3553 3073 3608 arbitrantur
3106 3551 3326 3622 impiam
3367 3549 3612 3605 Thaliam

2035 3659 2159 3700 esse
2209 3647 2378 3716 piam,
2413 3647 2542 3718 quia
2591 3647 2802 3718 aliquot
2854 3647 3053 3702 divinae
3103 3645 3403 3716 Scriptura:
3452 3659 3615 3699 voces

2035 3738 2337 3804 contineat,
2375 3739 2620 3810 profecto
2679 3748 2938 3810 sequetur
2977 3747 3058 3803 ut,
3094 3753 3217 3792 cum
3265 3754 3411 3792 nunc
3435 3737 3618 3793 vident

2036 3827 2139 3897 legi
2170 3843 2200 3882 a
2226 3826 2428 3884 Judzcis
2460 3829 2633 3898 legem
2664 3839 2718 3884 et
2749 3829 3062 3898 pr0phetas,
3089 3827 3366 3884 Christum
3397 3842 3617 3897 quoque

2037 3920 2141 3990 ipsi
2207 3936 2330 3975 cum
2387 3921 2495 3977 illis
2535 3930 2749 3992 negent.
2781 3922 2924 3988 Quin
2959 3923 3124 3976 etiam
3177 3922 3222 3977 si
3269 3921 3526 3977 acciderit
3558 3929 3616 3976 ut

2038 4011 2365 4066 Manichaaos
2393 4013 2658 4081 quasdam
2693 4013 3113 4084 Evangeliorum
3156 4013 3447 4083 particulas
3477 4012 3617 4067 reci-

2038 4110 2219 4156 tantes
2251 4101 2499 4166 audiant,
2529 4103 2701 4174 legem
2744 4112 2798 4158 et
2843 4106 3137 4173 prophetas
3165 4120 3288 4158 cum
3328 4103 3434 4158 illis
3456 4119 3618 4173 repu—

2038 4194 2186 4251 dient
2235 4211 2456 4250 necesse
2505 4194 2690 4252 fuerit.
2721 4195 2879 4263 Quod
2919 4198 2964 4251 si
3008 4212 3104 4266 per
3151 4196 3513 4267 ignorantiam
3542 4195 3617 4250 ita

2037 4297 2270 4342 astuant
2341 4297 2394 4342 et
2458 4289 2574 4344 haec
2619 4291 2888 4358 garriunt,
2943 4290 3157 4344 discant
3208 4304 3270 4343 ex
3321 4287 3619 4358 Scripturis

2039 4380 2217 4450 ipsum
2264 4381 2541 4436 diabolum
2595 4383 2862 4437 hmrcsum
2901 4392 3202 4449 auctorem,
3232 4383 3303 4437 ob
3333 4382 3613 4452 proprium

2041 4473 2412 4542 perversitatis
2450 4473 2700 4537 fetorem,
2727 4476 2888 4529 verba
2917 4473 3322 4545 Scripturarum
3350 4489 3617 4543 usurpare

352 4567 553 4630 κακίας
585 4566 850 4620 δυσωδίαν
888 4566 1145 4636 κιχρᾶται
1188 4565 1286 4628 τάς
1322 4561 1496 4627 λέξεις
1536 4562 1642 4616 τῶν
1681 4561 1925 4634 Γραφῶν,

2042 4565 2236 4631 solere,
2270 4574 2329 4620 ut
2371 4566 2478 4621 illis
2521 4565 2928 4636 quodammodo
2966 4568 3235 4634 obtectus,
3269 4583 3429 4623 suum
3455 4579 3617 4621 vene-

353 4660 461 4727 ῐνα,
488 4659 662 4722 αύτάς
686 4658 822 4730 έχων
845 4658 1226 4729 ἐπικάλυμμα,
1269 4657 1360 4710 τὸν
1402 4656 1531 4709 ἴδιον
1575 4655 1651 4708 ίὸν
1688 4653 1938 4707 ἐπισπεί-

360 4769 476 4824 ρας,
505 4752 768 4823 ἀπατήσῃ
796 4751 922 4814 τοὺς
946 4749 1254 4820 ἀκεραίους.
1284 4747 1440 4802 Οὕτω
1466 4745 1563 4817 τὴν
1603 4744 1745 4798 Εὔαν
1788 4744 1937 4814 ἡπά-

363 4870 402 4900 ¹⁶
425 4866 551 4923 Ose.
588 4883 684 4922 vn.
720 4867 805 4920 15.
848 4867 888 4897 “
919 4864 1051 4920 ibid.
1088 4865 1173 4919 15.

431 5054 544 5124 (70)
589 5052 902 5124 Seguerqj}
935 5051 1114 5124 φύσις.
1150 5050 1289 5124 Editi
1319 5059 1370 5104 et
1400 5050 1512 5110 alii,
1535 5048 1722 5124 faniam.

432 5116 544 5194 (71)
585 5116 810 5194 Seguer.
850 5116 1014 5179 Basil.
1048 5131 1102 5176 ct
1134 5122 1369 5192 Anglic.,
1401 5116 1679 5173 τοιούτων.
1712 5116 1854 5172 Editi
1883 5123 1938 5170 ct

398 5196 477 5249 lii.
505 5194 731 5248 τούτων.

366 5210 477 5258 aut,
505 5210 731 5248 τουτων.

434 5254 544 5336 (79.)
591 5264 685 5320 Sic
718 5263 945 5333 Seguer.
973 5260 1141 5336 Basil.
1173 5259 1720 5336 Anglic._Go_h_ler.net
1744 5254 1934 5336 felck.

369 5336 421 5390 1.
443 5326 539 5390 Ἀι
574 5336 628 5390 in
681 5326 840 5390 editis
869 5342 922 5387 et
950 5334 1072 5387 aliis
1099 5326 1432 5386 deest'xazd.
1469 5329 1601 5383 lhid.
1637 5328 1799 5382 Basil.
1828 5326 1941 5380 Au-

370 5407 485 5475 glic.
511 5415 567 5460 et
594 5405 835 5459 Feickm.
867 5404 921 5467 5,
948 5401 1303 5475 dos6divﬁpa.
1330 5403 1423 5455 καὶ
1452 5399 1783 5475 ἀχαρίστων.

437 5477 546 5544 (75)
588 5475 681 5530 Sic
709 5475 937 5544 Seguer.
967 5473 1139 5544 Editi,
1164 5471 1392 5543 δήλαιοι,
1425 5473 1703 5544 meml_os_e:

439 5537 546 5618 (74)
588 5547 681 5601 Sic
698 5537 935 5618 Seguer.
964 5553 1019 5597 et
1043 5542 1144 5618 alii
1170 5537 1306 5618 mss.
1335 5551 1540 5618 prseter
1561 5538 1799 5618 Fclckrn.
1832 5537 1868 5590 2
1891 5546 1945 5618 et

371 5608 495 5688 Reg.
525 5608 577 5674 in
613 5608 840 5688 quibus,
871 5624 932 5688 ut
959 5624 1014 5688 et
1042 5613 1096 5666 in
1120 5608 1413 5688 editis,_ita
1441 5610 1660 5688 legitur,
1693 5608 1940 5688 καὶμετ⁸

372 5675 538 5757 ὀλίγον
559 5705 574 5719 ο
619 5675 715 5742 καὶ
730 5675 1146 5757 ἐϐουλεύσαντο
1193 5681 1340 5757 κακῌά
1359 5722 1373 5741 ,
1415 5675 1618 5757 καὶίείς
1643 5679 1759 5757 ἐμὲ.
1772 5675 1944 5757 ἐλογίς

374 5747 553 5824 auito,
584 5769 694 5815 etc.
727 5755 855 5810 Mox
892 5753 1232 5824 Seguerian.,
1264 5753 1354 5804 τὸν
1397 5749 1635 5821 παρόντα
1669 5747 1761 5801 τοῦ
1808 5747 1941 5800 Θεοῦ

366 5832 544 5896 Λόγον.

2044 4672 2171 4710 num
2208 4660 2378 4728 possit
2412 4659 2632 4715 facilius
2681 4674 2935 4729 spargere
2968 4659 3351 4730 simplicesque
3387 4659 3621 4714 circum-

2045 4749 2248 4803 venire.
2283 4748 2374 4805 Sic
2419 4749 2586 4805 Evam
2628 4749 2817 4807 fefellit
2845 4752 2932 4806 ille
2962 4771 2976 4806 :
3006 4751 3086 4808 sic
3111 4752 3246 4807 alias
3272 4750 3476 4807 eiiinxit
3507 4749 3620 4803 hae-

2113 5041 2249 5114 (75)
2270 5040 2496 5114 Seguer.
2530 5041 2828 5114 Gohler.et
2849 5041 3086 5114 Felrkm.
3122 5039 3173 5102 i,
3207 5038 3287 5114 ὅτι
3324 5036 3621 5108 χρῶ-τομάς

2041 5111 2147 5184 χοε
2167 5111 2264 5184 καὶ
2280 5111 2598 5184 πρόᾷρομος
2636 5111 2838 5184 ὲὲλήθη
2873 5112 2965 5165 τοῦ
2981 5111 3370 5184 grumaim“.-

2071 5175 2082 5264 ζ
2117 5175 2249 5264 (7.6).
2274 5175 2366 5264 Sic
2395 5175 2619 5253 segucr.
2651 5175 2868 5238 Gobler.
2896 5193 2949 5236 ct
2978 5175 3216 5235 Fclckih.
3248 5179 3300 5232 1.
3325 5177 3392 5232 At
3415 5176 3469 5231 in
3497 5175 3614 5232 edi-

2044 5253 2392 5375 tisfsdeest.

2115 5323 2169 5383 (7
2211 5325 2227 5392 )
2270 5323 2360 5377 Sic
2406 5322 2612 5392 Seguer
2684 5321 2895 5392 Anglic.
2939 5318 3157 5392 _Gobl_cr.
3206 5326 3260 5372 et
3291 5315 3526 5372 Felckm.
3567 5317 3618 5372 Ι.

2046 5392 2188 5447 Editi
2211 5387 2405 5447 autem
2441 5387 2505 5446 cf
2527 5392 2642 5455 alii,
2669 5387 2846 5452 ούτῖυς
2873 5387 3230 5450 αἰδεσθέντες.

2111 5463 2222 5534 (78)
2246 5462 2537 5534 Felcignt.i_2
2559 5471 2612 5516 et
2628 5454 2777 5534 editi.
2795 5463 2844 5534 εί
2865 5461 2961 5534 μὲν
2978 5458 3073 5534 Bia
3085 5459 3146 5534 τὸ
3160 5458 3288 5534 λέξε
3299 5477 3344 5522 ις
3366 5454 3478 5512 οὖν.
3500 5456 3618 5510 Mox

2040 5529 2254 5590 Gobler.
2291 5543 2344 5587 et
2371 5531 2608 5584 Felckm.
2649 5531 2696 5594 1,
2732 5530 2950 5597 Θαλείᾳ.
2993 5529 3119 5592 Alii,
3150 5529 3341 5597 Θαλίᾳ.

2113 5583 2225 5674 (“7—9)-
2245 5583 2838 5674 _S‘egiu‘er._ﬂGobler._et
2871 5583 3118 5655 Veli-km:
3145 5601 3167 5654 Ἰ
3192 5641 3207 5668 ,
3248 5583 3464 5661 πάντως
3493 5613 3615 5650 που.

2042 5668 2182 5729 Editi
2207 5668 2262 5726 et
2290 5668 2402 5733 alii,
2434 5670 2650 5732 πάντως
2682 5668 2836 5737 γοῦν.

2114 5743 2224 5812 (80)
2268 5744 2359 5795 Sic
2391 5740 2622 5812 Seguer.
2648 5738 2864 5812 Gobler.
2892 5749 2944 5793 et
2968 5739 3203 5794 Felekm.
3247 5741 3292 5793 l.
3333 5739 3398 5792 At
3427 5737 3516 5792 alii
3559 5745 3620 5790 et

2041 5808 2188 5877 editi,
2208 5808 2295 5864 ’ὅτι
2331 5811 2422 5863 καὶ
2460 5809 2558 5871 τὰς
2586 5808 2820 5878 αἱρέσεις
2845 5813 2872 5863 ὀ
2904 5813 3211 5878 ἐπινοήσας.
