3972 6224
402 363 472 422 27
1006 370 1065 425 S.
1108 367 1478 425 ATliANASII
1514 367 1664 427 OPP.
1704 369 1886 426 PARS
1924 370 1964 425 ι.
2005 401 2072 411 --
2105 365 2474 424 HISTORICA
2510 366 2604 422 ΕΤ
2639 365 3061 425 DOGMATICA.
3594 375 3664 432 28

400 502 550 542 reses
592 505 606 541 :
646 485 727 541 sic
756 488 921 541 etiam
953 488 1059 543 hoc
1088 497 1332 559 tempore
1359 491 1489 546 Ario
1513 492 1785 561 persuasit
1820 500 1880 545 ut
1926 489 1970 544 in

2083 505 2283 559 τησενο
2331 487 2472 542 οὓτω
2519 488 2612 541 καὶ
2658 485 2759 551 τάς
2803 485 2965 547 ἄλλας
2999 485 3239 557 αἱρέσεις
3284 486 3486 542 ἔπλασε
3510 487 3658 558 (81)ο

402 581 635 635 haereses
659 578 777 649 ipse
802 579 1174 647 inveheretur,
1205 582 1420 652 illisque
1444 584 1721 639 adversari
1756 583 1983 638 simula-

398 680 501 737 ret,
533 685 642 741 quo
668 672 900 727 latenter
920 687 1075 729 suam
1101 684 1284 745 posset
1306 674 1556 732 haeresim
1581 676 1855 730 inducere.
1877 673 1981 731 Ve-

399 768 709 815 rumtamen
760 777 828 816 ne
886 761 959 816 ita
992 762 1211 831 quidem
1256 763 1426 818 latere
1471 764 1649 833 potuit
1684 771 1975 818 veterator.

399 848 470 904 Ut
512 852 657 906 enim
691 867 846 911 suam
886 863 1080 908 contra
1114 854 1209 909 Dei
1244 853 1483 911 Verbum
1513 856 1851 926 exprompsit
1881 855 1976 909 im-

396 940 681 1010 pietatem,
703 942 962 997 omnibus
992 943 1177 999 statim
1208 945 1373 1002 rebus
1406 946 1629 1011 excidit,
1657 947 1981 1017 cunctisque

396 1029 558 1101 325
592 1040 931 1100 compertum
956 1041 1042 1087 est
1067 1049 1192 1088 eum
1240 1035 1295 1089 in
1326 1035 1539 1090 ueteris
1565 1049 1789 1105 quoque
1823 1036 1979 1104 igna-

395 1136 518 1175 rum
547 1136 690 1188 esse,
719 1122 964 1192 nihilque
1002 1125 1227 1181 omnino
1253 1126 1400 1196 quod
1431 1142 1620 1182 verum
1651 1127 1722 1182 sit
1750 1128 1977 1189 sentire,

395 1212 491 1267 sed
529 1221 742 1269 tantum
784 1216 1135 1273 simulatione
1167 1218 1264 1273 uti.
1299 1219 1403 1287 Qui
1436 1221 1581 1275 enim
1621 1237 1747 1276 vera
1780 1222 1846 1277 de
1869 1220 1977 1275 Pa-

395 1314 477 1359 tre
518 1306 565 1361 is
600 1306 861 1375 proferat,
887 1308 982 1379 qui
1012 1308 1208 1364 Filium
1230 1351 1246 1375 ,
1304 1327 1333 1366 a
1378 1328 1487 1382 quo
1516 1311 1696 1368 Patris
1738 1312 1978 1384 cognitio

392 1398 577 1454 omnis
619 1399 958 1471 impertitur,
996 1401 1157 1456 audet
1190 1404 1427 1473 negare?
1473 1402 1566 1458 Vel
1609 1404 1702 1473 qui
1735 1415 1882 1460 recte
1908 1405 1976 1462 de

395 1488 604 1557 Spiritu
637 1502 832 1545 sancto
858 1491 949 1547 ille
971 1491 1286 1561 opinabitur
1306 1534 1321 1559 ,
1366 1493 1458 1562 qui
1508 1493 1576 1548 de
1609 1493 1784 1559 Filio,
1815 1510 1846 1549 a
1868 1510 1976 1565 quo

332 1632 355 1656 κ
392 1584 510 1656 ipse
536 1585 717 1652 datur,
746 1586 908 1657 impie
943 1602 1050 1642 non
1076 1596 1292 1643 veretur
1314 1588 1506 1658 loqui?
1532 1587 1668 1655 Quis
1690 1589 1767 1645 illi
1791 1590 1979 1647 credat

390 1680 461 1734 de
490 1680 890 1735 resurrectione
919 1679 1246 1743 disserenti,
1280 1680 1376 1750 qui
1427 1679 1706 1735 Christum
1755 1693 1977 1753 propter

391 1787 495 1827 nos
525 1772 725 1828 factum
748 1772 1169 1843 primogenitum
1194 1788 1261 1826 ex
1295 1774 1526 1827 mortuis
1559 1772 1601 1803 "
1631 1773 1830 1844 negat?
1867 1773 1973 1840 Qui

2084 575 2226 630 οῦτω
2251 578 2342 630 καὶ
2368 576 2464 630 νῦν
2500 577 2713 648 Ἀρειον
2740 575 2954 629 ἔπεισεν
2974 577 3148 629 εἰπεῖν
3173 576 3268 631 καὶ
3318 578 3657 649 σχηματίσα-

2086 667 2209 721 σθαι
2239 666 2398 737 δῆθεν
2426 667 2567 720 κατά
2594 667 2703 721 τῶν
2752 667 3015 739 αίρὼεων
3038 708 3052 729 ,
3085 669 3169 721 ἵνα
3210 668 3347 740 λάθῃ
3394 670 3495 741 τὴν
3530 670 3660 726 ίδίαν

2084 759 2386 814 ἐπιϐάλλων
2414 761 2522 831 (82)
2550 747 2804 833 ,αἵρεσιν.
2834 762 2945 815 Καὶ
2986 765 3134 833 ὅμως
3167 764 3265 817 οὐκ
3307 764 3497 819 ἔλαθεν
3540 766 3660 819 οὐδὲ

2081 850 2254 916 οῦτως
2279 854 2309 905 6
2340 852 2675 924 πανοῦργος·
2713 855 2792 917 είς
2817 853 2926 926 γὰρ
2956 854 3045 907 τὸν
3062 854 3153 907 τοῦ
3181 855 3315 908 Θεοῦ
3337 856 3508 925 Λόγον
3535 859 3662 910 ἀσε-

2082 942 2276 1014 ὖήσας,
2312 943 2529 998 πάντων
2557 944 2717 1010 εὐθὺς
2742 944 2999 1012 ἐξέπεσε,
3034 947 3129 999 καὶ
3166 947 3432 1001 δέδεικται
3470 950 3655 1013 πᾶσιν,

2080 1032 2163 1086 ὅτι
2196 1032 2290 1086 καὶ
2315 1035 2442 1105 περὶ
2468 1033 2576 1087 τῶν
2596 1034 2770 1089 ἄλλων
2792 1035 3049 1105 ἠγνόησε,
3079 1037 3174 1089 καὶ
3200 1037 3365 1108 μηδὲν
3386 1037 3523 1102 ὅλως
3548 1037 3658 1110 (85)

2081 1126 2277 1195 ἀληθὲς
2316 1126 2528 1197 φρονῶν
2563 1127 2932 1198 ὑποκρίνεται.
2972 1126 3097 1193 Πῶς
3128 1129 3237 1200 γάρ
3278 1128 3344 1183 ἂν
3385 1129 3659 1205 ἀληθεύσῃ

2084 1217 2212 1287 περ).
2241 1216 2334 1270 τοῦ
2372 1216 2584 1288 Πατρὸς
2612 1219 2641 1271 6
2667 1217 2758 1270 τὸν
2789 1217 2917 1271 Υίὸν
2941 1218 3294 1289 ἀρνούμενος,
3331 1219 3420 1272 τὸν
3449 1220 3662 1275 ἀποκα-

2080 1308 2350 1362 λύπτοντα
2379 1308 2507 1380 περὶ
2539 1308 2741 1373 αὐτοῦς
2773 1309 2841 1361 Ἢ
2872 1308 2988 1373 πῶς
3026 1311 3154 1382 περὶ
3197 1309 3291 1363 τοῦ
3343 1310 3663 1382 Πνεύματος

2078 1399 2216 1472 ὀρθά
2267 1402 2548 1471 φρονήσει,
2579 1400 2882 1471 δυσφημῶν
2911 1401 3107 1465 εἰς’τὸν
3141 1401 3251 1471 (84)
3286 1401 3444 1457 τοῦτο
3491 1421 3667 1476 χορη-

2079 1494 2280 1563 γοῦντα
2299 1493 2486 1563 λόγον;
2520 1492 2615 1557 Τίς
2643 1494 2699 1546 δὲ
2735 1493 3014 1547 πιστεύσει
3053 1493 3265 1563 λέγοντι
3311 1494 3484 1565 τούτῳ
3534 1497 3664 1569 περὶ

2078 1587 2448 1651 ἀναστάσεως,
2473 1586 2797 1658 ἀρνουμένῳ
2822 1587 2912 1640 τὸν
2928 1587 2993 1640 ὲκ
3014 1585 3222 1657 νεκρῶν
3243 1587 3313 1640 δι’
3338 1588 3485 1658 ἡμᾶς
3512 1605 3664 1660 πρω-

2077 1679 2297 1733 τότοκον
2323 1679 2613 1749 γενόμενον
2638 1678 2875 1748 Χριστόν
2912 1677 3055 1748 (85);
3081 1678 3206 1742 Πῶς
3237 1677 3294 1733 δὲ
3333 1679 3431 1732 οὐκ
3450 1718 3466 1743 ,
3513 1678 3666 1733 ἄντι-

2080 1789 2216 1844 κρυς
2242 1772 2518 1843 ἀγνοήσας
2544 1770 2645 1842 τὴν
2669 1773 2735 1825 ὲκ
2758 1770 2971 1842 ΙΙατρδς
2996 1770 3088 1824 τοῦ
3114 1770 3243 1824 Υἰοῦ
3281 1771 3517 1842 γνησίαν
3568 1773 3666 1826 καὶ

390 1878 519 1918 vero
540 1862 654 1925 ﬁeri
685 1874 861 1934 potest
883 1873 943 1919 ut
968 1864 1036 1929 is,
1064 1863 1155 1933 qui
1185 1878 1497 1933 germanam
1532 1880 1597 1920 ac
1628 1881 1815 1921 veram
1838 1864 1962 1921 Filii

2078 1862 2328 1935 ἀληθινὴν
2348 1864 2623 1933 γέννησιν,
2646 1861 3049 1933 πλανηθήσεται
3074 1864 3167 1915 καὶ
3193 1863 3320 1934 περὶ
3344 1863 3444 1933 τῆς
3464 1864 3668 1936 ὲνσάρ-

388 1971 456 2011 ex
482 1954 643 2012 Patre
676 1956 1082 2028 generationem
1125 1956 1285 2026 plane
1323 1956 1571 2025 ignorat,
1630 1957 1774 2013 circa
1830 1958 1976 2028 ejus-

387 2048 511 2102 dem
563 2063 887 2117 corporeum
920 2047 1211 2102 adventum
1259 2063 1365 2102 non
1406 2050 1588 2103 erret?
1620 2047 1694 2104 lta
1737 2049 1881 2105 enim
1920 2058 1976 2105 et

388 2138 518 2192 olim
552 2137 758 2203 Judaei,
793 2150 1083 2209 postquam
1118 2137 1358 2194 Verbum
1415 2151 1773 2212 negaverunt,
1806 2152 1859 2198 et
1887 2142 1971 2197 di-

386 2238 609 2295 xerunt,
635 2228 758 2284 Non
793 2230 1047 2285 habemus
1090 2247 1261 2302 regem
1291 2233 1397 2287 nisi
1429 2231 1695 2288 Caesarem
1719 2234 1787 2300 ⁸³,
1812 2234 1973 2291 rebus

388 2321 642 2375 omnibus
670 2321 934 2376 continuo
969 2322 1190 2392 spoliati
1225 2332 1373 2388 sunt,
1428 2339 1492 2379 ac
1520 2323 1643 2380 luce
1689 2325 1928 2381 lucerna:
1955 2367 1970 2391 ,

388 2413 648 2483 unguenti
681 2413 867 2478 odore,
895 2414 1198 2484 prophetia:
1231 2415 1581 2487 cognitione,
1620 2416 1848 2487 ipsaque
1883 2432 1973 2471 ve-

387 2505 552 2559 ritate
578 2505 708 2560 nudi
740 2514 869 2560 sunt
891 2505 1162 2570 destituti,
1204 2507 1297 2576 qui
1338 2517 1393 2563 et
1423 2509 1584 2562 modo
1605 2508 1740 2562 nihil
1769 2509 1970 2564 intelli-

387 2605 574 2667 gentes
627 2605 886 2668 tanquam
943 2599 998 2654 in
1047 2600 1286 2655 tenebris
1324 2600 1627 2654 ambulant.
1678 2599 1972 2655 Enimvero

386 2687 512 2758 quis
543 2688 671 2743 talia
722 2690 929 2744 audivit
967 2690 1255 2760 unquam?
1314 2691 1423 2746 Aut
1474 2689 1621 2746 unde
1666 2689 1749 2746 vel
1789 2705 1817 2745 a
1861 2705 1971 2761 quo

386 2779 617 2848 hujusce
645 2780 868 2837 haeresis
898 2783 1208 2838 adulatores
1235 2780 1558 2837 muneribus
1595 2782 1838 2852 corrupti
1866 2783 1972 2838 ista

384 2870 666 2926 didicere?
714 2870 849 2938 Quis
914 2872 1079 2939 illos,
1135 2887 1262 2927 cum
1311 2871 1638 2927 Christianae
1682 2871 1972 2942 religionis

385 2960 670 3019 elementis
704 2963 1164 3031 inl‘ormabantur,
1193 2963 1493 3035 quidquam
1525 2963 1705 3019 simile
1733 2964 1920 3019 docuit
1947 2966 1970 3019 ἲ

386 3052 522 3121 Quis
563 3054 672 3109 illis
707 3056 866 3122 dixit,
916 3071 1098 3111 rerum
1127 3065 1434 3110 creatarum
1487 3056 1637 3110 cultu
1696 3055 1966 3124 dimisso,

387 3144 584 3199 iterum
619 3145 861 3200 accedite
900 3153 961 3200 ut
990 3159 1104 3200 rem
1152 3154 1394 3201 creatam
1419 3153 1474 3200 et
1504 3145 1699 3201 factam
1727 3147 1921 3201 colatis
1947 3146 1971 3200 ?

387 3235 541 3303 Quod
579 3236 626 3292 si
657 3238 758 3307 ipsi
802 3254 948 3294 nunc
974 3239 1211 3308 primum
1247 3240 1363 3293 haec
1383 3254 1441 3293 se
1471 3239 1662 3295 audire
1690 3240 1929 3295 fatentur
1950 3281 1966 3306 ,

387 3345 494 3383 non
524 3345 654 3401 ergo
679 3330 990 3385 inlicientur
1012 3331 1245 3386 alienam
1288 3347 1412 3387 esse
1455 3332 1663 3387 hancce
1712 3332 1963 3387 hmresim

385 3435 563 3490 neque
587 3437 617 3476 a
661 3420 916 3477 Patribus
942 3422 1215 3476 traditam.
1250 3421 1404 3488 Quod
1444 3430 1625 3478 autem
1653 3437 1684 3477 a
1713 3420 1967 3477 Patribus

387 3511 645 3567 traditum
677 3528 786 3568 non
818 3522 934 3578 est,
975 3514 1070 3570 sed
1111 3515 1411 3569 novissime
1438 3524 1524 3570 est
1556 3514 1921 3585 excogitatum
1948 3553 1965 3578 ,

386 3603 565 3672 cujus,
608 3619 833 3675 quaeso,
879 3606 1094 3674 generis
1123 3620 1247 3660 esse
1273 3607 1606 3661 censendum
1636 3616 1755 3673 est,
1801 3622 1965 3675 quam

381 3697 504 3763 ejus
558 3694 627 3751 de
680 3711 790 3766 quo
836 3695 974 3751 dixit
1018 3695 1218 3752 beatus
1266 3695 1516 3752 Paulus:
1574 3695 1643 3750 1η
1685 3697 1967 3764 postremis

388 3787 704 3857 temporibus
746 3787 1017 3843 discedent
1040 3789 1257 3859 quidam
1282 3805 1315 3842 a
1335 3805 1469 3843 sana
1492 3789 1617 3859 ﬁde,
1642 3788 1965 3844 attendentes

385 3880 657 3946 spiritibus
687 3882 882 3935 erroris
923 3894 972 3936 et
1002 3881 1259 3936 doctrinis
1290 3881 1695 3945 dtcmouiorum,
1726 3882 1781 3934 in
1802 3880 1967 3950 hypo—

2076 1973 2172 2009 κου
2202 1957 2505 2027 παρουσίας
2539 1955 2740 2021 αὐτοῦ;
2788 1956 2945 2009 Οῦτω
2975 1955 3082 2028 γὰρ
3130 1956 3222 2008 καὶ
3256 1957 3305 2009 οἱ
3356 1955 3483 2009 τότε
3526 1956 3664 2009 Ἰου-

2073 2049 2240 2112 δαῖοι,
2271 2048 2637 2121 ἀρνησάμενοι
2683 2048 2773 2102 τὸν
2809 2050 2980 2117 Λόγον
3013 2088 3028 2113 ,
3065 2048 3159 2102 καὶ
3205 2048 3481 2118 λέγοντες,
3538 2053 3665 2105 Οὔκ

2073 2136 2293 2208 ἔχομεν
2314 2138 2583 2203 βασιλέα
2601 2140 2654 2192 εὶ
2697 2138 2783 2208 μὴ
2818 2139 3091 2207 Καίσαρα
3112 2180 3127 2205 ,
3172 2138 3389 2193 πάντων
3440 2139 3667 2211 ἀθρόως

2073 2228 2424 2301 ἀφῃρέθησαν
2446 2269 2461 2293 ,
2511 2230 2603 2283 καὶ
2636 2228 2924 2299 γεγόνασιν
2966 2228 3161 2300 ἔρημοι
3211 2230 3387 2300 φωτὸς
3428 2220 3660 2302 λύχνου,

2071 2321 2250 2393 ὀσμῆς
2282 2322 2477 2395 μύρου,
2505 2323 2845 2396 προφητείας
2874 2322 3129 2393 γνώσεως
3152 2363 3166 2387 ,
3219 2326 3313 2378 καὶ
3353 2325 3529 2396 αὐτῆς
3561 2327 3665 2397 τῆς

2071 2415 2345 2487 ἀληθείας,
2379 2418 2474 2470 κα)⁵
2489 2416 2583 2471 νῦν
2611 2417 2765 2471 οὐδὲν
2795 2418 3086 2482 συνιέντες,
3111 2416 3186 2481 ὡς
3215 2419 3271 2470 ὲν
3296 2418 3474 2489 σκότῳ
3504 2436 3666 2491 περι-

2075 2506 2376 2572 πατοῦντές
2404 2509 2531 2563 εἰσι.
2555 2509 2651 2572 Τίς
2675 2508 2785 2581 γὰρ
2813 2510 3014 2580 ἢκουσε
3038 2507 3258 2563 πώποτε
3283 2506 3545 2574 τοιαῦτας
3591 2509 3666 2562 Ἦ

2075 2597 2236 2651 πόθεν
2258 2597 2291 2669 ἢ
2322 2597 2471 2669 παρά
2495 2598 2639 2662 τίνος
2661 2598 2710 2652 oi
2743 2598 2974 2662 κόλακες
3002 2597 3095 2651 καὶ
3122 2595 3413 2667 δωροδόκοι
3444 2595 3551 2665 τῆς
3576 2598 3667 2649 ai-

2076 2685 2279 2758 ρέσεως
2305 2687 2543 2758 ἤκουσαν
2572 2686 2831 2754 τοιαῦτα;
2859 2688 2976 2753 Τίς,
3013 2688 3103 2740 ὅτε
3132 2684 3474 2757 κατηχοῦντο
3499 2725 3527 2750 ,.
3547 2703 3668 2739 τοι-

2072 2778 2210 2833 αῦτα
2234 2778 2529 2849 λελάληκεν
2550 2780 2765 2847 αὐτοῖς;
2799 2780 2897 2844 Τίς
2927 2780 3111 2840 αὐτοῖς
3150 2778 3391 2849 εἴρηκεν,
3428 2778 3537 2841 ὅτι,
3564 2777 3669 2849 τὴν

2071 2870 2152 2932 εἰς
2204 2868 2302 2940 τὴν
2359 2868 2535 2923 κτίσιν
2592 2869 2703 2943 (86)
2763 2869 3015 2940 λατρείαν
3074 2868 3337 2938 ἀφέντες,
3391 2866 3669 2938 κτίσματι

2071 2958 2166 3012 καὶ
2195 2960 2457 3030 ποιήματι
2500 2958 2663 3013 πάλιν
2710 2957 3079 3031 προσέρχεσθε
3125 2956 3442 3028 λατρεύειν;
3486 2957 3555 3010 Εἰ
3610 2957 3671 3011 δὲ

2072 3051 2167 3105 καὶ
2194 3051 2346 3103 αὐτοὶ
2379 3048 2595 3122 πρῶτον
2618 3050 2713 3104 νῦν
2739 3049 3089 3120 ὁμολογοῦσιν
3119 3048 3417 3119 ἀκηκοέναι
3451 3046 3525 3101 τὰ
3554 3064 3671 3102 rat»

2071 3141 2212 3196 αῦτα
2246 3141 2380 3213 (87),
2411 3142 2485 3214 μὴ
2505 3141 2877 3214 ἀρνείσθωσαν
2910 3141 3193 3211 ἀλλοτρίαν
3218 3140 3312 3193 καὶ
3348 3139 3425 3210 μὴ
3463 3140 3532 3193 ὲκ
3559 3158 3672 3193 πα-

1994 3231 2037 3289 C
2068 3231 2242 3304 τέρων
2263 3228 2401 3284 εἶναι
2425 3230 2525 3301 τὴν
2549 3231 2758 3301 αἵρεσιν
2784 3229 3010 3299 ταύτην.
3053 3228 3126 3280 Τὸ
3169 3227 3226 3279 δὲ
3279 3225 3352 3296 μὴ
3378 3226 3449 3279 ἐκ
3494 3224 3672 3279 πατέ-

2074 3339 2205 3396 ρων,
2238 3322 2373 3377 ἀλλά
2422 3320 2518 3376 νῦν
2561 3320 2851 3393 ὲφευρεθὲν
2874 3359 2889 3384 ,
2923 3318 2973 3373 τί
3006 3318 3074 3373 ἂν
3120 3318 3204 3388 εἴη
3252 3316 3364 3388 (88)
3397 3318 3600 3390 ἕτερον
3634 3317 3671 3390 ἢ

2073 3418 2203 3489 περ).
2237 3408 2298 3470 οὗ
2328 3414 2653 3487 προείρηκεν
2684 3416 2713 3468 6
2744 3412 3013 3484 μακάριος
3044 3410 3284 3474 Παῦλος
3335 3411 3437 3465 Ἐν
3478 3411 3674 3467 ὑστέ-

2066 3527 2201 3579 ροις
2223 3508 2448 3577 καιροῖς
2472 3504 2927 3572 ἀποστήσονταί
2949 3520 3107 3569 τινες
3132 3501 3243 3570 τῆς
3255 3505 3674 3573 ὑγιαινούσης

2074 3601 2332 3666 πίστεως
2356 3599 2486 3671 (89),
2516 3596 2921 3667 προσέχοντες
2951 3596 3251 3665 πνεύμασι
3268 3592 3524 3661 πλάνης
3567 3593 3673 3647 καί

2069 3693 2488 3757 διδασκαλίαις
2509 3690 2851 3760 δαιμονίων,
2883 3688 2955 3742 ἐν
3001 3687 3315 3755 ὑποκρίσει
3350 3684 3674 3753 ψευδολό-

2070 3802 2224 3857 γων,
2277 3779 2880 3851 κεκαυτηριασμένων
2908 3780 3023 3848 τὴν
3045 3779 3223 3848 (ἴίδίαν
3263 3777 3672 3845 συνείδησιν,

2070 3878 2168 3932 καὶ
2195 3872 2735 3945 ἀποστρεφομένων
2763 3871 2878 3937 τὴν
2901 3870 3207 3935 ἀλήθειαν.

386 3973 513 4026 crisi
536 3972 857 4043 loquentium
877 3974 1229 4042 mendacium,
1252 3982 1302 4027 et
1329 3973 1682 4026 cauteriatam
1700 3971 2004 4027 habentium
2041 3985 2198 4023 suam
2221 3967 2598 4022 conscientiam
2623 3964 2668 3996 ¹¹⁵
2688 4005 2703 4030 ,
2739 3974 2789 4017 et
2813 3962 3157 4017 avertentium
3190 3975 3244 4013 se
3274 3976 3306 4012 a
3329 3961 3567 4015 veritate
3602 3963 3673 4014 ι’,

456 4093 509 4148 9.
555 4092 694 4149 Ecce
740 4095 886 4149 enim
922 4109 1022 4150 nos
1047 4094 1267 4165 quidem
1312 4109 1380 4148 ex
1410 4093 1613 4149 divinis
1659 4092 1958 4162 Scripturis

389 4189 563 4245 libere
582 4199 637 4243 et
665 4188 1001 4245 conﬁdenter
1019 4189 1085 4244 de
1119 4188 1207 4259 pia
1233 4196 1489 4256 rectaque
1522 4187 1626 4242 ﬁde
1658 4186 1956 4257 loquimur,

2136 4090 2189 4144 9.
2247 4088 2375 4142 Ἰδοὺ
2403 4088 2512 4158 γάρ
2546 4087 2706 4157 ἡμεῖς
2732 4084 2828 4156 μὲν
2845 4086 2908 4138 ὲκ
2927 4083 3036 4137 τῶν
3067 4082 3227 4135 θείων
3253 4082 3502 4154 Γραφῶν
3527 4087 3679 4155 παῤ..

2070 4176 2442 4252 ρησιαςόμεθα
2468 4175 2721 4246 περὶτῆς
2749 4172 3005 4237 εὐσεϐοῦς
3039 4172 3293 4237 πίστεως,
3326 4173 3430 4226 καὶ
3464 4174 3546 4238 ὡς
3577 4174 3678 4228 λύ-

386 4295 552 4345 quam
579 4288 633 4334 et
656 4286 914 4348 tanquam
944 4279 1225 4334 lucernam
1250 4293 1416 4348 super
1436 4277 1824 4333 candelabrum
1848 4276 1963 4332 col-

2078 4288 2194 4343 κνον
2223 4271 2317 4325 ἐπὶ
2346 4271 2445 4341 τῆς
2490 4266 2710 4340 λυχνίας
2753 4266 3010 4337 τιθέαμεν
3060 4264 3169 4335 (90)
3217 4263 3505 4333 λέγοντεςο
3542 4266 3682 4331 Υίδς

388 4372 653 4436 locamus,
678 4370 918 4426 dicentes
949 4389 963 4425 :
1000 4368 1173 4426 Filius
1193 4385 1356 4424 verus
1388 4377 1580 4425 natura
1612 4377 1668 4424 et
1692 4368 1963 4439 genuinus

2078 4364 2325 4436 ἀληθινὸς
2370 4362 2528 4432 φύσει
2577 4362 2672 4415 καὶ
2707 4360 2928 4432 γνήσιός
2958 4360 3075 4412 ὲστι
3119 4356 3213 4409 τοῦ
3250 4357 3505 4429 Πατρὸς,
3543 4358 3682 4425 ῐδιος

387 4472 472 4518 est
499 4461 697 4524 Patris,
729 4461 959 4531 ejusque
1005 4460 1330 4517 substantiae
1367 4460 1645 4531 proprius,
1683 4459 1961 4529 Sapientia

387 4555 690 4626 unigenita,
718 4553 956 4610 Verbum
995 4568 1187 4609 verum
1215 4567 1281 4608 ac
1310 4555 1533 4609 unicum
1574 4552 1670 4608 Dei
1702 4551 1819 4622 ipse
1855 4560 1960 4613 est,

388 4664 497 4704 non
536 4663 624 4703 res
656 4657 838 4703 creata
875 4649 958 4702 vel
998 4648 1170 4712 facta,
1224 4649 1319 4704 sed
1357 4647 1610 4718 proprius
1641 4644 1961 4701 substantiae

386 4738 567 4795 Patris
587 4736 751 4794 fetus.
782 4737 1050 4805 Quocirca
1083 4738 1226 4793 Deus
1256 4749 1342 4794 est
1378 4751 1562 4801 verus,
1594 4749 1834 4805 veroque
1857 4731 1963 4787 Pa-

2069 4456 2169 4525 τῆς
2202 4452 2390 4517 οὐσίας
2425 4451 2613 4515 αὐτοῦ,
2640 4449 2809 4520 Σοφία
2848 4446 3162 4520 μονογενὴς,
3188 4443 3285 4497 καὶ
3316 4445 3503 4514 Λόγος
3534 4445 3682 4517 ἀληεο

2071 4548 2215 4611 θινὸς
2245 4547 2339 4601 κει)⁸
2369 4545 2527 4617 μόνος
2560 4543 2655 4598 τοῦ
2685 4542 2820 4598 Θεοῦ
2846 4534 3000 4603 οὗτός
3028 4542 3174 4592 ἐστιν
3199 4555 3211 4567 ·
3244 4538 3352 4591 οὐκ
3390 4538 3516 4592 ἔστι
3551 4540 3682 4593 κτί-

2071 4657 2186 4711 σμα
2210 4640 2335 4693 οῦτε
2367 4640 2600 4711 ποίημα.
2629 4636 2742 4692 ἀλλ’
2781 4635 2910 4688 ἴδιον
2948 4634 3046 4703 τῆς
3086 4630 3178 4685 τοῦ
3217 4632 3446 4703 Πατρὺς
3481 4632 3684 4696 οὐσίας

2073 4734 2337 4805 γέννημα.
2373 4732 2463 4786 Διὸ
2489 4732 2620 4796 Θεός
2651 4734 2797 4785 ἐστιν
2831 4726 3100 4799 ἀληθινὸς,
3133 4724 3400 4796 ἀληθινοῦ
3453 4726 3684 4797 Πατρὸς

468 4878 509 4910 ⁸³
549 4874 762 4931 Coloss.
805 4890 844 4939 ι,
883 4874 973 4928 18.
1047 4876 1091 4907 ¹³
1130 4872 1289 4928 Joan.
1328 4889 1447 4937 xix,
1484 4872 1571 4927 15.
1652 4870 1698 4901 ¹⁸
1737 4868 1758 4921 l
1797 4867 1938 4923 Tim.

2101 4870 2152 4923 l.
2233 4871 2276 4900 "
2317 4867 2424 4921 Tit.
2468 4884 2503 4932 I,
2543 4867 2594 4920 4.

459 4992 570 5063 (8i)
612 4990 838 5063 Segucr.
871 4988 1094 5063 Gobler.
1125 4985 1448 5063 et_Felekm.
1482 4985 1535 5046 1,
1564 4979 1708 5063 οὕτω
1731 4978 1962 5063 τᾲς-’ἄλο

387 5047 507 5128 λαξζ
524 5047 643 5118 lio:
674 5047 913 5117 Felckm.
944 5060 981 5115 ε
1001 5069 1055 5113 et
1074 5057 1225 5123 editi,
1245 5055 1477 5128 Euhoe,
1493 5064 1554 5107 ut
1586 5060 1640 5105 et
1669 5050 1800 5121 legit
1824 5047 1967 5104 Nau-

392 5125 538 5196 nius,
574 5134 665 5203 qui
696 5135 857 5188 vertit
889 5131 1166 5203 conﬂuit.
1199 5128 1327 5203 Alii_,
1351 5125 1697 5203 έτιελάνηςξεν.⁸

465 5190 707 5275 (82)'_Sic
754 5204 887 5275 Reg.
932 5190 1151 5257 Gobler.
1194 5208 1249 5252 et
1277 5195 1515 5253 Felckm.
1545 5190 1621 5246 ’1.
1669 5190 1775 5244 Alii
1813 5205 1963 5257 vero,

392 5271 684 5328 ἐπιϐαλών.

462 5343 937 5415 (%)7Seguerian.
991 5340 1280 5415 Basiliens.
1326 5330 1968 5415 et._i\tit‘z|i_can_.,.(n;§‘év

390 5402 771 5483 ὅλὼςίΑιὶμίγνει
795 5414 947 5483 editi,
982 5412 1117 5483 μηδὲ
1151 5411 1307 5483 ὅλως.
1341 5405 1474 5483 Ibid.
1504 5403 1648 5483 Felc.
1773 5402 1967 5483 ἀληθὲς

391 5472 601 5553 φωνῶν.
655 5481 777 5537 Mox
828 5472 1144 5553 Segueriau.
1181 5478 1330 5553 ⁸ῐιῷς
1382 5476 1491 5547 γὰρ
1543 5475 1608 5529 ἂν
1670 5472 1965 5543 ἀληθεύσῃ.

392 5549 496 5608 Alii
525 5563 578 5608 et
604 5553 755 5613 editi,
788 5549 1040 5621 πῶς’γάρ
1065 5549 1374 5622 ἀληθεύσει.

462 5625 574 5693 (84)
603 5622 695 5678 Sic
721 5614 1027 5693 Segtter.'ei
1060 5614 1201 5693 Reg.
1225 5622 1293 5673 At
1326 5617 1632 5693 gobler._et
1663 5614 1808 5693 Felc.
1827 5614 1889 5693 [Ι.
1922 5614 1970 5665 εἰ

388 5686 481 5748 τὸν
520 5686 694 5748 τοῦτο.
731 5686 870 5747 Fele.
910 5691 963 5757 5,
1004 5693 1085 5753 ei;
1111 5686 1286 5744 τοῦτο.
1328 5688 1489 5751 Ειιὶιί,
1520 5688 1599 5753 εἰς
1630 5686 1718 5739 τὸν
1761 5686 1966 5738 τοῦτον.

464 5764 575 5831 ‘85)
607 5764 917 5819 Gublet‘iatt.
948 5771 999 5816 et
1030 5760 1175 5815 Felc.
1216 5762 1262 5825 Ι,
1293 5759 1517 5831 Κύριον.

464 5836 574 5907 (86)
606 5836 916 5906 Anglieatn,
942 5833 1198 5901 etiam)",

2137 4978 2248 5049 (87)
2287 4976 2581 5049 Seguetiau
2616 4970 2981 5049 ,j‘ifotaﬁra
3002 4967 3222 5024 omittit.

2136 5042 2250 5115 (88)
2288 5042 2606 5117 Βθᾷυοιίοη.
2642 5042 2775 5117 Τίδ⁵
2806 5042 2872 5117 ἀν
2895 5043 3004 5117 εᾼζη.

2136 5058 2250 5115 (88)
2288 5058 2606 5117 Seguenan.
2642 5058 2707 5096 'l't
2731 5058 2774 5095 ο
2806 5058 2872 5096 αν
2895 5058 3004 5163 ειη.

2136 5119 2252 5205 ςεεη
2283 5117 2429 5205 πνεῖς
2456 5116 2588 5205 εει,
2605 5108 3687 5205 είὲίιὲιτῖλεξέείιτξὶσξεὲὶῆςὲιεαι-

2064 5178 2281 5259 νούσης.
2329 5188 2432 5241 Alii
2472 5200 2668 5259 omnes
2698 5184 2808 5259 Δτῆς
2841 5178 3202 5259 ’ὑγιαινούσης
3233 5178 3513 5259 πίστεως.
3545 5178 3686 5259 ’μοι

2068 5252 2319 5331 ὃθευξιοη
2354 5256 2626 5331 πνεύμασι
2657 5252 2919 5331 πλάνοις,
2940 5252 3188 5331 idemque
3203 5257 3281 5331 ‘et
3309 5253 3689 5331 Anglicum;-

2067 5316 2202 5385 ble‘i.
2231 5316 2374 5384 Felc.
2400 5329 2451 5391 ι,
2478 5316 2787 5396 ὃαιμονιων.
2818 5324 3003 5396 Aliiet
3029 5319 3179 5381 editi,
3195 5316 3514 5396 ξαιμάνῐυν.
3545 5327 3690 5395 Quae

2068 5384 2266 5455 ibidem
2312 5384 2633 5465 sequuntur,
2669 5403 2903 5468 exstant
2925 5394 2980 5446 in
3004 5403 3158 5468 _ms_s.
3193 5384 3436 5468 βοεῦσι.
3470 5406 3530 5450 et
3556 5384 3691 5455 Ἇη,

2104 5472 2215 5532 lic.,
2252 5470 2303 5522 in
2336 5460 2457 5521 aliis
2503 5482 2632 5537 vero
2683 5475 2737 5537 et
2768 5463 2939 5537 editis
2972 5461 3054 5517 sic
3104 5460 3334 5529 legitur,
3369 5462 3687 5537 δαιμόνων⁹

2107 5537 2529 5624 meiere“
2563 5534 2957 5624 ῖὴιάλήθξιειν·
3091 5601 3136 5624 η,
3337 5604 3401 5624 .,

2140 5601 2267 5734 (90)",
2282 5601 2530 5675 segnem,
2575 5601 2667 5658 ἐπὶ
2698 5601 2805 5685 τὴν⁸
2826 5603 3023 5727 λύχνᾞ
3055 5601 3305 5670 τίθεμεν.
3337 5604 3499 5687 Idem
3545 5608 3688 5691 ibid.

2067 5677 2484 5803 :tafgmlil
2513 5677 2536 5732 1
2570 5688 2624 5732 et
2652 5676 2887 5748 Anglia,
2915 5690 2987 5727 κα
3033 5674 3281 5744 γνήσιος.
3323 5671 3475 5731 Edm
3508 5686 3568 5734 et
3596 5681 3692 5736 ala

2071 5751 2163 5806 καί
2192 5750 2472 5806 omittunt.
