3972 6224
277 343 346 396 ἓὸ
1413 338 1671 398 ORATIO
1707 341 1722 395 I
1761 339 2044 396 CONTRA
2083 339 2406 396 ARIANOS.
2822 369 2824 372 ·
3475 349 3544 402 51

277 463 450 514 ἐστιν
475 460 508 512 ό
545 455 678 524 Υιός
701 474 821 527 μου
845 460 877 510 ό
905 456 1234 526 ἀγαπητὸς,
1256 455 1502 526 φάσκων,
1528 459 1609 512 δτι
1630 457 1742 528 (11)
1767 457 1857 511 οὐκ

1971 469 2124 512 meus
2147 456 2378 512 dilectus
2410 459 2430 488 ¹
2464 496 2477 518 ,
2527 475 2546 506 ι
2587 470 2822 528 eumque
2853 471 2958 512 non
3009 457 3242 525 Filium,
3291 457 3384 514 sed
3431 473 3542 513 rem

279 552 422 606 ἔστιν
457 551 594 614 υίὸς,
629 549 768 604 ἀλλὰ
797 549 1037 621 ποίημα;
1073 549 1240 603 Πλὲον
1273 549 1382 622 γὰρ
1419 551 1860 622 ἀγανακτήσουσι

281 645 478 708 πάντες
503 646 624 697 κατ’
657 642 838 696 αὐτῶν
871 641 1096 696 τοιαῦτα
1143 643 1508 714 μαινομένων.
1561 643 1702 696 Ἀλλ’
1741 643 1861 698 οὐδὲ

280 736 343 788 ἐκ
373 733 482 786 τῶν
511 732 746 806 Γραφῶν
774 731 953 802 ἔχουσι
975 733 1072 796 τὰς
1105 733 1430 805 προφάσεις.
1481 733 1722 806 Ἐδείχθη
1755 735 1862 806 γὰρ

280 827 561 890 πολλάκις,
583 824 926 896 δειχθήσεται
945 823 1004 876 δὲ
1031 825 1126 877 καὶ
1153 823 1246 877 νῦν
1270 823 1526 896 ἀλλότρια
1549 825 1660 895 (η)
1690 824 1862 880 ταῦτα

280 919 385 972 τῶν
417 919 582 972 θείων
610 918 828 988 λογίων.
863 915 1072 970 Οὐκοῦν
1113 915 1300 988 ἐπειδὴ
1333 916 1512 970 λείπει
1559 916 1744 970 λοιπὸν
1785 920 1864 970 εί-

281 1015 424 1076 πείν,
467 1013 552 1064 ὅτι
595 1010 748 1083 παρὰ
797 1009 890 1062 τοῦ
932 1007 1180 1062 διαϐόλου
1237 1007 1492 1072 λαϐόντες
1547 1009 1858 1080 ἐμάνησαν·

281 1107 522 1180 (τούτων
572 1105 682 1175 γὰρ
731 1105 938 1168 ἐκεῖνος
971 1103 1130 1174 μόνος
1185 1103 1304 1156 ἐστὶ
1351 1101 1658 1174 σπορεύς·)
1705 1103 1860 1174 φέρε,

279 1201 414 1274 πρὸς
447 1200 612 1254 αὑτὸν
649 1197 1018 1268 ἁντιστῶμεν·
1046 1197 1182 1270 πρὸς
1208 1197 1412 1250 ἐκεῖνον
1441 1198 1550 1268 γάρ
1573 1199 1718 1250 ἐστιν
1751 1197 1860 1268 (15)

279 1294 409 1363 ἡμῖν
437 1290 526 1343 διὰ
555 1289 758 1342 τούτων
787 1291 821 1359 ἡ
855 1289 998 1360 πάλη
1018 1305 1031 1319 ·
1075 1288 1183 1350 ἵνα,
1211 1287 1306 1340 τοῦ
1349 1288 1555 1358 Κυρίου
1606 1285 1863 1356 βοηθοῦν-

279 1403 409 1450 τος,
472 1385 726 1437 κάκείνου
779 1380 1025 1452 συνήθως
1080 1381 1372 1443 πίπτοντος
1417 1383 1530 1443 τοῖς
1596 1379 1860 1450 ἐλέγχοις,

279 1475 640 1546 αἰσχυνθῶσιν
663 1469 828 1536 οὗτοι,
858 1473 1146 1542 βλέποντες
1165 1473 1474 1544 ἀποροῦντα
1496 1473 1587 1526 τὸν
1609 1473 1720 1544 (14)
1735 1475 1864 1525 ἐπι-

281 1571 584 1642 σπείραντα
611 1568 711 1640 τὴν
743 1568 954 1639 αἵρεσιν
988 1567 1190 1630 αὐτοῖς,
1221 1567 1316 1620 καὶ
1347 1566 1560 1638 μάθωσι
1599 1565 1706 1620 κᾶν
1739 1565 1864 1636 ὀψέ-

277 1677 428 1726 ποτε,
462 1659 568 1722 ὅτι,
615 1659 882 1730 Ἀρειανοὶ
914 1658 1087 1722 ὄντες,
1111 1657 1218 1712 οὐκ
1247 1658 1354 1710 εἰσὶ
1383 1657 1720 1729 Χριστιανοί.

1965 547 2164 603 factam
2187 563 2310 604 esse
2335 548 2502 602 velit?
2534 547 2736 618 Nempe
2778 549 2893 604 tleri
2935 565 3042 604 non
3067 559 3246 620 potest
3267 549 3400 620 quin
3431 565 3546 604 ont-

1965 657 2064 696 nes
2088 641 2350 698 adversus
2381 641 2502 696 illos
2525 641 2662 696 adeo
2691 642 3026 698 insanientes
3050 643 3234 700 acrius
3260 643 3546 709 indignen-

1966 741 2073 786 tur.
2099 730 2299 788 Verum
2345 748 2445 788 nec
2481 732 2646 787 etiam
2683 733 2750 787 ad
2788 733 3100 804 Scripturas
3121 733 3410 804 centugere
3439 734 3546 788 illis

1965 820 2236 892 integrum
2273 821 2476 878 fuerit:
2523 823 2638 894 jam
2683 825 2830 878 enim
2879 825 3080 894 saepius
3125 834 3409 880 ostensum
3461 834 3546 880 est

1965 931 2204 986 moxque
2227 917 2542 971 ostendetur
2576 933 2738 974 voces
2773 917 3088 989 hujusmodi
3116 937 3146 974 a
3182 919 3383 976 divinis
3417 935 3544 974 ora-

1965 1005 2104 1061 culis
2129 1021 2252 1062 esse
2277 1006 2494 1076 penitus
2517 1007 2746 1064 alienas.
2776 1007 2964 1080 Itaque
2987 1011 3208 1080 quando
3233 1009 3342 1065 illis
3371 1019 3546 1066 restat

1963 1097 2254 1152 dicendum
2289 1113 2348 1154 se
2401 1099 2485 1154 his
2523 1113 2552 1152 a
2587 1099 2804 1156 diabolo
2851 1103 3092 1172 acceptis
3149 1103 3420 1161 insanisse
3457 1105 3544 1175 (si

1963 1189 2183 1260 quidem
2209 1198 2482 1246 tantorum
2511 1193 2778 1248 malorum
2805 1195 2956 1250 solus
2985 1196 3074 1251 ille
3101 1207 3252 1252 sator
3272 1199 3398 1266 est),
3425 1213 3544 1268 age,

1963 1278 2012 1334 ei
2037 1279 2374 1335 obsistamus
2405 1283 2663 1351 (namque
2693 1297 2820 1336 cum
2862 1285 2954 1338 illo
2981 1286 3140 1341 nobis
3167 1301 3260 1354 per
3284 1287 3410 1342 illos
3429 1269 3548 1342 cer-

1965 1379 2146 1426 tamen
2175 1374 2279 1438 est)
2305 1381 2384 1437 ut,
2413 1372 2645 1429 Domino
2668 1376 2978 1446 adjuvante,
3003 1392 3056 1434 et
3083 1379 3196 1446 illo,
3223 1389 3282 1434 ut
3304 1381 3466 1446 solet,
3493 1381 3547 1436 vi

1965 1474 2411 1533 argumentorum
2439 1475 2712 1536 prostrato
2737 1509 2750 1533 ,
2795 1467 2898 1538 ipsi
2925 1472 3142 1526 tandem
3186 1473 3545 1536 erubescant,

1965 1555 2260 1612 intercutem
2289 1557 2533 1614 videntes
2559 1561 2654 1629 qui
2702 1561 2950 1617 haeresim
2991 1564 3126 1634 ipsis
3161 1565 3545 1632 inseminavit,

1965 1647 2269 1718 saltemque
2293 1649 2378 1704 vel
2404 1665 2528 1706 sero
2556 1651 2772 1706 discant
2815 1669 2942 1719 eos,
2995 1655 3124 1726 quia
3163 1659 3350 1712 Ariani
3394 1657 3546 1722 sint,

1963 1739 2306 1796 Christianos
2331 1757 2438 1797 non
2465 1759 2610 1800 esse.

347 1823 436 1877 11.
479 1823 754 1894 Εἱρήκατε
805 1823 896 1876 καὶ
949 1825 1236 1891 φρονεῖτε,
1291 1821 1682 1884 ὑποϐάλλοντος
1734 1821 1857 1892 ὑμῖν

2034 1835 2124 1888 11.
2169 1833 2392 1889 Dixistis
2433 1835 2598 1906 igitur
2641 1848 2696 1894 et
2737 1839 2951 1894 sentitis
2979 1879 2993 1904 ,
3035 1841 3127 1895 illo
3153 1841 3308 1896 vobis
3351 1857 3548 1912 sugge-

279 1915 508 1980 ἐκείνου,
545 1917 628 1969 ὅτι
657 1912 726 1990 ἦν
757 1933 908 1978 ποτε,
943 1915 1032 1968 ὅτε
1063 1917 1162 1969 οὐκ
1185 1911 1253 1986 ἦν
1293 1915 1322 1967 ὁ
1364 1915 1492 1977 Υἱός
1515 1931 1528 1944 ·
1563 1914 1722 1968 τοῦτο
1753 1913 1862 1984 γὰρ

277 2007 493 2080 πρῶτον
514 2009 669 2078 ὑμῶν
705 2009 804 2080 τῆς
832 2009 1074 2074 ἐπινοίας
1101 2009 1211 2079 (15)
1257 2008 1522 2064 ἀποδῦσαι
1559 2008 1620 2060 τὸ
1657 2007 1862 2079 ἔνδυμα

275 2101 368 2153 δεῖ.
409 2102 477 2154 Τί
506 2101 686 2154 τοίνυν
719 2098 788 2173 ἦν
815 2119 942 2156 ποτε
969 2103 1058 2155 ὅτε
1101 2105 1128 2156 6
1160 2102 1288 2164 Υἱὸς
1311 2103 1410 2154 οὐκ
1438 2097 1527 2174 ἦν,
1563 2101 1776 2166 εἴπατε,
1815 2095 1862 2154 ὦ

274 2191 548 2262 δύσφημοι
577 2193 670 2245 καὶ
701 2192 1003 2256 δυσσεϐεῖς.
1041 2193 1102 2246 Εἰ
1131 2191 1228 2262 μὲν
1258 2187 1349 2245 οὖν
1379 2192 1470 2244 τὸν
1517 2192 1736 2262 Πατέρα
1775 2191 1862 2244 λέ-

277 2301 422 2352 γετε,
465 2285 670 2354 μείζων
695 2285 851 2356 ὑμῶν
889 2287 922 2356 ἡ
951 2284 1268 2356 βλασφημία
1291 2285 1434 2354 (16)·
1467 2285 1529 2337 οὐ
1569 2283 1678 2354 γὰρ
1703 2284 1860 2355 θέμις

277 2377 468 2438 είπείν,
505 2376 588 2429 ὅτι
615 2375 748 2428 ποτὲ
777 2371 867 2447 ἦν,
895 2377 927 2446 ἢ
965 2377 1022 2428 ὲν
1051 2375 1130 2446 τῷ
1161 2375 1292 2428 ποτὲ
1324 2373 1608 2444 σημαίνειν
1655 2375 1818 2428 αὐτόν
1842 2391 1856 2404 ·

277 2466 386 2520 ἔστι
435 2465 548 2540 γὰρ
577 2468 685 2530 ἀεὶ,
741 2469 836 2522 καὶ
861 2467 952 2521 νῦν
981 2471 1150 2532 ἐστιν,
1177 2467 1330 2530 ὄντος
1377 2483 1436 2519 τε
1477 2468 1570 2520 καὶ
1603 2467 1696 2520 τοῦ
1731 2465 1858 2520 Υίοῦ

275 2564 410 2626 ἑστι,
446 2563 542 2616 καὶ
571 2561 736 2625 αὐτός
759 2563 908 2614 ἐστιν
931 2561 959 2612 ὁ
999 2559 1074 2614 ὢν
1107 2561 1220 2632 (17)
1245 2561 1341 2614 κα)¹
1365 2559 1460 2612 τοῦ
1486 2559 1617 2614 Υἱοῦ
1645 2561 1854 2632 Πατήρ.

275 2655 336 2708 Εἰ
362 2654 418 2706 δὲ
441 2655 632 2723 λέγετε
663 2655 746 2707 ὅτι
780 2655 808 2705 6
839 2653 968 2717 Υἱὸς
997 2649 1066 2726 ἦν
1108 2669 1258 2716 ποτε,
1295 2653 1382 2706 ὅτε
1421 2653 1582 2715 αὐτὸς
1613 2653 1714 2705 οὐκ
1756 2647 1824 2723 ἦν
1843 2669 1855 2681 ·

279 2746 434 2819 μωρὰ
464 2745 562 2800 καὶ
595 2747 819 2817 ἀνόητός
851 2749 998 2799 ἐστιν
1031 2745 1200 2816 (-18)ἠ
1234 2745 1543 2817 ἀπόκρισις.
1581 2743 1706 2808 Πῶς
1751 2743 1860 2816 γὰρ

274 2835 339 2910 ἦν
365 2839 552 2902 αὐτὸς,
577 2840 674 2892 καὶ
699 2840 800 2892 οὐκ
826 2833 893 2910 ἦν
915 2837 1076 2900 αὐτός
1101 2855 1115 2903 ;
1158 2835 1364 2891 Οὐκοῦν
1395 2840 1451 2890 ὲν
1485 2837 1695 2900 τούτοις
1723 2839 1859 2890 ἀπο-

277 2927 506 2999 ροῦντας
539 2929 686 3000 ὑμᾶς
707 2929 920 3000 ἀνάγκη
955 2927 1141 2982 λοιπὸν
1172 2927 1373 2998 λέγειν,
1409 2923 1516 2980 Ἦν
1561 2945 1692 2981 ποτε
1731 2927 1862 3000 χρό⁴

271 3037 380 3084 νος.
407 3022 500 3074 ὅτε
530 3021 632 3074 οὐκ
664 3016 732 3091 ἦν
761 3023 789 3073 6
815 3020 1019 3089 Λόγος*
1077 3019 1236 3074 τοῦτο
1269 3021 1378 3092 γὰρ
1415 3017 1575 3088 φύσει
1621 3019 1732 3091 (19)
1769 3036 1862 3090 ση-

275 3113 458 3181 μαίνει
487 3113 584 3165 καὶ
607 3113 736 3166 αὐτὸ
762 3113 824 3166 τὸ
849 3112 994 3166 ποτέ
1037 3112 1192 3184 ὑμῶν
1226 3113 1533 3184 ὲπίρῤημα.
1579 3113 1690 3166 Καὶ
1721 3114 1858 3184 ὅπερ

265 3203 326 3258 δὲ
376 3205 540 3259 πάλιν
586 3205 890 3276 γράφοντες
931 3206 1214 3277 εἰρήκατε,
1245 3207 1358 3260 Οὐκ
1384 3200 1452 3277 ἦν
1501 3205 1530 3258 6
1555 3204 1683 3268 Υἱὸς
1726 3207 1855 3276 πρὶν

267 3296 508 3369 γεννηθῇ
549 3297 688 3368 (ΞΟ),
739 3297 936 3352 ταυτόν
975 3300 1092 3351 ἐστι
1131 3297 1312 3366 λέγειν
1354 3298 1534 3368 ὑμᾶς,
1564 3293 1674 3350 Ἦν
1723 3315 1854 3351 ποτε

267 3388 358 3444 ὅτε
382 3392 486 3444 οὐκ
521 3386 588 3462 ’ἦν
609 3409 622 3420 ·
653 3390 846 3461 χρόνον
872 3391 980 3462 γὰρ
1009 3387 1146 3444 εἶναι
1179 3392 1400 3444 κάκεῖνο
1433 3391 1528 3444 καὶ
1553 3389 1712 3444 τοῦτο
1749 3392 1856 3462 πρὸ

268 3481 362 3534 τοῦ
388 3481 566 3550 Λόγου
599 3483 875 3552 σημαίνει.
911 3483 1082 3536 Πόθεν
1111 3478 1206 3536 οὖν
1249 3485 1378 3554 ὑμῖν
1412 3482 1700 3555 ἐξεύρηται
1741 3483 1854 3555 (21)

271 3573 476 3638 suum;
521 3573 638 3626 Ἵνα
671 3573 724 3626 τί
769 3573 862 3626 καὶ
898 3575 1054 3644 ὑμεῖς
1077 3614 1092 3639 ,
1127 3573 1202 3638 ὡς
1235 3573 1303 3628 τὰ
1336 3575 1486 3646 ἔθνη,
1530 3574 1856 3647 ὲφρυάξατε,

273 3667 366 3720 καὶ
418 3665 682 3736 μελετᾶτε
735 3666 870 3720 κενὰ
919 3666 1152 3734 λεξείδια
1185 3667 1328 3722 κατὰ
1371 3669 1466 3723 τοῦ
1507 3669 1711 3741 Κυρίου
1763 3672 1858 3724 καὶ

273 3759 410 3813 κατὰ
463 3759 562 3813 τοῦ
591 3759 830 3831 Χριστοῦ
885 3761 1084 3827 αὐτοῦ;
1116 3763 1358 3832 Οὐδεμία
1395 3764 1504 3835 γὰρ
1549 3765 1658 3818 τῶν
1688 3767 1858 3836 ἁγίων

275 3851 313 3903 Γ
317 3851 506 3922 ραιρῶν
529 3850 770 3904 τοιοῦτόν
798 3869 850 3904 τι
883 3853 1010 3923 περὶ
1039 3853 1132 3906 τοῦ
1166 3851 1418 3926 Σωτῆρος
1447 3853 1688 3926 εἴρηκεν,
1722 3857 1860 3912 ἀλλὰ

275 3939 476 4010 μᾶλλον
507 3940 568 3992 τὸ
592 3941 700 4002 ἀεὶ,
730 3941 792 3992 τὺ
825 3941 991 3994 ἀΐδιον
1023 3940 1156 4014 (‘29.),
1186 3945 1280 3997 καὶ
1309 3945 1370 3997 τὸ
1405 3947 1641 4000 συνεῖναι
1669 3947 1756 4000 ἀεὶ
1780 3947 1862 4020 τῷ

271 4030 472 4102 Πατρί.
537 4032 642 4085 Ἐν
687 4031 846 4102 ἀρχῇ
887 4033 998 4104 γὰρ
1034 4031 1114 4105 ἦν
1144 4039 1177 4089 ό
1211 4037 1400 4106 Λόγος
1423 4076 1438 4100 ,
1474 4037 1574 4091 καὶ
1605 4042 1638 4092 ό
1667 4040 1860 4109 Λόγος

271 4119 354 4195 ἦν
387 4125 541 4194 πρὸς
571 4125 680 4180 τὸν
715 4127 884 4192 Θεὸν,
913 4129 1012 4182 καὶ
1049 4129 1194 4196 Θεὸς
1219 4127 1298 4202 ἦν
1323 4135 1356 4185 ό
1401 4133 1612 4202 Λόγος.
1657 4135 1764 4188 Καὶ
1801 4137 1860 4188 ὲν

275 4219 340 4289 τῇ
395 4217 764 4288 Ἀποκαλύψει
795 4219 918 4272 τάδε
958 4221 1138 4288 λέγει·
1187 4222 1240 4274 '0
1275 4221 1360 4276 ὢν
1385 4224 1484 4276 καὶ
1512 4227 1544 4278 ό
1576 4220 1657 4294 ἦν
1693 4225 1792 4278 καὶ
1825 4229 1859 4280 ό

273 4308 623 4377 ἐρχόμενος.
649 4307 756 4362 Τοῦ
782 4310 840 4363 δὲ
859 4311 887 4362 6
919 4309 1106 4365 ὤνκαὶ
1132 4313 1224 4365 τοῦ
1253 4308 1362 4385 ὁῆν
1397 4315 1481 4378 τίς
1512 4314 1578 4368 ἂν
1608 4316 1860 4384 ἀφέλοιτο

273 4401 366 4454 τὴν
387 4403 562 4456 αῒδιον
603 4401 748 4473 (2'));
783 4403 952 4457 Τοῦτο
970 4405 1079 4475 γὰρ
1112 4405 1207 4458 καὶ
1237 4409 1264 4459 ὁ
1299 4405 1509 4471 Παῦλος
1543 4411 1599 4462 ὲν
1625 4413 1690 4480 τῇ
1723 4411 1860 4482 πρὸς

289 4492 594 4563 Ῥωμαίους
633 4493 918 4557 Ἰουδαίους
951 4495 1050 4565 μὲν
1083 4494 1280 4566 ἤλεγχε
1325 4497 1582 4568 γράφων·
1633 4499 1729 4564 Ἐξ
1773 4495 1862 4554 ὧν

279 4587 314 4638 ὁ
336 4587 590 4654 Χριστὸς
615 4587 680 4640 τὸ
708 4591 856 4640 κατὰ
876 4587 1091 4654 σάρκα,
1130 4592 1162 4642 ό
1194 4587 1280 4642 ὢν
1307 4591 1406 4643 ἐπὶ
1445 4590 1685 4644 πάντων
1715 4592 1862 4658 Θεὸς

281 4677 608 4745 εὐλογητὸς
639 4680 726 4743 εἰς
743 4677 885 4743 τοὺς
913 4675 1130 4744 αἰῶνας
1149 4697 1163 4710 ·
1195 4679 1462 4751 ’Έλληνας
1492 4681 1550 4734 δὲ
1583 4683 1861 4754 ἐντρέπων

277 4769 462 4840 ἑλεγεσ
497 4772 574 4826 Τὰ
598 4771 710 4840 γὰρ
739 4771 964 4840 ἀόρατα
982 4771 1168 4826 αὑτοῦ
1197 4773 1316 4827 ἀπὸ
1346 4776 1598 4842 κτίσεως
1628 4777 1860 4846 κόσμου

281 4861 402 4930 τοῖς
425 4863 718 4933 ποιήμασι
753 4865 1052 4933 νοούμενα
1089 4865 1445 4935 καθορᾶται,
1496 4869 1534 4936 ἢ
1572 4885 1636 4922 τε
1670 4870 1862 4937 ἀΐδιος

1964 1933 2116 1979 rente
2141 1965 2158 1992 ,
2219 1924 2389 1980 fuisse
2429 1928 2754 1997 aliquando,
2790 1945 2914 1984 cum
2957 1947 3066 1985 non
3121 1941 3267 1987 esset
3317 1931 3495 1987 Filius
3529 1951 3544 1988 :

1965 2035 2088 2074 nam
2125 2021 2230 2075 hoc
2253 2021 2490 2090 primum
2515 2025 2680 2078 vestri
2707 2025 3002 2080 commenti
3033 2026 3214 2081 velum
3247 2027 3542 2082 detrahen-

1961 2112 2090 2167 dum
2119 2121 2220 2168 est.
2257 2111 2396 2179 Quid
2423 2129 2554 2185 ergo
2590 2115 2694 2170 fuit
2727 2117 3044 2186 aliquando,
3073 2133 3199 2172 cum
3233 2117 3404 2174 Filius
3429 2132 3538 2174 non

1961 2205 2144 2260 esset?
2168 2219 2294 2260 nam
2331 2206 2446 2262 haec
2481 2217 2660 2262 vestra
2709 2217 2839 2263 sunt
2883 2209 3070 2272 verba,
3103 2224 3138 2262 ο
3169 2209 3445 2263 maledicti
3493 2219 3547 2262 et

1963 2296 2134 2364 impii.
2180 2295 2236 2350 Si
2267 2295 2480 2351 Patrem
2505 2313 2628 2354 esse
2667 2299 3029 2368 respondetis,
3055 2298 3230 2368 major
3258 2307 3438 2354 vestra
3463 2309 3548 2352 est

1963 2387 2216 2455 impietas
2244 2405 2258 2441 :
2285 2387 2442 2442 nefas
2473 2389 2674 2459 quippe
2701 2399 2782 2444 est
2805 2392 2872 2446 de
2897 2391 2990 2445 illo
3027 2391 3228 2454 dicere,
3251 2390 3546 2460 aliquando

1963 2477 2084 2542 fuit,
2117 2480 2202 2533 vel
2229 2481 2480 2534 eumdem
2501 2497 2658 2544 voce,
2683 2482 2998 2550 aliquando,
3027 2483 3356 2553 signiﬁcare.
3382 2481 3552 2538 Nam-.

1962 2587 2070 2642 que
2101 2580 2156 2626 et
2181 2587 2396 2641 semper
2438 2585 2490 2628 ct
2516 2589 2664 2628 nunc
2696 2583 2798 2638 est,
2829 2584 2884 2628 et
2919 2575 3059 2630 Filio
3095 2575 3393 2630 exsistente
3419 2584 3548 2630 est:

1961 2664 2078 2732 ipse
2108 2671 2191 2718 est
2217 2665 2310 2733 qui
2343 2675 2448 2728 est,
2483 2675 2538 2720 et
2575 2665 2695 2720 Filii
2737 2665 2920 2724 Pater.
2954 2667 3010 2721 Si
3041 2683 3170 2722 vero
3203 2667 3548 2737 respondetis

1959 2757 2158 2813 Filium
2187 2758 2358 2814 fuisse
2395 2760 2690 2830 aliquando
2725 2775 2844 2815 cum
2875 2761 2989 2830 ipse
3027 2775 3132 2814 non
3158 2769 3344 2826 esset,
3381 2760 3548 2814 stulta

1961 2847 2204 2917 profecto
2228 2857 2281 2903 et
2313 2847 2462 2903 l'atua
2486 2861 2572 2904 est
2595 2851 2905 2919 responsio.
2961 2849 3096 2904 Nam
3135 2851 3231 2921 qui
3273 2850 3386 2906 ﬁeri
3437 2865 3540 2920 poo

1963 2947 2070 2994 test
2103 2949 2164 2994 ut
2196 2947 2252 2996 et
2277 2940 2392 3010 ipse
2415 2950 2580 3005 esset,
2606 2951 2659 2996 et
2687 2943 2830 2996 idem
2860 2944 2976 3014 ipse
3003 2958 3110 2996 non
3137 2942 3321 2998 esset?
3362 2941 3552 3012 Itaque

1961 3032 2272 3086 necessario
2324 3041 2494 3088 restat
2557 3043 2616 3088 ut
2666 3035 2756 3088 hic
2801 3035 3117 3090 haesitantes
3166 3035 3550 3106 respondeatis

1964 3123 2132 3180 fuisse
2179 3125 2474 3195 aliquando
2519 3135 2733 3198 tempus
2777 3143 2902 3182 cum
2949 3143 3058 3184 non
3105 3139 3248 3184 esset
3282 3127 3546 3184 Verbum.

1962 3217 2078 3273 Hoc
2101 3219 2248 3274 enim
2271 3230 2512 3274 vestrum
2539 3219 2861 3276 adverbium
2882 3263 2896 3288 ,
2937 3223 3246 3292 aliquando,
3277 3224 3327 3278 id
3380 3239 3446 3278 ex
3491 3237 3550 3278 se

1963 3309 2251 3380 signiﬁcat.
2289 3310 2442 3377 Quod
2495 3313 2622 3366 item
2653 3328 2848 3369 rursus
2880 3314 3216 3384 scripsistis:
3255 3313 3374 3368 Non
3427 3323 3548 3370 erat

1963 3399 2136 3456 Filius
2165 3403 2485 3474 priusquam
2519 3415 2877 3472 nasceretur,
2921 3405 3062 3460 idem
3099 3406 3326 3460 omnino
3371 3414 3456 3462 est
3484 3421 3550 3460 ac

1963 3493 2095 3548 illud
2121 3495 2264 3563 quod
2293 3494 2513 3552 dicitis:
2541 3495 2666 3552 Fuit
2693 3498 3010 3568 aliquando,
3048 3513 3174 3553 cum
3209 3513 3320 3552 non
3352 3505 3498 3553 esset
3531 3517 3546 3552 :

1965 3585 2230 3656 siquidem
2260 3596 2488 3657 uterque
2523 3589 2779 3658 loquendi
2807 3590 3002 3644 modus
3026 3603 3241 3659 tempus
3263 3599 3389 3644 ante
3415 3589 3551 3643 Ver-

1965 3677 2094 3732 bum
2123 3693 2248 3734 esse
2269 3679 2493 3735 indicat.
2523 3679 2808 3736 Undenam
2847 3683 3010 3754 igitur
3033 3683 3148 3738 haec
3171 3699 3201 3737 a
3225 3683 3382 3738 vobis
3421 3692 3552 3736 sunt

1963 3772 2302 3841 excogitata?
2340 3770 2412 3828 Ut
2441 3775 2572 3844 quid
2617 3784 2668 3830 et
2711 3791 2830 3840 vos,
2864 3785 3124 3845 tanquam
3171 3785 3392 3846 gentes,
3439 3772 3552 3828 fre-

1967 3865 2205 3933 muistis,
2243 3875 2299 3921 et
2339 3867 2530 3921 inanes
2575 3868 2799 3923 voculas
2848 3867 3112 3923 adversus
3161 3866 3454 3921 Dominum
3495 3873 3552 3920 et

1965 3957 2254 4012 adversum
2277 3957 2558 4014 Christum
2594 3961 2714 4031 ejus
2742 3960 3082 4014 meditamini
3107 3959 3190 4014 '3?
3214 3958 3372 4013 Nulla
3400 3959 3548 4014 enim

1965 4046 2020 4100 in
2049 4055 2204 4117 parte
2231 4057 2547 4104 sanctarum
2602 4041 3178 4120 Scripturarum'tale
3230 4049 3436 4120 aliquid
3479 4049 3550 4104 de

1967 4138 2251 4194 Salvatore
2283 4149 2484 4208 exstat,
2511 4141 2602 4196 sed
2631 4143 2814 4212 potius
2837 4158 2902 4196 ex
2938 4142 3048 4198 illis
3079 4143 3430 4213 perspicuum
3463 4151 3549 4198 est

1968 4232 2358 4300 sempiternum
2382 4249 2506 4287 eum
2529 4242 2585 4287 et
2605 4244 2864 4288 aeternum
2889 4249 3029 4301 esse,
3066 4249 3390 4305 semperque
3419 4249 3546 4290 cum

1965 4323 2126 4380 Patre
2151 4326 2446 4383 exsﬁtisse.
2486 4325 2619 4380 Nam
2655 4326 2722 4380 In
2765 4329 3028 4397 principio
3061 4338 3174 4382 erat
3239 4327 3466 4382 Verbum
3495 4337 3546 4382 et

1979 4415 2201 4470 Verbth
2240 4427 2354 4470 erat
2388 4419 2529 4486 apud
2559 4419 2728 4474 Deam
2762 4430 2808 4474 et
2859 4419 2998 4474 Deus
3054 4431 3168 4474 erat
3223 4419 3444 4474 Verbum
3475 4419 3546 4472 “.

1892 4529 1938 4586 ῃ
1968 4508 2030 4562 Et
2058 4511 2110 4564 in
2145 4511 2470 4581 Apocalypsi
2503 4512 2618 4566 haec
2644 4513 2944 4567 habentur:
2977 4513 3196 4578 Quiest,
3220 4514 3468 4582 quierat,
3493 4523 3544 4566 et

1961 4602 2315 4672 quiventurus
2341 4614 2419 4658 est
2453 4606 2520 4660 ’³.
2553 4605 2687 4671 Quis
2715 4617 2893 4661 autem
2925 4608 3281 4662 aeternitatem
3313 4607 3358 4661 ei
3384 4647 3398 4670 ,
3449 4608 3542 4676 qui

1964 4703 2066 4758 est,
2095 4705 2148 4748 et
2177 4697 2268 4765 qui
2314 4705 2450 4762 erat,
2481 4700 2654 4768 possit
2685 4701 3007 4756 detrahere?
3047 4700 3138 4756 Sic
3169 4701 3314 4755 enim
3345 4709 3399 4753 et
3428 4699 3544 4768 ipse

1965 4782 2188 4850 Paulus,
2207 4783 2499 4841 ntJudaeos
2525 4789 2893 4854 convinceret,
2913 4789 2966 4843 in
2989 4789 3228 4861 Epistola
3249 4789 3316 4842 ad
3335 4789 3538 4840 Roma-

1965 4889 2066 4930 nos
2092 4877 2310 4945 scripsit
2335 4895 2350 4933 :
2393 4877 2479 4932 Ea:
2507 4879 2696 4951 quibus
2728 4881 2972 4936 Christus
2995 4883 3282 4937 secundum
3305 4895 3537 4945 carnem,

346 5007 390 5037 ³³
427 5003 619 5060 Matth.
651 5023 788 5074 xvn,
824 5007 878 5062 5.
956 5006 1001 5038 ”
1039 5007 1184 5064 Psal.
1213 5025 1274 5074 ιι,
1301 5009 1352 5062 1.
1429 5009 1475 5041 ’⁸
1513 5006 1672 5063 Joan.
1723 5025 1762 5074 ι,
1805 5011 1856 5063 1.

1967 5013 1982 5044 ⁵
2019 5015 2191 5086 Apoc.
2239 5032 2278 5082 ι,
2313 5017 2366 5071 4.

349 5161 460 5228 (11)
501 5163 792 5232 Ὄτιόοεει
811 5161 864 5216 in
891 5161 1114 5232 Seguer.
1137 5165 1355 5222 Gobler.
1382 5177 1436 5222 et
1461 5166 1772 5223 Felckman.
1797 5170 1846 5223 1.

502 5231 826 5308 §_egqerian.
853 5234 930 5308 ᾡς
951 5231 1223 5308 ἀλλότρια.

348 5304 454 5375 (15)
495 5302 846 5375 ξὶοὸθευετ.
879 5306 932 5357 In
970 5309 1091 5362 aliis
1115 5302 1270 5362 'deest
1296 5311 1464 5361 ἐστιν.

280 5373 456 5496 M11
497 5373 726 5446 Seguer.
751 5377 1164 5449 ὲπισπείροντα,
1195 5377 1248 5433 e't
1279 5381 1444 5449 paulo
1471 5389 1612 5450 post,
1649 5379 1854 5434 ὑποϐα-

498 5516 666 5573 Basil.
704 5517 988 5582 ἀπονοίας,
1023 5528 1162 5574 utet
1197 5520 1358 5575 habet
1386 5520 1600 5591 Anglic.
1625 5521 1677 5574 in
1709 5537 1856 5576 mar-

245 5663 264 5694 i:-
285 5595 456 5732 ειςξῗξξ)
493 5656 720 5732 §eguer.
755 5657 1065 5732 prler._et
1089 5657 1269 5732 Felek.
1309 5659 1360 5724 1,
1387 5664 1420 5732 ἠ
1451 5661 1754 5732 δυσφημίαι.

325 5723 454 5808 ,(Ιῗ)
497 5723 728 5852 δεξυθτ.
765 5729 928 5782 Ἔστι
949 5730 1056 5802 γὰρ
1088 5731 1174 5784 ἀεὶ
1201 5733 1292 5784 καί
1319 5723 1420 5786 νῦν¹
1452 5723 1588 5796 ἐστι’,
1618 5723 1729 5786 ’καὶ
1753 5736 1853 5787 αὐ-

283 5807 364 5858 τος
398 5799 538 5852 ἐστιν
643 5797 745 5853 ὥν.
783 5799 1004 5856 Gobler.
1033 5811 1088 5856 et
1127 5800 1309 5858 Felck.
1357 5803 1410 5858 1.
1449 5803 1736 5858 σημαίνειν
1759 5806 1853 5858 αὑ·-

643 5797 745 5853 ὥν.
783 5797 1004 5856 Gobler.
1029 5797 1088 5856 et
1127 5800 1309 5858 Felck.
1357 5803 1410 5868 1,
1449 5803 1736 5875 σημαίνειν
1759 5806 1858 5858 αὐα-

1958 5169 2068 5233 16v,
2097 5171 2190 5224 καὶ
2221 5171 2316 5224 νῦν
2351 5173 2517 5232 ἐστιν,
2553 5175 2647 5228 καὶ
2679 5176 2842 5239 αὐτός
2869 5179 3014 5229 ἐστιν
3041 5175 3070 5226 6
3091 5173 3186 5228 ὧν.

2187 5241 2278 5314 Sic
2315 5241 2542 5314 Seguer.
2571 5247 2629 5298 In
2671 5249 2834 5300 editis
2863 5257 2914 5299 et
2945 5247 3088 5306 aliis,
3120 5245 3272 5300 deest
3300 5245 3464 5301 ἐστιν.

2061 5313 2141 5384 l9)
2185 5311 2411 5384 Segueri
2443 5314 2664 5370 Gobler.
2695 5325 2749 5370 et
2775 5315 3014 5370 Felckm.
3051 5317 3105 5376 1,
3142 5315 3324 5384 φύσιν.

2053 5381 2144 5457 29)
2188 5381 2344 5457 l_{e'g.,
2371 5385 2598 5457 γενῃθῇ,
2635 5385 2884 5457 δαμείη,
2913 5381 3229 5457 γενηθῆναι.

2191 5451 2417 5530 Seguer.
2451 5451 3053 5530 G'obler._et_Felcli.At,
3089 5451 3432 5530 ἕξεύρηνται.

2035 5523 2160 5602 (ἓξ),
2190 5525 2533 5602 SjcSeguer.
2569 5536 2622 5579 et
2661 5525 2862 5596 Regius
2897 5527 3088 5582 codex.
3121 5523 3190 5582 At
3220 5523 3374 5596 editi,
3407 5527 3542 5602 uiit-

1968 5591 2058 5646 λον
2085 5591 2172 5647 ἀεὶ
2193 5595 2254 5647 τὸ
2281 5591 2471 5650 ἀΐδιον.

2035 5664 2508 5736 (ἓὸλδεευθι-ἰοη.
2533 5673 2586 5719 ct
2612 5664 2744 5736 Reg.
2774 5665 2962 5736 ἀφέλοι
2986 5669 3044 5722 τὸ
3067 5670 3256 5724 ἀΐδιον.
3291 5669 3414 5725 Mox
3443 5668 3542 5726 ὃν

1963 5733 2366 5805 guer.Gobler.
2401 5745 2456 5792 ct
2484 5735 2720 5791 Felckm.
2761 5733 3061 5804 1,’Τοι5τοις
3087 5740 3196 5811 γὰρ
3221 5741 3334 5794 καί.
