3972 6224
400 339 469 392 55
970 337 1028 392 S.
1071 333 1438 395 ATHANASII
1481 336 1633 397 OPP.
1674 335 1857 396 PARS
1898 337 1936 394 ί.

2030 369 2046 378 -
2085 330 2459 395 HISTORTCA
2496 331 2585 390 ET
2626 321 3048 394 DOGMATICA.
3247 344 3253 349 '
3602 342 3671 397 se

397 433 488 503 qui
514 439 593 484 est
615 446 773 501 super
804 433 986 487 omnia
1014 431 1152 489 Deus
1199 434 1497 491 benedictus
1524 438 1580 491 in
1609 437 1777 509 328
1811 452 1964 493 saecu-

2079 434 2265 489 αὑτοῦ
2297 433 2554 502 δύναμις
2580 432 2677 486 καὶ
2704 433 2953 501 θειότης.
2974 433 3069 497 Τίς
3096 432 3153 487 δὲ
3180 433 3212 505 ὴ
3235 432 3329 486 τοῦ
3358 432 3493 487 Θεοῦ
3517 434 3663 489 δύνα-

396 522 453 576 ia
480 523 546 578 ".
575 520 715 577 Cum
743 522 872 578 item
900 525 1129 594 gentiles
1173 527 1502 593 confutaret,
1530 529 1607 584 ait
1633 547 1646 583 :
1677 528 1977 583 Invisibilia

395 613 537 666 enim
577 614 744 682 ipsius
773 630 840 668 ea:
878 618 1146 672 creatione
1191 619 1408 688 mundi,
1459 636 1551 690 per
1591 636 1655 674 ea
1682 635 1802 691 qua:
1833 620 1978 689 facta

396 716 552 767 sunt,
599 705 870 760 intellecta
924 708 1325 777 conspiciuntur
1353 748 1370 775 ,
1411 710 1731 778 sempiterna
1776 725 1978 780 quoque

395 796 509 857 eius
544 797 713 852 uirtus
741 808 791 852 et
820 800 1077 855 diuinitas
1117 802 1184 855 ⁸⁷.
1224 801 1358 869 Quae
1384 819 1514 858 vero
1537 804 1610 859 sit
1639 804 1817 858 virtus
1843 802 1976 871 Dei,

396 889 539 944 idem
570 890 768 945 iterum
792 892 879 947 bis
920 893 1102 949 verbis
1129 894 1309 963 docet,
1355 893 1604 950 Christus
1658 894 1754 949 Dei
1812 896 1977 949 virtus

395 989 446 1036 et
472 980 572 1036 Dei
621 984 885 1053 sapientia
913 984 980 1039 ³⁸.
1020 982 1131 1043 Nec
1161 986 1307 1042 enim
1351 987 1457 1041 hoc
1505 985 1559 1039 in
1590 985 1713 1041 loco
1761 983 1976 1040 Patrem

395 1075 570 1130 voluit
607 1075 951 1146 signiﬁcare,
996 1088 1056 1133 ut
1105 1078 1294 1135 soletis
1339 1079 1481 1133 inter
1533 1092 1631 1133 vos
1683 1077 1974 1143 dictitare,

395 1170 607 1226 aientes
633 1187 649 1225 :
678 1170 842 1227 Pater
864 1188 964 1229 sua
987 1173 1160 1243 ipsius
1176 1181 1261 1229 est
1285 1173 1615 1244 sempiterna
1644 1172 1837 1227 virtus.
1856 1169 1975 1225 Non

394 1260 471 1316 ita
509 1277 645 1319 sane
666 1271 770 1318 est.
795 1261 906 1320 Nec
928 1265 1076 1319 enim
1113 1265 1268 1332 dixit,
1296 1266 1415 1335 ipse
1461 1264 1609 1321 Deus
1648 1273 1733 1319 est
1756 1264 1928 1318 virtus
1957 1305 1972 1330 ,

392 1352 520 1417 sed,
571 1354 692 1424 ejus
738 1365 823 1410 est
873 1356 1070 1412 virtus.
1123 1354 1338 1412 Nemini
1370 1371 1535 1427 porro
1557 1356 1783 1412 dubium
1814 1355 1977 1411 fuerit

392 1445 524 1514 quin
562 1444 638 1510 id,
668 1446 814 1515 quod
839 1446 958 1516 ejus
1003 1456 1109 1511 est,
1140 1462 1250 1502 non
1302 1447 1447 1503 idem
1502 1448 1574 1503 sit
1609 1447 1757 1518 quod
1811 1448 1924 1515 ipse
1955 1467 1970 1503 :

391 1549 496 1592 nec
526 1543 704 1592 tamen
731 1537 834 1594 hoc
863 1538 1041 1608 ipsum
1067 1539 1137 1594 ab
1166 1554 1233 1594 eo
1265 1548 1348 1595 est
1379 1539 1643 1607 alienum,
1674 1541 1768 1596 sed
1789 1541 1971 1611 potius

2087 543 2198 597 μις,
2251 526 2422 590 αὐτὸς
2477 523 2637 577 πάλιν
2694 523 2934 578 διδάσκει
2994 524 3106 594 (21)
3165 524 3370 593 λέγων·
3418 528 3670 594 Χριστὸς

2086 620 2234 674 Θεοῦ
2256 619 2535 690 δύναμις,
2557 618 2656 671 καὶ
2682 619 2829 671 Θεοῦ
2852 618 3059 686 σοφία.
3085 618 3158 671 οὐ
3190 618 3301 691 γὰρ
3326 618 3391 690 δὴ
3413 619 3572 673 τοῦτο
3593 619 3671 673 λέ-

2083 728 2196 781 γων
2227 711 2319 766 τὸν
2350 709 2576 781 Πατέρα
2611 710 2885 780 σημαίνει,
2916 709 2993 772 ὡς
3029 709 3289 774 πολλάκις
3332 711 3470 783 πρὸς
3507 711 3674 784 am;-

2082 804 2205 870 λους
2235 805 2344 878 (25)
2388 802 2741 876 ἐψιοκυρίσατε
2805 801 3083 873 λέγοντες·
3121 803 3179 857 ὐ
3206 804 3397 875 Πατήρ
3443 806 3590 861 ἐστιν
3638 806 3671 876 ή

2082 898 2251 963 ἀΐδιος
2283 898 2448 951 αὐτοῦ
2504 894 2752 965 δύναμις.
2790 896 2905 952 Οὐκ
2934 896 3050 951 ἔστι
3095 898 3153 951 δὲ
3190 897 3396 961 οὕτως·
3443 898 3504 952 οὐ
3560 897 3671 970 γὰρ

2073 990 2322 1065 εἴρηκεν,
2351 990 2514 1054 αὐτὸς
2549 990 2579 1044 ὁ
2612 987 2744 1051 Θεός
2783 989 2931 1044 ἐστιν
2970 992 3004 1060 ἡ
3043 989 3306 1061 δύναμις·
3344 989 3458 1047 ἀλλ’
3502 988 3668 1044 αὐτοῦ

2081 1084 2229 1136 ἐστιν
2259 1084 2294 1153 ή
2326 1082 2575 1154 δύναμις.
2610 1078 2851 1152 Εὔδηλον
2883 1081 2940 1138 δὲ
2971 1082 3133 1136 πᾶσίν
3158 1085 3326 1147 ἐστιν,
3362 1083 3439 1146 ὡς
3474 1081 3536 1134 τὸ
3567 1081 3667 1135 αὑ-

2075 1172 2171 1227 τοῦ
2218 1173 2331 1246 (26)
2382 1176 2483 1228 οὐκ
2511 1175 2656 1231 ἔστιν
2681 1173 2879 1238 αὐτὸς,
2924 1174 3039 1228 ἀλλ’
3060 1174 3179 1228 οὐδὲ
3213 1172 3360 1241 ξένον
3385 1213 3401 1239 ,
3452 1174 3581 1229 ἴδιον
3610 1175 3668 1231 δὲ

2080 1264 2280 1336 μᾶλλον
2308 1266 2497 1322 αὐτοῦ.
2532 1268 2841 1337 Ἀνάγνωτε
2872 1265 3043 1323 δὲκαὶ
3065 1265 3161 1337 τὴν
3202 1265 3524 1326 ἀκολουθίαν
3556 1267 3666 1323 τῶν

2081 1358 2342 1429 ῥημάτων
2373 1360 2509 1432 (27),
2536 1361 2628 1415 καὶ
2660 1357 3031 1433 ἐπιστρέψατε
3061 1358 3197 1429 πρὸς
3221 1358 3424 1431 Κύριον
3448 1374 3460 1388 ·
3496 1360 3580 1432 ('0
3595 1357 3667 1413 δὲ

2075 1452 2293 1520 Κύριος
2313 1451 2379 1506 τὸ
2407 1451 2653 1523 Πνεῦμά
2674 1453 2806 1509 ἐστι
2826 1452 2874 1523 ο)
2914 1450 3009 1506 καὶ
3033 1449 3228 1520 ὄψεσθε
3258 1451 3386 1521 περὶ
3415 1449 3508 1504 τοῦ
3532 1448 3661 1504 Υίοῦ

2073 1541 2214 1599 εἶναι
2246 1546 2307 1601 τὸ
2343 1548 2759 1620 σημαινόμενον.

390 1626 513 1698 ejus
540 1630 820 1700 proprium
879 1638 987 1687 est.
1047 1628 1250 1686 Verum
1299 1631 1461 1702 legite
1494 1648 1617 1702 quae
1673 1643 1862 1704 postea
1914 1647 2261 1707 sequuntur,
2330 1648 2385 1694 et
2455 1641 2832 1697 convertimini
2894 1640 2960 1698 ad
3009 1635 3324 1700 Dominum,
3381 1635 3661 1707 (Dominus

389 1732 569 1779 autem
594 1723 826 1794 Spiritus
853 1736 931 1780 est
960 1727 1026 1798 ²¹³)
1057 1726 1298 1797 illudque
1321 1726 1389 1781 de
1417 1726 1555 1782 Filio
1586 1727 1812 1800 intelligi
1830 1727 1990 1784 facile
2026 1733 2388 1802 perspicietis.

458 1814 549 1872 12.
589 1812 794 1884 Nempe
826 1825 1115 1886 postquam
1145 1815 1440 1871 creationis
1466 1816 1824 1884 meminisset,
1846 1818 1963 1872 val-

2139 1821 2225 1877 12.
2269 1824 2406 1896 Περὶ
2424 1823 2533 1896 γὰρ
2562 1823 2666 1894 τῆς
2689 1825 2919 1888 κτίσεως
2938 1821 3320 1896 μνημονεύων,
3348 1819 3658 1885 ἀκολούθως

385 1907 456 1962 de
486 1916 853 1979 congruenter
883 1907 951 1963 de
980 1906 1193 1977 opiﬁcis
1227 1907 1281 1961 in
1315 1907 1434 1977 ipsa
1467 1908 1743 1963 creatione
1770 1909 1972 1964 virtute

384 1999 658 2070 loquitur,
707 2015 830 2071 quae
884 1998 1107 2070 quidem
1138 1999 1314 2056 virtus
1358 1998 1597 2056 Verbum
1633 2009 1718 2057 est
1751 2000 1845 2057 Dei
1873 2017 1969 2072 per

382 2094 531 2163 quod
563 2094 750 2148 omnia
776 2090 921 2147 facta
955 2100 1105 2147 sunt.
1154 2091 1211 2146 Si
1255 2092 1423 2163 igitur
1447 2108 1631 2147 rerum
1656 2101 1964 2148 creatarum

383 2195 578 2239 natura
609 2185 779 2239 Deum
830 2201 902 2241 ex
957 2200 1019 2241 se
1062 2184 1178 2240 sola
1215 2184 1335 2239 sine
1363 2183 1505 2239 Filio
1551 2185 1728 2257 possit
1771 2194 1965 2242 notum

380 2274 562 2331 facere
579 2318 593 2343 ,
621 2277 797 2332 videte
822 2293 892 2333 ne
915 2277 1110 2342 ruatis,
1140 2278 1472 2333 arbitrantes
1497 2278 1662 2334 etiam
1687 2280 1806 2335 sine
1823 2278 1965 2333 Filio

380 2368 528 2423 illam
561 2384 686 2425 esse
715 2370 938 2425 factam.
964 2369 1022 2425 Si
1057 2385 1223 2441 porro
1250 2370 1436 2426 omnia
1471 2386 1567 2441 per
1591 2370 1792 2427 Filium
1818 2373 1964 2428 facta

377 2468 509 2517 sunt
531 2471 587 2517 et
616 2462 671 2517 in
701 2477 766 2518 eo
790 2463 1101 2518 consistunt
1128 2481 1142 2517 :
1191 2462 1239 2517 is
1272 2463 1364 2533 qui
1396 2463 1498 2517 rite
1523 2472 1761 2519 creatam
1797 2472 1961 2520 natu-

375 2566 495 2606 ram
525 2552 759 2608 voluerit
786 2553 1168 2624 contemplari,
1198 2553 1435 2609 Verbum
1463 2570 1680 2627 quoque
1701 2599 1717 2623 ,
1769 2571 1802 2611 a
1850 2572 1962 2629 quo

374 2653 460 2701 est
489 2647 708 2702 condita
738 2647 1046 2704 necessarie
1071 2648 1537 2718 contemplabitur
1556 2690 1574 2717 ,
1635 2663 1700 2704 ac
1743 2646 1960 2704 Patrem

372 2750 471 2804 per
496 2735 674 2805 ipsam
730 2736 1033 2808 intelligere
1086 2737 1330 2808 incipiet.
1369 2735 1525 2803 Quod
1572 2736 1619 2791 si
1654 2736 1958 2792 secundum

374 2821 739 2889 Salvatorem,
774 2824 944 2879 Nemo
971 2826 1113 2880 novit
1148 2825 1365 2881 Patrem
1394 2827 1500 2880 nisi
1535 2824 1710 2879 Filius
1732 2865 1748 2892 ,
1792 2834 1842 2879 et
1871 2826 1958 2879 cui

371 2914 599 2969 uoluerit
629 2914 809 2970 Filius
845 2915 1074 2972 revelare
1138 2917 1222 2985 ³ο,
1283 2917 1331 2972 si
1388 2918 1517 2973 item
1567 2916 1820 2987 Philippo
1872 2916 1961 2971 di-

371 3007 538 3073 centi,
569 3006 797 3063 Ostende
831 3009 981 3063 nobis
1009 3011 1246 3075 Patrem,
1270 3025 1378 3065 non
1411 3008 1710 3079 respondit,
1742 3010 1958 3063 intuere

368 3113 461 3155 res
490 3109 725 3165 creatas,
755 3100 871 3166 sed,
892 3099 997 3164 Qui
1028 3100 1162 3154 vidit
1197 3117 1299 3166 me,
1327 3101 1456 3155 uidit
1481 3099 1702 3154 Patrem
1730 3099 1775 3131 “
1804 3119 1818 3155 :
1857 3099 1955 3154 ad-

369 3197 595 3253 modum
658 3198 1046 3255 convenienter
1110 3197 1315 3255 Paulus
1370 3182 1598 3270 gentiles
1659 3198 1951 3269 increpans
1978 3176 2025 3238 (ἶ

367 3290 513 3360 quod
544 3298 869 3346 concentum
901 3300 957 3345 et
982 3290 1231 3349 ordinem
1264 3307 1448 3347 rerum
1479 3300 1785 3347 creatarnm
1814 3308 1948 3348 con-

368 3381 709 3452 templantes,
744 3383 879 3437 nihil
936 3383 1005 3439 de
1072 3382 1247 3439 Verbo
1291 3399 1483 3440 earum
1513 3384 1709 3454 opitice
1742 3386 1948 3456 cogita-

366 3483 490 3530 rent
515 3474 776 3546 (namque
807 3490 896 3530 res
933 3486 1130 3531 creatze
1155 3492 1316 3532 suum
1347 3477 1592 3532 indicant
1624 3476 1898 3548 Opiﬁcem)
1926 3521 1943 3546 ,

363 3575 424 3621 ut
449 3581 543 3636 per
572 3566 719 3636 ipsas
745 3569 910 3622 etiam
939 3584 1126 3623 verum
1164 3569 1331 3624 Deum
1369 3578 1746 3640 agnoscerent,
1775 3570 1943 3626 absti-

362 3664 664 3726 nerentque
690 3672 721 3711 a
748 3672 931 3713 rerum
965 3666 1277 3713 creatarum
1321 3659 1494 3724 cultu,
1520 3658 1838 3723 admodum,
1862 3659 1946 3712 in-

360 3762 546 3816 quam,
573 3749 963 3804 convenienter
1010 3749 1190 3814 dixit,
1235 3750 1557 3819 sempiterna
1589 3766 1791 3821 quoque
1831 3749 1944 3819 ejus

360 3838 525 3892 uirtus
550 3848 600 3892 et
626 3839 878 3894 divinitas
897 3840 965 3907 ³³,
988 3851 1047 3895 ut
1078 3840 1162 3896 his
1180 3839 1379 3897 Filium
1406 3841 1946 3913 signiticaret.Porro

360 3942 485 3983 cum
520 3929 675 3985 aiunt
702 3931 933 3996 'sancti,
973 3930 1078 3997 Qui
1109 3933 1318 3986 exsistit
1348 3942 1469 3986 ante
1499 3932 1718 3997 saecula,
1748 3941 1804 3988 et
1851 3949 1945 4003 per

359 4034 511 4088 quem
538 4019 661 4088 fecit
688 4021 906 4084 sarcula,
937 4038 1046 4076 non
1073 4023 1257 4079 minus
1280 4022 1479 4077 Filium
1502 4032 1765 4079 aeternum
1798 4039 1943 4080 sem-

361 4114 747 4183 piternumque
778 4114 1096 4184 pradicant,
1120 4130 1358 4186 eumque
1392 4116 1494 4171 hac
1534 4118 1747 4171 ratione
1774 4114 1945 4171 Deum

355 4218 482 4259 esse
531 4203 860 4275 signiﬁcant.
900 4204 1034 4260 Nam
1066 4205 1235 4262 lsaias
1273 4207 1445 4263 dicit:
1499 4207 1638 4262 Deus
1664 4208 1943 4278 sempiter-

356 4312 456 4350 nus
482 4297 573 4368 qui
599 4298 795 4353 ereavit
852 4298 1117 4352 terminos-
1144 4308 1299 4355 terra:
1329 4299 1395 4354 ³³.
1440 4297 1694 4355 Susanna
1724 4313 1943 4368 quoque

356 4388 574 4445 aiebat:
608 4388 748 4443 Deus
794 4391 1105 4459 sempiterne
1134 4390 1199 4446 ”.
1234 4389 1449 4446 Barucb
1506 4391 1636 4445 item
1671 4391 1892 4459 scripsit
1921 4408 1936 4445 :

2070 1912 2273 1984 γράφει
2302 1914 2397 1966 καὶ
2425 1914 2553 1986 περὶ
2576 1915 2678 1984 τῆς
2708 1916 2765 1968 ὲν
2784 1917 2848 1986 τῇ
2879 1915 3165 1969 κτίσειτοῦ
3189 1911 3525 1987 δημιουργοῦ
3545 1912 3658 1984 (28)

2068 2007 2376 2080 δυνάμεως,
2405 2008 2528 2078 ἥτις
2558 2007 2704 2061 ἐστὶν
2730 2008 2758 2060 ὁ
2786 2007 2960 2076 Λόγος
2993 2007 3086 2061 τοῦ
3114 2007 3272 2074 Θεοῦ,
3289 2004 3361 2061 δι’
3392 1999 3453 2058 οὗ
3475 2003 3569 2057 καὶ
3588 2003 3657 2057 τὰ

2069 2101 2248 2154 πάντα
2274 2101 2519 2169 γέγονεν.
2556 2101 2619 2153 Ei
2657 2098 2755 2170 μὲν
2788 2095 2880 2154 οῦν
2916 2100 3199 2173 αὐτάρκης
3228 2097 3444 2168 ἐστὶνιή
3480 2096 3657 2158 κτίσις

2067 2193 2160 2262 ἀφ’
2185 2192 2384 2262 ἑαυτῆς
2440 2193 2607 2264 μόνης
2659 2192 2833 2265 χωρὶς
2859 2190 2992 2246 Υἱοίῦ
3050 2193 3316 2266 γνωρίσαι
3356 2193 3448 2246 τὸν
3496 2187 3651 2249 Θεὸν,

2068 2285 2322 2335 σκοπεῖτε
2353 2282 2429 2355 μὴ
2460 2282 2686 2354 πέσητε,
2717 2284 3032 2354 νομίζοντες
3054 2284 3147 2337 καὶ
3175 2283 3345 2357 χωρὶς
3380 2283 3512 2337 Υἱοῦ
3556 2279 3655 2351 τὴν

2064 2372 2242 2426 κτίσιν
2274 2372 2594 2442 γεγονέναι·
2622 2375 2669 2427 εί
2693 2373 2748 2427 δὲ
2776 2374 2844 2426 δι’
2875 2373 3008 2428 Υἰοῦ
3045 2374 3254 2443 γέγονε,
3283 2375 3376 2428 καὶ
3407 2378 3465 2428 ὲν
3497 2369 3655 2440 αὐτῷ

2063 2465 2131 2520 τὰ
2153 2466 2331 2521 πάντα
2360 2468 2716 2540 συνέστηκεν,
2743 2467 2802 2532 ἐξ
2818 2467 3067 2540 ἀνάγκης
3092 2469 3120 2521 ὀ
3140 2469 3238 2539 τὴν
3270 2468 3448 2522 κτίσιν
3470 2468 3651 2539 ὀρθῶς

2063 2556 2284 2630 θεωρῶν
2315 2558 2510 2629 θεωρεῖ
2538 2559 2634 2613 καὶ
2660 2558 2751 2613 τὸν
2782 2558 2986 2631 ταύτην
3016 2558 3496 2632 δημιουργήσαντα
3539 2559 3645 2613 Λό-

2059 2666 2175 2719 γον,
2207 2651 2300 2704 καὶ
2326 2651 2393 2704 δι’
2410 2651 2575 2705 αὐτοῦ
2588 2651 2678 2705 τὸν
2705 2652 2927 2724 Πατέρα
2941 2656 3081 2705 νοεῖν
3097 2653 3350 2725 ἄρχεται’
3393 2653 3443 2706 εί
3472 2652 3529 2706 δὲ
3550 2654 3647 2705 καὶ

2059 2742 2199 2795 κατᾶ
2228 2743 2319 2795 τὸν
2341 2742 2568 2814 Σωτῆρα
2587 2742 2720 2815 (29),
2757 2744 2967 2810 Οὐδεὶς
2988 2744 3264 2815 γινώσκει
3287 2744 3394 2798 τὸν
3413 2744 3646 2810 Πατέρα

2057 2835 2110 2886 εὶ
2123 2833 2210 2903 μὴ
2239 2837 2272 2888 ὀ
2313 2833 2466 2900 Υἱὸς,
2500 2829 2668 2902 καὶῷ
2695 2835 2772 2889 ἂν
2811 2840 2844 2891 ό
2883 2837 3016 2903 Υἱὸς
3040 2838 3409 2906 ἀποκαλύψῃ
3430 2854 3444 2867 θ
3472 2835 3551 2906 τῷ
3583 2854 3645 2890 τε

2055 2926 2308 2997 Φιλίππῳ
2339 2915 2570 2995 λέγοντι,
2600 2928 2835 2993 ῑΔεῖξον
2882 2930 3028 2999 ἡμῖν
3075 2929 3182 2982 τὸν
3226 2933 3460 2996 Πατέρα
3487 2967 3501 2992 ,
3541 2928 3646 2981 οὐκ

2056 3014 2228 3084 ἔλεγε,
2265 3015 2429 3086 βλέπε
2452 3016 2561 3088 (50)
2596 3018 2695 3089 τὴν
2722 3018 2899 3072 κτίσιν
2919 3059 2933 3084 ,
2975 3018 3091 3072 ἀλλ’
3146 3022 3197 3072 '0
3228 3017 3334 3088 ἐμὲ
3370 3015 3645 3086 ἑωρακὼς

2055 3104 2274 3173 ἑώρακε
2298 3104 2406 3159 τὸν
2430 3107 2663 3176 Πατέρα
2681 3123 2694 3136 ’
2729 3109 2954 3173 εἰκότως
2977 3112 3003 3163 ὁ
3041 3109 3272 3173 Παῦλος,
3319 3110 3643 3180 αἰτιώμενος

2054 3197 2181 3259 τοὺς
2216 3195 2630 3267 Ἕλληνας,ὄτι,
2657 3197 2757 3269 τὴν
2798 3198 3062 3270 ἁρμονίαν
3100 3200 3197 3253 καὶ
3228 3199 3326 3271 τὴν
3353 3198 3508 3266 τάξιν
3536 3198 3644 3268 τῆς

2056 3287 2287 3350 κτίσεως
2314 3288 2668 3362 θεωροῦντες,
2696 3291 2756 3343 οὐ
2795 3289 3132 3344 διανοοῦνται
3165 3290 3274 3361 (51)
3316 3288 3556 3362 περὶτοῦ
3580 3290 3641 3343 ὲν

2056 3381 2194 3453 αὐτῇ
2221 3381 2555 3454 δημιουργοῦ
2580 3384 2754 3452 Λόγου
2776 3402 2790 3415 ο
2836 3383 2942 3453 (τά
2976 3383 3086 3455 γὰρ
3132 3382 3407 3454 κτίσματα
3443 3384 3640 3457 μηνύει

2053 3473 2146 3528 τὸν
2168 3474 2376 3530 ἑαυτῶν
2411 3476 2812 3550 δημιουργόνο)
2845 3477 2931 3531 ἴνα
2959 3476 3025 3529 δι’
3059 3477 3239 3531 αὐτῶν
3269 3476 3379 3547 (52)
3415 3478 3510 3530 καὶ
3544 3476 3641 3530 τὸν

2054 3565 2305 3636 ἀληθινὸν
2349 3566 2482 3621 Θεὸν
2511 3570 2767 3640 νοήσωσι,
2799 3571 2891 3622 καὶ
2938 3569 3253 3623 παύσωνται
3284 3570 3385 3641 τῆς
3435 3570 3517 3633 εἰς
3567 3570 3639 3622 τά

2049 3658 2325 3729 κτίσμα-ια
2350 3661 2626 3734 λατρείας,
2674 3662 2915 3735 εἴρηκεν,
2942 3662 2981 3728 ἢ
3016 3680 3081 3717 τε
3106 3662 3298 3729 ἀΐδιος
3323 3661 3511 3718 αὑτοῦ
3529 3661 3637 3715 δύ-

2049 3765 2225 3818 ναμις
2249 3750 2347 3804 καὶ
2378 3753 2612 3819 θειότης
2628 3753 2760 3824 (55),
2793 3754 2879 3806 ἵνα
2899 3752 2990 3806 τὸν
3017 3753 3144 3806 Υἰὸν
3169 3754 3408 3826 σημάνῃ.
3438 3753 3638 3823 Λέγον-

2046 3856 2137 3904 τες
2171 3841 2229 3894 δὲ
2260 3844 2309 3895 οἱ
2331 3842 2495 3912 ἆγιοι,
2543 3844 2596 3897 '0
2628 3843 2916 3914 ὑπάρχων
2934 3844 3049 3914 πρὸ
3075 3844 3194 3899 τῶν
3230 3845 3460 3900 αἰώνων
3480 3885 3495 3909 ,
3537 3848 3637 3900 καὶ

2046 3932 2121 3988 δι’
2154 3930 2227 3991 οὗ
2259 3935 2511 4004 ἐποίησε
2533 3936 2678 4003 τοὺς
2701 3935 2939 4003 αἰῶνας,
2977 3937 3126 3991 οὐδὲν
3164 3933 3328 4009 ἦττον
3371 3936 3532 3992 πάλιν
3570 3938 3636 3990 τὸ

2045 4027 2215 4083 ἀΐδιον
2248 4026 2690 4098 εὐαγγελίζονται
2714 4029 2809 4082 τοῦ
2843 4028 2972 4086 Υἰοῦ
2996 4031 3086 4084 καὶ
3109 4030 3171 4083 τὸ
3199 4029 3416 4084 αἰώνιον
3435 4069 3452 4095 ,
3491 4031 3549 4083 ἐν
3584 4022 3635 4096 ᾧ

2042 4116 2138 4172 καὶ
2166 4117 2329 4171 αὑτὸν
2358 4118 2450 4172 τὸν
2475 4117 2606 4171 Θεὸν
2638 4119 3015 4190 σημαίνουσιν.
3052 4120 3107 4174 '0
3131 4119 3230 4191 μὲν
3260 4120 3370 4191 γὰρ
3401 4120 3633 4182 Ἡσαΐας

2043 4208 2207 4279 φησί’
2241 4206 2387 4275 Θεὸς
2410 4207 2646 4275 αἰώνιος
2674 4209 2807 4282 (54),
2828 4213 2860 4264 ὁ
2885 4210 3351 4277 κατασκευάσας
3381 4209 3453 4263 τὰ
3473 4211 3630 4278 ἄκρα

2040 4300 2152 4370 τῆς
2181 4299 2295 4372 γῆς
2313 4319 2326 4334 ·
2356 4304 2390 4374 ἡ
2423 4302 2481 4356 δὲ
2510 4303 2783 4359 Σουσάννα
2808 4305 2992 4373 ἔλεγεν
3013 4323 3026 4337 -
3054 4306 3117 4358 '0
3142 4304 3287 4370 Θεὸς
3317 4307 3350 4358 ὁ
3369 4303 3626 4369 αἰώνιος·

2037 4393 2145 4447 ὁδὲ
2188 4395 2681 4468 Μροὺχξέγραφε·
2728 4397 3101 4468 Κεκράξομαι
3141 4398 3294 4467 πρὸς
3338 4398 3445 4452 τὸν
3493 4398 3635 4453 αίώτ

356 4478 615 4535 Clamabo
653 4483 725 4537 ad
759 4481 929 4536 Deum
967 4483 1343 4554 sempiternum
1389 4483 1445 4537 in
1475 4482 1660 4536 diebus
1690 4482 1818 4535 meis
1866 4480 1931 4534 ³⁸.

2063 4500 2172 4538 ἰον
2199 4485 2313 4554 (55)
2362 4486 2433 4540 ἐν
2474 4487 2604 4554 ταῖς
2662 4487 2908 4558 ἡμέραις
2950 4506 3070 4557 μου
3090 4503 3104 4516 ’
3146 4490 3239 4542 καὶ
3289 4490 3402 4559 μετ’
3432 4488 3587 4557 ὀλίγα
3606 4505 3622 4521 ο

423 4665 472 4738 ξ’
513 4662 794 4738 Romani,
830 4666 883 4722 5.
949 4666 1004 4738 ᾃ¹⁷
1046 4665 1283 4738 Romi.
1318 4665 1410 4738 20.
1455 4665 1512 4738 _"
1551 4665 1573 4718 ι
1620 4663 1748 4720 Cor.
1782 4664 1953 4738 1,24,

2063 4666 2134 4720 ’ll
2175 4667 2304 4724 Cor.
2352 4684 2433 4732 Ill,
2478 4668 2564 4725 17.
2643 4670 2890 4726 "Matth.
2929 4670 3101 4738 “,27.
3177 4671 3219 4704 ³³
3246 4669 3401 4727 Joan.
3428 4686 3538 4733 ιιι,
3562 4670 3617 4725 9.

351 4736 397 4768 “
422 4733 581 4791 Rom.
610 4752 647 4801 ι,
678 4737 772 4793 20.

421 4870 535 4943 (24)
579 4869 902 4943 Seguerian.
955 4868 1579 4943 AGobleriansFelekm.
1646 4867 1704 4943 l,
1755 4867 1925 4926 Basil.

346 4949 403 4995 et
430 4939 675 5014 tingue;
701 4941 915 5006 Παῦλος
949 4940 1212 5014 διδάσκει.
1241 4940 1379 4995 Ibid.
1408 4939 1853 5014 Basil."{99'tcptov.

420 5008 547 5082 (25)
576 5008 669 5067 Sic
701 5014 931 5082 Seguer.
959 5011 1032 5082 At
1060 5013 1186 5065 editi
1223 5027 1345 5065 cum
1373 5011 1515 5082 aliis,
1550 5008 1817 5082 ἀλλήλοις.

439 5079 528 5151 26)
569 5079 795 5138 ϐοϋιοτζ
815 5095 869 5138 et
897 5081 1135 5137 Fclckm.
1170 5084 1222 5147 1,
1258 5083 1424 5136 πᾶσιν
1454 5080 1528 5144 ὡς
1552 5079 1612 5133 τὸ
1640 5080 1827 5137 αὐτοῦ.

439 5083 528 5151 26)
569 5083 788 5138 Gobler.
815 5095 869 5138 et
897 5083 1135 5137 Fclckm.
1170 5084 1222 5147 1,
1258 5083 1424 5136 πᾶσιν
1454 5083 1528 5144 ὠς
1552 5083 1612 5133 τὸ
1640 5083 1827 5137 αὐτοῦ.

418 5083 531 5223 (27)
573 5152 918 5221 Seguerian.,
960 5153 1068 5223 τῶν
1112 5152 1311 5223 ῥητῶν.
1358 5154 1494 5208 ibid.
1538 5150 1930 5209 Goblerian.et

344 5219 674 5296 Fcis-1911.],
703 5226 801 5296 καὶ
829 5219 1191 5296 ἐπιγράψατε.

415 5291 525 5365 (28)
570 5293 662 5365 Sic
697 5291 1013 5365 δεεσσε-,Μ
1040 5291 1162 5365 aliis
1186 5308 1314 5361 vero
1352 5293 1503 5347 deest
1528 5296 1643 5352 τοῦ.

415 5362 671 5436 (29)__S_ic_
706 5362 1027 5430 Seguerian.
1073 5364 1204 5436 ljeg.
1236 5374 1400 5433 atque
1437 5365 1511 5419 ita
1549 5368 1754 5436 legerat
1779 5365 1929 5420 Nan-

343 5433 698 5507 nius.’l§diti,
733 5445 791 5488 ut
817 5447 876 5507 et
910 5436 1038 5499 legit
1075 5433 1435 5507 On‘inibonus,
1464 5433 1659 5507 Λόγον,
1696 5439 1815 5507 καῖέ
1838 5436 1927 5489 οὐ·

341 5502 747 5594 ἱεὶς-γινώσκεὲ
781 5504 872 5594 ab);
924 5507 1177 5594 Πατέρα,ι
1211 5503 1475 5594 etevb'llox
1504 5502 1755 5594 “Sequar.
1775 5506 1922 5594 dicit;

346 5571 567 5694 gpdbcler.
610 5583 665 5629 et
707 5573 947 5628 Felckm.
982 5577 1035 5643 1,
1073 5571 1118 5645 ᾧ
1151 5577 1216 5631 ἂν
1262 5575 1460 5639 ὁΥἱός.
1500 5571 1665 5646 Εάἱῖἰ,
1688 5573 1732 5648 ᾧ
1771 5577 1866 5631 ἐὰν
1896 5577 1926 5629 ὁ

399 5660 416 5694 ι
483 5684 497 5694 .

399 5660 497 5698 ιος.

577 5715 828 5790 Seguer.,
855 5715 1372 5790 Βλέπετεμιιειίαηι
1401 5717 1607 5790 legerat
1647 5718 1920 5775 Nannius.

422 5784 540 5858 (3i)
582 5784 929 5859 Seguerian.,
963 5787 1287 5844 διανοεῖσθε.

870 4738 915 4769 ³³
948 4736 1051 4794 lsa.
1085 4755 1174 4805 XL,
1207 4736 1299 4791 28.
1374 4737 1419 4768 ³⁸
1451 4734 1587 4790 Dan.
1618 4751 1736 4802 xm,
1774 4736 1863 4788 42.
1942 4737 1986 4771 ’⁸
2023 4738 2145 4794 Bar.
2183 4754 2258 4803 Iv,
2291 4739 2383 4805 20,
2405 4740 2494 4795 22.

2114 4873 2360 4946 (52)-5ἰο
2404 4875 2777 4945 Seguerianus
2823 4874 3065 4945 et_-Reg.,
3103 4885 3165 4931 ut
3192 4887 3245 4932 et
3270 4875 3619 4935 Omnibonus

2037 4944 2186 5015 legit.
2207 4944 2460 5015 'Feickm.
2494 4949 2548 5011 5,
2583 4946 2651 4998 δι’
2682 4946 2865 5010 αὐτόν,
2911 4944 3370 5015 quemadmodum
3402 4950 3619 5005 videtur

2034 5016 2232 5084 legisse
2261 5014 2531 5086 Nannius,
2560 5018 2653 5086 qui
2677 5016 2859 5079 vertit,
2887 5014 2943 5069 ut
2967 5034 3059 5085 per
3080 5035 3219 5078 eum.
3247 5035 3423 5072 verum
3448 5019 3617 5074 Deum

2034 5086 2355 5161 inteﬂigant.
2383 5085 2505 5161 M_ox
2534 5085 2756 5161 Ségner.
2787 5088 3019 5161 νοήσητε
3044 5090 3136 5141 καὶ
3167 5088 3469 5161 παύσησθε.

2107 5154 2223 5227 (⁸55)
2266 5154 2370 5230 Sic
2409 5154 2730 5230 Seguerian.
2784 5154 3117 5230 Reg._Basil.
3165 5154 3450 5230 Anglican.
3504 5159 3615 5216 Go-

2033 5226 2170 5282 hler.
2199 5236 2253 5280 et
2285 5226 2520 5282 Fclcktn.
2549 5228 2600 5280 1.
2634 5229 2705 5281 At
2731 5226 2881 5293 editi,
2905 5227 3114 5293 θεότης.

2106 5296 2218 5368 (54)
2256 5295 2354 5383 Sic
2398 5296 2622 5383 Seﬁuer.
2672 5295 3161 5383 Seldenfelekm.
3195 5299 3339 5383 1,__et
3368 5301 3424 5383 in
3463 5309 3614 5357 textu

2034 5366 2223 5443 graeco
2252 5366 2424 5443 lsa_iae.
2458 5366 2602 5443 Editi
2626 5408 2641 5434 ,
2675 5368 2705 5420 ὁ
2732 5368 2865 5433 Θεὸς
2904 5371 2933 5422 ὁ
2964 5369 3200 5435 αἰώνιος.
3232 5370 3359 5426 Mox
3384 5371 3521 5443 Reg.
3557 5385 3615 5428 τι

2033 5437 2216 5493 Felck.
2251 5437 2301 5500 1,
2326 5438 2602 5492 Σωσάννα.

2107 5507 2222 5582 (55)
2264 5508 2356 5582 Sic
2399 5507 2625 5582 Seguer.
2679 5518 2733 5582 et
2783 5520 2963 5582 textus
3010 5510 3233 5566 Graecus
3262 5508 3608 5582 AScriptura‘.

2033 5577 2371 5651 Edtti,_r_tpbc
2401 5577 2495 5651 τὸν
2519 5579 2652 5634 Θεὸν
2678 5581 2770 5651 τὸν
2821 5581 3055 5635 αἰώνιον.
3101 5582 3223 5634 Mox
3257 5577 3479 5649 Seguer.
3513 5585 3613 5637 καὶ

2107 5648 2152 5722 τξ
2183 5648 2337 5716 ὀλίγα
2360 5649 2543 5722 φησίν.
2572 5651 2649 5704 lb.
2689 5650 2811 5722 Seg.
2842 5650 3000 5707 Gobl.
3027 5651 3204 5706 Fvlclt.
3243 5652 3267 5706 1
3297 5648 3351 5707 ei
3385 5652 3611 5722 Graecus

2107 5667 2137 5701 τ
2183 5667 2337 5716 οΑιγα
2360 5667 2543 5722 φησιν.
2572 5667 2649 5704 ιυ.
2689 5667 2811 5721 θος.
2842 5667 3000 5707 uont.
3027 5667 3204 5706 I‘t‘lt’lt.
3243 5667 3267 5706 ι
3297 5667 3349 5707 et
3385 5667 3609 5707 umens

2035 5667 2332 5793 gztjptura;
2370 5730 2579 5793 textus,
2643 5721 2736 5793 ἐπὶ
2792 5722 2871 5793 τῷ
2918 5723 3121 5793 αἰωνίῳ
3179 5722 3278 5793 τήν
3328 5718 3609 5793 σωῃρίαν

2035 5741 2329 5789 ocrtptura:
2379 5741 2579 5784 lCXlUS,
2643 5741 2736 5775 επι
2794 5741 2871 5793 τῳ
2918 5741 3073 5778 αιωνι
3179 5741 3278 5792 την
3331 5741 3496 5793 σωτηί

2033 5789 2207 5861 ὑμῶν.
2242 5789 2382 5846 Editi
2403 5799 2459 5847 et
2484 5792 2597 5858 alii,
2623 5792 2715 5845 ἐπὶ
2743 5792 2821 5862 τῷ
2847 5793 3051 5862 αἰωνίῳ
3076 5741 3284 5861 ἔρνη-ἦρι
3315 5790 3496 5862 ἡμῶν.
