3972 6224
275 375 329 428 ιι
1386 361 1643 419 ORATIO
1679 361 1700 414 ι
1738 358 2016 415 CONTRA
2054 357 2374 413 ABIANUS.
3420 361 3488 414 η

285 491 518 561 ’Δνόητοι
551 490 644 542 καὶ
670 488 991 558 φιλόνεικοιῐ
1021 489 1067 538 εί
1097 483 1193 555 μὲν
1222 483 1328 552 γὰρ
1368 482 1553 562 ἀξδίως
1596 482 1825 535 συνεῖναι

1935 491 2058 529 eum
2084 475 2304 541 Filium,
2359 473 2450 531 sed
2500 474 2724 529 fratrem
2754 474 2932 530 Patris
2963 474 3160 532 dicere.
3186 473 3230 528 0
3261 476 3490 531 stolidos

276 583 431 654 μόνον
455 581 621 635 αὑτὸν
648 580 930 651 ἐλέγομεν,
963 577 1053 632 κα)⁸
1094 577 1168 647 μὴ
1201 576 1346 637 Υίδν,
1379 574 1577 646 πιθανή
1614 574 1724 640 (6'6)
1749 591 1832 638 τις

273 670 337 748 τιν
365 674 543 728 αὐτῶν
563 675 603 744 -ὴ
632 672 991 746 προσποίητος
1025 670 1303 724 εὐλάϐεια·
1368 669 1414 720 εί
1448 668 1503 722 δὲ
1543 667 1709 720 ἀΐδιον
1749 665 1834 718 λέ-

282 783 455 837 pater;
483 765 851 836 ὁμολογοῦμεν
891 763 1050 817 αὑτὸν
1095 762 1223 815 Υἱὸν
1245 763 1319 845 ,ὲκ
1357 761 1599 831 Πατρὸς,
1650 759 1768 824 πῶς
1806 761 1834 811 6

281 860 547 931 γεννηθεὶς
586 858 810 926 ἀδελφὸς
848 856 940 908 τοῦ
972 856 1326 926 γεννήσαντος
1377 852 1595 906 δύναται
1623 849 1832 922 νομίζεο

274 951 424 1017 σθαι;
451 951 561 1004 Καὶ
589 952 637 1002 εἰ
662 951 741 1010 είς
761 947 988 1019 -Πατέρα
1011 947 1103 999 καὶ
1129 946 1253 998 Υἱὺν
1282 945 1436 1016 ἡμῶν
1484 945 1630 996 ἐστιν
1669 946 1701 1011 ή
1747 941 1834 994 πί-

275 1061 405 1106 στις,
439 1042 564 1096 ποία
594 1041 890 1110 ἀδελφότης
916 1042 971 1092 ὲν
993 1038 1198 1102 τούτοις
1222 1037 1369 1090 ἐστίν
1394 1054 1408 1103 ;
1460 1037 1492 1107 ἢ
1526 1035 1642 1099 πῶς
1675 1034 1834 1089 δύνα-

270 1150 355 1186 ται
379 1135 408 1186 6
430 1132 600 1200 Λόγος
618 1129 845 1198 ἀδελφὸς
867 1128 1114 1196 λέγεσθαι
1142 1128 1250 1198 (54)
1274 1128 1483 1188 τούτου,
1507 1122 1567 1179 οἷ)
1595 1127 1687 1179 καὶ
1719 1127 1832 1179 ἔστι

272 1224 442 1291 Λόγος
465 1239 478 1286 ;
511 1223 625 1276 Οὐκ
651 1221 796 1274 ἐστιν
825 1219 1138 1290 ἀντίρρησις
1158 1218 1297 1287 αὕτη
1317 1218 1388 1281 ὡς
1413 1218 1562 1290 παρὰ
1591 1217 1833 1286 ἀγνοούν-

271 1333 374 1369 των
396 1313 665 1384 γινομένη
688 1330 700 1341 ·
720 1310 980 1382 συνορῶσι
1011 1310 1118 1380 γὰρ
1142 1311 1235 1362 καὶ
1262 1309 1410 1362 αὐτοὶ
1431 1309 1529 1379 τὴν
1558 1308 1827 1379 ἀλήθειαψ

271 1405 403 1460 ἀλλὰ
456 1401 727 1475 πρόφασίς
776 1401 921 1453 ἐστιν
965 1399 1243 1470 Ἰουδαῖκὴ,
1301 1400 1391 1452 καὶ
1428 1398 1706 1463 Θελόντων,
1757 1398 1832 1463 ὼς

268 1494 419 1550 εἶπεν
444 1498 474 1548 6
493 1493 743 1565 Σολομὼν
771 1493 904 1564 (55),
935 1492 1040 1546 ἀπὸ
1077 1492 1178 1562 τῆς
1207 1491 1462 1563 ἀληθείας
1485 1491 1826 1562 χωρίζεσθαι.

267 1590 340 1643 Οὐ
366 1589 478 1660 γὰρ
507 1587 573 1640 ἐκ
595 1605 737 1650 τινος
776 1585 950 1657 ἀρχῆς
982 1583 1436 1656 προῦπαρχούσης
1461 1585 1488 1637 6
1522 1584 1708 1654 Πατὴρ
1737 1584 1832 1637 καὶ

262 1683 292 1735 6
339 1681 468 1744 Υἱὸς
517 1679 902 1750 ἐγεννήθησαν,
939 1677 1024 1732 ἵνα
1065 1678 1157 1731 καὶ
1198 1677 1412 1745 ἀδελφοὶ
1461 1677 1786 1747 νομισθῶσιν
1812 1693 1826 1706 ·

265 1770 375 1825 ἀλλ’
404 1774 434 1825 6
470 1770 656 1840 Πατὴρ
675 1769 816 1840 ἀρχὴ
841 1767 933 1822 τοῦ
966 1768 1093 1821 Υἱοῦ
1123 1769 1215 1821 καὶ
1236 1769 1512 1839 γεννήτωρ
1544 1767 1662 1820 ἐστὶ
1695 1765 1825 1838 (56),

1934 567 2226 621 admodum
2248 577 2302 622 et
2328 566 2634 637 litigiososl
2669 564 2725 619 Si
2750 564 2893 620 enim
2932 580 3056 620 eum
3086 567 3154 620 ab
3194 570 3493 624 aeternitate

1937 668 2141 713 tantum
2172 660 2335 714 simul
2363 659 2640 714 exstitisse
2664 673 2787 713 eum
2820 656 2998 720 Patre,
3029 673 3127 713 nec
3155 656 3347 712 Filium
3374 675 3493 716 esse

1937 766 2397 812 asseveraremus,
2435 749 2636 820 aliquid
2664 750 2849 818 utique
2879 749 3282 818 probabilitatis
3321 750 3490 804 habe-

1935 854 2018 898 ret
2052 844 2306 898 simulata
2345 844 2560 897 illorum
2587 842 2796 913 religio.
2850 841 2945 896 Sin
2994 851 3172 897 autem
3205 857 3326 894 cum
3366 858 3489 896 eum
3544 876 3552 891 .

1933 945 2191 989 azternum
2223 935 2476 1002 dicimus,
2507 938 2756 992 eumdem
2790 936 3112 991 confitemur
3139 937 3380 1006 genitum
3424 952 3490 990 ex

1934 1025 2092 1080 Patre
2122 1024 2342 1090 Filium,
2375 1043 2502 1097 qua,
2539 1043 2744 1096 quazso,
2775 1027 2988 1082 ratione
3023 1027 3238 1095 genitus
3289 1027 3492 1098 genito-

1932 1116 2009 1170 ris
2035 1115 2200 1169 frater
2231 1117 2401 1185 possit
2454 1115 2809 1170 existimari?
2853 1114 2908 1168 Si
2961 1115 3086 1169 item
3140 1123 3324 1168 nostra
3360 1114 3491 1168 fides

1933 1206 2094 1260 estin
2124 1204 2335 1259 Patrem
2360 1214 2413 1260 et
2442 1205 2673 1259 Filium:
2702 1220 2951 1275 quaenam
2982 1205 3122 1258 inter
3163 1204 3285 1259 illos
3323 1204 3490 1258 inter-

1931 1296 2073 1352 cedit
2099 1295 2334 1351 fraterna
2367 1296 2618 1365 cognatio
2646 1297 2668 1347 ?
2697 1306 2792 1348 aut
2841 1295 3110 1365 quomodo
3149 1304 3324 1364 potest
3361 1293 3491 1347 Ver-

1933 1391 2082 1453 bum,
2123 1387 2240 1457 ejus
2277 1386 2384 1441 dici
2437 1386 2626 1450 frater,
2675 1385 2833 1454 cujus
2891 1394 2974 1439 est
3024 1384 3261 1440 Verbum
3301 1385 3324 1438 ?
3380 1383 3488 1439 Nec

1930 1495 2055 1534 vero
2097 1481 2210 1533 haec
2242 1479 2347 1533 illis
2379 1478 2560 1546 ignota
2589 1485 2669 1531 est
2702 1478 3077 1547 repugnantia,
3134 1495 3256 1532 nam
3291 1479 3490 1533 verita-

1934 1580 2037 1623 tem
2066 1582 2118 1624 et
2144 1569 2246 1640 ipsi
2275 1567 2610 1638 perspiciunt
2640 1585 2653 1619 :
2683 1567 2775 1620 sed
2799 1578 2880 1621 est
2905 1583 3035 1622 sane
3059 1566 3284 1624 Judaica
3327 1585 3489 1623 excu-

1930 1662 2067 1716 satio
2097 1671 2150 1715 et
2180 1662 2456 1716 hominum
2488 1662 2603 1730 qui,
2641 1669 2700 1713 ut
2723 1659 3072 1714 aitSalomon
3102 1660 3166 1726 ⁸¹,
3203 1677 3232 1715 a
3266 1663 3490 1718 veritate

1929 1753 2119 1807 volunt
2161 1753 2462 1808 discedere.
2516 1751 2701 1821 Neque
2726 1753 2868 1808 enim
2899 1767 2964 1806 ex
3001 1753 3184 1822 aliquo
3218 1754 3486 1825 principio

264 1824 353 1915 διαὶ
379 1824 420 1914 6
437 1824 829 1931 Πατὴρ.
854 1861 988 1923 ἐστι,
1022 1860 1114 1912 καὶ
1139 1824 1258 1930 οὐχ·
1285 1824 1397 1922 υἱός
1429 1824 1570 1920 τινος
1601 1824 1825 1926 γέγονειί

1930 1844 2077 1914 prius
2121 1844 2419 1901 exsistente
2462 1845 2621 1900 Pater
2672 1853 2726 1898 et
2767 1842 2937 1898 Filius
2967 1845 3132 1914 geniti
3164 1824 3410 1906 fuerunt,
3433 1856 3489 1901 ut

265 1953 354 2008 καὶ
374 1954 404 2004 6
435 1952 564 2014 Υίὸς
591 1951 648 2004 δὲ
676 1951 788 2014 υίός
817 1952 951 2014 ἐστι,
987 1949 1083 2004 καὶ
1109 1950 1206 2002 οὐκ
1223 1948 1463 2016 ἀδελφός.
1484 1949 1546 2001 Ei
1575 1948 1630 2001 δὲ
1661 1948 1828 2002 ἀΐδιον

262 2045 507 2115 γέννημα
535 2043 630 2097 τοῦ
659 2042 868 2111 Πατρδς
890 2041 1124 2110 λέγεται,
1156 2039 1333 2103 καλῶς
1359 2040 1593 2108 λέγεται.
1619 2039 1692 2093 Οὐ
1721 2040 1828 2110 γάρ

263 2134 453 2204 ἀτελὴς
483 2133 639 2186 οὐσία
656 2133 750 2185 τοῦ
778 2131 983 2201 Πατρὸς
1005 2127 1070 2202 ἦν
1093 2148 1242 2194 ποτε,
1266 2130 1351 2183 ἵνα
1373 2131 1467 2183 καὶ
1493 2130 1554 2181 τὸ
1570 2128 1696 2181 ἴδιον
1717 2129 1826 2199 (57)

171 2224 182 2235 '
264 2224 430 2292 αὐτῆς
463 2221 840 2294 ἐπισυμϐαίνῃ
901 2220 1104 2293 ταύτῃ
1161 2220 1279 2274 οὐδὲ
1310 2219 1384 2282 ὡς
1436 2217 1717 2289 ἄνθρωπος
1770 2217 1827 2284 ἐξ

264 2314 546 2386 ἀνθρώπου
579 2313 899 2382 γεγέννηται
927 2313 955 2364 6
980 2312 1124 2374 Υἱὸς,
1168 2311 1254 2364 ἵνα
1299 2309 1392 2363 καὶ
1427 2308 1684 2380 ὑστερίζῃ
1729 2307 1829 2377 τῆς

265 2404 518 2476 πατρῴας
567 2403 889 2473 ὑπάρξεωςο
917 2401 1052 2454 ἀλλά
1085 2399 1217 2454 Θεοῦ
1263 2399 1508 2470 γέννημά
1553 2402 1696 2463 ἐστι,
1737 2400 1830 2453 καὶ

265 2494 336 2559 ὡς
370 2495 509 2548 Θεοῦ
540 2493 650 2565 (58)
683 2493 777 2546 τοῦ
807 2495 895 2547 ἀεὶ
923 2493 1072 2557 ὄντος
1129 2493 1255 2556 ἴδιος
1314 2492 1388 2545 ὢν
1441 2492 1598 2557 Υἱὸς,
1642 2489 1829 2555 ἀῖδίως

266 2588 516 2657 ὑπάρχει.
567 2584 892 2655 Ἀνθρὼπων
919 2585 1016 2654 μὲν
1042 2583 1148 2655 γὰρ
1177 2585 1304 2637 ἴδιον
1333 2583 1392 2635 τὸ
1432 2583 1541 2654 (59)
1568 2585 1626 2636 ὲν
1654 2583 1828 2654 χρόνῳ

263 2680 451 2748 γεννᾷν
477 2676 567 2730 διὰ
593 2677 654 2730 τὸ
688 2677 874 2739 ἀτελὲς
905 2677 1003 2746 τῆς
1036 2676 1247 2746 φύσεως
1268 2693 1279 2706 ·
1312 2675 1446 2730 Θεοῦ
1485 2676 1541 2731 δὲ
1574 2675 1738 2729 ἀΐδιον
1769 2674 1828 2730 τδ

264 2769 527 2839 γέννημα,
562 2767 649 2820 διὰ
673 2767 734 2819 τὸ
762 2768 849 2821 ἀεὶ
879 2767 1081 2820 τέλειον
1105 2768 1204 2838 τῆς
1236 2767 1468 2837 φύσεως.
1501 2769 1562 2820 El
1595 2767 1691 2837 μὲν
1735 2762 1826 2819 οὖν

261 2859 355 2910 οὐκ
377 2858 526 2911 ἔστιν
546 2859 692 2920 Υἱὸς,
719 2856 832 2911 ἀλλ’
853 2856 912 2921 ἐξ
939 2857 1040 2910 οὐκ
1059 2856 1226 2910 ὄντων
1254 2857 1378 2927 ποίη
1390 2875 1464 2926 μα
1485 2857 1690 2926 γέγονε,
1718 2856 1827 2909 δει-

262 2949 539 3002 κνύτωσαν
569 2949 848 3020 πρότερον,
896 2949 988 3001 καὶ
1011 2948 1084 3012 ὡς
1108 2965 1175 3002 πε
1185 2947 1235 3018 pl
1281 2953 1581 3019 ποιήματος
1633 2965 1829 3017 φανταο

261 3041 468 3110 ζόμενοι
495 3039 865 3111 κραζέτωσαν,
892 3041 970 3094 ὅτι
1004 3039 1112 3112 (60)
1135 3081 1149 3105 ,
1176 3035 1282 3092 Ἦν
1304 3057 1432 3094 ποτε
1465 3041 1551 3092 ὅτε
1581 3041 1679 3093 οὐκ
1725 3035 1791 3112 ἦν
1808 3055 1826 3072 ⁶

1928 1945 2252 1992 censeantur
2284 1951 2404 1992 esse
2437 1934 2670 1990 fratres:
2701 1935 2793 1990 sed
2836 1931 2996 1988 Pater
3035 1936 3250 2005 quidem
3287 1937 3489 2008 princi-

1927 2033 2072 2103 pium
2097 2044 2150 2088 et
2174 2033 2385 2105 genitor
2413 2041 2496 2086 est
2518 2031 2660 2096 Filii,
2697 2041 2748 2087 et
2768 2031 2926 2087 Pater
2956 2043 3108 2101 pater
3140 2041 3242 2099 est,
3273 2049 3373 2088 nec
3395 2033 3490 2088 ali-

1927 2127 2084 2197 cujus
2119 2125 2223 2180 fuit
2255 2126 2439 2181 ﬁlius;
2467 2124 2637 2180 Filius
2662 2135 2842 2180 autem
2875 2125 3015 2197 ﬁlius
3043 2133 3146 2187 est,
3172 2139 3278 2178 non
3304 2123 3487 2181 frater.

1929 2215 1986 2270 Si
2014 2217 2155 2271 idem
2184 2231 2348 2286 porro
2378 2225 2614 2271 aeternus
2661 2215 2841 2271 Patris
2893 2215 3034 2271 fetus
3079 2215 3300 2281 dicitur,
3342 2226 3487 2270 recte

1929 2309 2154 2362 omnino
2205 2308 2426 2363 dicitur.
2482 2306 2617 2362 Nam
2669 2324 2776 2362 non
2825 2308 3118 2378 aliquando
3175 2307 3491 2379 imperfecta

1929 2400 2031 2454 fuit
2059 2398 2235 2453 Patris
2272 2409 2488 2462 natura,
2527 2411 2584 2452 ut
2613 2399 2757 2468 quod
2810 2399 2954 2453 illius
2984 2402 3263 2468 proprium
3321 2408 3487 2468 esset,

1927 2491 2101 2546 eidem
2139 2501 2323 2561 postea
2349 2491 2665 2545 accederet:
2703 2505 2876 2560 neque
2900 2499 2954 2544 ut
2984 2490 3150 2544 homo
3176 2507 3241 2546 ex
3270 2491 3491 2548 homine

1927 2584 2143 2657 genitus
2183 2593 2266 2639 est
2303 2583 2492 2650 Filius,
2544 2590 2606 2638 iit
2659 2582 2816 2637 Patre
2859 2584 3146 2638 exsisteret
3197 2586 3487 2654 posterior,

1928 2678 2020 2733 sed
2049 2675 2142 2731 Dei
2182 2674 2326 2731 fetus
2348 2685 2452 2738 est.
2483 2676 2598 2745 qui,
2637 2685 2823 2746 utpote
2853 2675 3107 2745 proprius
3141 2675 3235 2731 Dei
3274 2693 3490 2747 semper

1927 2767 2242 2823 exsistentis
2276 2766 2468 2832 Filius,
2526 2766 2595 2820 ab
2639 2767 2938 2821 aeternitate
2996 2778 3048 2821 et
3101 2768 3216 2836 ipse
3254 2769 3486 2823 exsistit.

1928 2858 2219 2916 Hominum
2250 2859 2469 2930 quidem
2494 2859 2774 2928 proprium
2803 2866 2886 2913 est
2914 2858 2966 2911 in
2991 2868 3228 2930 tempore
3250 2860 3487 2930 gignere,

1927 2958 2148 3022 prOpter
2181 2958 2388 3004 naturze
2421 2948 2690 3004 defectum
2721 2967 2735 3003 ε
2788 2959 2844 3004 at
2879 2960 3114 3006 aeternus
3142 2960 3226 3006 est
3278 2950 3373 3006 Dei
3413 2951 3480 3006 fe-

1929 3051 2037 3108 tus,
2089 3041 2217 3110 quia
2265 3055 2482 3111 semper
2533 3038 2924 3110 perfectissima
2980 3040 3083 3095 fuit
3122 3041 3239 3097 Dei.
3272 3055 3486 3098 natura.

259 3132 356 3184 οὐκ
403 3132 534 3184 ὄντα
586 3130 695 3201 γὰρ
723 3131 912 3198 γέγονε
943 3129 1011 3182 τὰ
1061 3129 1280 3200 γενητά.
1320 3131 1383 3184 Ei
1417 3130 1473 3182 δὲ
1509 3130 1635 3195 Υἱός
1667 3132 1781 3183 ἐστι
1807 3148 1820 3162 ο

1929 3131 2115 3202 Itaque
2156 3132 2202 3186 si
2237 3147 2344 3186 non
2384 3140 2468 3186 est
2508 3130 2700 3195 Filius,
2737 3132 2831 3186 sed
2875 3146 2907 3186 e
2947 3133 3120 3187 nihilo
3149 3142 3231 3188 cst
3269 3133 3486 3189 factus:

259 3226 410 3280 τοῦτο
437 3225 547 3294 γὰρ
573 3225 665 3280 καὶ
692 3226 721 3276 6
753 3224 941 3294 Πατὴρ
963 3223 1128 3290 λέγει,
1165 3223 1258 3276 καὶ
1292 3225 1347 3276 αἱ
1371 3224 1584 3293 Γραφςιι)¹
1617 3223 1778 3294 βοῶσι
1803 3239 1818 3254 ·

260 3319 319 3373 τὸ
369 3317 425 3371 δὲ
461 3318 586 3381 Υἱὸς
617 3317 765 3370 οῦδὲν
799 3317 981 3387 ἕτερόν
1033 3319 1178 3371 ἐστιν
1223 3316 1256 3387 ἢ
1288 3316 1346 3370 τὸ
1378 3319 1441 3370 ὲκ
1470 3316 1563 3369 τοῦ
1614 3316 1825 3388 Πατρδς

262 3409 592 3480 γεννώμενον
615 3426 631 3439 ·
659 3408 721 3461 τὸ
746 3408 801 3460 δὲ
831 3407 1166 3478 γεννώμενον
1209 3408 1274 3460 ἐκ
1313 3406 1403 3460 τοῦ
1460 3407 1570 3480 (61)
1611 3410 1822 3480 Πατρός

262 3499 424 3568 Λόγος
458 3500 606 3554 ἐστὶν
639 3498 801 3552 αὑτοῦ
825 3499 918 3553 καὶ
948 3501 1116 3569 Σοφία
1143 3502 1236 3554 καὶ
1258 3499 1593 3572 ἀπαύγασμα
1617 3517 1631 3530 ·
1660 3501 1711 3553 τί
1744 3500 1824 3553 δεῖ

262 3589 431 3658 λέγειν
463 3593 496 3662 ἢ
528 3592 609 3644 ὅτι
648 3591 918 3660 λέγοντες,
957 3587 1064 3646 Ἦν
1092 3609 1222 3645 ποτε
1248 3594 1335 3645 ὅτε
1379 3594 1478 3645 οὐκ
1515 3587 1582 3662 ἦν
1613 3593 1640 3643 6
1674 3591 1818 3655 Υἱὸς,

263 3681 334 3745 ὡς
356 3683 548 3752 λῃσταί
571 3700 717 3746 τινες
749 3682 1057 3736 ἀποωλῶσι
1111 3683 1224 3754 (62)
1259 3683 1350 3736 τὸν
1383 3684 1553 3752 Λόγον
1592 3684 1698 3737 ἀπὸ
1726 3684 1819 3737 τοῦ

263 3771 412 3838 Θεοῦ,
471 3775 564 3827 καὶ
605 3774 864 3846 ἄντικρυς
913 3777 1030 3828 κατ’
1058 3774 1220 3827 αὑτοῦ
1256 3773 1614 3844 φθέγγονται,
1645 3776 1725 3827 ὅτι
1754 3771 1822 3846 ἦν

265 3878 388 3917 ποτε
426 3864 518 3917 τοῦ
554 3864 685 3917 [δίου
716 3865 890 3930 Λόγου
931 3866 1022 3917 καὶ
1047 3865 1242 3935 Σοφίας
1270 3865 1379 3935 (65)
1413 3865 1601 3936 χωρὶς,
1633 3867 1724 3918 καὶ
1762 3866 1823 3921 τὸ

262 3955 372 4023 φῶς
399 3951 463 4026 ἦν
502 3973 633 4009 ποτε
681 3955 851 4027 χωρὶς
880 3957 1050 4026 αὐγῆς
1073 3996 1088 4019 ,
1137 3958 1230 4009 καὶ
1262 3955 1454 4024 ἄγονος
1497 3953 1565 4028 ἦν
1596 3959 1628 4029 ή
1671 3959 1820 4030 πηγὴ

263 4048 351 4099 καὶ
379 4048 547 4118 ξηρά;
587 4047 708 4101 Κᾶν
735 4048 845 4118 γὰρ
883 4047 943 4100 τὸ
974 4046 1141 4118 ὄνομα
1164 4047 1256 4102 τοῦ
1289 4048 1474 4120 χρόνου
1499 4049 1822 4122 προσποιού-

267 4155 405 4208 μενοι
437 4139 716 4208 φοϐεῖσθαι
744 4139 833 4193 διὰ
861 4139 986 4202 τοὺς
1013 4138 1365 4203 ὀνειδίζοντας
1385 4141 1599 4203 αὐτοὺς,
1622 4140 1819 4210 λέγωσι

262 4230 364 4301 πρὸ
386 4232 588 4302 χρόνων
625 4231 787 4285 αὑτὸν
815 4226 957 4284 εἶναι
979 4249 993 4262 ·
1026 4231 1140 4284 ἀλλ’
1177 4233 1325 4302 ὅμως
1365 4233 1444 4286 ὅτι
1481 4232 1821 4305 διαστήματά

261 4337 375 4377 τινα
403 4324 653 4388 διδόασιν,
695 4326 753 4377 ὲν
782 4317 862 4386 οἷς
916 4323 989 4395 μὴ
1033 4319 1169 4377 εἶναι
1221 4324 1384 4378 αὑτὸν
1436 4326 1813 4392 φαντάζονται,

259 4412 402 4465 οὐδὲν
425 4410 584 4486 ἦττον
608 4414 832 4484 χρόνους
865 4413 1217 4486 σημαίνοντες
1238 4455 1251 4477 ,
1299 4415 1391 4466 καὶ
1423 4413 1643 4485 ἀλογίαν
1691 4417 1820 4488 περὶ

259 4501 350 4552 τὸν
373 4501 496 4555 Θεὸν
522 4503 852 4571 εἰσάγοντες,
891 4502 1136 4573 μεγάλως
1170 4500 1474 4555 ἀσεϐοῦσιν.

1924 3224 1980 3279 id
2015 3224 2252 3294 primum
2277 3223 2380 3294 ipsi
2413 3224 2664 3292 probent,
2698 3239 2762 3278 ac
2793 3223 2988 3279 deinde
3033 3224 3194 3280 liccat
3234 3227 3341 3281 illis
3373 3239 3485 3281 tan~

1923 3329 2089 3386 quam
2119 3314 2186 3369 de
2216 3329 2276 3369 re
2310 3313 2452 3368 facta
2489 3314 2794 3380 clamitare,
2841 3313 2967 3369 Fuit
3013 3316 3326 3386 aliquando,
3368 3334 3486 3374 cum

1923 3421 2032 3461 non
2055 3415 2237 3461 esset:
2273 3421 2361 3461 res
2393 3406 2595 3476 quippe
2623 3421 2744 3476 qua:
2776 3405 2929 3462 facta?
2972 3417 3120 3474 sunt,
3156 3418 3310 3462 antea
3346 3418 3486 3465 certe

1923 3516 2032 3555 non
2064 3508 2237 3554 erant.
2270 3497 2375 3553 Sed
2417 3499 2462 3553 si
2493 3506 2577 3552 est
2609 3497 2804 3564 Filius,
2854 3499 2936 3552 uti
2980 3498 3139 3554 Pater
3165 3508 3395 3556 testatur
3437 3510 3485 3552 et

1925 3589 2222 3662 Scriptura:
2256 3589 2575 3659 pradicant,
2626 3587 2798 3643 Filius
2845 3598 3026 3644 autem
3065 3591 3200 3644 nihil
3227 3592 3372 3645 aliud
3404 3597 3483 3645 esl

1923 3697 2086 3755 quam
2119 3684 2263 3752 quod
2291 3698 2356 3736 ex
2391 3679 2552 3735 Patre
2580 3681 2838 3752 gignitur,
2877 3681 3039 3750 idque
3063 3683 3208 3750 quod
3239 3699 3301 3737 ex
3332 3681 3490 3737 Patre

1923 3775 2182 3846 gignitur,
2214 3775 2333 3844 ejus
2357 3784 2442 3829 est
2461 3773 2699 3828 Verbum
2738 3783 2792 3828 et
2828 3772 3100 3843 Sapientia
3131 3784 3187 3829 et
3210 3775 3485 3844 splendor;

1923 3867 2052 3936 quid
2087 3867 2234 3922 aliud
2269 3867 2394 3920 inde
2431 3865 2865 3920 concludendum
2910 3873 3015 3929 est,
3060 3881 3221 3935 quam
3253 3882 3346 3922 eos
3395 3871 3489 3936 qui

1921 3957 2132 4024 dicunt,
2166 3956 2288 4012 Fuit
2318 3957 2630 4026 aliquando,
2656 3972 2779 4011 cum
2802 3971 2914 4011 non
2945 3967 3089 4012 esset
3118 3957 3308 4024 Filius,
3341 3961 3489 4016 velut

1922 4050 2070 4106 fures
2100 4049 2364 4120 quosdam
2405 4047 2645 4104 Verbum
2689 4065 2718 4103 a
2761 4050 2872 4106 Deo
2920 4050 3226 4117 detrahere,
3279 4063 3488 4122 aperte-

1921 4157 2028 4214 que
2071 4142 2334 4197 adversus
2382 4156 2505 4196 eum
2557 4141 2904 4208 contendere,
2959 4143 3135 4213 ipsum
3187 4143 3356 4199 fuisse
3386 4145 3486 4199 ali-

1919 4232 2142 4304 quando
2175 4233 2293 4286 sine
2316 4230 2636 4302 splendore,
2671 4229 2873 4287 fontem
2906 4234 3145 4288 sterilem
3193 4243 3246 4289 et
3273 4234 3484 4289 aridum

1921 4324 2085 4380 esse?
2128 4322 2262 4378 Nam
2301 4322 2517 4378 tametsi
2554 4323 2814 4394 temporis
2870 4339 3088 4388 nomen,
3127 4335 3271 4381 metu
3303 4327 3354 4382 id
3381 4328 3482 4384 sibi

1922 4415 2392 4485 exprobrantium,
2421 4412 2668 4485 refugere
2704 4414 3045 4480 simulantes,
3094 4415 3327 4472 fatentur
3359 4432 3482 4472 eum

1853 4503 1896 4558 D
1933 4519 2061 4561 ante
2102 4515 2348 4575 tempora
2380 4506 2688 4560 exstitisse:
2728 4515 2905 4560 tamen
2949 4507 3074 4576 quia
3107 4508 3350 4578 quaedam
3392 4507 3488 4560 de-

262 4593 442 4646 nniunt
474 4594 776 4658 intervalla,
813 4595 866 4649 in
906 4594 1103 4664 quibus
1153 4595 1330 4663 ipsum
1377 4608 1487 4649 non
1523 4591 1695 4652 fuisse
1735 4600 1940 4666 volunt,
2003 4598 2154 4654 valde
2205 4597 2354 4668 impii
2399 4606 2528 4652 sunt
2575 4597 2828 4662 habendi,

2908 4600 3048 4670 quod
3117 4608 3358 4672 tempora
3407 4599 3481 4656 si-

261 4684 526 4753 vniticent,
556 4697 611 4741 et
644 4685 892 4744 Rationis
922 4688 1037 4743 sive
1069 4686 1227 4743 Verbi
1258 4696 1539 4772 expertem
1585 4691 1824 4748 audeant
1855 4691 2024 4749 Deum
2059 4693 2237 4764 ipsum
2267 4689 2486 4757 tingere.

336 4890 377 4921 "
396 4889 559 4948 Prov.
590 4906 745 4954 xvm,
774 4891 825 4945 1.

453 5114 668 5201 ,βαδίζῃ
694 5117 1004 5201 πιθανότης.
1033 5089 1258 5201 _Segugr.
1283 5118 1437 5183 ibid.,
1467 5117 1819 5201 ήπροσπρίη-

256 5196 363 5265 τος.
395 5184 574 5265 βᾶὶιίρ
599 5184 1089 5265 ϐοηιωειηῄὴρδς
1112 5184 1274 5242 τοῦτο
1301 5184 1660 5262 προσποιητή.
1686 5184 1811 5254 Alii,

259 5252 300 5319 ἡ
327 5253 451 5327 ιῖρρς
484 5255 640 5308 τοῦτο
666 5252 1050 5327 προσποίητος.

328 5301 448 5416 gs
474 5301 1050 5416 gestagesta:
1070 5328 1124 5416 ξ,
1151 5327 1422 5416 Issam,

330 5393 432 5470 (ἕξ)
473 5393 688 5470 Qohler.
713 5405 768 5450 et
800 5397 1035 5470 Felgkm.
1073 5398 1124 5459 1,
1152 5393 1241 5470 ὥς
1259 5415 1389 5470 φησι
1414 5397 1680 5470 Σολομὼν.

331 5463 434 5533 (56)
479 5464 568 5520 Sic
594 5464 843 5535 δοκίων..
873 5467 1088 5522 Gobler.
1120 5477 1173 5521 et
1202 5463 1438 5522 Fe'lckm.
1473 5469 1521 5523 1.
1547 5463 1818 5537 ἈιΑηειί-

261 5538 774 5620 αῃέγενητήεέστι.
794 5537 976 5620 Alii‘et
991 5537 1077 5620 ed.
1097 5537 1387 5620 cornuto!”
1405 5541 1815 5620 Yay‘lnfjcoédtt.

333 5604 437 5670 (57)
483 5604 587 5660 Sic'
605 5605 851 5676 Seguer.,
880 5605 1095 5663 Gobler.
1122 5617 1176 5663 et
1199 5604 1437 5663 Felckm.
1459 5608 1508 5662 1.
1532 5604 1671 5664 Editi
1694 5624 1820 5664 vero

261 5678 325 5723 et
344 5674 445 5728 alii.
479 5676 669 5728 ἀΐδιον.

334 5687 918 5826 (ἓῖὃέξιίὲἒίίηηηκαξ
939 5747 1200 5826 ὡς’-Θεοῦ,
1226 5755 1298 5826 ut
1311 5746 1639 5826 etijannins
1655 5748 1818 5818 legit:

263 5807 422 5870 Aliiet
437 5807 550 5884 edi,
574 5817 670 5870 καὶ
684 5815 843 5870 Θεοῦ.
866 5807 1249 5874 ΜοιἚθΙειιὼ.
1269 5819 1320 5882 5,
1336 5819 1518 5881 ἀϊδίως
1538 5807 1819 5890 ὑπάρχῖυν.

563 5907 831 5970 Panos.
872 5907 989 5969 Gn.
1023 5909 1250 5972 XXVI.

1997 5116 2110 5187 (59)
2148 5117 2250 5171 Τόν
2277 5115 2427 5172 deest
2458 5115 2512 5187 in
2539 5113 2858 5187 seguerian2

1997 5179 2111 5255 (60)
2155 5187 2274 5241 Ὅτι
2308 5187 2457 5240 deest
2485 5186 2537 5239 in
2577 5179 2799 5255 SEguer.
2830 5183 3046 5243 Gobler.
3080 5190 3134 5235 et
3160 5179 3399 5255 Eelckm.
3427 5185 3477 5238 1.

1919 5251 2066 5380 ἕοῇ
2088 5255 2336 5327 Seguer.,
2370 5257 2438 5310 τὰ
2466 5251 2714 5328 γεννητά.
2754 5253 2898 5308 Idem
2927 5268 3074 5315 mox,
3113 5251 3273 5307 τοῦτο
3298 5252 3407 5326 γὰρ
3453 5257 3482 5309 ὁ

1969 5344 2003 5380 α
2076 5345 2126 5380 ο.

1969 5344 2126 5380 αττιο.

1989 5327 2209 5467 (gigSic
2235 5391 2883 5467 Seguer.,_AReg._Gobler.
2914 5400 2968 5447 et
2994 5390 3232 5449 Felckm.
3255 5394 3308 5449 1.
3339 5393 3478 5448 Editi

1921 5462 2052 5521 vero
2081 5462 2135 5521 et
2163 5467 2274 5531 alii,
2312 5462 2377 5518 ἐκ
2412 5464 2505 5518 τοῦ
2534 5462 2689 5517 Θεοῦ.

1995 5536 2107 5608 (ϐξ)
2150 5536 2240 5608 Sic
2271 5535 2654 5608 Segu_er_ia_nus,
2683 5530 2890 5608 _Regius
2919 5538 2974 5608 et
3000 5531 3177 5608 editio
3204 5534 3478 5608 Δ(ξοηιιηιει.

1925 5601 2013 5660 Δι’
2040 5601 2254 5662 GObInr.
2289 5601 2369 5659 etv
2391 5603 2628 5657 Felrkm.
2676 5602 2728 5663 1,
2758 5601 3106 5656 ἀποσυλοῦσι.
3142 5603 3342 5660 lh‘idem
3377 5602 3481 5658 Go-

1926 5677 2060 5732 bler.
2095 5687 2148 5732 et
2175 5675 2353 5731 Felck.
2385 5673 2436 5736 1,
2469 5673 2558 5725 τὸν
2588 5671 2756 5738 Λόγον
2786 5671 2892 5725 ἀπὸ
2922 5671 3076 5726 Θεοῦ.

1998 5746 2107 5818 (65)
2150 5743 2486 5816 Seguerian.,
2528 5742 2627 5812 τῆς
2647 5739 2854 5816 σοφίας.
