3972 6224
469 404 534 457 ιδ
1019 405 1074 460 S.
1116 407 1484 466 ATHANASII
1525 409 1672 468 OPP.
1714 413 1895 470 PARS
1931 415 1970 473 I.
2010 447 2074 456 —
2115 416 2484 476 HISTORICA
2528 419 2615 474 ET
2657 417 3070 476 DOGMATICA.
3608 421 3678 475 Η

540 523 621 577 l5.
665 521 818 590 Quod
866 526 910 580 si
939 522 1065 579 Filii
1121 543 1318 582 nomen
1375 541 1426 583 et
1473 531 1574 601 ipsi
1608 533 1920 600 admittunt,
1951 550 2013 588 ne

2195 536 2278 589 15.
2305 537 2365 589 Εἰ
2394 537 2450 590 δὲ
2473 539 2567 590 καὶ
2594 537 2652 590 τὸ
2689 537 2856 607 δνομα
2891 536 2984 588 τοῦ
3025 535 3154 588 Υίοῦ
3204 536 3361 590 πάλιν
3397 537 3685 606 συνομολο-

465 613 640 684 palam
669 616 737 670 ab
764 615 1015 671 omnibus
1041 617 1488 687 condemnentur,
1541 623 1635 678 sed
1669 633 1846 677 tamen
1895 640 2018 678 eum

465 704 745 773 proprium
806 715 1012 760 natura
1065 705 1242 762 Patris
1295 709 1462 765 fetum
1507 727 1628 768 esse
1689 713 2058 786 inﬁcianlur,_

463 795 619 864 quasi
648 794 802 866 331
840 797 1048 853 scilicet
1077 800 1284 870 absque
1312 803 1545 871 partium
1595 813 1648 857 et
1691 805 2019 859 divisionum

463 887 775 956 suspicione
809 889 866 942 id
924 888 1038 944 ﬁeri
1084 907 1189 945 non
1228 902 1437 962 queat;
1484 909 1616 950 sane
1654 909 1778 949 eum
1825 904 2022 966 negant

463 976 839 1043 nihilominus,
869 979 1067 1050 quippe
1100 983 1191 1051 qui
1222 983 1372 1037 illum
1409 998 1516 1038 non
1554 1001 1764 1050 verum,
1787 987 1879 1041 sed
1902 989 2020 1043 solo

462 1069 684 1123 nomine
717 1067 911 1123 Filium
945 1087 1066 1128 esse
1101 1073 1290 1128 velint.
1333 1074 1602 1130 Cancrum
1674 1093 1855 1134 annon
1897 1095 2021 1150 gra-

461 1160 600 1214 viter
629 1171 832 1225 errant,
866 1164 958 1233 qui
992 1166 1188 1219 eodem
1226 1166 1388 1220 modo
1420 1167 1486 1221 de
1518 1184 1578 1222 re
1626 1185 1734 1222 non
1759 1185 2018 1240 corporea

460 1269 524 1308 ac
551 1254 618 1309 de
648 1269 909 1324 corporea
956 1258 1373 1322 ratiocinantur,
1422 1261 1625 1330 quique
1672 1262 1743 1316 ob
1785 1263 2020 1333 propriae

461 1355 666 1400 naturae
701 1347 1144 1416 imbecillitatem,
1180 1352 1326 1420 quod
1367 1354 1650 1422 proprium
1683 1363 1737 1409 et
1775 1358 2020 1411 naturale

458 1447 541 1491 est
560 1437 734 1492 Patris
768 1454 876 1492 non
906 1449 1160 1495 verentur
1199 1459 1398 1512 negare
1419 1443 1713 1500 ?Profecto
1743 1445 1788 1501 si
1819 1447 1893 1501 ita
1914 1457 2017 1514 est,

459 1539 704 1598 superest
744 1539 801 1584 ut
848 1546 972 1585 cum
1015 1533 1238 1589 minime
1278 1535 1582 1606 intelligant
1633 1541 1912 1606 quomodo
1949 1542 2019 1598 sit

459 1617 601 1672 Deus
638 1619 718 1673 vel
749 1621 925 1690 qualis
976 1623 1047 1675 sit
1090 1621 1270 1688 Pater,
1315 1625 1565 1680 eumdem
1601 1643 1816 1698 quoque
1860 1631 2018 1700 plane

460 1718 673 1778 negent,
727 1712 1167 1780 quandoquidem
1227 1713 1398 1768 fetum
1453 1713 1632 1772 Patris
1677 1719 1896 1774 nonnisi
1948 1736 2016 1775 ex

458 1799 652 1870 seipsis
675 1800 848 1855 insani
884 1802 1198 1858 metiuntur.
1256 1802 1457 1860 Verum
1498 1807 1620 1863 illos
1660 1807 1734 1864 ita
1771 1810 2013 1879 aﬂ'ectos,

2130 629 2297 697 γοῦσι,
2328 629 2415 682 διὰ
2438 629 2498 682 τὸ
2531 631 2603 700 μὴ
2650 629 2930 700 βούλεσθαι
2983 615 3226 699 φανερῶς
3290 629 3435 699 παρά
3466 629 3683 682 πάντων

2124 721 2647 790 καταγινώσκεσθαι,
2677 723 2738 776 τδ
2763 722 2818 775 δὲ
2852 718 2988 774 εἶναι
3020 721 3206 773 τοῦτον
3234 720 3332 790 τῆς
3381 720 3566 784 οὐσίας
3589 719 3682 773 τοῦ

2125 813 2334 885 Πατρὸς
2362 813 2490 866 ἴδιον
2537 813 2781 885 γέννημα
2838 812 3145 885 ἀρνοῦνται,
3177 812 3252 874 ὡς
3280 813 3352 881 μὴ
3383 813 3491 880 (64)
3519 813 3680 866 δυνα-

2125 906 2285 976 μένου
2306 907 2492 958 τούτου
2533 901 2670 958 εἶναι
2703 906 2867 976 χωρὶς
2895 905 2995 974 τῆς
3041 905 3103 957 ἐκ
3139 903 3316 974 μερῶν
3345 905 3440 956 καὶ
3478 904 3681 977 διαιρέ-

2125 1014 2261 1050 σεων
2289 996 2558 1060 ὐπονοίαςο
2590 995 2739 1048 οὐδὲν
2770 992 2930 1066 ἧττον
2953 995 3110 1048 πάλιν
3133 993 3416 1064 ἀρνοῦνται
3443 993 3514 1064 μὴ
3542 991 3680 1049 εἶναι

2124 1090 2220 1158 μὲν
2244 1087 2492 1158 ἀληθινὸν
2527 1088 2674 1151 Υίὸν,
2703 1087 2924 1157 ὀνόματι
2975 1085 3030 1138 δὲ
3069 1085 3224 1155 μόνον
3257 1083 3500 1151 λέγοντες
3529 1085 3674 1137 Υἰόν.

2123 1179 2246 1242 Πῶς
2273 1179 2329 1231 δὲ
2355 1180 2414 1233 οὐ
2445 1179 2766 1248 σφάλλονται
2801 1177 3048 1249 μεγάλως
3073 1178 3198 1248 περὶ
3243 1174 3337 1228 τοῦ
3391 1176 3678 1246 ἀσωμάτου

2119 1270 2187 1324 τὰ
2214 1271 2476 1341 σωμάτων
2525 1270 2930 1341 ἐνθυμούμενοι,
2979 1269 3070 1322 καὶ
3130 1267 3215 1320 διὰ
3251 1272 3346 1339 τὴν
3400 1265 3681 1320 ἀσθένειαν

2119 1361 2218 1431 τῆς
2247 1362 2379 1426 ἰδίας
2399 1362 2609 1432 φύσεως
2636 1361 2952 1433 ἀρνούμενοι
2981 1361 3042 1414 τὸ
3087 1359 3243 1429 φύσει
3293 1359 3386 1412 καὶ⁵
3409 1358 3534 1412 ἴδιον
3564 1357 3677 1428 (65)

2119 1452 2211 1506 τοῦ
2238 1455 2484 1524 Πατρός;
2519 1454 2657 1525 Ὥρα
2679 1453 2786 1524 γὰρ
2829 1452 3023 1516 αὐτοὺς
3059 1451 3134 1522 μὴ
3170 1450 3419 1512 νοοῦντας
3446 1447 3679 1510 καὶπῶς

2119 1543 2264 1596 ἐστιν
2296 1543 2324 1594 ὁ
2361 1542 2571 1614 Θεὸς,ἢ
2611 1543 2850 1605 ποταπός
2895 1542 3042 1594 ἐστιν
3075 1541 3102 1592 ὁ
3153 1539 3358 1610 Πατὴρ,
3396 1536 3674 1610 ἀρνεῖσθαι

2119 1634 2210 1686 καὶ
2237 1633 2417 1698 αὐτὸν,
2449 1635 2569 1687 ἐπεὶ
2590 1636 2681 1686 καὶ⁵
2710 1634 2769 1686 τὸ
2818 1633 3059 1703 γέννημα
3101 1630 3194 1683 τοῦ
3227 1630 3438 1700 Πατρός
3467 1630 3523 1694 ἐξ
3553 1630 3678 1681 ἐαυ-

2116 1725 2222 1778 τῶν
2243 1725 2526 1798 μετροῦσιν
2547 1727 2594 1779 οἱ
2623 1725 2870 1796 ἄφρονες.
2906 1724 3042 1776 Ἀλλ’
3065 1722 3233 1786 οὕτως
3263 1721 3456 1782 αὐτοὺς
3477 1719 3678 1772 διακει-

2119 1817 2332 1889 μένους,
2355 1818 2448 1872 καὶ
2475 1815 2788 1888 νομίζοντας
2827 1816 2900 1888 μὴ
2936 1815 3187 1868 δύνασθαι
3227 1809 3363 1865 εἶναι
3407 1811 3534 1864 Υῐὸν
3579 1809 3675 1862 τοῦ

457 1893 889 1965 arbitrantesque
919 1911 1040 1952 esse
1069 1912 1174 1951 non
1201 1912 1359 1967 posse
1389 1898 1483 1954 Dei
1512 1899 1734 1966 Filium,
1765 1904 2013 1960 miserari

2118 1910 2250 1964 Θεοῦ
2273 1911 2407 1982 (66),
2434 1910 2720 1982 οἰκτείρειν
2771 1910 2868 1981 μὲν
2917 1909 3084 1974 ἀξιονο
3117 1909 3321 1980 ἐρωτᾷν
3364 1906 3420 1959 δὲ
3449 1905 3541 1958 καὶ
3592 1905 3673 1958 δι-

457 2000 669 2055 :equum
706 1987 839 2040 mihi
872 1987 1113 2042 videtur:
1149 1989 1290 2043 haud
1318 1998 1497 2046 tamen
1515 1993 1583 2047 ab
1611 2009 1671 2048 re
1699 1993 1862 2049 fuerit
1892 1996 2014 2052 illos

459 2076 791 2148 interrogare
817 2087 869 2132 et
894 2079 1241 2149 convincere,
1273 2083 1318 2136 si
1345 2082 1482 2138 forte
1503 2086 1586 2139 vel
1614 2086 1717 2142 hoc
1756 2097 1913 2157 pacto
1944 2089 2011 2143 ad

455 2186 675 2226 sensum
705 2179 756 2225 et
787 2173 1055 2227 rationem
1090 2184 1294 2244 queant
1321 2178 1586 2232 revocari.
1624 2177 1680 2232 Si
1713 2180 2011 2235 secundum

454 2278 553 2317 vos
575 2261 746 2315 Filius
773 2273 940 2318 estex
975 2265 1166 2331 nihilo,
1220 2281 1320 2321 nec
1368 2265 1469 2321 fuit
1517 2277 1806 2339 antequam
1851 2278 2013 2326 natus

453 2362 559 2419 est,
596 2369 821 2424 prorsus
853 2357 1102 2424 sequitur
1135 2363 1192 2410 ut
1223 2357 1335 2427 ipse
1362 2374 1580 2428 quoque
1631 2360 1848 2414 nonnisi
1889 2376 2011 2430 par—

454 2443 770 2514 ticipatione
795 2443 986 2514 Filius,
1029 2445 1168 2502 Deus
1198 2456 1250 2502 et
1277 2446 1550 2518 Sapientia
1586 2450 1654 2505 sit
1691 2451 2020 2521 appellatus.

451 2537 586 2593 Nam
615 2540 685 2594 ita
715 2541 874 2596 etiam
910 2557 996 2596 res
1021 2542 1139 2597 alia:
1173 2557 1362 2598 omnes
1388 2555 1514 2600 sunt
1538 2545 1866 2612 constituta},
1891 2561 2012 2615 quae

449 2638 505 2684 et
528 2632 878 2686 sanctiﬁcata:
903 2633 1296 2702 glorificantur.
1321 2633 1489 2703 Cujus
1508 2649 1637 2704 ergo
1667 2635 1755 2688 ille
1785 2635 1853 2689 sit
1883 2651 2010 2705 par-

450 2721 642 2793 ticeps,
670 2737 766 2779 vos
799 2724 980 2779 dicere
1035 2739 1258 2779 necesse
1315 2725 1540 2779 omnino
1571 2733 1672 2780 est.
1728 2724 1834 2780 Res
1863 2727 2008 2780 enim

449 2814 570 2869 alia:
599 2831 790 2872 omnes
825 2815 1063 2886 Spiritus
1094 2825 1220 2872 sunt
1245 2817 1536 2886 participes
1565 2839 1574 2871 :
1615 2818 1791 2887 ipsum
1828 2829 2008 2872 autem

447 2907 736 2976 cujusnant
768 2908 845 2964 rei
891 2909 1209 2980 participem
1267 2909 1498 2970 dicetis?
1534 2908 1812 2980 Spiritus?
1844 2911 2009 2981 Atqui

449 2995 565 3068 ipse
596 2997 832 3069 Spiritus
857 3014 888 3054 a
911 2999 1048 3054 Filio
1083 3001 1264 3070 potius
1301 3001 1516 3070 accipit,
1547 3014 1607 3056 ut
1647 3001 1788 3057 idem
1837 3001 2007 3058 Filius

448 3100 680 3147 testatur
705 3089 779 3158 ",
808 3091 1216 3163 absurdumque
1267 3093 1412 3148 dictu
1463 3103 1547 3148 est
1607 3095 1750 3150 hunc
1792 3093 1860 3149 ab
1914 3095 2006 3149 illo

447 3180 798 3236 sanetiﬁcari.
847 3180 1014 3253 Igitur
1071 3181 1250 3238 Patris
1306 3184 1365 3238 iit
1424 3184 1727 3254 particeps:
1779 3184 2002 3239 idenim

446 3280 714 3345 superest,
751 3281 807 3327 et
847 3274 1153 3329 necessario
1197 3273 1509 3329 dicendum.
1563 3273 1668 3330 Sed
1722 3275 1852 3345 quid
1884 3284 2003 3330 tan-

443 3365 591 3432 dem,
636 3365 716 3419 vel
753 3363 892 3420 unde
937 3365 1066 3420 illud
1110 3374 1194 3421 est
1231 3365 1254 3418 ἳ
1313 3365 1368 3420 Si
1416 3367 1618 3436 aliquid
1661 3369 2003 3424 extrinsecus

443 3455 806 3526 excogitatum
841 3471 872 3510 a
897 3454 1076 3523 Patre,
1106 3472 1214 3511 non
1233 3457 1346 3527 jam
1370 3454 1548 3512 Patris
1578 3457 1681 3512 erit
1706 3459 2000 3528 particeps,

443 3546 540 3602 sed
568 3546 694 3616 ejus
724 3546 869 3616 quod
896 3548 1236 3603 extrinsecus
1277 3559 1378 3614 est,
1412 3563 1511 3604 nec
1532 3549 1761 3619 proinde
1805 3565 2003 3605 secun-

441 3636 571 3691 dum
609 3648 725 3706 post
748 3636 974 3692 Patrem
1005 3639 1186 3696 locum
1215 3639 1505 3704 obtinebit,
1543 3656 1665 3695 cum
1695 3656 1805 3695 rem
1854 3641 1999 3695 illam

441 3741 567 3785 ante
617 3745 675 3786 se
723 3731 956 3786 haheat:
990 3746 1086 3786 nec
1112 3731 1245 3790 item
1279 3731 1456 3789 Patris
1485 3735 1588 3788 crit
1631 3734 1891 3790 dicendus
1915 3734 2006 3789 Fi-

443 3822 571 3885 lius,
609 3821 702 3877 sed
726 3822 892 3890 illius,
923 3822 1084 3894 cujus
1143 3823 1326 3880 factus
1360 3825 1653 3896 particeps,
1682 3835 1735 3880 et
1759 3825 1928 3882 Filius
1953 3836 2004 3882 et

2114 2003 2350 2073 ελέγχειν
2383 2004 2574 2067 αὐτοὺς
2603 2003 2885 2057 ἀκόλουθόν
2936 2005 3072 2066 ἐστι,
3112 2001 3249 2070 τάχα
3275 1999 3374 2053 κᾶν
3399 1997 3567 2061 οὕτως
3594 1998 3678 2060 είς

2113 2095 2360 2165 αἴσθησιν
2376 2094 2614 2148 ἔλθωσιν.
2630 2096 2692 2147 Εἰ
2715 2095 2835 2148 καθ’
2855 2095 2996 2164 ὑμᾶς
3016 2092 3074 2157 ἐξ
3099 2093 3195 2145 οὐκ
3219 2091 3384 2144 ὄντων
3403 2089 3546 2142 ἐστὶν
3563 2087 3673 2159 (67)

2112 2189 2140 2242 ὁ
2165 2188 2310 2251 Υἱὸς,
2347 2188 2441 2241 καὶ
2475 2189 2574 2241 οὐκ
2602 2183 2668 2259 ἦν
2698 2187 2826 2258 πρὶν
2846 2185 3104 2257 γεννηθῇ,
3129 2185 3343 2246 πάντως
3385 2200 3483 2235 που
3534 2180 3676 2234 κατὰ

2116 2281 2401 2351 μετουσίαν
2429 2281 2522 2334 καὶ
2553 2280 2714 2343 αὐτὸς
2736 2279 2881 2343 Υἱὸς,
2908 2278 3001 2330 καὶ
3033 2277 3182 2340 Θεὸς,
3214 2277 3305 2328 καὶ
3325 2275 3489 2344 Σοφία
3515 2272 3673 2342 ἐκλή-

2113 2371 2199 2442 θη·
2230 2371 2370 2424 οῦτω
2393 2371 2501 2442 γάρ
2528 2371 2620 2424 καὶ
2656 2370 2725 2422 τὰ
2764 2369 2896 2423 ἄλλα
2930 2369 3104 2421 πάντα
3153 2367 3441 2438 συνέστηκέ
3465 2383 3523 2418 τε
3578 2365 3670 2417 καὶ

2113 2459 2447 2533 ἀγιαζόμενα
2488 2461 2784 2527 δοξάζεται.
2825 2461 2980 2522 Τίνος
3036 2457 3213 2512 τοίνυν
3269 2459 3384 2509 ἐστὶ
3425 2456 3667 2526 μέτοχος,

2110 2555 2282 2606 εἰπεῖν
2317 2553 2459 2622 ὑμᾶς
2497 2552 2728 2620 ἀνάγκη.
2783 2549 2862 2602 Τά
2913 2551 3009 2619 μἐν
3040 2547 3146 2618 γὰρ
3192 2545 3324 2601 ἄλλα
3373 2545 3546 2597 πάντα
3576 2543 3668 2596 τοῦ

2110 2641 2422 2711 Πνεύματος
2460 2639 2696 2711 μετέχει,
2741 2639 2898 2700 αὐτὸς
2952 2637 3008 2688 δὲ
3056 2638 3160 2709 ἄρα
3199 2636 3316 2689 καθ’
3341 2637 3482 2705 ὑμᾶς
3529 2633 3672 2696 τίνος

2109 2729 2173 2783 ἀν
2203 2731 2284 2801 εἴη
2315 2731 2569 2801 μέτοχος;
2609 2728 2713 2781 Τοῦ
2763 2726 3107 2798 Πνεύματοςς
3172 2727 3278 2779 Καὶ
3310 2725 3413 2796 μὴν
3457 2725 3586 2777 αὐτὸ
3610 2723 3672 2775 τὸ

2109 2822 2331 2892 Πνεῦμα
2363 2820 2558 2891 μᾶλλον
2599 2822 2747 2892 παρὰ
2787 2821 2879 2874 τοῦ
2910 2821 3038 2874 Υίοῦ
3089 2817 3370 2888 λαμϐάνει,
3399 2815 3472 2878 ὡς
3510 2815 3670 2878 αὐτὸς

2108 2914 2317 2986 εἴρηκε,
2345 2913 2435 2966 καὶ
2468 2911 2658 2980 ἄλογόν
2720 2913 2866 2964 ἐστιν
2912 2913 3081 2963 εἰπεῖν
3131 2907 3315 2961 τοῦτον
3355 2904 3671 2973 ἀγιάζεσθαι

2107 3006 2236 3078 παρ’
2258 3004 2487 3057 ἐκείνου.
2518 3003 2724 3057 Οὐκοῦν
2754 3004 2846 3056 τοῦ
2872 3003 3081 3075 Πατρὺς
3115 3001 3348 3072 μετέχει·
3374 2997 3529 3051 τοῦτο
3559 2997 3669 3068 γὰρ

2107 3095 2370 3159 λείπεται,
2397 3097 2490 3149 καὶ
2515 3094 2726 3165 ἀνάγκη
2761 3094 2959 3164 λέγειν.
2978 3093 3086 3146 Καὶ
3116 3091 3167 3145 τί
3195 3091 3350 3144 τοῦτο
3376 3092 3481 3161 ἀρα
3508 3089 3539 3159 ἢ
3572 3089 3670 3141 πό-

2107 3186 2197 3240 θεν
2227 3187 2406 3251 ὲστίν;
2434 3188 2481 3239 εἰ
2514 3187 2610 3256 μὲν
2633 3182 2724 3238 οὖν
2763 3185 2960 3252 ἔξωθέν
2999 3186 3144 3239 ἐστιν
3197 3183 3472 3252 ὲπινοηθὲν
3517 3180 3670 3252 παρὰ

2105 3278 2196 3332 τοῦ
2221 3279 2450 3348 Πατρὸς,
2480 3277 2659 3330 οὐκέτι
2695 3278 2854 3331 πάλιν
2896 3275 2988 3328 τοῦ
3033 3274 3244 3344 Πατρὸς
3298 3273 3535 3344 μετέχων
3557 3271 3667 3342 (68)

2105 3369 2171 3424 ἂν
2200 3371 2304 3441 εἴη,
2335 3368 2470 3422 ἀλλὰ
2501 3369 2594 3422 τοῦ
2626 3366 2822 3432 ἔξωθεν
2856 3367 3165 3438 γενομένου,
3195 3366 3287 3418 καὶ
3305 3366 3482 3418 οὐκέτι
3507 3363 3668 3426 αὐτὸς

2103 3464 2223 3518 οὐδὲ
2247 3462 2496 3532 δεύτερος
2529 3462 2678 3514 ἔσται
2707 3459 2843 3533 μετὰ
2865 3461 2955 3513 τὸν
2976 3458 3194 3528 Πατέρα
3217 3457 3346 3527 (69),
3375 3457 3508 3527 ἔχων
3559 3452 3670 3526 πρὸ

2105 3554 2297 3611 ἑαυτοῦ
2321 3557 2512 3608 ἐκεῖνο·
2543 3555 2662 3607 οὐδὲ
2683 3552 2776 3606 τοῦ
2807 3551 3018 3622 Πατρδς
3042 3551 3169 3614 Υἱὸς
3190 3551 3254 3603 ἂν
3285 3549 3523 3619 λεχθείη,
3549 3547 3668 3600 ἀλλ’

2102 3648 2331 3712 ἐκείνου,
2357 3641 2416 3700 οῦ
2450 3647 2542 3700 καὶ
2573 3645 2811 3715 μετέχων
2839 3643 2964 3706 Υἱὸς
3005 3642 3096 3694 καὶ
3125 3641 3255 3704 θεὸς
3283 3639 3503 3710 ἐκλήθη·
3533 3640 3580 3691 εί
3608 3637 3667 3690 δὲ

2100 3739 2257 3793 τοῦτο
2293 3739 2490 3792 ἄτοπον
2519 3738 2608 3790 καὶ
2633 3737 2845 3800 ἀσεϐὲς,
2877 3735 3125 3804 λέγοντος
3180 3733 3275 3804 μὲν
3305 3731 3396 3784 τοῦ
3428 3731 3665 3801 Πατρὸς,

2106 3825 2291 3895 Οὗτός
2319 3829 2490 3882 ἐστιν
2516 3831 2547 3881 ὀ
2579 3829 2708 3894 Υἱός
2731 3844 2840 3892 μου
2877 3828 2908 3880 ό
2953 3823 3274 3894 ἀγαπητὸς,
3336 3821 3581 3890 λέγοντος
3605 3820 3665 3873 δὲ

444 3910 586 3967 Dens
630 3921 713 3968 est
746 3925 1110 3984 nuncupatus.
1153 3914 1309 3985 Quod
1348 3915 1566 3989 quidem
1611 3915 1655 3970 si
1706 3917 2002 3971 absurdum

2112 3918 2310 3973 καὶτοῦ
2345 3917 2496 3980 Υίοῦ,
2531 3918 2752 3987 Πατέρα
2802 3916 2928 3969 [διον
2957 3910 3093 3966 εἶναι
3143 3913 3234 3965 τὸν
3283 3912 3433 3965 Θεόν·
3484 3911 3661 3980 δῆλον,

441 4013 495 4064 et
519 4004 741 4075 impium
774 4007 969 4060 merito
993 4008 1257 4072 videatur,
1280 4023 1404 4063 cum
1426 4007 1569 4065 dicat
1590 4007 1769 4071 Pater,
1805 4008 1906 4063 Hic
1926 4018 2004 4064 est

2112 4013 2182 4064 in
2215 4010 2323 4083 (70)
2353 4012 2451 4063 οὐκ
2484 3999 2836 4073 ἔξωθεν,’ἀλλ’
2867 4008 2931 4060 ὲκ
2959 4006 3057 4075 τῆς
3089 4005 3274 4066 οὐσίας
3325 4003 3417 4055 τοῦ
3451 4001 3666 4072 Πατρός

442 4092 621 4150 Filius
661 4113 806 4150 naeus
854 4097 1171 4165 dilectus",
1220 4099 1439 4168 ipseque
1489 4098 1662 4154 Filius
1717 4102 1997 4174 preprium

2112 4101 2220 4154 ἐστι
2243 4101 2302 4153 τὸ
2339 4100 2712 4170 μετεχόμενον.
2762 4095 2930 4150 Τοῦτο
2963 4096 3018 4149 δὲ
3065 4094 3222 4148 πάλιν
3279 4093 3368 4147 ὲάν
3424 4090 3663 4166 ἕτερονῇ

439 4201 600 4241 suum
645 4184 857 4240 Patrem
907 4187 1074 4242 Deum
1139 4204 1259 4244 esse
1290 4190 1547 4246 alIirmct:
1593 4191 1764 4261 liquet
1812 4191 1997 4262 utique

2112 4190 2255 4263 παρά
2284 4190 2380 4262 τὴν
2404 4189 2587 4243 οὐσίαν
2616 4188 2709 4242 τοῦ
2730 4186 2881 4251 Υἱοῦ,
2903 4187 2963 4240 τὸ
2984 4188 3093 4240 ἴσον
3122 4187 3316 4240 ἄτοπον
3344 4186 3663 4256 ἀπαντήσει,

438 4277 579 4333 nihil
601 4278 960 4342 extrinsecus,
989 4279 1084 4334 scd
1131 4295 1194 4334 ex
1241 4282 1546 4336 substantia
1578 4281 1752 4338 Patris
1791 4299 1910 4341 esse
1943 4283 1996 4336 id

2112 4283 2270 4354 μέσου
2296 4282 2454 4336 πάλιν
2481 4281 2866 4352 εὑρισκομένου
2899 4280 3086 4332 τούτου
3116 4277 3226 4348 (71)
3254 4278 3317 4331 ἐκ
3339 4276 3432 4329 τοῦ
3450 4277 3664 4346 Πατρὺς

437 4369 601 4440 cujus
630 4370 686 4423 lit
715 4371 1004 4440 particeps.
1037 4370 1092 4426 Si
1125 4387 1287 4443 porro
1317 4373 1462 4429 istud
1499 4373 1661 4428 fuerit
1692 4373 1836 4427 aliud
1865 4387 1998 4443 pra--

2112 4373 2195 4427 καὶ
2217 4372 2318 4443 τῆς
2349 4371 2534 4436 οὐσίας
2559 4370 2650 4423 τοῦ
2671 4369 2816 4427 Υἱοῦ.
2843 4371 2961 4440 ἥτις
2990 4367 3120 4420 ποτέ
3148 4369 3310 4419 ἐστιν.

441 4471 525 4515 ter
554 4459 679 4514 Filii
732 4469 1006 4528 naturam,
1039 4478 1193 4533 reque
1243 4463 1541 4519 absurdum
1575 4465 1697 4532 erit,
1732 4479 1856 4520 cum
1891 4463 1995 4519 hoc
2032 4463 2172 4522 idem
2214 4465 2452 4520 medium
2489 4463 2619 4535 quid
2658 4462 2959 4533 reperiatur
3005 4474 3127 4514 esse
3159 4475 3224 4513 ex
3253 4456 3410 4510 Patre
3475 4465 3528 4510 et
3589 4471 3656 4510 ex

435 4567 632 4612 natura
656 4557 779 4612 Filii
803 4573 1140 4628 quaecunque
1165 4559 1378 4616 tandem
1408 4560 1496 4616 illa
1529 4558 1618 4614 sit.

508 4647 594 4702 16.
623 4646 901 4714 Quoniam
931 4663 1060 4718 ergo
1092 4649 1190 4702 has
1212 4649 1507 4703 sententias
1539 4648 1803 4703 absurdas
1833 4657 1992 4718 atque

2170 4647 2255 4701 16.
2277 4646 2542 4700 Τοιούτων
2590 4643 2654 4715 δὴ
2707 4639 2797 4696 οὖν
2843 4643 3055 4696 ἀτόπων
3084 4641 3177 4695 καὶ⁵
3213 4640 3360 4712 παρά
3386 4640 3482 4711 τὴν
3517 4639 3656 4709 ἀλή-

433 4755 463 4794 a
482 4741 707 4795 veritate
732 4740 938 4795 alienas
962 4755 1082 4795 esse
1101 4739 1321 4795 evidens
1343 4749 1444 4801 est.
1473 4739 1760 4794 dicendum
1790 4747 1875 4794 est
1898 4754 1994 4794 ne-

2112 4739 2246 4793 5ειαν
2271 4736 2706 4807 ἀναφαινομένων
2727 4733 3019 4804 λογισμῶν,
3051 4734 3260 4804 ἀνάγκη
3297 4733 3472 4800 λέγειν
3500 4730 3560 4783 τὸ
3590 4731 3660 4785 ἐκ

430 4829 670 4891 cessario
697 4831 750 4887 id
767 4830 907 4902 quod
935 4838 1017 4886 est
1045 4845 1111 4885 ex
1141 4831 1445 4886 substantia
1473 4829 1668 4897 Patris,
1699 4830 1979 4901 praprium

2112 4832 2184 4902 τῆς
2212 4831 2394 4893 οὐσίας
2424 4828 2516 4882 τοῦ
2544 4827 2754 4898 Πατρὸς
2786 4826 2912 4879 ἴδιον
2942 4826 3103 4878 αὐτοῦ
3155 4825 3370 4895 σύμπαν
3396 4819 3535 4878 εἶναι
3561 4824 3657 4879 τὸν

535 5008 580 5039 ⁹²
609 5007 764 5063 Joan.
793 5021 902 5069 xu,
929 5007 1013 5059 τι.
1088 5006 1136 5038 ⁸³
1165 5004 1352 5060 Matth.
1388 5021 1518 5068 xvtt,
1549 5006 1613 5072 5;
1640 5005 1796 5061 Joan.
1828 5023 1944 5072 vm,
1973 5007 2062 5062 54.

2090 5184 2222 5273 Ibid:
2271 5183 2516 5254 chuer.,
2544 5182 2764 5238 Gohler.
2811 5192 2864 5238 et
2894 5182 3126 5238 Felckm.
3161 5183 3210 5246 1,
3247 5184 3340 5237 καὶ
3375 5181 3555 5235 οὐκέτι
3593 5184 3654 5239 δὲ

2090 5272 2274 5393 Μίτἕῶ
2317 5321 2562 5392 Sexum"
2594 5321 2880 5378 Goldenct
2903 5322 3141 5378 Fclckm.
3175 5324 3222 5386 I,
3263 5323 3399 5393 μετὰ
3423 5322 3513 5376 τοῦ
3546 5325 3656 5379 Πα-

500 5399 534 5452 ii
559 5409 610 5451 et
639 5397 788 5461 editi,
814 5393 973 5466 φύσει
1001 5397 1146 5450 ἴδιον.
1328 5393 1349 5396 ”
1817 5393 1826 5395 ἡ

499 5466 610 5538 (66)
653 5465 1037 5538 Segueriantts,
1093 5467 1219 5518 Υἱὸν
1276 5464 1434 5519 Θεοῦ.
1489 5463 1609 5519 1on
1663 5463 1878 5520 Gobler.
1930 5472 1986 5520 et

499 5537 664 5585 ria-km.
700 5536 749 5585 I.
771 5536 868 5585 ml.
907 5536 1145 5585 ἐλέγγειν
1173 5535 1388 5585 αὐτούς.

2315 5461 2405 5518 Sic
2469 5463 2804 5543 Seguer_ian..
2852 5462 3160 5545 Basilicus...
3225 5463 3536 5518 Gohlcrian.
3597 5475 3655 5519 ct

2112 5531 2162 5585 τι)
2185 5534 2400 5585 ckman.
2435 5533 2485 5585 I.
2509 5533 2576 5585 At
2595 5533 2746 5585 editi.
2773 5531 3034 5585 δηλονότι.
3078 5532 3208 5585 Ibid.
3254 5533 3502 5585 Seauer..
3531 5532 3651 5585 ἀλλ’

428 5531 668 5606 FeIcItnI:
700 5531 868 5606 112ml
907 5536 1145 5606 ἐλέγχειν
1173 5535 1388 5606 αὐτούς·
1466 5603 1500 5606 μ
1544 5605 1549 5606 ν
1588 5603 1602 5606 ·
1762 5603 1773 5606 “
1930 5603 1956 5606 “

2112 5531 2400 5606 "cIeItman.
2419 5533 2485 5606 _I.
2509 5533 2746 5606 At_e_diti,
2773 5531 3034 5606 δηλονότι.
3078 5532 3208 5606 Ibid.
3254 5533 3502 5606 segnem,
3531 5532 3651 5586 ἀλλ’

497 5608 610 5675 (67)
651 5604 707 5659 In
763 5604 986 5676 Seguer.
1037 5602 1207 5668 deest,
1255 5605 1422 5658 ἐστίν.
1465 5603 1703 5658 Felckm.
1747 5603 1783 5656 2
1831 5612 1886 5658 et
1925 5603 1978 5665 5,

2115 5620 2148 5656 κ
2175 5603 2274 5676 τῆς
2309 5604 2525 5676 οὐσίας.
2559 5602 2704 5676 Editi
2723 5611 2779 5656 et
2801 5605 2920 5676 alii,
2944 5602 3438 5676 ίὲιλλιςιεῆςλούσίτιιςζ

425 5670 571 5732 ἰστὶν
594 5670 624 5732 ὃ
648 5676 797 5739 Θεός.
838 5670 863 5676 ⁷
1789 5742 1792 5743 ν
1897 5742 1902 5743 γ

2155 5670 2265 5743 (7i)
2309 5673 2651 5743 Seguerian..
2679 5671 2982 5742 Anglican,
3006 5670 3314 5729 Goblct'ian.
3337 5682 3389 5727 et
3410 5670 3554 5728 Felc.
3593 5675 3648 5736 Ι,

495 5747 607 5818 (68)
627 5747 789 5802 Basil.
811 5745 1196 5818 etrAnglicanq
1234 5746 1477 5818 μετέχον.
1513 5743 1632 5800 Mox
1660 5742 1982 5818 Basil.._Go-

2113 5742 2285 5799 ούτου.
2313 5742 2430 5800 Βαέἱ

423 5814 648 5874 blcriait.
707 5827 759 5872 et
807 5814 1040 5872 Fclckm.
1094 5817 1172 5896 I.‘
1207 5814 1298 5866 τοῦ
1349 5814 1544 5880 ἔξωθεν
1577 5814 1974 5883 ἐπιγενομένου.

492 5188 615 5260 (δι)
641 5187 1108 5260 'Sic'Segnerian._,
1138 5183 1272 5254 Reg.
1309 5185 1527 5244 Gobler.
1557 5195 1612 5242 et
1651 5185 1886 5242 Felcltm.
1930 5186 1980 5241 I.

430 5257 622 5313 At'alii
651 5270 706 5328 et
731 5257 859 5328 editi
886 5260 958 5328 μή
983 5257 1257 5328 omittunt.

500 5328 614 5393 (65)
655 5327 745 5382 Sic
783 5325 1097 5395 Seguerian.
1132 5325 1199 5380 At
1243 5325 1462 5396 Regius,
1503 5325 1628 5378 ἴδιον
1676 5327 1768 5380 καὶ
1805 5325 1979 5395 φύσει.

431 5399 534 5453 Alii
559 5409 610 5451 et
639 5397 788 5466 editi,
814 5397 973 5466 φύσει
1001 5397 1146 5450 ἴδιον.

2082 5741 2285 5799 τούτου.
2313 5741 2498 5810 Βαέἱιη
2522 5742 2693 5797 τοῦτο.
