3972 6224
341 413 410 468 is
1459 411 1723 468 ORATIO
1761 412 1781 466 1
1823 408 2098 465 CONTRA
2137 407 2459 467 ARIANOS.
3506 416 3574 471 to
3619 384 3625 391 ’

344 529 484 584 Υίὸν·
515 530 574 582 16
600 527 708 601 γὰρ
732 529 870 593 ὅλως
907 529 1221 600 μετέχεσθαι
1244 529 1333 583 τὸν
1361 529 1512 593 Θεὸν,
1544 530 1656 582 ἴσον
1683 529 1800 580 ἐστὶ
1831 527 1908 581 λέ·

2019 527 2244 582 omnino
2271 527 2390 597 ejus
2423 542 2546 584 esse
2574 527 2791 584 Filium.
2845 530 3015 587 Deum
3065 535 3210 588 enim
3258 537 3572 606 participari

341 639 474 690 γειν,
508 622 590 673 ὅτι
621 621 713 672 καὶ
743 621 928 690 γεννᾷ·
959 619 1093 673 τὸδὲ
1123 617 1344 688 γεννᾶν
1378 620 1490 691 (72)
1531 621 1586 672 τί
1657 619 1911 688 σημαίνει

339 711 373 783 ἢ
402 711 566 774 Υίόνς
604 709 778 762 Αὑτοῦ
809 709 937 778 γοῦν
964 709 1056 762 τοῦ
1074 710 1205 762 Υίοῦ
1235 710 1449 780 μετέχει
1477 711 1546 764 τὰ
1576 711 1752 764 πάντα
1774 710 1914 764 κατὰ

339 803 433 874 τὴν
464 802 559 855 τοῦ
587 800 900 872 Πνεύματος
923 802 1212 872 γινομένην
1242 803 1351 872 (73)
1383 805 1512 874 παρ’
1543 802 1708 856 αὑτοῦ
1734 803 1910 874 χάρινο

341 896 428 948 καὶ
457 895 690 966 φανερὸν
714 896 777 946 ὲκ
805 893 993 948 τούτου
1021 895 1248 962 γίνεται,
1276 895 1355 947 ὅτι
1399 895 1560 958 αὐτὸς
1593 897 1689 965 μὲν
1722 898 1751 948 6
1789 895 1914 958 Υἱὸς

339 986 546 1050 οὐδενὸς
573 987 807 1056 μετέχει,
832 987 892 1039 16
933 986 988 1038 δὲ
1029 987 1093 1039 ὲκ
1123 986 1217 1040 τοῦ
1268 987 1482 1058 Πατρὸς
1533 989 1911 1059 μετεχόμενον,

339 1078 493 1131 τοῦτό
529 1079 680 1130 ἐστιν
707 1079 736 1131 6
771 1078 920 1140 Υἱός.
984 1077 1156 1130 Αὑτοῦ
1200 1079 1308 1151 γὰρ
1335 1080 1427 1132 τοῦ
1478 1079 1604 1132 Υίοῦ
1660 1080 1912 1151 μετέχον-

339 1189 425 1234 τες
452 1171 589 1239 (74),
651 1169 745 1223 τοῦ
794 1169 928 1222 Θεοῦ
982 1170 1228 1240 μετέχειν
1271 1170 1558 1241 λεγόμεθα·
1617 1172 1708 1224 καὶ
1755 1171 1914 1225 τοῦτὸ

338 1263 500 1326 ἐστιν,
533 1260 561 1315 6
595 1261 779 1330 ἔλεγεν
802 1263 831 1313 6
866 1261 1087 1332 Πέτρος,
1119 1263 1241 1315 Ἵνα
1293 1262 1551 1331 γένησθε
1602 1263 1764 1329 θείας
1794 1281 1914 1317 κοι-

335 1355 512 1408 νωνοὶ
549 1357 810 1423 φύσεως,
839 1352 915 1417 ὣς
944 1371 1075 1426 φησι
1105 1355 1200 1407 καὶ
1220 1356 1248 1407 6
1293 1354 1612 1417 Ἀπὸστολος
1630 1354 1763 1424 (75),
1793 1357 1913 1431 Οιξκ

332 1447 554 1509 οἴδατε,
593 1447 681 1500 ὅτι
709 1447 855 1512 ναὸς
881 1446 1028 1500 Θεοῦ
1051 1447 1221 1508 ἐστε;
1257 1447 1369 1510 καὶ,
1409 1445 1596 1514 Ἡμεῖς
1628 1445 1739 1514 γὰρ
1769 1446 1914 1512 ναὸς

338 1537 486 1592 Θεοῦ
517 1539 707 1606 ἐσμεν
733 1536 964 1600 ζῶντος.
997 1537 1106 1589 Καὶ
1138 1536 1298 1589 αὑτὸν
1326 1536 1383 1589 δὲ
1422 1537 1510 1590 τὸν
1541 1535 1666 1590 Υίὸν
1689 1535 1907 1606 βλέπον-

334 1648 444 1694 τες,
477 1630 695 1701 ὁρῶμεν
731 1628 821 1682 τὸν
845 1627 1080 1700 Πατέρα.
1121 1628 1183 1681 Ἠ
1212 1629 1320 1700 γὰρ
1346 1628 1438 1681 τοῦ
1463 1627 1592 1682 Υίοῦ
1621 1627 1798 1682 ἔννοια
1821 1629 1914 1682 καὶ

334 1721 643 1790 κατάληψις
675 1719 874 1789 γνῶσίς
900 1721 1015 1772 ἐστι
1049 1718 1294 1791 περὶτοῦ
1330 1720 1562 1791 Πατρὸς,
1617 1718 1704 1773 διὰ
1749 1720 1812 1772 16
1850 1722 1914 1773 ὲκ

333 1814 432 1884 τῆς
448 1813 638 1874 οὐσίας
673 1810 834 1864 αὑτοῦ
889 1811 1016 1863 ἴδιον
1048 1806 1185 1864 εἶναι
1233 1811 1498 1882 γέννημα.
1531 1811 1742 1882 Ὠσπερ
1771 1811 1827 1864 δὲ
1853 1811 1911 1864 τὸ

333 1903 656 1974 μετέχεσθαι
675 1904 776 1956 οὐκ
806 1904 871 1957 ἄν
899 1920 983 1965 τις
1010 1901 1164 1972 ὑμῶν
1191 1901 1268 1955 ἔτι
1301 1902 1470 1966 πάθος
1510 1902 1652 1956 εῐποι
1691 1903 1783 1956 καὶ
1819 1920 1912 1974 με-

334 1996 528 2066 ρισμὸν
575 1996 676 2065 τῆς
720 1993 812 2049 τοῦ
863 1993 997 2047 Θεοῦ
1046 1993 1248 2056 οὐσίας·
1306 1992 1632 2065 (δεδήλωται
1680 1994 1787 2065 γὰρ
1820 1996 1912 2047 καὶ

329 2087 679 2159 ὡμολόγηται
703 2087 812 2157 (76)
839 2083 1160 2156 μετέχεσθαι
1211 2084 1302 2137 τὸν
1331 2083 1484 2148 Θεὸν,
1521 2084 1614 2137 καὶ
1648 2083 1812 2136 ταὺτὸ
1838 2079 1913 2135 εἷ-

330 2198 414 2236 ναι
446 2178 769 2250 μετέχεσθαι
795 2179 887 2231 καὶ
907 2174 1142 2246 γεννᾷνθ)
1167 2174 1337 2238 οὕτως
1361 2174 1419 2227 16
1442 2175 1688 2244 γέννημα
1721 2173 1781 2225 οὑ
1809 2173 1912 2226 πά·-

334 2273 439 2335 θος,
462 2271 586 2324 οὐδὲ
613 2271 877 2341 μερισμός
903 2271 1017 2321 ἐστι
1040 2269 1138 2338 τῆς
1175 2266 1448 2339 μακαρίας
1464 2267 1678 2337 ἐκείνης
1703 2265 1906 2329 οὐσίας.

331 2366 442 2416 Οὺιι
471 2364 704 2418 ἄπιστον
763 2362 869 2434 ἄρα
923 2361 1070 2414 ἐστὶν
1129 2360 1258 2412 Υίὸν
1308 2358 1450 2428 ἔχειν
1487 2357 1577 2411 τὸν
1635 2357 1786 2421 Θεὸν,
1813 2359 1913 2427 τῆς

332 2456 463 2520 ιδίας
485 2455 676 2518 οὐσίας
699 2455 758 2508 16
782 2455 941 2525 γέννη
951 2472 1043 2525 μα⁶
1064 2453 1171 2507 οὐδ’
1194 2454 1301 2524 ἄρα
1329 2452 1498 2514 πάθος
1524 2451 1619 2503 καὶ
1650 2450 1912 2522 μερισμὸν

332 2549 426 2619 τῆς
453 2547 646 2610 οὐσίας
672 2546 765 2599 τοῦ
791 2545 925 2601 Θεοῦ
962 2544 1322 2615 σημαίνομεν,
1355 2542 1603 2610 λέγοντες
1637 2540 1763 2593 Υίὸν
1820 2541 1914 2594 καὶ

331 2641 595 2710 γέννημα·
631 2637 768 2691 ἀλλὰ
801 2636 997 2707 μᾶλλον
1018 2635 1078 2688 τὸ
1099 2635 1320 2704 γνήσιον
1348 2631 1522 2684 καὶτὸ
1545 2629 1794 2702 ἀληθινὸν
1819 2630 1913 2682 καὶ

332 2730 388 2784 τὸ
414 2730 701 2800 μονογενὲς
753 2726 850 2780 τοῦ
882 2725 1015 2780 Θεοῦ
1057 2726 1165 2797 (77)
1213 2725 1593 2794 γινώσκοντες,
1643 2721 1784 2774 οὕτω
1819 2738 1911 2773 πι-

333 2822 616 2892 στεύομεν.
646 2820 849 2875 Τούτου
869 2819 925 2872 δὲ
952 2817 1096 2871 οὕτω
1128 2816 1477 2887 πεφασμένου
1508 2817 1601 2868 καὶ
1623 2815 1911 2885 δεικνυμέ-

332 2931 438 2979 νου,
459 2913 544 2965 ὅτι
576 2912 640 2968 16
664 2913 729 2964 ὲκ
753 2909 854 2979 τῆς
883 2909 974 2962 τοῦ
996 2908 1209 2979 Πατρὸς
1273 2907 1459 2970 οὐσίας
1489 2905 1731 2976 γέννημα
1757 2905 1912 2958 τοῦτό

335 3006 475 3058 ἑστιν
503 3007 536 3058 6
562 3003 710 3069 Υίδς,
737 3001 911 3055 οὐδενὶ
937 3000 1121 3053 λοιπὸν
1152 2997 1469 3070 ἀμφίὸολον,
1496 2997 1630 3050 ἀλλὰ
1659 2996 1753 3050 καὶ
1783 2995 1913 3067 πρό-

332 3097 484 3165 δηλον
521 3096 587 3148 ἂν
610 3095 720 3165 εἴη,
749 3095 829 3146 ὅτι
862 3091 1019 3144 τοῦτό
1052 3093 1199 3144 ἐστιν
1242 3093 1276 3160 ἡ
1324 3089 1493 3159 Σοφία
1540 3089 1636 3144 καὶ
1663 3089 1691 3140 6
1742 3088 1913 3156 Λόγος

333 3188 418 3243 τοῦ
444 3188 679 3259 Πατρὸς,
707 3187 763 3239 ὲν
793 3178 838 3253 ᾧ
868 3185 963 3238 καὶ
983 3183 1049 3237 δι’
1068 3176 1127 3236 οὗ
1145 3183 1212 3236 τὰ
1237 3182 1412 3235 πάντα
1432 3179 1604 3244 κτίζει
1631 3181 1726 3240 καὶ
1745 3181 1904 3233 ποιεῖ·
1933 3213 1977 3273 C

335 3282 422 3337 καὶ
470 3279 632 3334 τοῦτό
674 3280 822 3331 ἐστιν
865 3274 1030 3329 αὐτοῦ
1085 3275 1147 3328 16
1210 3274 1572 3344 ἀπαύγασμα,
1627 3276 1686 3327 ὲν
1740 3267 1785 3341 ᾧ
1840 3273 1908 3332 τὰ

335 3376 504 3433 πάντα
527 3372 641 3444 (78)
660 3370 902 3440 φωτίζει,
933 3369 1027 3422 καὶ
1057 3365 1494 3420 ἀποκαλύπτεται
1527 3360 1608 3428 οἷς
1632 3364 1726 3418 ἐὰν
1757 3363 1904 3438 θέλῃ·

333 3466 481 3523 τοῦτό
509 3467 660 3518 ἐστιν
685 3462 847 3516 αὑτοῦ
873 3461 1155 3532 χαρακτὴρ
1183 3458 1274 3511 καὶ
1310 3456 1494 3520 εἰκὼν,
1535 3458 1593 3509 ὲν
1620 3450 1665 3524 ᾧ
1688 3455 1909 3524 θεωρεῖ-

334 3577 413 3616 ται
438 3559 535 3613 καὶ
553 3555 904 3626 γινώσκεται,
958 3553 1037 3606 διὸ
1092 3552 1186 3606 καὶ
1238 3550 1398 3613 αὐτὸς
1439 3549 1531 3604 καὶ
1565 3549 1593 3604 ὁ
1632 3548 1824 3621 Πατὴρ
1849 3548 1906 3604 ἓν

334 3655 450 3706 εἱσι·
491 3648 723 3719 καὶγὰρ
765 3650 794 3700 6
823 3645 1012 3699 τοῦτον
1045 3643 1252 3715 βλέπων
1307 3641 1496 3712 βλέπει
1551 3640 1761 3695 καὶτὸν
1799 3641 1909 3699 Ila-

334 3743 475 3814 τέρα·
496 3740 657 3794 τοῦτό
688 3742 835 3792 ἐστιν
859 3740 887 3790 6
909 3736 1161 3808 Χριστὸς,
1184 3735 1242 3787 ὲν
1266 3727 1310 3801 ᾧ
1337 3732 1405 3785 τὰ
1438 3733 1614 3792 πάντα
1638 3730 1904 3800 λελύτρω-

333 3851 434 3894 ται,
460 3833 556 3885 καὶ
589 3831 750 3885 πάλιν
781 3829 881 3900 τὴν
910 3827 1098 3898 καινὴν
1150 3825 1443 3898 εἰργάσατο
1489 3823 1686 3879 κτίσιν.
1717 3821 1823 3876 Τοῦ
1849 3822 1904 3878 δὲ

335 3925 456 3978 Υῑοῦ
481 3924 594 3994 (79)
625 3922 786 3976 πάλιν
807 3919 980 3983 οὕτως
1000 3919 1150 3981 ὄντος
1171 3957 1185 3982 ,
1217 3918 1318 3988 οὐχ
1353 3914 1602 3988 ἁρμόζει,
1638 3913 1773 3968 ἀλλὰ
1815 3914 1907 3969 καὶ

334 4019 447 4073 λίαν
470 4015 810 4071 ἐπικίνδυνόν
857 4015 1004 4071 ἐστιν
1067 4013 1238 4065 εἰπεῖν
1267 4009 1453 4063 τοῦτον
1507 4008 1566 4074 ἐξ
1612 4007 1711 4061 οὐκ
1739 4007 1906 4061 ὄντων

335 4112 560 4182 ποίημα,
581 4108 639 4180 ἦ,
671 4108 783 4161 Οὐκ
807 4102 874 4178 ἦν
906 4105 1035 4177 πρὶν
1067 4101 1318 4174 γεννηθῇ.
1347 4101 1405 4154 '0
1436 4100 1546 4171 γὰρ
1571 4099 1631 4156 τὸ
1661 4099 1788 4152 ἴδιον
1809 4099 1906 4169 τῆς

332 4204 512 4265 οὐσίας
545 4199 641 4256 τοῦ
669 4201 881 4270 Πατρὸς
927 4197 1070 4253 οὕτω
1094 4196 1265 4265 λέγων
1291 4193 1384 4247 καὶ
1408 4195 1486 4256 είς
1508 4192 1668 4248 αὐτὸν
1691 4192 1781 4245 τὸν
1794 4191 1906 4243 Πα-

331 4295 457 4365 τέρα
476 4293 670 4362 φθάνει
718 4290 1069 4362 βλασφημῶν,
1115 4287 1185 4342 τὰ
1247 4285 1472 4341 τοιαῦτα
1530 4284 1742 4358 φρονῶν
1775 4285 1904 4357 περὶ

333 4385 514 4449 αὑτοῦ,
546 4381 636 4438 οἷα
668 4385 762 4437 καὶ
794 4385 922 4454 περὶ
941 4380 1034 4435 τοῦ
1067 4380 1127 4452 ἐξ
1154 4378 1318 4438 αὐτοῦ
1341 4381 1676 4452 γεννήματος
1700 4397 1902 4450 φαντα-

332 4476 551 4546 ζόμενος
588 4474 1000 4543 καταψεύδεται.

399 4751 485 4805 17.
519 4750 679 4807 Ἔστι
711 4748 806 4818 μὲν
835 4743 926 4801 οῦν
953 4745 1225 4800 καὶτοῦτο
1256 4744 1414 4815 μόνον
1467 4743 1647 4796 ἱκανὸν
1671 4743 1897 4815 ἀνατρέ-

2015 616 2154 671 idem
2183 632 2406 686 prorsus
2437 628 2518 672 est
2545 633 2610 674 ac
2629 617 2796 674 Deum
2817 635 3092 691 generare.
3110 622 3248 690 Quid
3273 641 3432 695 porro
3447 644 3573 694 vox,

2013 722 2280 776 generare,
2316 707 2461 762 aliud
2497 708 2764 779 signiﬁcat
2791 726 2955 782 quam
3003 711 3232 771 Filium?
3259 717 3444 788 Itaque
3487 734 3576 774 res

2014 812 2206 852 omnes
2238 797 2357 851 Filii
2388 800 2524 852 tinnt
2551 801 2842 870 participes
2869 803 3168 859 secundum
3197 803 3429 876 Spiritus
3450 825 3574 879 gra-

2015 889 2168 952 tiam,
2195 904 2317 957 qua:
2355 889 2422 942 ab
2449 904 2516 942 eo
2545 891 2705 943 datur
2731 907 2745 942 :
2774 891 2935 962 idque
2962 894 3087 949 inde
3114 894 3174 952 ﬁt
3201 899 3572 962 manifestum,

2012 977 2157 1048 quod
2183 979 2298 1046 ipse
2328 978 2544 1047 quidem
2577 979 2745 1036 Filius
2771 983 2973 1038 nullius
2993 995 3076 1041 est
3097 987 3366 1059 particeps
3391 1008 3404 1057 ;
3431 992 3575 1060 quod

2015 1077 2200 1122 autem
2230 1083 2294 1122 ex
2325 1067 2480 1123 Patre
2504 1070 2638 1125 alios
2667 1072 2750 1126 sui
2770 1073 3061 1144 participes
3088 1075 3236 1142 facit,
3261 1079 3366 1135 hoc
3392 1080 3570 1151 ipsum

2013 1167 2098 1213 est
2129 1157 2319 1214 Filius.
2337 1158 2447 1215 Nos
2475 1162 2621 1216 enim
2656 1178 2780 1217 cum
2819 1165 2990 1236 ipsius
3021 1166 3140 1224 Filii
3178 1170 3470 1242 participes
3497 1172 3575 1227 el“-

2014 1251 2252 1315 ﬁcimur,
2289 1251 2383 1306 Dei
2420 1253 2714 1324 participes
2749 1270 2870 1311 esse
2916 1257 3170 1328 dicimur,
3205 1261 3368 1331 idque
3395 1263 3572 1334 ipsum

2012 1351 2096 1398 est
2121 1343 2266 1413 quod
2293 1343 2472 1398 aiebat
2489 1343 2702 1411 Petrus,
2729 1345 2795 1400 Ut
2825 1349 3119 1418 eﬂiciamini
3143 1353 3334 1408 divina
3362 1371 3577 1410 comar-

2016 1441 2091 1484 ιω
2132 1440 2339 1487 natura:
2379 1434 2446 1497 ⁸³,
2477 1437 2935 1504 quemadmodum
2987 1451 3041 1495 et
3086 1443 3378 1514 Apostolus
3405 1447 3575 1516 dicit,

2016 1522 2250 1579 Nescitis
2291 1525 2415 1596 quia
2447 1526 2697 1596 templum
2749 1527 2846 1583 Dei
2906 1533 3070 1587 estis?
3111 1544 3197 1603 et,
3265 1535 3381 1593 Nos
3434 1539 3575 1594 enim

2014 1616 2264 1686 templum
2288 1617 2387 1672 Dei
2423 1619 2638 1676 viventis
2677 1639 2858 1679 sumus
2885 1625 2950 1678 ⁸⁵.
2987 1625 3165 1696 Ipsum
3195 1629 3445 1686 similiter
3482 1629 3575 1685 Fi-

2014 1707 2146 1762 lium
2173 1708 2465 1778 intuentes,
2494 1710 2710 1769 Patrem
2740 1714 3040 1775 intuemur.
3071 1719 3320 1791 Cognitio
3345 1724 3490 1780 enim
3519 1734 3572 1778 et

2014 1803 2434 1872 comprehensio
2465 1804 2615 1871 Filii,
2649 1807 2825 1865 Patris
2869 1821 2955 1866 est
2997 1815 3228 1882 agnitio,
3262 1817 3390 1885 quia
3445 1832 3572 1886 pro--

2012 1894 2166 1963 prius
2186 1905 2356 1950 estex
2391 1896 2634 1966 ejusdem
2664 1908 2858 1956 natura
2895 1900 3058 1959 fetus.
3098 1903 3268 1960 Porro
3303 1917 3362 1962 ut
3411 1924 3571 1965 nemo

2012 1995 2253 2042 vestrum
2281 1988 2394 2059 jam
2442 1989 2640 2047 dixerit
2668 1990 2760 2046 Dei
2791 1994 3109 2065 participem
3147 1997 3286 2065 ﬁeri,
3323 2015 3444 2055 esse
3487 2001 3572 2056 di-

2011 2079 2151 2134 vinae
2173 2079 2334 2151 332
2367 2090 2576 2137 natura:
2618 2083 2929 2152 passionem
2969 2095 3024 2141 et
3055 2087 3376 2146 divisionem
3427 2095 3572 2160 (nam

2010 2182 2292 2230 ostensum
2321 2184 2376 2229 et
2399 2190 2722 2232 concessum
2748 2187 2830 2233 est
2859 2176 3027 2234 Deum
3050 2183 3385 2253 participari,
3403 2185 3574 2241 idem-

2010 2281 2117 2336 que
2149 2281 2271 2322 esse
2301 2267 2456 2322 illum
2502 2269 2840 2340 participari,
2863 2286 2926 2327 ac
2952 2276 3230 2348 generare)
3269 2295 3282 2332 :
3331 2278 3405 2333 ita
3431 2295 3571 2350 quo-

2010 2376 2119 2432 que
2150 2377 2273 2415 cum
2305 2363 2548 2432 genitum
2584 2379 2615 2417 a
2642 2363 2752 2419 Deo
2782 2365 2979 2422 Filium
3011 2368 3267 2436 dicimus,
3319 2389 3420 2428 nec
3448 2390 3575 2445 pas-

2011 2453 2222 2509 sionem
2263 2454 2430 2508 ullam
2460 2470 2560 2510 nec
2606 2456 2929 2514 divisionem
2970 2461 3143 2518 beatae
3181 2464 3329 2522 illius
3364 2479 3575 2524 naturae

2013 2544 2406 2615 signiﬁcamus.
2445 2544 2563 2602 Non
2605 2547 2786 2616 itaque
2828 2549 3146 2606 incredibile
3179 2563 3262 2609 est
3299 2554 3408 2612 Deo
3453 2572 3576 2613 esse

2012 2634 2206 2690 Filium
2233 2675 2247 2700 ,
2285 2636 2379 2706 qui
2421 2636 2651 2706 propriae
2679 2637 2798 2708 ejus
2831 2651 3042 2695 natura:
3069 2643 3140 2697 sit
3179 2643 3321 2700 fetus
3351 2663 3368 2700 :
3397 2661 3573 2717 neque

2009 2729 2320 2799 passionem
2353 2739 2447 2784 ant
2468 2729 2786 2786 divisionem
2805 2731 3002 2789 divina:
3030 2744 3237 2790 natura:
3270 2737 3572 2803 innuimus,

2010 2837 2134 2876 cum
2165 2819 2363 2876 Filium
2398 2831 2452 2876 et
2480 2821 2650 2878 fetum
2680 2823 2956 2890 dicimus;
3003 2827 3098 2882 sed
3131 2829 3313 2898 potius
3351 2831 3424 2888 ita
3451 2847 3567 2886 ere--

2009 2915 2212 2982 dimus,
2238 2915 2366 2986 quia
2392 2915 2444 2971 id
2477 2916 2624 2985 quod
2655 2916 2977 2986 genuinum,
3011 2933 3199 2974 verum
3239 2929 3293 2975 et
3325 2922 3573 2993 unigeni-

2011 3014 2124 3062 tum
2163 3006 2259 3063 Dei
2311 3018 2425 3073 est,
2457 3009 2858 3078 cognoscimus.
2907 3009 3064 3076 Quod
3095 3025 3218 3065 cum
3266 3012 3370 3068 hoc
3411 3016 3574 3069 modo

2009 3099 2318 3168 expositum
2347 3098 2746 3169 probatumque
2777 3097 2972 3167 fuerit,
3013 3115 3206 3171 nempe
3237 3103 3312 3166 id.
3337 3104 3480 3173 quod
3507 3119 3572 3160 ex

2011 3185 2187 3243 Patris
2219 3197 2415 3243 natura
2443 3197 2528 3244 est
2569 3190 2844 3260 genitum,
2895 3190 3137 3260 ejusdem
3185 3207 3307 3249 esse
3332 3194 3570 3262 Filium;

2009 3276 2212 3332 nemini
2257 3277 2371 3348 jam
2404 3277 2631 3334 dubium
2662 3279 2784 3334 esse
2812 3279 2991 3344 debet,
3013 3281 3108 3336 sed
3137 3282 3249 3338 imo
3279 3283 3496 3353 planum
3519 3295 3573 3340 et

2009 3370 2358 3440 perspicuum
2379 3409 2395 3435 ,
2451 3370 2596 3423 hunc
2629 3369 2808 3439 ipsum
2834 3385 2958 3426 esse
2993 3370 3324 3442 Sapientiam
3355 3385 3408 3432 et
3447 3375 3573 3432 Ver-

2010 3461 2138 3515 bum
2170 3460 2368 3526 Patris,
2400 3462 2453 3516 in
2484 3477 2594 3532 quo
2620 3471 2674 3518 et
2707 3478 2802 3532 per
2838 3463 2981 3533 quod
3007 3465 3189 3520 omnia
3217 3475 3366 3522 creat
3391 3469 3573 3525 eteﬂi-

2011 3553 2108 3610 cit.
2140 3551 2241 3607 Hic
2270 3553 2417 3622 ipse,
2463 3553 2684 3624 inquam
2711 3592 2725 3615 ,
2768 3553 2889 3623 ejus
2939 3555 3193 3625 splendor
3234 3569 3318 3613 est
3360 3559 3417 3617 in
3459 3577 3570 3630 quo

2007 3645 2193 3701 omnia
2226 3644 2527 3710 illuminat,
2564 3653 2618 3698 et
2655 3643 2852 3714 quibus
2907 3646 3142 3701 voluerit
3181 3663 3240 3703 se
3269 3649 3564 3718 patefacit:

2011 3738 2098 3793 hic
2120 3739 2235 3808 ipse
2265 3736 2436 3808 ﬁgura
2484 3751 2550 3791 ac
2575 3736 2752 3805 imago
2787 3736 2907 3806 ejus
2928 3747 3032 3800 est,
3068 3738 3122 3792 in
3159 3755 3267 3808 quo
3296 3742 3568 3810 conspici-

2009 3838 2097 3883 tur
2119 3837 2172 3883 et
2197 3827 2562 3898 cognoscitur,
2595 3843 2759 3896 quam
2787 3827 2857 3882 oh
2892 3843 3114 3883 causam
3149 3839 3204 3884 et
3230 3831 3344 3899 ipse
3389 3841 3442 3885 et
3467 3831 3569 3887 Pa-

2007 3930 2090 3975 ter
2121 3935 2290 3976 unum
2326 3929 2454 3974 sunt
2485 3937 2498 3975 :
2539 3919 2626 3973 hic
2669 3919 2785 3987 ipse
2835 3919 3070 3989 denique
3103 3930 3187 3976 est
3215 3921 3486 3990 Christus,
3514 3927 3567 3980 in

2007 4027 2118 4082 quo
2141 4011 2324 4067 omnia
2357 4013 2633 4080 redempta
2657 4018 2786 4065 sunt
2806 4010 2853 4042 “
2877 4052 2892 4076 ,
2927 4020 2982 4067 et
3007 4028 3202 4069 novam
3231 4031 3422 4072 rursus
3446 4033 3566 4087 per-

2006 4103 2138 4159 fecit
2165 4112 2496 4158 creaturam.
2527 4101 2663 4159 Cum
2696 4102 2862 4172 igitur
2902 4103 3214 4174 bujusmodi
3262 4107 3332 4164 sit
3375 4107 3566 4176 Filius,

2006 4210 2116 4250 non
2150 4194 2422 4260 convenit,
2451 4194 2560 4251 imo
2603 4195 2758 4251 valde
2800 4197 3168 4265 periculosum
3209 4209 3292 4254 est
3339 4216 3556 4257 asseve-

2006 4300 2128 4340 rare
2158 4299 2281 4339 eum
2313 4299 2378 4338 ex
2404 4283 2573 4340 nihilo
2599 4299 2720 4339 esse
2758 4283 2983 4352 factum,
3021 4287 3104 4341 vel
3128 4303 3236 4344 non
3269 4287 3437 4346 fuisse
3469 4305 3566 4346 an-

2005 4385 2224 4446 tequam
2259 4384 2421 4432 natus
2453 4384 2554 4430 est.
2595 4374 2698 4442 Qui
2726 4376 2871 4431 enim
2917 4377 2989 4435 ita
3019 4377 3085 4432 de
3121 4394 3186 4434 eo
3215 4381 3358 4452 quod
3387 4380 3566 4437 Patris

2005 4473 2214 4522 naturae
2243 4467 2522 4537 proprium
2549 4475 2632 4522 est
2669 4466 2932 4537 loquitur,
2967 4467 3021 4524 in
3059 4467 3233 4537 ipsum
3270 4470 3432 4526 etiam
3461 4469 3564 4528 Pa-

1927 4555 1972 4610 D
2003 4567 2138 4613 trem
2173 4557 2380 4627 profert
2406 4557 2821 4628 blasphemiam,
2855 4557 3043 4612 eadem
3073 4559 3140 4612 de
3171 4558 3262 4614 illo
3304 4561 3565 4627 sentiens,

2003 4664 2123 4721 quae
2152 4648 2219 4703 de
2250 4649 2369 4718 ejus
2395 4647 2507 4703 fetu
2534 4647 2668 4703 false
2689 4648 3143 4703 comminiscitur.

2075 4741 2164 4795 17.
2195 4739 2249 4795 Id
2282 4755 2414 4795 sane
2456 4755 2622 4794 unum
2658 4741 2790 4794 satis
2825 4739 2990 4794 fuerit
3012 4741 3077 4795 ad
3110 4741 3364 4796 Arianam
3397 4744 3562 4800 haare-

332 4861 449 4898 ⁴πτειν
472 4843 574 4914 τὴν
616 4841 898 4913 Ἀρειανὴν
943 4839 1170 4910 αἵρεσιν·
1197 4836 1346 4906 ὅμως
1368 4835 1424 4887 δὲ
1471 4834 1565 4888 καὶ
1614 4836 1677 4887 ἐκ
1708 4833 1896 4887 τούτου

2009 4833 2108 4888 sim
2131 4833 2346 4903 penitus
2371 4832 2713 4888 evertendam
2745 4850 2760 4888 :
2786 4842 3158 4888 verumtamen
3181 4849 3345 4903 quam
3366 4851 3396 4888 a
3418 4845 3562 4889 recta

329 4938 392 4991 ἄν
420 4954 502 5000 τις
530 4935 627 4989 ἴδοι
654 4933 715 4986 16
738 4932 1014 4999 ἀλλόδοξον
1047 4931 1232 5002 αὐτῆς.
1294 4931 1356 4982 Εἰ
1400 4928 1625 5000 ποιητὴς
1670 4927 1763 4982 καὶ
1791 4926 1900 4980 x1!-

299 5113 308 5146 ;
401 5078 444 5110 ⁸³
483 5077 664 5132 chtr.
689 5092 726 5139 ι,
750 5075 802 5128 4.
881 5075 924 5105 ⁸⁵
953 5073 973 5125 ι
999 5072 1124 5127 Cor.
1158 5088 1238 5135 ιιι,
1267 5071 1352 5126 16.
1427 5071 1472 5102 ⁸⁸
1498 5069 1539 5123 ll
1563 5069 1688 5124 Cor.
1715 5085 1767 5131 v,
1793 5067 1880 5121 17.

395 5243 506 5315 (72)
553 5242 645 5315 §ic
678 5240 1058 5315 _Seguer.,_al_ii_
1077 5254 1223 5304 vero,
1251 5240 1310 5315 1_6
1335 5237 1393 5315 δὲ
1422 5237 1607 5315 γεννᾷ.

2005 4924 2108 4980 ﬁde
2137 4925 2314 4981 aliena
2368 4924 2456 4979 illa
2491 4923 2595 4988 sit,
2629 4922 2755 4979 licet
2803 4925 2966 4984 etiam
3003 4939 3071 4981 ex
3124 4925 3226 4982 hoc
3277 4925 3562 4982 ratiocinio

1990 5240 2046 5289 et
2069 5228 2212 5284 Felc.
2239 5227 2292 5290 1,
2321 5226 2510 5296 Ἡμεῖς
2533 5223 2640 5295 γὰρ
2659 5223 2774 5278 ναοί
2797 5223 2964 5292 ἐσμεν
2990 5215 3125 5271 Θεοῦ
3152 5213 3373 5278 ζῶντος.
3398 5209 3561 5276 Editi,

394 5297 507 5385 (7ᾇ)
550 5297 643 5385 Sic
672 5297 895 5385 Seguer.
922 5297 1144 5385 thler.
1178 5297 1231 5365 et
1256 5309 1402 5385 Felc.
1430 5297 1480 5373 ἰ,
1504 5297 1778 5385 a_tque_ita
1807 5305 1890 5359 le-

2009 5300 2294 5385 “inpii;
2337 5297 2454 5385 ναοί
2482 5298 2668 5385 ὲσμεχ,
2688 5303 2807 5385 ἔξω.

327 5376 410 5451 git
430 5376 695 5438 Nannius.
731 5381 894 5443 Editi,
922 5380 1131 5451 Πατρὸς
1161 5376 1626 5451 γενομένηνε-Ιιίοκ
1663 5376 1886 5451 Seguer.

327 5443 536 5510 Cobler.
562 5463 617 5508 et
638 5451 784 5508 Felc.
811 5452 864 5515 l,
888 5451 954 5506 ὲκ
981 5443 1423 5517 τοῦτου’γὶνεταιξ
1454 5447 1616 5511 Editi,
1667 5443 1892 5501 ἐιίτού-

325 5542 411 5578 του
442 5523 738 5578 δείκνυται.
1441 5546 1458 5556 ~-

391 5595 499 5664 (74)
541 5593 796 5664 Seguer..
821 5590 1013 5664 Basil._.
1034 5588 1276 5664 _Anglic_.,
1297 5586 1524 5664 βορὴν.
1575 5593 1632 5664 et
1666 5582 1814 5637 Felc.
1840 5583 1890 5649 i,

325 5655 569 5736 τοῦΥίοῦ
596 5655 946 5736 μετέχοντες..
969 5655 1149 5736 Editi,
1159 5657 1252 5711 τοῦ
1279 5655 1793 5736 -Υ-ί-οῦωμετὲχοντοςί

2065 5351 2189 5440 (76)⁵
2219 5351 2310 5440 Sic
2343 5351 2568 5440 ξοβιιοιδ.
2603 5351 3159 5440 ϐοριοτηιοιῐδςξιειε.
3197 5354 3248 5409 1.
3292 5351 3436 5409 Editi
3457 5369 3560 5408 au-

1994 5426 2100 5496 tem
2131 5426 2178 5493 ei
2211 5438 2323 5501 alii,
2347 5426 2612 5506 δεδώκατε
2645 5430 2877 5506 γὰρ-καὶ
2905 5426 3311 5506 ῥμρλογήκατε.

2068 5509 2180 5582 (Π)
2223 5497 2447 5582 §¢iu_er-
2474 5512 2529 5558 et
2576 5497 2825 5582 Beia-Ex
2855 5497 3132 5582 195.95.??-
3175 5566 3229 5582 ._
3275 5556 3304 5582 τ

2069 5563 2180 5649 ἐῖδὶ
2222 5563 2326 5632 Sié'
2348 5575 2572 5649 Seguer-
2609 5563 2684 5649 εἴ
2707 5570 2837 5649 “.538-
2871 5569 2958 5649 .4‘
2989 5567 3137 5649 νίὲιίν
3172 5566 3230 5649 ἔγ
3268 5563 3313 5632 ᾧ
3361 5563 3556 5649 “ire:

1997 5635 2119 5704 Mox
2149 5635 2337 5711 Basil.,
2367 5635 2498 5713 Reg.
2529 5635 2962 5713 et_Anglic.,édiv
2995 5637 3143 5710 θέλῃ.
3181 5635 3430 5706 Seguer.,
3467 5635 3559 5692 ἐὰν

775 5711 1010 5807 ἔιᾟὲιᾶ
1098 5711 1181 5807 iii;
1209 5728 1307 5807 κ-α)ἶ
1331 5711 1744 5807 Παῦῖό-ςηφῆσιν.
1755 5711 1890 5807 ’λιθιι

2009 5720 2176 5807 mea:
2207 5711 2500 5807 ιξξιίιειξδίι

323 5795 786 5878 βεὲιιέινλέημεῖς
818 5802 928 5878 γᾴρ
968 5799 1094 5862 ναὸς
1125 5798 1456 5878 Θεοῦὲεμεν
1492 5795 1712 5878 ζῶντοςζ
1755 5802 1894 5878 nitet

323 5835 567 5873 υτκυιςῐ..
604 5835 783 5878 ιιμιιι,
830 5835 928 5871 ιυψ
976 5835 1091 5862 ww,
1126 5835 1260 5851 υςυυ
1292 5835 1453 5868 ,υτ-εν
1493 5835 1689 5860 ..ιν-υ,
1757 5835 1814 5846 ..-
1842 5835 1892 5847 υ.

318 5875 506 5934 habent
533 5877 704 5946 aliqui
737 5873 962 5930 codices
988 5887 1121 5927 mss.
1150 5867 1284 5923 Novi
1313 5866 1644 5922 Testament.
1674 5835 1892 5920 (iobler.

2071 5774 2182 5860 (7§)
2224 5774 2431 5856 RegIct
2459 5781 2636 5836 Felck.
2672 5780 2726 5845 5,
2749 5777 2840 5834 τοῦ
2866 5795 2924 5832 τε
2960 5776 3112 5834 Υίοῦ.
