3972 6224
442 380 520 436 -ΔἸ
1004 379 1060 434 S.
1104 377 1475 434 ATHANASII
1515 378 1664 434 ΟΡΡ.
1704 377 1882 432 PARS
1923 379 1963 434 Ι.
2003 412 2006 420 -

2106 377 2472 458 Ii-ISTOBIUA
2515 377 2602 433 ET
2647 378 3059 439 DOGMATICA.
3593 385 3658 438 48

451 497 773 567 perspicere.
811 495 868 548 Si
902 493 1040 549 Deus
1084 494 1305 548 eﬂ‘ector
1337 507 1390 549 et
1421 505 1632 550 creator
1662 506 1773 560 est;
1805 497 1848 548 si
1883 497 2006 547 item

2113 511 2243 561 στης
2272 495 2418 547 ἐστὶν
2441 497 2468 547 ὁ
2493 495 2642 558 Θεὸς,
2671 493 2756 548 διὰ
2786 493 2912 547 Υἱοῦ
2965 494 3022 546 δὲ
3062 493 3128 546 τὰ
3157 496 3431 564 ποιήματα
3474 497 3664 563 κτίζει,

450 606 537 644 res
590 587 762 642 factas
793 587 994 641 creavit
1026 600 1119 654 per
1151 583 1370 649 Filium,
1421 587 1674 654 nullaque
1728 601 1815 640 res
1867 585 2006 639 facta

446 690 550 742 est,
583 693 703 748 quae
731 692 823 746 per
860 675 1054 730 Filium
1088 691 1193 730 non
1221 676 1292 730 sit
1327 677 1464 731 facta
1494 695 1506 730 :
1545 691 1724 730 annon
1776 679 2008 729 maxime

449 769 673 838 impium
709 777 808 828 est,
842 781 962 820 cum
1003 763 1144 818 Deus
1181 765 1251 818 sit
1286 781 1467 818 rerum
1504 764 1746 827 cﬂ‘ector,
1782 772 2007 818 conten-

448 859 577 913 dere
614 857 790 926 opifex
843 857 960 925 ejus
993 855 1229 910 Verbum
1261 865 1312 910 et
1354 854 1683 925 Sapientiam
1715 854 2007 923 aliquando

451 965 558 1003 non
610 947 810 1004 fuisse?
855 949 999 1002 Idem
1046 947 1190 1002 enim
1231 947 1388 1017 plane
1435 957 1518 1001 est
1551 963 1616 1001 ac
1647 946 1693 1001 si
1738 948 2008 1000 diceretur

450 1039 616 1096 Deum
657 1053 837 1094 rerum
874 1038 1179 1093 effectorem
1211 1040 1433 1092 omnino
1477 1053 1584 1093 non
1637 1052 1777 1103 esse,
1808 1037 2007 1107 quippe

447 1146 573 1186 cum
609 1131 882 1202 propriam
939 1147 1003 1183 ex
1059 1130 1238 1199 soipso
1285 1127 1532 1198 opiticcm
1584 1127 1871 1183 Rationem
1908 1143 2005 1182 seu

447 1221 684 1278 Verbum
713 1239 820 1278 non
868 1222 1084 1288 habeat,
1117 1222 1210 1276 scd
1257 1220 1612 1275 adventitium
1648 1228 1812 1289 atque
1838 1219 1905 1274 ab
1941 1236 2006 1275 eo

448 1317 710 1382 alienum,
739 1324 1042 1384 naturaque
1076 1314 1340 1369 dissimile
1379 1313 1449 1368 sit
1497 1311 1730 1366 Verbum
1768 1312 1919 1377 illud,
1951 1311 2004 1365 in

447 1425 557 1480 quo
588 1424 676 1464 res
707 1418 872 1464 creat.
917 1407 1118 1462 Deinde
1158 1407 1312 1464 nobis
1345 1405 1645 1475 explicent,
1701 1405 1810 1457 imo
1848 1419 2002 1459 suam

449 1499 575 1554 inde
600 1507 897 1568 agnoscant
929 1497 1284 1566 impietatem,
1339 1509 1448 1564 qua
1496 1493 1685 1548 dicunt
1707 1534 1722 1558 ,
1755 1492 1877 1546 Fuit
1905 1493 2006 1546 ali-

448 1592 689 1662 quando,
717 1606 839 1644 cum
869 1605 976 1643 non
1006 1598 1169 1653 esset,
1193 1597 1266 1651 et,
1303 1585 1420 1641 Non
1458 1585 1559 1640 fuit
1593 1595 1880 1655 antequam
1910 1600 2006 1638 na-

448 1689 536 1736 tus
564 1689 664 1736 est.
683 1678 954 1733 Nimirum
987 1679 1031 1732 si
1083 1679 1315 1733 Verbum
1347 1693 1469 1733 cum
1509 1677 1668 1731 Patre
1691 1693 1796 1731 non
1819 1684 1902 1732 est
1939 1677 2005 1730 ab

447 1774 594 1826 omni
624 1773 944 1833 aeternitate,
976 1787 1082 1824 non
1117 1779 1198 1824 est
1227 1768 1469 1839 profecto
1497 1778 1694 1823 aeterna
1729 1767 1998 1835 Trinitas;

447 1865 541 1919 sed
573 1865 747 1934 primo
770 1863 986 1932 quidem
1018 1861 1119 1915 fuit
1148 1862 1349 1925 unitas,
1371 1874 1554 1931 postea
1577 1877 1701 1916 vero
1724 1877 1787 1915 ex
1821 1877 2004 1916 acces-
2033 1843 2075 1897 Β

445 1957 600 2012 sione
649 1955 788 2010 facta
836 1953 1075 2008 Trinitas
1109 1961 1212 2017 est,
1264 1968 1326 2007 ac
1370 1967 1663 2023 progressu
1707 1954 1999 2023 temporis,

445 2049 618 2103 crevit
642 2063 709 2102 ex
737 2048 954 2100 illorum
986 2046 1254 2099 sententia
1296 2046 1700 2114 constitutaque
1739 2052 1824 2100 est
1850 2046 2002 2100 theo-

445 2137 601 2207 logize
621 2138 879 2206 cognitio.
924 2134 1166 2206 Insuper,
1198 2136 1242 2191 si
1279 2134 1448 2190 Filius
1493 2152 1597 2190 non
1630 2146 1712 2190 est
1749 2136 2002 2206 preprius

445 2241 652 2285 naturae
668 2229 842 2283 Patris
869 2229 1027 2293 fetus,
1049 2229 1141 2283 sed
1160 2244 1188 2282 e
1207 2227 1374 2282 nihilo
1400 2238 1485 2282 est
1517 2227 1711 2292 factus,
1739 2243 1804 2282 ex
1833 2227 2002 2282 nihilo

445 2315 610 2385 igitur
636 2316 906 2371 constabit
923 2331 1140 2386 quoque
1160 2315 1421 2379 Trinitas,
1456 2315 1663 2386 fuitque
1687 2317 1998 2387 aliquando,

444 2422 568 2462 cum
604 2423 709 2462 non
741 2418 884 2462 esset
909 2406 1165 2471 Trinitas,
1196 2409 1288 2463 sed
1315 2410 1494 2463 unitas
1528 2427 1541 2462 :
1581 2408 1683 2462 fuit
1710 2410 1837 2463 item
1877 2407 2000 2462 Tri-

443 2499 588 2554 nitas
615 2499 905 2569 aliquando
945 2498 1277 2568 imperfecta,
1305 2509 1359 2554 et
1400 2499 1692 2569 aliquando
1718 2501 1949 2570 perfecta
1984 2518 1998 2554 :

446 2588 753 2658 imperfecta
789 2590 1004 2659 quidem
1031 2598 1316 2659 antequam
1348 2589 1499 2646 ﬁeret
1530 2589 1720 2656 Filius,
1759 2591 1995 2660 perfecta

443 2689 623 2736 autem
651 2689 934 2750 postquam
960 2680 1100 2735 idem
1133 2679 1309 2734 factus
1332 2687 1416 2734 est
1443 2695 1457 2733 :
1498 2689 1662 2748 atque
1689 2681 1884 2736 exinde
1915 2697 2001 2736 res

443 2771 582 2828 facta
612 2772 776 2841 coepit
827 2773 1062 2828 creatori
1115 2771 1489 2838 annumerari,
1540 2780 1596 2825 et
1645 2771 1712 2830 is.
1757 2774 1848 2843 qui
1903 2774 2002 2827 ali-

445 2864 664 2934 quando
713 2879 818 2919 non
853 2862 974 2926 fuit,
1013 2879 1136 2918 cum
1184 2878 1271 2927 eo,
1305 2862 1398 2933 qui
1433 2878 1650 2933 semper
1692 2861 1816 2930 fuit,
1861 2863 2000 2920 Deus

445 2956 665 3025 agnosci
705 2963 758 3009 et
794 2955 921 3010 coli.
945 2954 1273 3021 Quinetiam,
1310 2955 1453 3024 quod
1501 2954 1719 3024 gravius
1744 2965 1845 3017 est,
1883 2956 1998 3024 ipsa

445 3046 684 3102 Trinitas
721 3045 804 3101 sui
837 3047 1005 3117 ipsius
1038 3046 1144 3101 erit
1188 3045 1506 3112 dissimilis,
1557 3046 1755 3118 quippe
1788 3062 1910 3118 quae
1934 3062 2000 3102 ex

444 3141 682 3196 externis
715 3141 1014 3210 alienisque
1042 3140 1253 3196 naturis
1275 3151 1328 3195 et
1355 3140 1672 3196 substantiis
1696 3140 1765 3194 sit
1797 3142 2001 3195 consti-
2027 3177 2072 3236 Ο

445 3243 594 3300 tuta;
628 3235 770 3302 quod
803 3248 933 3286 sane
959 3231 1092 3286 nihil
1115 3231 1260 3285 aliud
1309 3240 1581 3302 estquam
1633 3232 1831 3287 factam
1883 3233 2000 3288 sive

445 3335 680 3380 creatam
713 3324 994 3380 Trinitatis
1021 3324 1455 3378 constitutionem
1489 3323 1646 3394 333
1669 3323 1867 3379 dicere.
1887 3324 1999 3379 Cu-

441 3417 679 3485 jusmodi
715 3417 877 3487 igitur
907 3416 996 3471 illa
1045 3417 1314 3470 censenda
1358 3424 1440 3470 est
1478 3415 1703 3485 religio,
1753 3430 1875 3485 quae
1901 3430 2002 3471 nec

445 3507 530 3561 sui
561 3504 756 3562 similis
779 3516 882 3572 est,
909 3507 1004 3562 sed
1040 3517 1342 3576 temporum
1369 3521 1660 3575 progressu
1695 3505 1997 3575 perﬁcitur,

445 3611 674 3667 quaeque
704 3599 864 3651 modo
888 3611 992 3650 non
1017 3596 1111 3660 ita,
1145 3595 1303 3650 modo
1335 3596 1406 3648 ita
1431 3593 1517 3649 sit.
1556 3595 1835 3665 Siquidem
1861 3596 2001 3651 veri-

439 3689 623 3743 simile
656 3697 738 3744 est
783 3689 927 3742 illam
963 3687 1156 3742 iterum
1191 3687 1581 3741 incrementum
1631 3697 1996 3757 accepturam,

2109 584 2205 636 καὶ
2233 585 2332 637 οὐκ
2366 583 2510 637 ἔστιν
2530 584 2701 647 ἄλλως
2743 584 2869 637 ἰδεῖν
2900 583 2968 636 τὰ
2999 584 3254 654 γινόμενα
3273 585 3307 654 ἢ
3335 585 3421 638 διὰ
3453 584 3546 638 τοῦ
3570 587 3668 639 Λό-

2109 693 2204 743 γου
2237 676 2510 745 γινόμενα·
2541 676 2656 739 πῶς
2689 676 2746 728 οὐ
2775 674 3110 746 βλάσφημον,
3150 675 3369 746 ποιητοῦ
3399 676 3548 741 ὄντος
3575 678 3666 731 τοῦ

2106 765 2261 825 Θεοῦ,
2291 764 2466 834 λέγειν
2493 765 2582 817 τὸν
2614 765 2996 835 δημιουργικὸν
3029 763 3136 835 (80)
3167 765 3328 818 αὐτοῦ
3379 767 3549 835 Λόγον
3576 767 3667 820 καὶ

2105 854 2204 922 τὴν
2229 855 2425 920 Σοφίαν
2456 855 2528 925 μὴ
2557 847 2692 906 εἷναί
2735 870 2898 916 ποτε;
2933 855 3076 907 Ἴσον
3121 853 3229 925 γάρ
3279 855 3426 908 ἐστιν
3476 857 3665 918 εἰπεῖν,

2106 947 2187 999 ὅτι
2215 945 2345 1016 μηδὲ
2377 947 2605 1017 ποιητής
2661 949 2806 998 ἐστιν
2844 947 2872 998 ὁ
2901 944 3050 1008 Θεὸς.
3105 947 3208 998 οὐχ’
3245 946 3383 1016 ἔχων
3441 947 3571 999 ἴδιον
3613 947 3669 1010 ἐξ

2107 1037 2270 1091 αὑτοῦ
2298 1038 2682 1109 δημιουργικὸν
2710 1039 2898 1106 Λόγον,
2931 1038 3041 1091 ἀλλ’
3069 1037 3265 1102 ἔξωθεν
3309 1038 3667 1108 ἐπεισαγόμε-

2105 1128 2192 1191 νός
2217 1128 2447 1180 ἐστικαὶ
2496 1127 2644 1193 ξένος
2671 1127 2852 1190 αὑτοῦ,
2911 1129 3004 1180 καὶ
3058 1128 3306 1198 ἀνόμοιος
3351 1126 3468 1180 κατ’
3487 1127 3670 1182 οὐσίαν

2105 1219 2404 1288 τυγχάνων,
2435 1219 2492 1269 ὲν
2515 1210 2558 1284 ᾧ
2591 1217 2701 1288 (81)
2731 1218 3065 1289 δημιουργεῖ.
3101 1220 3328 1272 Ἔπειτα
3367 1218 3668 1286 λεγέτωσαν

2104 1313 2254 1380 ἡμῖν,
2283 1310 2476 1381 μᾶλλον
2506 1310 2562 1362 δὲ
2590 1309 2693 1362 κᾶν
2722 1311 2784 1362 ὲκ
2838 1310 3026 1361 τούτου
3055 1309 3392 1378 βλεπέτωσαν
3425 1311 3522 1380 τὴν
3548 1310 3670 1362 δυσ-

2107 1403 2314 1456 σέϐειαν
2344 1403 2548 1456 ἑαυτῶν
2577 1404 2639 1455 ὲκ
2693 1402 2784 1456 τοῦ
2815 1403 3007 1472 λέγειν,
3027 1400 3133 1457 Ἦν
3162 1420 3310 1463 ποτε,
3343 1403 3430 1455 ὅτε
3457 1404 3555 1456 οὐκ
3579 1399 3664 1474 ἦν,

2105 1497 2217 1558 καὶ,
2243 1496 2356 1548 Οὐκ
2382 1491 2448 1566 ἦν
2487 1493 2598 1565 (82)
2633 1496 2759 1566 πρὶν
2793 1494 3044 1566 γεννηθῇ.
3093 1496 3154 1547 Et
3198 1494 3306 1563 γὰρ
3353 1494 3452 1547 οὐκ
3485 1494 3667 1558 ἀϊδίως

2106 1585 2349 1640 σύνεστιν
2373 1587 2400 1636 ὁ
2427 1587 2595 1653 Λόγος
2611 1586 2693 1655 τῷ
2720 1585 2916 1657 Πατρὶ,
2937 1588 3034 1638 οὐκ
3064 1587 3207 1640 ἔστιν
3234 1590 3266 1659 ή
3289 1588 3454 1660 Τριὰς
3479 1589 3664 1654 ἀΐδιος·

2103 1677 2236 1732 ἀλλὰ
2274 1677 2436 1748 μονὰς
2466 1679 2561 1748 μὲν
2584 1673 2652 1749 ἦν
2686 1678 2967 1749 πρότερον,
2995 1680 3060 1731 ὲκ
3090 1679 3407 1751 προσθήκης
3435 1680 3492 1734 δὲ
3518 1680 3669 1749 γέγο-

2103 1789 2191 1823 νεν
2224 1770 2444 1842 ὕστερον
2471 1769 2659 1842 Τριὰς,
2717 1770 2823 1822 καὶ·
2847 1769 3124 1840 προϊόντος
3159 1769 3268 1840 (83)
3330 1771 3422 1824 τοῦ
3477 1771 3664 1842 χρόνου

2104 1863 2222 1915 κατ’
2251 1862 2442 1925 αὐτοὺς
2499 1860 2699 1932 ηὔξησε
2751 1861 2844 1915 καὶ
2903 1860 3128 1932 συνέστη
3175 1861 3277 1931 τῆς
3308 1860 3581 1930 θεολογίας
3628 1865 3664 1935 ἡ

2102 1949 2320 2019 γνῶσις.
2359 1950 2526 2003 Πάλιν
2557 1966 2640 2014 τε,
2671 1951 2720 2002 εί
2748 1950 2847 2003 οὐκ
2876 1949 3019 2002 ἔστιν
3064 1952 3092 2003 ό
3122 1950 3248 2013 Υἱὸς
3269 1951 3398 2004 ἴδιον
3423 1951 3523 2021 τῆς
3569 1951 3664 2005 τοῦ

2104 2040 2312 2110 Πατρὸς
2341 2040 2524 2102 οὐσίας
2550 2040 2818 2110 γέννημα,
2858 2040 2972 2093 ἀλλ’
3009 2038 3067 2106 ἐξ
3109 2041 3209 2093 οὐκ
3232 2041 3398 2095 ὄντων
3423 2043 3661 2110 γέγονεν,

2102 2130 2160 2196 ἐξ
2190 2133 2289 2184 οὐκ
2314 2131 2480 2184 ὄντων
2503 2131 2610 2202 (84)
2633 2132 2939 2184 συνίσταται
2966 2131 3153 2203 Τριὰς,
3187 2133 3280 2187 καὶ
3303 2129 3370 2205 ἦν
3420 2151 3548 2188 ποτε
3575 2136 3664 2189 ὅτε

2101 2225 2200 2276 οὐκ
2224 2219 2290 2294 ἦν
2323 2224 2512 2294 Τριὰς,
2559 2224 2693 2277 ἀλλὰ
2749 2224 2935 2294 μονάς·
2981 2224 3074 2276 καὶ
3103 2227 3234 2278 ποτὲ
3291 2227 3388 2296 μὲν
3417 2226 3664 2298 ὲλλειπὴς

2102 2316 2289 2386 Τριὰς,
2320 2316 2448 2368 ποτὲ
2464 2316 2519 2369 δὲ
2548 2315 2774 2386 πλήρης⁸
2797 2314 3045 2386 ὲλλειπὴς
3077 2316 3174 2385 μὲν
3223 2317 3349 2387 πρὶν
3373 2317 3594 2389 γένηται
3631 2319 3663 2372 ὁ

2103 2405 2248 2468 Υἱός·
2285 2405 2496 2476 πλήρης
2519 2405 2596 2468 δὲ,
2631 2405 2718 2457 ὅτε
2748 2405 2957 2472 γέγονε·
2984 2407 3076 2459 καὶ
3098 2406 3279 2459 λοιπὸν
3310 2409 3402 2462 καὶ
3428 2409 3489 2461 τὸ
3513 2425 3666 2482 γενη-

2101 2500 2190 2553 τὸν
2215 2497 2292 2569 τῷ
2313 2499 2504 2570 κτίστῃ
2534 2498 2643 2568 (85)
2675 2497 3101 2569 συναριθμεῖται,
3133 2501 3225 2552 καὶ
3250 2500 3311 2552 τό
3340 2517 3466 2553 ποτε
3503 2501 3576 2574 μή
3603 2501 3662 2556 ὃν

2099 2591 2178 2660 τῷ
2201 2592 2285 2644 ἀεὶ
2315 2590 2425 2643 ὄντι
2448 2590 2868 2658 συνθεολογεῖται
2888 2589 2998 2661 (86)
3012 2590 3106 2644 καὶ
3141 2591 3537 2657 συνδοξάζεται·
3567 2595 3662 2648 καὶ

2101 2683 2160 2735 τό
2190 2699 2252 2750 γε
2283 2684 2486 2752 μεῖζον,
2516 2681 2766 2752 ἀνόμοιος
2789 2681 2986 2751 εαυτῆς
3029 2684 3060 2752 ἡ
3123 2683 3290 2753 Τριὰς
3327 2685 3660 2754 εὑρίσκεται,

2102 2771 2279 2837 ξέναις
2304 2773 2397 2823 καί
2426 2769 2725 2840 ἀλλοτρίαις
2757 2769 2950 2838 φύσεσί
2966 2787 3026 2842 τε
3059 2771 3152 2822 καὶ
3175 2773 3291 2834 ταῖς
3317 2773 3520 2836 οὐσίαις
3539 2791 3664 2828 συν-

2105 2860 2381 2931 ισταμένη.
2419 2859 2587 2912 Τοῦτο
2614 2860 2669 2912 δὲ
2736 2860 2886 2913 οὐδὲν
2918 2861 3102 2932 ἕτερόν
3139 2864 3285 2914 ἐστιν
3314 2865 3484 2918 εἰπεῖν
3513 2865 3545 2936 ἢ
3575 2883 3664 2934 γε-

2100 2953 2266 3021 νητὴν
2296 2951 2396 3022 τὴν
2434 2949 2541 3021 (87)
2569 2951 2667 3021 τῆς
2693 2952 2919 3022 Τριάδος
2979 2953 3251 3008 σύστασιν.
3309 2955 3531 3028 Ποταπὴ
3573 2953 3664 3010 οὖν

2101 3043 2238 3115 αὕτη
2264 3043 2538 3099 θεοσέὸεια
2573 3045 2605 3115 ὴ
2637 3044 2770 3117 μηδὲ
2799 3044 2963 3118 ἑαυτῇ
2987 3045 3147 3118 ὁμοία
3170 3048 3526 3119 τυγχάνουσα,
3548 3050 3662 3106 ἀλλ’

2103 3141 2166 3192 ὲκ
2189 3139 2501 3210 προσθήκης
2531 3139 2733 3210 χρόνων
2762 3139 3131 3211 πληρουμένη,
3155 3143 3250 3194 καὶ
3300 3145 3430 3196 ποτὲ
3460 3144 3558 3214 μὲν
3589 3145 3661 3216 μὴ

2104 3231 2295 3294 οὕτως,
2327 3231 2455 3284 ποτὲ
2481 3231 2538 3284 δὲ
2563 3231 2673 3302 (88)
2731 3231 2904 3296 οὕτως
2945 3229 3113 3299 οὔσας
3153 3235 3314 3298 Εἰκὸς
3360 3236 3468 3308 γὰρ
3496 3238 3664 3310 αὐτὴν

2103 3323 2196 3378 καὶ
2218 3323 2379 3376 πάλιν
2411 3323 2672 3394 λήψεσθαι
2729 3324 3061 3397 προσθήκην,
3108 3327 3203 3380 καὶ
3231 3327 3388 3380 τοῦτο
3410 3331 3487 3393 είς
3509 3331 3662 3384 ἄπει-

2105 3433 2218 3487 ρον,
2249 3416 2324 3479 ὡς
2357 3414 2503 3478 ἅπαξ
2526 3414 2635 3485 (89)
2663 3416 2916 3470 καὶκατὰ
2934 3417 3032 3488 τὴν
3067 3417 3238 3489 ἀρχὴν
3260 3421 3323 3472 ὲκ
3353 3421 3664 3495 προσθήκης

2102 3508 2226 3578 ἔσχε
2258 3508 2354 3578 τὴν
2385 3507 2657 3560 σύστασιν.
2688 3508 2801 3560 Οὐκ
2837 3508 3135 3578 ἀμφίϐολον
3159 3510 3237 3574 δὲ,
3269 3512 3348 3564 ὅτι
3399 3514 3491 3565 καὶ
3510 3513 3666 3567 δυνα-

2100 3597 2191 3650 τὸν
2221 3598 2388 3668 αὐτὴν
2415 3597 2714 3668 μειοῦσθαι.
2743 3598 2823 3652 Τὰ
2841 3599 2948 3670 γὰρ
2976 3601 3385 3672 προστιθέμενα,
3411 3603 3664 3676 φανερὸν,

2099 3687 2182 3740 ὅτι
2210 3687 2300 3740 καὶ
2336 3687 2677 3758 ἀφαιρεῖσθαι
2703 3686 2945 3742 δύναται.

437 3778 606 3850 idque
629 3779 1321 3849 intinite,quemadmodum
1345 3780 1578 3849 primum
1602 3795 1666 3834 ex
1690 3780 2058 3836 additamento
2097 3781 2391 3835 constituta
2434 3789 2538 3834 est.
2605 3778 2714 3836 Nec
2741 3796 2866 3835 vero
2912 3781 3133 3836 dubium
3184 3792 3267 3838 est
3309 3784 3440 3854 quin
3475 3786 3663 3840 eadem

443 3871 618 3942 possit
659 3870 971 3926 decrescere
1007 3889 1019 3924 :
1050 3879 1262 3926 constat
1299 3871 1444 3925 enim
1471 3887 1537 3926 ea
1583 3886 1704 3942 qua:
1727 3872 2000 3928 adduntur
2040 3871 2154 3926 tolli
2191 3871 2439 3925 similiter
2465 3886 2653 3940 posse.

514 3963 832 4018 18.'Verum
867 3967 936 4018 ita
975 3981 1079 4019 non
1119 3977 1239 4019 est:
1276 3967 1432 4021 absit.
1468 3963 1584 4021 Non
1621 3977 1724 4031 est,
1750 3968 1996 4037 inquam,

447 4052 587 4109 facta
617 4056 888 4123 Trinitas;
921 4057 1012 4110 sed
1034 4066 1233 4110 aeterna
1264 4067 1425 4127 atque
1464 4073 1570 4112 una
1597 4067 1682 4113 est
1725 4057 1779 4113 in
1820 4058 2000 4114 Trini-

446 4155 554 4201 tate
579 4147 852 4209 divinitas,
888 4163 993 4201 una
1025 4148 1227 4216 pariter
1258 4158 1559 4203 estsanctae
1585 4149 1864 4205 Trinitatis
1885 4151 2000 4220 glo-

445 4237 528 4290 ria
562 4254 576 4291 :
609 4252 708 4293 vos
737 4246 912 4292 tamen
952 4253 1070 4292 eam
1102 4239 1154 4292 in
1185 4238 1428 4293 diversas
1459 4247 1683 4294 naturas
1721 4241 2000 4297 diﬂindere

445 4326 656 4383 audetis
687 4346 699 4382 :
729 4345 960 4399 cumque
991 4327 1205 4383 Patrem
1236 4338 1496 4383 aeternum
1520 4345 1641 4385 esse
1665 4333 1998 4401 concedatis,

447 4419 549 4492 ipsi
601 4419 667 4473 de
700 4418 877 4476 Verbo
921 4421 1065 4490 quod
1117 4420 1192 4473 illi
1243 4419 1445 4474 assidet
1482 4419 1684 4487 dicitis,
1721 4421 1844 4479 Fuit
1892 4424 1995 4478 ali-

515 4624 627 4699 (80)
646 4623 830 4688 Basil.,
864 4623 1205 4695 δημιουργόν.
1236 4623 1495 4689 Fclckm.,
1528 4627 1580 4691 5,
1613 4626 2002 4699 δημιουργικὸν
2031 4635 2081 4695 D

443 4696 626 4752 αὐτόν.

517 4766 600 4837 (81
612 4783 628 4835 )
671 4765 915 4838 Seguer.,
941 4763 1196 4838 τυγχᾶνει
1213 4766 1246 4838 ό
1270 4766 1462 4835 Λόγος.
1489 4769 1550 4819 ὲν
1686 4765 1854 4838 Paulo
1883 4777 2005 4838 post

444 4834 616 4901 idem,
643 4834 834 4890 κᾶνίὲκ
863 4834 1082 4889 τούτων,
1113 4834 1368 4901 Felckm.,
1394 4839 1428 4890 ἓ
1455 4846 1508 4890 et
1535 4838 1699 4892 editio
1715 4834 2000 4905 C0mniel.,

442 4908 500 4960 δὲ
522 4909 586 4961 ὲκ
611 4906 819 4960 τούτου.

515 4977 627 5048 (82)
645 4977 736 5031 Sic
759 4974 1005 5048 Se_guer_._,
1034 4972 1280 5048 Basil._et
1305 4973 1470 5048 Felc.,
1503 4976 1558 5038 5,
1578 4991 1697 5048 qua:
1712 4986 1766 5048 et
1791 4986 2005 5048 vertunt

445 5041 688 5102 Nannius
727 5057 781 5101 et
813 5041 1259 5098 Omnibonuan
1295 5045 1417 5101 aliis
1444 5041 1496 5100 et
1532 5041 1692 5101 editis
1720 5047 1873 5102 deest
1904 5047 2000 5100 καὶ

445 5119 546 5170 οὐκ
569 5119 656 5172 ἦν.

519 5182 629 5256 (83)
682 5185 928 5255 Seguer.,
982 5182 1254 5256 προϊόντος
1306 5183 1396 5256 τοῦ
1450 5184 1639 5256 χρόνου
1679 5185 1774 5238 τοῦ
1821 5186 1990 5251 δντος.

447 5252 588 5310 Idém
613 5252 787 5326 paulo
813 5266 949 5325 post,
978 5252 1234 5326 πᾶλιν-δὲ,
1262 5256 1309 5307 εί
1337 5255 1434 5306 οὐκ
1454 5252 1628 5326 ἔστιν.

518 5321 646 5396 (84)
667 5326 760 5396 Sic
784 5321 1004 5395 Seguer.
1035 5332 1088 5378 et
1121 5321 1287 5396 βείω
1318 5333 1374 5377 ut
1396 5333 1449 5377 et
1467 5324 1705 5396 legerant
1730 5323 1996 5396 Omnibo-

447 5393 552 5451 nus
583 5393 637 5450 et
679 5393 936 5451 Nannius.
973 5396 1030 5448 In
1069 5393 1228 5448 editis
1259 5394 1454 5447 desunt
1513 5393 1754 5462 γέγονεν,
1791 5393 1855 5457 ἐξ
1898 5395 1998 5447 οὐκ

445 5467 633 5519 ὄντων.

521 5537 630 5606 (85)
649 5534 1007 5606 ,SiouSeguer.
1029 5532 1171 5606 _Ed_iti
1194 5545 1322 5606 vero
1356 5542 1410 5586 et
1431 5531 1682 5606 alii,_:tpo
1712 5531 1806 5606 τοῦ
1833 5534 1997 5606 γ-ένητ

445 5600 539 5660 ταί
568 5600 710 5668 Υἱός.
758 5600 883 5658 Mei
911 5602 1250 5672 Goblerian.._
1269 5603 1397 5672 Reg.
1430 5600 1688 5667 Felckm.,
1719 5604 1744 5658 1
1779 5612 1833 5656 et
1861 5603 1914 5666 5,
1941 5600 2001 5656 τὸ

739 5673 816 5744 τῷ
847 5673 1051 5757 κτίστῃ¹
1079 5670 1330 5738 etini’ra,
1357 5670 1403 5744 ή
1446 5672 1707 5743 γεννητὴν
1758 5673 1855 5743 τὴν
1897 5673 2000 5744 τῆς

2172 3966 2256 4019 18.
2293 3966 2405 4019 Οὐκ
2430 3965 2616 4019 ἔστιδὲ
2645 3966 2834 4031 οὕτως·
2856 3968 2927 4039 μὴ
2953 3967 3174 4037 γένοιτοὲ
3199 3969 3310 4023 υὺκ
3329 3970 3442 4023 ἐστι
3466 3973 3664 4043 γενητὴ

2101 4057 2135 4127 ἡ
2162 4055 2329 4126 Τριάς
2360 4053 2488 4126 (90)·
2523 4054 2638 4108 ἀλλ’
2686 4056 2852 4120 ἀΐδιος
2907 4058 2999 4110 καὶ
3061 4059 3156 4128 μία
3195 4058 3381 4130 θεότης
3410 4061 3555 4114 ἐστὶν
3606 4063 3665 4115 ὲν

2102 4144 2310 4214 Τριάδι,
2345 4145 2438 4198 καὶ
2473 4145 2571 4214 μία
2600 4145 2724 4212 δόξα
2748 4147 2848 4216 τῆς
2891 4148 3049 4216 ἁγίας
3075 4147 3320 4220 Τριάδος·
3348 4150 3439 4203 καὶ
3461 4150 3666 4220 σχίζειν

2101 4236 2269 4306 αὐτὴν
2331 4238 2410 4301 είς
2440 4236 2724 4308 διαφόρους
2780 4238 2968 4308 φύσεις
3016 4239 3266 4310 τολμᾶτε·
3321 4240 3412 4294 τοῦ
3454 4242 3668 4315 Πατρδς

2103 4325 2272 4380 ἀϊδίου
2291 4327 2461 4391 ὄντος.
2489 4328 2580 4382 τὸν
2623 4329 3030 4402 συγκαθήμενον
3065 4330 3215 4401 αὐτῷ
3246 4331 3415 4399 Λόγον
3455 4331 3663 4401 λέγετε,

2102 4421 2183 4475 ὅτι
2214 4418 2348 4489 (91),
2372 4415 2480 4474 Ἦν
2510 4439 2639 4476 ποτε
2670 4423 2757 4476 ὅτε
2795 4424 2893 4477 οὐκ
2919 4419 3007 4495 ἦν’
3041 4423 3134 4478 τοῦ
3153 4424 3211 4477 δὲ
3242 4423 3368 4477 Υίοῦ
3395 4423 3670 4498 συγκαθη-

2176 4629 2287 4770 (86)
2328 4630 2573 4700 Seguer.,
2601 4633 2697 4686 σὺν
2721 4633 2797 4704 τῷ
2823 4633 2908 4686 ἀεὶ
2933 4633 3041 4686 ὄντι
3069 4633 3414 4704 θεολογεῖται.

2201 4701 2266 4755 87
2327 4699 2577 4770 Seguer.,
2619 4703 2954 4770 rﬁgomittit.
2999 4703 3122 4757 Mox
3155 4707 3316 4770 idem,
3351 4707 3414 4762 Gr

2201 4699 2287 4770 87)
2327 4699 2577 4771 Seguer.,
2615 4699 2954 4771 ντήνμοήιίιιὶι.
2999 4703 3122 4757 Mox
3155 4699 3316 4770 idem,
3351 4707 3568 4762 Gobler.
3609 4721 3667 4765 et

2105 4768 2310 4849 FeickﬁL,
2340 4768 2946 4849 i,'ﬂ01gﬂh_bgv;l‘;ti‘ili
2974 4783 3028 4828 et
3049 4775 3171 4849 alii,
3201 4768 3412 4849 ποταπὴ
3442 4778 3520 4832 δέ.
3559 4778 3666 4834 lbi-

2104 4840 2707 4920 dem_Seguer.,_‘Go-lil.,
2739 4840 3092 4920 felcktn.,_i,
3121 4840 3470 4920 θεοσέϐειαν)
3526 4849 3665 4920 μηδὲ

2103 4911 2265 4982 ἑαυτῇ
2289 4909 2468 4982 (ὁμοίαἶ
2503 4909 2692 4982 Basii.,
2731 4909 2869 4982 Δῐζοίις,
2917 4923 2970 4965 et
3004 4912 3311 4969 Felckman.
3358 4918 3414 4976 5.
3460 4909 3668 4974 habent

2103 4978 2264 5044 item,
2286 4978 2613 5051 θεοσέϐειαή
2650 4978 2800 5051 μηδέ.
2827 4978 2972 5036 Εόὶιί
3004 4993 3058 5038 et
3090 4985 3200 5052 alii,
3229 4986 3501 5041 θεοσέϐεια
3527 4989 3666 5059 μηδὲ

2103 5051 2271 5103 αὐτῆς
2294 5049 2472 5103 ὁμοία.

2103 5067 2271 5102 αυτης
2294 5067 2472 5102 οιιοια.

2174 5067 2570 5240 Ξὲἕέῖὲἕέἷιόιη
2605 5117 2819 5175 Gobler.
2866 5129 2919 5174 et
2961 5121 3222 5188 Felckm.,
3249 5124 3313 5189 1,
3370 5124 3446 5196 μὴ
3492 5143 3660 5191 suae,

2103 5198 2232 5242 ποτε
2258 5198 2334 5252 δέ,
2371 5198 2475 5243 etc.

2175 5257 2284 5330 (89)
2307 5257 2855 5330 iSegucrqAAnglic,
2883 5259 3099 5330 Gobler.
3122 5272 3176 5316 et
3222 5261 3484 5329 Felckm.,
3513 5265 3564 5330 1,
3585 5267 3664 5329 ὡς

2103 5327 2272 5392 ἅπαξ,
2305 5329 2445 5382 Editi
2471 5337 2524 5382 et
2554 5327 2667 5393 alii,
2699 5329 2803 5393 ἕως
2832 5329 2993 5396 ams.

2173 5398 2290 5478 (90)
2309 5397 2568 5462 Felckm.,
2583 5398 2622 5478 Ξ
2635 5408 2691 5453 et
2716 5400 2880 5478 editio
2899 5399 3395 5478 Gomml._,-__7evsc'l;
3415 5407 3447 5476 ἡ
3469 5405 3658 5478 Τριᾴς.

2105 5466 2227 5540 Mox
2259 5466 2478 5540 seguer.
2511 5479 2565 5522 et
2586 5467 2741 5540 Reg,
2760 5467 2861 5540 κᾷν
2888 5468 3110 5540 σχίζειν.
3142 5466 3248 5527 Alii
3272 5466 3402 5530 vero
3423 5466 3480 5530 et
3504 5466 3661 5540 editi,

2105 5537 2200 5589 καὶ
2232 5537 2455 5608 σχίζειν,
2480 5548 2539 5593 ιιι
2567 5551 2621 5593 et
2644 5537 2771 5608 legit
2801 5537 3153 5596 Omnibonus.

2176 5607 2296 5678 (91)
2329 5607 2418 5664 Sic
2451 5609 2672 5679 Seguer.
2704 5607 2769 5664 ln
2798 5608 2918 5664 aliis
2944 5616 2998 5665 et
3023 5611 3183 5668 editis
3218 5611 3368 5669 deest
3399 5611 3508 5668 ὅτι.
