3972 6224
427 363 489 419 ει
972 360 1032 417 S.
1071 363 1441 421 ATHANASII
1480 365 1627 422 OPP.
1672 366 1852 421 PARS
1890 366 1931 421 1.
1973 393 2041 404 --·
2073 363 2443 422 IIISTORICA
2484 361 2570 419 ET
2613 344 3045 421 DOGMATICA.‘
3573 369 3639 424 53

428 490 588 532 neum
615 474 769 531 valde
799 474 981 545 fuerit,
1022 479 1188 534 vitam
1216 489 1273 536 et
1318 483 1641 553 sapientiam
1697 500 1804 540 non
1854 483 1985 553 quid

2099 482 2245 550 βίας-⁸
2286 482 2575 537 ἀκόλουθον
2596 482 2662 536 ἂν
2692 481 2768 552 (4)
2801 482 2885 554 εἴη
2913 480 3011 556 τὴν
3037 479 3178 553 ζωὴν
3199 483 3291 536 καὶ
3317 482 3414 555 τὴν
3452 484 3643 553 σοφίαν

427 569 685 634 alienum,
701 568 796 625 sed
826 570 1102 642 proprium
1121 583 1329 630 natura:
1348 575 1515 633 fontis
1539 592 1679 644 esse,
1703 590 1876 649 neque
1891 575 1987 629 ali-

426 662 646 733 quando
682 678 792 719 non
844 666 1154 732 exstitisse,
1207 668 1303 725 sed
1344 685 1556 741 semper
1601 670 1790 726 fuisse.
1823 668 1987 739 Atqui

427 755 542 810 haec
567 755 750 809 omnia
771 757 886 827 ipse
902 766 986 813 est
1009 756 1200 825 Filius,
1232 761 1325 831 qui
1348 761 1500 826 dicit,
1526 761 1637 832 Ego
1652 778 1767 816 sum
1791 762 1901 816 vita
1919 763 1984 826 ⁸⁸,

425 853 498 910 et,
527 843 640 917 Ego
662 847 946 916 sapientia,
982 849 1162 904 habita
1182 852 1235 906 in
1286 853 1506 907 consilio
1538 853 1603 906 ⁸⁸.
1628 851 1709 906 An
1741 866 1847 906 non
1882 851 1984 922 igi~

424 944 515 990 tur
544 935 743 1008 impius
772 938 1054 996 habendus
1075 942 1164 998 ille
1185 952 1269 999 est
1288 945 1381 1014 qui
1399 944 1473 999 ait
1490 963 1504 1000 :
1524 942 1649 998 Fuit
1670 942 1985 1014 aliquando.

424 1042 548 1082 cum
577 1042 684 1083 non
723 1039 867 1084 esset
894 1029 1065 1089 Filius
1087 1034 1113 1088 ?
1141 1032 1385 1104 Namque
1415 1035 1555 1091 idem
1583 1045 1665 1092 est
1678 1052 1742 1092 ac
1766 1038 1812 1092 si
1850 1037 1988 1092 dice-

427 1129 594 1186 retur,
628 1118 753 1175 Fuit
769 1122 1083 1193 aliquando,
1109 1141 1231 1180 cum
1255 1126 1378 1182 fons
1402 1137 1547 1184 esset
1573 1129 1758 1185 aridus
1782 1129 1988 1199 absque

425 1210 533 1265 vita
561 1220 617 1267 et
661 1214 946 1283 sapientia.
989 1216 1153 1287 Atqui
1194 1217 1242 1271 si
1291 1218 1603 1289 huiusmodi
1661 1228 1824 1284 esset,
1864 1220 1987 1276 fons

425 1310 572 1358 certe
601 1319 708 1358 non
735 1315 881 1361 esset
909 1323 925 1375 ;
959 1323 1083 1362 nam
1134 1307 1280 1379 quod
1334 1327 1441 1366 non
1483 1326 1550 1366 ex
1579 1311 1759 1382 seipso
1793 1312 1983 1383 gignit,

426 1390 549 1450 fons
579 1393 766 1465 utique
798 1410 904 1451 non
932 1406 1033 1453 est.
1068 1398 1137 1453 At
1161 1414 1325 1470 quam
1371 1400 1513 1456 istud
1541 1401 1837 1457 absurdum
1870 1405 1981 1458 est!

426 1480 635 1539 Etenim
676 1484 820 1543 Deus
846 1501 962 1553 eos,
991 1488 1085 1559 qui
1120 1502 1234 1545 suae
1261 1490 1434 1561 ipsius
1467 1491 1731 1547 voluntati
1773 1501 1984 1564 parent,

425 1575 693 1644 promittit
720 1576 896 1632 instar
921 1576 1087 1635 fontis
1119 1578 1381 1635 futurosa
1412 1595 1522 1652 quo
1547 1596 1824 1652 nunquam
1855 1581 1989 1637 deii-

425 1666 531 1721 ciet
552 1681 713 1737 aqua.
746 1667 839 1724 Sic
869 1670 1014 1724 enim
1046 1670 1164 1741 ipse
1190 1686 1287 1741 per
1333 1668 1529 1727 Isaiam
1556 1673 1873 1743 prophetam
1901 1671 1985 1726 lo-

424 1758 609 1828 quitur
650 1776 666 1815 :
715 1757 785 1814 Et
834 1762 1137 1829 satiaberis,
1175 1762 1614 1832 quemadmodum
1665 1765 1983 1834 concupiscit

423 1847 604 1902 anima
640 1858 825 1914 tua,et
849 1866 969 1905 ossa
1004 1860 1095 1906 tua
1131 1852 1347 1923 pinguia
1388 1854 1534 1923 ﬁent,
1572 1865 1621 1910 et
1653 1865 1803 1910 erunt
1850 1855 1984 1910 velut

422 1937 605 1991 hortus
650 1939 922 2010 irrigans,
961 1950 1011 1995 et
1063 1952 1316 2012 tanquam
1360 1944 1478 2014 {ous
1522 1962 1555 1999 a
1586 1962 1687 2017 quo
1716 1963 1853 2017 aqua
1884 1963 1985 2001 non

423 2029 631 2098 deﬁciet
663 2030 731 2085 υ.
758 2029 834 2084 Ilii
860 2039 1040 2085 autem
1095 2030 1264 2088 Deum
1286 2075 1301 2101 ,
1334 2034 1427 2105 qui
1461 2036 1678 2107 quidem
1714 2035 1913 2092 dicitur
1934 2046 1988 2092 et

422 2128 508 2174 est
528 2117 653 2175 fons
678 2119 977 2191 sapientiae,
1019 2123 1257 2179 sterilem
1300 2135 1464 2195 atque
1494 2125 1611 2181 sine
1638 2125 1855 2197 prOpria
1887 2128 1986 2181 Sa—

425 2207 625 2276 pientia
662 2208 955 2280 aliquando
981 2210 1147 2269 fuisse
1190 2213 1593 2285 improbissime
1621 2218 1821 2274 audent
1848 2219 1988 2274 auir-

426 2314 594 2354 mare.
644 2297 847 2355 Verum
896 2300 1033 2359 falsa
1057 2313 1186 2360 sunt
1213 2321 1335 2375 qua:
1388 2307 1457 2362 ab
1486 2308 1593 2363 illis
1616 2308 1889 2367 dicuntur.
1918 2311 1989 2366 At

426 2403 653 2448 testatur
683 2391 892 2452 Veritas
922 2394 1090 2452 Deum
1123 2399 1353 2468 propriae
1400 2397 1688 2471 Sapientiae
1725 2411 1985 2458 aeternum

427 2486 626 2541 fontem
658 2501 781 2543 esse
814 2504 829 2541 :
862 2502 928 2542 ac
945 2489 1171 2558 proinde
1194 2505 1316 2545 cum
1347 2489 1468 2548 fons
1512 2501 1746 2549 aeternus
1775 2493 1864 2559 sit,
1896 2510 1990 2550 ne-

424 2592 581 2635 resse
610 2595 829 2651 quoque
860 2591 941 2637 est
973 2582 1305 2652 Sapientiam
1337 2590 1589 2638 aeternam
1622 2599 1762 2641 esse.
1781 2586 1840 2640 ln
1870 2586 1986 2655 ipsa

426 2670 694 2740 siquidem
724 2673 908 2728 omnia
940 2674 1079 2730 facta
1105 2683 1253 2741 sunt,
1288 2684 1349 2730 ut
1371 2676 1554 2747 psallit
1586 2674 1987 2743 David,0mnia

423 2763 479 2815 in
511 2759 787 2832 Sapientia
814 2764 987 2834 fecisti
1020 2766 1085 2819 “.
1132 2763 1390 2820 Salomon
1419 2765 1548 2820 item
1581 2767 1677 2833 ait,
1707 2764 1843 2820 Deus
1884 2764 1988 2821 Sa-

420 2851 623 2925 pientia
653 2854 897 2925 fundavit
939 2864 1153 2921 terram,
1199 2857 1520 2927 praeparauit
1558 2855 1709 2910 celos
1757 2855 1989 2926 prudent-

426 2943 502 2998 tia
538 2942 603 2997 “.
659 2943 786 2999 Ilaec
831 2959 997 3015 porro
1043 2945 1319 3015 Sapientia
1367 2942 1602 3000 Verbum
1648 2953 1752 3011 est,
1797 2953 1852 2999 et
1890 2960 1986 3015 per

426 3037 629 3107 ipsum,
659 3045 718 3091 ut
761 3036 836 3091 ait
868 3035 1128 3102 Joannes,
1163 3034 1303 3091 facta
1358 3044 1484 3091 sunt
1523 3033 1739 3100 omnia,
1768 3045 1821 3091 et
1867 3034 1985 3090 sine

2090 571 2226 643 μήτε
2279 570 2403 637 ξένα
2450 572 2547 643 τῆς
2589 570 2777 635 οὐσίας
2807 570 2905 642 τῆς
2942 570 3126 642 πηγῆς
3162 568 3320 637 εἶναι,
3374 572 3488 626 ἀλλ’
3514 572 3640 639 ἴδια,

2090 663 2225 732 μήτε
2251 661 2571 734 ἀνύπαρκτά
2602 679 2731 715 ποτε
2758 657 2918 725 εἶναι,
2950 661 3065 715 ἀλλ’
3094 661 3182 714 ἀεὶ
3211 656 3368 717 εἶναι.
3410 661 3561 716 Ἔστι
3584 664 3641 719 δὲ

2086 752 2255 806 ταῦτα
2273 755 2301 806 6
2326 754 2454 817 Υἱὸς
2473 754 2501 804 6
2523 753 2696 821 λέγων
2719 753 2817 824 (5),
2834 752 2978 823 Ἐγώ
2992 754 3107 819 ειμι
3129 754 3167 821 ἠ
3187 751 3324 821 ζωὴ,
3348 753 3462 817 καὶ,
3495 754 3647 825 Ἐγὼ

2086 845 2124 911 ὴ
2156 845 2341 913 σοφία
2377 844 2807 911 κατεσκήνωσα
2847 844 3108 911 βουλήν.
3163 844 3286 908 Πῶς
3343 844 3517 897 τοίνυν
3543 844 3648 900 οὐκ

2086 935 2275 988 ἀσεϐεῖ
2299 937 2327 989 6
2350 936 2543 1005 λέγων,
2588 932 2696 991 Ἦν
2724 954 2851 991 ποτε
2876 938 2963 990 ὅτε
3012 936 3114 990 οὺκ
3147 932 3215 1007 ἦν
3254 936 3283 990 6
3309 935 3469 1003 Υίός;
3502 938 3646 990 Ἴσον

2086 1025 2195 1096 γάρ
2218 1026 2364 1080 ἐστιν
2387 1028 2579 1091 εἰπεῖν,
2603 1022 2711 1081 Ἦν
2743 1044 2871 1080 ποτε
2904 1028 2990 1081 ὅτε
3028 1029 3061 1098 ὴ
3096 1026 3245 1099 πηγὴ
3276 1026 3416 1099 ξηρὰ
3443 1023 3511 1099 ἦν
3538 1045 3650 1098 χωλ-

2091 1116 2173 1187 pic
2194 1117 2291 1187 τῆς
2322 1117 2464 1188 ζωῆς
2489 1117 2581 1171 καὶ
2608 1118 2705 1189 τῆς
2762 1119 2971 1188 σοφίας.
3010 1119 3073 1171 Ἦ
3116 1118 3172 1171 δὲ
3202 1118 3420 1190 τοιαύτη
3448 1118 3525 1192 (6)
3549 1120 3650 1172 οὐκ

2087 1208 2152 1261 ἂν
2190 1209 2275 1281 είη
2304 1211 2473 1282 πηγή·
2508 1209 2569 1264 τὸ
2593 1210 2700 1282 γὰρ
2724 1210 2799 1283 μὴ
2852 1208 2911 1276 ἐξ
2954 1209 3146 1264 ἑαυτοῦ
3179 1211 3381 1279 γεννῶν
3409 1210 3507 1264 οὐκ
3533 1210 3653 1263 ἐστι

2087 1300 2257 1371 πηγή.
2299 1301 2472 1372 Ὅσης
2523 1300 2581 1354 δὲ
2617 1301 2841 1365 ἀτοπίας
2864 1302 3030 1373 γέμον
3061 1303 3177 1356 ἐστὶ
3215 1301 3402 1357 τοῦτοί
3440 1303 3499 1356 ’0
3553 1302 3656 1373 μὲν

2087 1391 2194 1464 γὰρ
2218 1391 2350 1458 Θεὸς
2362 1393 2490 1457 τοὺς
2523 1392 2806 1458 ποιοῦντας
2838 1393 3000 1447 αὑτοῦ
3034 1392 3094 1447 τὸ
3149 1393 3356 1465 θέλημα
3384 1393 3656 1463 ὲπαγγέλο

2085 1484 2329 1548 λεταιώς
2357 1485 2539 1558 πηγὴν
2576 1484 2814 1551 ἔσεσθαι,
2878 1485 2945 1557 ἧν
2981 1485 3056 1557 (7)
3095 1486 3168 1557 μὴ
3215 1484 3459 1551 ἐξέλιπεν
3483 1484 3654 1556 ὕδωρ,

2079 1576 2255 1646 λέγων
2275 1576 2363 1631 διὰ
2407 1576 2628 1631 Ἡσαΐου
2649 1576 2742 1631 τοῦ
2770 1578 3066 1650 προφήτου·
3089 1576 3200 1631 Καὶ
3218 1577 3656 1648 ἐμπλησθήσῃ,

2085 1668 2346 1737 καθάπερ
2370 1669 2640 1738 ἐπιθυμεῖ
2673 1670 2712 1737 ἡ
2741 1668 2910 1737 ψυχή
2940 1683 3077 1734 σου,
3112 1668 3211 1723 καὶ
3254 1667 3325 1723 τὰ
3353 1669 3502 1724 ὀστᾶ
3539 1685 3663 1724 σου

2087 1758 2473 1827 πιανθήσεται
2498 1761 2595 1832 (8),
2622 1760 2721 1815 καὶ
2750 1760 2919 1815 ἔσται
2942 1761 3021 1827 ὡς
3039 1759 3231 1831 κῆπος
3267 1764 3523 1832 μεθύων,
3559 1763 3663 1818 καὶ

2086 1852 2166 1916 ὡς
2192 1850 2375 1921 πηγὴ,
2417 1850 2497 1919 ἣν
2518 1850 2603 1921 μὴ
2646 1851 2925 1915 ἐξέλιπεν
2947 1851 3120 1921 ὕδωρ·
3153 1848 3297 1907 οὗτοι
3325 1853 3382 1906 δὲ
3412 1853 3502 1906 τὸν
3520 1854 3662 1908 Θεὸν

2085 1940 2374 2012 λεγόμενον
2402 1942 2494 1995 καὶ
2522 1941 2648 1995 ὄντα
2688 1943 2869 2015 πηγὴν
2900 1943 3000 2014 τῆς
3023 1943 3236 2013 σοφίας,
3272 1943 3462 2013 ἄγονον
3491 1942 3670 1997 αὑτὸν

2087 2033 2176 2086 καὶ
2194 2031 2452 2101 λείψαντά
2478 2050 2605 2087 ποτε
2626 2032 2729 2103 τῆς
2752 2033 2888 2097 ίδίας
2914 2033 3104 2103 σοφίας
3121 2035 3420 2105 δυσφημεῖν
3440 2033 3672 2105 τολμῶ-ο

2088 2141 2189 2177 σιν.
2236 2123 2395 2179 Ἀλλὰ
2446 2125 2513 2178 τὰ
2547 2126 2643 2196 μὲν
2676 2124 2827 2200 παρὰ
2854 2125 3054 2180 τούτων
3114 2126 3230 2180 ἐστὶ
3273 2126 3463 2198 ψεύδηο
3518 2129 3559 2199 ἡ
3612 2126 3674 2182 δὲ

2097 2214 2352 2288 Ἀλήθεια
2386 2218 2647 2288 μαρτυρεῖ
2672 2218 2853 2290 πηγὴν
2891 2218 3056 2271 ἀΐδιον
3077 2214 3211 2272 εἶναι
3255 2217 3344 2278 τὸν
3385 2218 3525 2274 Θεὸν
3564 2220 3678 2289 τῆς

2090 2305 2224 2371 ἰδίας
2245 2308 2453 2377 σοφίας.
2482 2307 2674 2361 Ἀῖόίου
2704 2309 2760 2362 δὲ
2782 2309 2878 2379 τῆς
2910 2309 3090 2380 πηγῆς
3121 2307 3306 2381 οῦσης,
3329 2307 3387 2375 ἐξ
3412 2310 3673 2382 ἀνάγκης

2086 2398 2178 2451 καὶ
2206 2397 2303 2468 τὴν
2338 2397 2534 2466 Σοφίαν
2558 2397 2724 2450 ἀΐδιον
2747 2393 2882 2451 εἶναι
2923 2398 3021 2454 δεῖ.
3075 2398 3161 2452 Ἐν
3216 2397 3383 2470 ταύτῃ
3423 2398 3537 2469 γὰρ
3567 2400 3669 2453 καὶ

2085 2489 2153 2541 τὰ
2169 2491 2346 2543 πάντα
2366 2489 2605 2558 γέγονεν,
2623 2489 2698 2553 ὼς
2712 2488 2900 2559 ψάλλει
2935 2490 3113 2543 Δαδίδ·
3141 2489 3340 2544 Πάντα
3367 2490 3436 2542 ἐν
3464 2492 3667 2559 Σοφίᾳ

2084 2582 2395 2648 ἐποίησας·
2419 2581 2513 2634 καὶ
2550 2579 2796 2651 Σολομὼν
2851 2596 3033 2652 φησιν·
3084 2580 3138 2633 Ὀ
3165 2582 3307 2648 Θεὸς
3345 2579 3419 2649 τῇ
3465 2583 3670 2650 Σοφίᾳ

2084 2671 2436 2740 ἐθεμελίωσας
2458 2670 2572 2739 τὴν
2597 2670 2731 2741 γῆν,
2781 2672 3071 2741 ἡτοίμασε
3133 2670 3202 2724 δὲ
3240 2669 3541 2739 οὐρανοὺς
3593 2672 3673 2725 ἐν

2084 2762 2392 2831 φρονήσει.
2440 2763 2585 2835 Αὐτή
2619 2779 2677 2815 τε
2711 2761 2785 2834 (9)
2823 2764 2856 2834 ἡ
2908 2761 3077 2833 Σοφία
3102 2762 3247 2815 ἐστὶν
3275 2764 3303 2815 6
3332 2763 3527 2831 Λόγος,
3567 2764 3670 2818 καὶ

2083 2853 2148 2906 δι’
2169 2852 2356 2916 αὑτοῦ,
2384 2853 2459 2917 ὡς
2500 2853 2753 2926 Ἰωάννης
2801 2855 2984 2925 φησὶν,
3006 2854 3219 2923 ἐγένετο
3243 2853 3309 2907 τὰ
3340 2854 3543 2919 πάντα,
3570 2857 3671 2908 καὶ

2084 2944 2250 3015 χωρὶς
2272 2943 2434 2997 αὐτοῦ
2459 2945 2673 3013 ἐγένετο
2694 2948 2813 3000 οὐδὲ
2844 2946 2922 3001 ἕν’
2963 2946 3055 2999 καὶ
3086 2946 3247 3009 αὐτὸς
3287 2947 3433 2998 ἐστιν
3460 2948 3491 2998 6
3527 2948 3672 3018 Χρι-

2086 3032 2227 3095 στός.
2264 3027 2370 3098 Εἷς
2399 3035 2510 3102 γὰρ
2536 3033 2679 3100 Θεὸς
2704 3037 2737 3089 d
2766 3033 2967 3102 Πατὴρ
2996 3034 3126 3104 (10),
3153 3033 3221 3098 ἐξ
3249 3029 3320 3088 οὗ
3351 3032 3421 3087 τὰ
3436 3035 3670 3100 πάντα,

425 3127 545 3196 ipso
573 3124 775 3183 factum
806 3134 892 3182 est
915 3126 1050 3181 nihil
1082 3126 1149 3178 “.
1176 3125 1417 3195 Denique
1452 3126 1570 3195 ipse
1600 3136 1682 3181 est
1710 3125 1981 3181 Christus.

2099 3125 2185 3178 mi
2218 3124 2388 3194 ἡμεῖς
2415 3128 2502 3191 είς
2530 3128 2733 3193 αὑτὸν,
2764 3127 2861 3180 καὶ
2883 3122 2970 3192 εἷς
2990 3127 3204 3194 Κύριος
3252 3126 3493 3194 Ἰησοῦς
3527 3130 3675 3196 Χρι-

424 3215 559 3270 Nam
584 3230 721 3271 unus
755 3214 892 3270 Deus
940 3215 1123 3281 Pater,
1157 3230 1221 3270 ea:
1253 3231 1354 3286 quo
1397 3216 1596 3281 omnia,
1625 3224 1675 3269 et
1701 3232 1793 3270 nos
1830 3217 1885 3270 in
1921 3215 1989 3270 il-

423 3309 533 3362 lum
565 3324 585 3362 :
630 3309 681 3362 ei
732 3324 868 3362 unus
914 3306 1169 3361 Dominus
1203 3304 1359 3362 Iesus
1402 3306 1666 3375 Christus,
1712 3324 1804 3379 per
1837 3325 1988 3378 quem

423 3399 624 3466 omnia,
666 3409 715 3454 et
743 3415 837 3453 nos
883 3413 977 3468 per
1013 3399 1184 3469 ipsum
1233 3398 1298 3452 “.
1352 3394 1410 3452 Si
1450 3413 1613 3469 porro
1666 3400 1849 3455 omnia
1891 3415 1989 3470 per

424 3491 626 3561 ipsum,
659 3491 778 3561 ipse
805 3488 1049 3560 profecto
1078 3490 1219 3544 inter
1255 3490 1440 3544 omnia
1475 3491 1846 3545 numerandus
1878 3505 1988 3546 non

423 3592 526 3638 est.
551 3581 654 3648 Qui
678 3581 824 3637 enim
845 3596 993 3648 eum,
1015 3596 1106 3649 per
1126 3596 1277 3651 quem
1310 3581 1510 3646 omnia,
1539 3597 1706 3636 unum
1741 3581 1985 3636 omnium

422 3689 546 3729 esse
566 3672 746 3728 dicere
768 3687 939 3729 ausus
961 3669 1142 3737 fuerit,
1184 3670 1272 3725 ille
1302 3671 1368 3726 de
1398 3670 1506 3727 Deo
1524 3713 1540 3738 ,
1572 3688 1637 3726 ea:
1656 3687 1757 3742 quo
1786 3672 1985 3738 omnia,

424 3764 566 3820 idem
594 3764 753 3834 plane
768 3765 982 3820 sentiet.
1007 3760 1162 3829 Quod
1187 3762 1232 3818 si
1250 3762 1374 3839 quis
1397 3762 1450 3816 id
1477 3771 1736 3833 tanquam
1754 3762 1989 3818 maxime

425 3856 721 3911 absurdum
750 3856 939 3925 procul
969 3856 1198 3927 rejiciat,
1232 3854 1517 3924 Deumque
1545 3853 1613 3909 ab
1642 3853 1898 3909 omnibus
1928 3862 1989 3908 ut

424 3946 592 4001 alium
625 3946 985 4011 discriminat,
1004 3962 1351 4017 consequens
1372 3961 1504 4002 sane
1524 3944 1685 4001 fuerit
1719 3954 1774 3999 ut
1801 3944 1990 4015 unige-

426 4039 576 4093 nitus
607 4037 799 4104 Filius,
838 4039 934 4108 qui
970 4036 1150 4094 Patris
1180 4047 1389 4093 natura:
1429 4046 1516 4093 est
1540 4035 1817 4107 proprius,
1847 4034 1991 4088 alius

423 4144 644 4201 quoque
663 4129 733 4184 ab
755 4129 1009 4185 omnibus
1024 4143 1146 4184 esse
1170 4137 1473 4184 censeatur.
1492 4126 1654 4198 Atqui
1676 4126 1722 4182 si
1740 4126 1855 4195 ipse
1875 4140 1985 4181 non

424 4230 509 4276 est
538 4236 605 4276 ex
633 4219 909 4283 omnibus,
938 4218 1005 4275 de
1040 4218 1132 4273 illo
1178 4218 1331 4274 nel‘as
1368 4227 1453 4273 est
1498 4218 1698 4282 dicere,
1734 4215 1857 4270 Fuit
1886 4216 1988 4271 ali-

424 4311 666 4383 quando,
695 4326 820 4366 cum
856 4326 965 4366 non
1010 4317 1190 4375 esset;
1238 4319 1314 4377 et,
1362 4308 1482 4365 Non
1527 4317 1646 4364 erat
1694 4317 1985 4379 antequam

424 4413 762 4460 nasceretur.
811 4402 1135 4473 Huiusmodi
1180 4404 1327 4459 enim
1367 4417 1529 4459 voces
1556 4402 1624 4457 de
1669 4400 1828 4457 factis
1866 4400 1988 4471 qui-

2091 3217 2256 3282 στὲς,
2283 3213 2445 3272 δι’οὗ
2470 3219 2541 3271 τὰ
2563 3217 2775 3285 πάντα,
2812 3220 2908 3273 καὶ
2933 3217 3102 3288 ἡμεῖς
3143 3218 3218 3271 δι’
3247 3219 3455 3272 αὐτοῦ.
3487 3220 3558 3272 Ei
3612 3219 3677 3272 δὲ

2093 3306 2159 3361 τὰ
2190 3308 2363 3361 πάντα
2381 3308 2446 3362 δι’
2476 3310 2663 3373 αὐτοῦ,
2682 3310 2842 3376 αὐτὸς
2872 3312 2971 3364 οὐκ
3008 3310 3072 3364 ἂν
3105 3311 3188 3381 εἴη
3218 3309 3677 3383 συναριθμούμε-

2093 3414 2182 3462 νος
2212 3402 2324 3463 τοῖς
2357 3402 2539 3455 πᾶσιν.
2576 3402 2635 3454 '0
2669 3401 2774 3474 γὰρ
2795 3400 3006 3472 τολμῶν
3045 3400 3136 3456 τὸν
3154 3400 3227 3454 δι’
3253 3397 3326 3456 οὗ
3370 3401 3445 3455 τὰ
3462 3402 3680 3457 πάντα

2093 3487 2268 3557 λέγειν
2295 3490 2389 3544 ἕνα
2424 3487 2560 3544 εἶναι
2611 3491 2718 3544 τῶν
2761 3493 2995 3553 πάντων,
3048 3492 3263 3555 πάντως
3298 3491 3360 3562 δή
3424 3510 3540 3546 που
3577 3496 3684 3549 καὶ

2094 3579 2220 3648 περὶ
2243 3578 2399 3644 Θεοῦ,
2432 3578 2501 3644 ἐξ
2525 3575 2595 3634 οὗ
2626 3579 2698 3633 τὰ
2735 3578 2946 3643 πάντα,
2975 3580 3035 3633 τὸ
3066 3578 3195 3633 αὐτὸ
3226 3579 3505 3647 λογίσεται
3535 3583 3681 3656 (Η).

2094 3668 2156 3720 Εἰ
2176 3667 2233 3720 δὲ
2266 3669 2422 3721 τοῦτο
2452 3669 2528 3733 ὡς
2554 3670 2751 3725 ἄτοπον
2782 3671 2972 3740 φεύγει
3009 3689 3112 3737 τις,
3168 3672 3262 3726 καὶ
3292 3671 3578 3741 διίστησιν
3605 3675 3688 3740 ὡς

2092 3759 2248 3812 ἄλλον
2270 3759 2379 3814 ἀπὸ
2404 3760 2511 3813 τῶν
2535 3762 2748 3815 πάντων
2769 3762 2860 3815 τὸν
2880 3762 3034 3826 Θεὸν,
3059 3761 3350 3816 ἀκόλουθον
3376 3762 3442 3817 ἂν
3475 3767 3568 3838 εἴη
3588 3769 3692 3822 καὶ

2092 3850 2183 3905 τὸν
2219 3852 2481 3922 μονογενῆ
2516 3852 2643 3906 Υίὸν
2665 3853 2795 3907 ἴδιον
2821 3853 2951 3906 ὄντα
2975 3854 3077 3924 τῆς
3114 3855 3209 3909 τοῦ
3244 3857 3463 3928 Πατρὺς
3485 3861 3693 3928 οὐσίας

2094 3938 2248 3997 ἄλλον
2274 3943 2452 4013 λέγειν
2483 3939 2624 3997 εἶναι
2650 3944 2756 3998 τῶν
2802 3945 3038 3999 πάντων·
3075 3947 3149 4019 μὴ
3205 3947 3356 4011 ὄντος
3387 3948 3447 4001 δὲ
3508 3953 3692 4006 αὐτοῦ

2092 4032 2199 4087 τῶν
2229 4034 2465 4099 πάντων,
2494 4035 2554 4087 οὐ
2580 4035 2737 4105 θέμις
2767 4037 2854 4089 ἐπ’
2882 4036 3043 4090 αὐτοῦ
3080 4038 3259 4106 λέγειν
3294 4040 3373 4104 τὸ,
3400 4036 3520 4095 Ἦν
3548 4060 3695 4099 ποτε

2092 4126 2179 4178 ὅτε
2200 4126 2298 4179 οὐκ
2324 4122 2412 4198 ἦν,
2447 4126 2560 4191 καὶ,
2578 4128 2688 4180 Ούκ
2711 4122 2799 4198 ἦν,
2834 4128 2962 4200 πρὶν
2987 4129 3218 4201 γεννηθῇ
3243 4131 3373 4202 (12).
3399 4132 3469 4184 Ai
3493 4136 3699 4190 τοιαῦ-

2094 4233 2183 4269 ται
2230 4216 2338 4287 γὰρ
2366 4217 2540 4286 φωναὶ
2563 4218 2701 4273 κατὰ
2741 4219 2851 4274 τῶν
2881 4221 3198 4292 ποιημάτων
3224 4221 3538 4294 ἁρμόζουσι
3592 4227 3698 4282 λέ-

2093 4303 2300 4372 γεσθαι·
2336 4304 2494 4368 αὐτὸς
2516 4304 2574 4359 δὲ
2594 4308 2623 4360 6
2640 4307 2763 4371 Υἱὸς
2772 4308 3007 4373 τοιοῦτός
3027 4312 3195 4375 ἐστιν,
3215 4305 3324 4374 οἷός
3344 4312 3499 4367 ἐστιν
3524 4316 3557 4368 6
3576 4317 3704 4371 Πα-

2092 4395 2193 4467 τὴρ
2213 4396 2345 4467 (l5),
2362 4392 2422 4452 οὗ
2447 4399 2537 4451 καὶ
2570 4397 2683 4453 ἔστι
2710 4400 2807 4471 τῆς
2834 4402 3018 4465 οὐσίας
3046 4401 3172 4455 ἴδιον
3200 4402 3463 4474 γέννημα,
3486 4407 3703 4477 Λόγος,

423 4497 547 4551 dem
579 4496 741 4551 rebus
762 4506 885 4567 apte
909 4503 1243 4566 usurpantur
1271 4511 1286 4550 :
1316 4503 1373 4550 at
1403 4494 1518 4564 ipse
1534 4492 1705 4548 Filius
1727 4492 1851 4547 talis
1883 4500 1985 4557 est,

2099 4489 2186 4541 καὶ
2200 4489 2387 4559 Σοφία.
2412 4491 2578 4545 Τοῦτο
2603 4492 2709 4565 γὰρ
2725 4492 2851 4546 ἴδιον
2864 4493 2956 4546 τοῦ
2984 4492 3111 4547 Υἱοῦ
3137 4495 3269 4566 πρὸς
3312 4494 3403 4548 τὸν
3432 4497 3705 4572 Πατέρα,

422 4586 603 4659 qualis
630 4585 809 4654 Pater,
840 4588 1000 4657 cujus
1039 4595 1245 4642 naturae
1277 4586 1532 4657 proprius
1559 4597 1778 4655 quoque
1797 4590 1881 4638 est
1908 4580 1987 4636 fe-

448 4697 535 4749 us,
576 4677 815 4736 Verbum
866 4695 930 4736 ac
970 4679 1267 4751 Sapientia.
1310 4676 1555 4748 Namque
1603 4675 1658 4731 id
1705 4673 1981 4745 proprium

493 4836 538 4867 ⁸ο
563 4834 719 4892 .loan.
748 4828 862 4900 xw,
884 4832 939 4890 6.
999 4835 1038 4865 ⁶¹
1063 4832 1221 4889 Prov.
1247 4849 1363 4898 \‘lll,
1396 4831 1483 4885 12.
1511 4830 1596 4885 12.
1672 4828 1716 4860 ⁸³
1746 4829 1817 4883 ls.
1847 4841 2002 4893 mn,
2031 4823 2113 4879 ll.

421 4908 467 4939 ⁸⁸
502 4905 517 4959 l
547 4905 675 4961 Cor.
693 4920 813 4970 vni,
843 4904 896 4964 6.

493 5046 571 5119 (4)
612 5045 791 5119 E_ditio
812 5045 1101 5119 Commel.,
1135 5044 1221 5115 εἴη
1261 5041 1567 5119 ᾲκὸέλουθονΔ
1588 5040 1699 5119 ἀνι
1726 5039 1858 5119 Ibid.
1898 5036 1996 5119 δρ-

2094 4580 2352 4635 καὶτοῦτο
2371 4583 2461 4637 τὸν
2483 4584 2697 4656 Πατέρα
2716 4585 2806 4638 τοῦ
2823 4584 2946 4638 Υἱοῦ
2962 4585 3225 4639 δείκνυσιν
3239 4586 3387 4652 ἴδιον,
3413 4588 3573 4645 ὥστε
3600 4595 3709 4667 μή.

2090 4690 2148 4726 τε
2174 4672 2287 4747 (14)
2312 4675 2401 4729 τὸν
2415 4675 2548 4729 Θεὸν
2562 4676 2736 4744 λέγειν
2751 4676 2877 4729 ποτὲ
2893 4674 3102 4746 ἄλογον,
3122 4679 3257 4749 μήτε
3273 4679 3360 4732 τὸν
3371 4679 3509 4735 Υἰδν
3525 4684 3709 4740 ἀνύπ-

2212 4828 2258 4859 ⁶³
2290 4827 2379 4883 Ps.
2405 4846 2521 4892 CIII,
2554 4831 2644 4884 24.
2741 4830 2787 4861 ’⁸
2815 4830 2967 4887 l'rov.
3008 4833 3188 4895 "1,19.
3289 4834 3335 4867 °'
3358 4832 3535 4891 Joan.
3566 4855 3614 4900 ι.
3649 4843 3711 4899 5.

2175 5037 2253 5106 (8)
2294 5036 2385 5106 Sic
2422 5036 2667 5106 Segner.,
2700 5032 2842 5106 Reg.
2868 5046 2920 5106 et
2951 5031 3121 5106 lsaiafL
3145 5048 3310 5106 irin,
3346 5031 3455 5106 ll.
3488 5034 3715 5097 Basil..

423 5100 847 5188 guer’.,G:obler.
867 5100 931 5171 “et
964 5100 1223 5188 Felgitm.:
1255 5115 1277 5168 i
1304 5154 1321 5179 ,
1345 5112 1636 5188 φιύλουρον
1673 5110 1739 5165 ἂν
1772 5110 1866 5188 *εἴη
1896 5109 1990 5188 τὴν

2103 5100 2335 5188 ὲιίςίίξη
2352 5100 2587 5188 Ὲειριῐιξῑ.
2613 5105 2667 5188 ξ,
2691 5100 3061 5188 τῃξῇθήσεται.
3082 5100 3243 5169 Editi,
3262 5100 3716 5175 πιανθήσονται.

424 5180 627 5259 ἔτηγήν.
670 5187 838 5243 Paulo
885 5196 1009 5259 post
1053 5185 1302 5257 Seguen,
1333 5183 1446 5238 ἀλλ’
1480 5183 1662 5238 ἀΐδια.
1716 5180 1863 5254 μήτε
1904 5180 1995 5232 ἀν-

425 5272 708 5409 Ϊῗῦκὲῗὲ
740 5325 1172 5409 sesua-’39:?
1198 5320 1901 5409 βθείι-νλπειίοκξςωξξη·
1937 5319 1992 5409 ξς

428 5392 573 5450 Editi
596 5411 744 5459 vero,
792 5392 1171 5459 13.61ai‘i656
1203 5395 1395 5464 λέγων.
1440 5392 1564 5448 Mus
1598 5392 1907 5448 Goblet‘ian.
1942 5398 1998 5443 et

428 5464 669 5538 Fc“?th
695 5466 808 5538 1011

840 5467 1011 5535 Σοφία
1042 5465 1441 5521 κατεσκεύασα.

2101 5172 2221 5230 Moi
2254 5176 2499 5246 Seguer.,
2596 5174 2671 5245 μὴ
2700 5172 2961 5246 ἐξέλιπεν.

2178 5246 2254 5317 (9)
2296 5240 2428 5316 Ιῖεε.
2456 5254 2510 5299 et
2534 5240 2724 5317 Basil.,
2759 5242 3008 5317 αὕτηξε.
3037 5242 3274 5317 _Anglic.,
3309 5240 3459 5314 αῦτη
3504 5247 3595 5304 δέ.
3690 5288 3697 5303 .

2177 5313 2288 5388 (10)
2331 5313 2584 5388 §égner.,
2614 5314 2815 5388 omittit
2840 5315 2869 5366 6
2903 5313 3113 5388 Πατήρ.

2173 5380 2283 5458 (Η)
2317 5380 2574 5458 Δδιῖέιιενη
2617 5384 2835 5458 ngler.
2865 5391 2920 5437 et
2968 5380 3204 5458 regem.
3252 5382 3318 5447 l,
3361 5382 3724 5458 λογίσηται.

2100 5450 2289 5520 ΒιιὲίΙζ,
2316 5450 2608 5526 λογίζεται.
2656 5453 2825 5526 Paulo
2864 5460 2991 5526 post
3040 5451 3288 5522 Seguer.,
3321 5450 3729 5515 τῶνπάντων

495 5536 603 5605 (ti)_
616 5534 708 5591 Sic
734 5522 961 5605 'Se'gner.
994 5535 1050 5590 ln
1077 5537 1260 5602 editis,
1284 5545 1337 5605 ct
1366 5535 1495 5605 aliis
1508 5535 1669 5605 deest
1684 5531 1792 5586 ὅτε.
1826 5528 1990 5605 Paulo

2099 5527 2188 5605 τὸν
2201 5526 2376 5605 2:63.
2390 5522 2575 5605 'E’t‘liti,
2609 5524 2843 5605 πάντων.
2851 5522 3007 5605 ρεόν.

424 5596 706 5676 ροὲιᾛςίι.
735 5596 1053 5676 οιξΕειοΙίιη,
1080 5607 1135 5671 5,
1168 5596 1318 5676 Είίδὲ
1332 5601 1696 5676 fotum-nsi?
1724 5617 1866 5676 unus
1898 5596 1996 5676 89-

422 5665 600 5755 ειιςες.
611 5665 779 5755 εἷος..
795 5673 988 5755 Βειειέι.ζ
1001 5665 1059 5755 ιε
1080 5665 1470 5755 ἑαυτοῦ-ῌῶιὶ
1496 5672 1693 5755 ειέιξὶ,
1719 5670 1779 5736 ἐξ

424 5740 573 5869 ἐξ)
609 5740 861 5818 Seg'uer.,
970 5740 1117 5802 idem
1150 5755 1202 5800 et
1222 5742 1441 5800 Gobler.
1473 5754 1526 5801 et
1556 5741 1793 5798 Felcktn.
1839 5744 1884 5804 l,
1910 5740 1992 5804 ἐξι

540 5831 659 5869 nev.

2169 5595 2281 5669 (ιῖ)
2322 5588 2693 5669 Sic_Seg_ue_r._,
2723 5590 3148 5669 Basil.._Anglic.
3181 5601 3234 5646 et
3257 5588 3523 5648 Felrkm.
3556 5596 3620 5652 Ξ.
3655 5600 3734 5657 At

2096 5660 2225 5738 Re‘g.
2236 5660 2269 5728 ,’
2283 5666 2506 5738 γενηθῇ.
2523 5660 2675 5738 Ἐιῇιξ
2689 5702 2713 5738 ,Α
2731 5660 3068 5738 γεννηθῆναι.

2172 5729 2559 5810 (Ιᾷγξοέυὶἱικ,
2581 5729 2796 5810 Gobler.
2810 5729 3420 5810 etfelckmzlomi'ltunt
3434 5732 3466 5784 6
3486 5732 3731 5810 Πατήρ.

2175 5799 2285 5879 (Η)
2325 5799 2579 5878 Se'guerg
2609 5807 2764 5876 μήτε.
2807 5799 2948 5855 Editi
2978 5810 3030 5855 et
3060 5800 3172 5862 alii.
3208 5799 3303 5869 μή.
