3972 6224
352 209 425 268 55
912 208 971 267 S.
1012 208 1385 265 ATHANASII
1425 208 1574 264 OPP.
1615 207 1794 265 PARS
1830 210 1870 264 Ι.
1911 241 1979 252 -
2020 207 2386 270 HISTORICA
2424 207 2511 266 ΕΤ
2553 206 2968 267 DOGMATICA.
3495 213 3561 267 56

420 329 513 384 21.
542 327 654 400 Age
684 326 885 397 itaque,
934 335 1054 396 qua:
1085 328 1150 381 ad
1184 324 1398 381 Patrem
1437 327 1706 396 pertinent
1740 327 1899 396 inspi-

2077 328 2164 383 ΞΗ.
2197 331 2330 402 Φέρε
2369 330 2566 392 τοίνυν,
2603 327 2799 398 ἴδωμεν
2829 327 2898 380 τὰ
2929 324 3022 379 τοῦ
3066 327 3293 400 Πατρδς,
3343 329 3428 382 ἵνα
3473 332 3563 383 καὶ

351 425 586 484 ciamus,
617 435 726 490 quo
748 420 1022 489 possimus
1048 420 1368 489 dignoscere
1387 429 1568 473 utrum
1592 418 1768 489 imago
1792 419 1909 488 eius

351 516 441 570 sit.
471 511 731 567 Eternus
753 519 835 565 est
855 511 1030 573 Pater,
1057 510 1402 575 immortalis,
1426 521 1635 580 potens,
1658 510 1772 576 lux,
1791 525 1906 573 rex,

349 604 726 673 omnipotens,
766 604 939 666 Deus,
980 601 1278 668 Dominus,
1331 613 1542 658 creator
1587 610 1641 656 et
1670 601 1909 656 eﬂ’ector.

351 697 475 750 llaec
504 710 635 749 sane
667 695 852 748 eadem
885 695 948 747 in
981 693 1222 763 imagine
1251 709 1372 749 esse
1400 701 1642 762 oportet,
1697 702 1754 746 ut
1785 708 1909 746 vere

347 789 442 858 qui
463 785 660 840 Filium
695 786 906 850 viderit,
936 784 1112 839 videat
1141 783 1380 839 Patrem.
1406 783 1540 836 Nam
1570 783 1672 836 nisi
1700 783 1772 836 ita
1802 784 1905 849 sit;

348 879 465 938 sed,
488 886 548 930 ut
577 877 763 929 Ariani
803 874 1064 937 sentiunt,
1115 873 1289 928 factus
1319 883 1420 939 est,
1457 886 1565 925 non
1599 886 1726 924 vero
1753 880 1908 925 atter-

350 984 456 1024 nus
508 966 706 1030 Filius,
754 979 860 1020 non
893 976 979 1019 est
1009 966 1123 1019 haec
1161 981 1287 1019 vera
1322 967 1500 1033 imago
1539 961 1716 1018 Patris
1740 1004 1755 1028 ,
1801 963 1906 1017 nisi

347 1057 506 1120 forte,
525 1056 726 1124 pudore
743 1055 891 1109 omni
919 1063 1104 1116 exuto,
1136 1055 1320 1109 dicant
1351 1053 1495 1123 quod
1527 1051 1698 1106 Filius
1730 1054 1906 1122 imago

345 1147 666 1216 appellatur,
689 1160 795 1200 non
829 1138 1031 1199 id'esse
1057 1145 1254 1200 similis
1281 1144 1600 1200 substantiae
1619 1143 1902 1205 indicium,

345 1239 437 1292 sed
469 1234 588 1306 ejus
635 1235 900 1290 duntaxat
939 1249 1139 1289 nomen
1169 1249 1312 1290 esse.
1351 1234 1551 1304 Atqui,
1589 1250 1622 1289 ο
1654 1235 1805 1303 impii
1853 1243 1906 1287 et

345 1329 528 1383 hostes
560 1325 782 1391 Christi,
811 1327 915 1380 hoc
954 1341 1054 1381 nec
1085 1327 1286 1397 imago,
1318 1341 1417 1380 nec
1441 1328 1610 1395 ﬁgura
1645 1333 1748 1380 est.
1775 1323 1906 1390 Quae

347 1420 488 1473 enim
531 1415 828 1472 similitudo
869 1431 1049 1470 rerum
1082 1431 1113 1469 e
1143 1415 1312 1469 nihilo
1350 1413 1611 1469 factarum
1642 1429 1766 1469 cum
1810 1413 1905 1466 illo

344 1510 436 1578 qui
477 1523 559 1574 ea,
591 1521 712 1578 quae.
741 1522 846 1561 non
884 1515 1074 1573 erant,
1105 1515 1163 1560 ut
1194 1513 1380 1561 essent
1412 1505 1651 1560 creavit?
1674 1512 1768 1559 aut
1795 1519 1904 1574 quo

344 1610 500 1671 pacto
528 1601 578 1654 id
599 1641 614 1665 ,
642 1599 786 1670 quod
820 1615 925 1653 non
955 1608 1055 1663 est,
1105 1598 1244 1668 ejus,
1291 1597 1384 1666 qui
1430 1605 1532 1663 est,
1576 1595 1753 1651 simile
1782 1611 1903 1650 esse

2009 421 2106 490 τὴν
2132 422 2312 474 εἰκόνα
2346 419 2673 490 ὲπιγνῶμεν,
2695 421 2742 472 εἰ
2773 418 2936 472 αὐτοῦ
2967 421 3132 474 ἐστιν.
3161 419 3341 484 Αἳδιός
3361 423 3506 473 ἐστιν
3535 422 3565 472 6

2011 512 2219 582 Πατὴρ,
2244 512 2526 574 ἀθάνατος,
2545 509 2784 572 δυνατὸς,
2807 509 2940 579 φῶς,
2970 508 3238 578 βασιλεὺς,
3259 511 3564 580 παντοκρὰ-

2007 619 2138 672 τωρ,
2161 602 2310 664 Θεὸς,
2337 602 2553 671 Κύριος,
2575 602 2795 670 κτίστης
2824 600 2957 670 (27),
2992 600 3085 652 καὶ
3111 603 3356 670 ποιητής.
3381 601 3563 653 Ταῦτα

2009 691 2144 749 εἶναι
2176 695 2256 747 δεῖ
2288 697 2344 746 ἐν
2369 697 2432 763 τῇ
2465 694 2651 757 εἰκόνι,
2694 694 2780 747 ἵνα
2807 693 3019 764 ἀληθῶς
3048 695 3075 746 6
3112 693 3202 745 τὸν
3236 693 3361 746 Υἱὸν
3394 695 3564 765 ἑωρα-

2011 778 2121 848 κὼς
2155 785 2240 857 ἴδῃ
2273 785 2362 838 τὸν
2391 785 2625 856 Πατέρα.
2653 786 2716 837 El
2755 785 2810 837 δὲ
2851 784 2923 855 μὴ
2954 784 3123 848 οὕτως
3151 785 3315 851 ἐστὶν,
3344 785 3454 837 ἀλλ’
3489 785 3563 848 ὡς

2007 877 2057 928 οἱ
2103 876 2366 947 Ἀρειανοὶ
2396 874 2705 946 φρονοῦσιν,
2735 875 2958 946 γενητός
2984 876 3118 940 ἐστι,
3141 875 3233 928 καὶ
3261 876 3359 928 οὐκ
3399 875 3564 938 αἳδιος

2008 968 2037 1018 6
2067 967 2213 1031 Υἱὸς,
2248 968 2346 1020 οὑκ
2381 967 2523 1019 ἔστιν
2551 965 2687 1034 αὕτη
2718 965 2812 1018 τοῦ
2844 965 3053 1037 Πατρὺς
3081 965 3280 1037 ἀληθὴς
3307 964 3485 1027 εἰκὼν,
3515 968 3564 1018 ει

2009 1059 2083 1130 μὴ
2115 1059 2221 1130 ἄρα
2250 1058 2430 1111 λοιπὸν
2466 1057 2958 1129 ἁπερυθριάσαντες
2986 1056 3211 1110 εἴπωσιν
3231 1099 3243 1122 ,
3276 1058 3356 1110 ὅτι
3380 1059 3472 1109 καὶ
3505 1058 3564 1110 τὸ

2005 1152 2184 1204 εἰκόνα
2235 1151 2483 1218 λέγεσθαι
2523 1150 2613 1202 τὸν
2659 1149 2805 1213 Υἱὺν,
2851 1149 2949 1218 οὐχ
2981 1148 3170 1218 ὁμοίας
3214 1147 3394 1211 οὐσίας
3445 1149 3564 1200 ἐστὶ

2005 1242 2308 1313 γνώρισμα,
2339 1242 2506 1312 ὄνομα
2533 1241 2589 1293 δὲ
2625 1241 2782 1311 μόνον
2808 1240 2953 1292 ἐστὶν
2995 1241 3176 1292 αὑτοῦ.
3217 1239 3372 1292 Ἀλλὰ
3406 1238 3564 1291 τοῦτο

2004 1333 2184 1398 πάλιν,
2219 1327 2262 1384 ὧ
2287 1332 2673 1404 Χριστομάχοι,
2704 1332 2804 1384 οὐκ
2867 1330 3013 1384 ἔστιν
3041 1330 3220 1394 εἰκὼν,
3251 1330 3369 1383 οὐδὲ
3394 1347 3565 1402 χαρα-

2003 1425 2160 1495 κτήρ.
2193 1425 2327 1476 Ποία
2355 1423 2463 1492 γὰρ
2495 1423 2761 1493 ὲμφέρεια
2787 1421 2892 1475 τῶν
2920 1421 2979 1486 ἐξ
3010 1422 3108 1476 οὐκ
3129 1421 3293 1474 ὄντων
3311 1421 3443 1493 πρὸς
3471 1421 3562 1474 τὸν

2003 1514 2260 1567 κτίσαντα
2290 1513 2358 1565 τὰ
2389 1515 2486 1566 οὐκ
2510 1513 2638 1565 ὄντα
2671 1515 2750 1576 εἰς
2776 1513 2837 1565 τὸ
2867 1507 3034 1577 εἶναις
3059 1511 3091 1580 ἢ
3117 1512 3233 1575 πῶς
3263 1510 3340 1581 τῷ
3367 1511 3476 1565 ὄντι
3501 1511 3560 1564 τὸ

2003 1605 2101 1657 οὐκ
2127 1605 2184 1659 ὃν
2207 1606 2389 1676 ὅμοιον
2415 1601 2554 1657 εἶναι
2577 1604 2815 1671 δύναται,
2853 1603 3171 1673 λειπόμενον
3203 1602 3280 1673 τῷ
3311 1620 3443 1655 ποτε
3485 1603 3559 1675 μὴ

343 1666 524 1764 queat,
551 1666 705 1762 cujus
729 1692 773 1746 is
795 1692 1039 1747 defectus
1059 1666 1162 1754 est,
1189 1698 1247 1743 ut
1273 1689 1562 1759 aliquando
1587 1703 1694 1742 non
1717 1688 1899 1755 fuerit,

2005 1693 2160 1756 εἶναι,
2180 1666 2272 1750 καὶ
2287 1696 2362 1768 τῷ
2381 1697 2512 1768 πρὸς
2527 1695 2592 1749 τὰ
2608 1666 2871 1767 γενόμενα
2881 1696 2979 1768 τὴν
2997 1666 3240 1761 σύνταξιν
3253 1666 3393 1765 ἒχειν
3411 1666 3519 1765 (25)

341 1794 396 1839 et
419 1786 557 1839 inter
584 1800 671 1839 res
691 1783 862 1840 factas
890 1786 1214 1838 collocatum
1243 1782 1347 1837 sit?
1369 1780 1555 1835 Ariani
1586 1780 1750 1851 igitur
1775 1796 1897 1835 cum

343 1875 538 1932 Filium
575 1877 648 1932 ita
675 1892 797 1932 esse
823 1876 1012 1940 velint,
1044 1874 1148 1930 sibi
1183 1874 1315 1944 ipsis
1347 1873 1658 1943 huiusmodi
1683 1873 1901 1943 excogi-

340 1977 523 2023 tavere
568 1968 920 2023 ratiunculas.
951 1965 1007 2018 Si
1043 1965 1250 2027 Filius,
1306 1963 1600 2032 inquiunt,
1657 1962 1799 2018 fetus
1848 1971 1901 2018 et

339 2058 519 2130 imago
565 2069 649 2112 est
691 2055 914 2112 Patris:
961 2056 1006 2110 si
1057 2054 1296 2125 perfecte
1354 2055 1547 2109 similis
1595 2065 1676 2110 est
1705 2054 1896 2110 Patri:

339 2149 501 2204 debet
525 2159 688 2214 certe,
722 2149 1176 2219 quemadmodum
1206 2147 1418 2219 genitus
1459 2155 1560 2212 est,
1592 2146 1671 2201 sic
1705 2155 1757 2200 et
1784 2149 1899 2215 ipse

340 2252 598 2306 generare
618 2237 838 2306 ﬁerique
854 2244 908 2289 et
937 2237 1049 2305 ipse
1070 2235 1190 2290 Filii
1212 2234 1403 2289 Pater:
1431 2233 1524 2304 qui
1552 2235 1678 2290 item
1698 2250 1765 2290 ex
1781 2236 1899 2304 ipso

340 2331 552 2396 genitus
581 2329 762 2395 fuerit,
784 2343 1040 2398 generare
1059 2338 1113 2382 et
1131 2327 1245 2397 ipse
1273 2327 1451 2391 debet,
1479 2337 1531 2382 et
1552 2327 1624 2381 ita
1649 2328 1898 2396 deinceps

341 2419 571 2474 inﬁnite.
633 2418 688 2470 id
744 2417 1009 2486 siquidem
1065 2417 1326 2488 genitoris
1372 2417 1609 2486 genitum
1665 2416 1896 2472 similem

340 2512 592 2568 ostendit.
623 2510 1088 2580 Blasphemiarum
1124 2525 1207 2563 nae
1233 2509 1306 2563 illi
1333 2510 1661 2577 inventores,
1687 2510 1779 2582 qui
1804 2509 1898 2564 Dei

339 2604 513 2674 ipsius
537 2603 744 2669 hostes,
781 2618 850 2658 ne
880 2601 1154 2656 fateantur
1180 2600 1378 2656 Filium
1408 2600 1584 2657 Patris
1615 2617 1736 2657 esse
1761 2602 1900 2655 ima-

334 2696 537 2766 ginem,
564 2711 822 2766 corporea
845 2706 896 2751 et
921 2695 1194 2750 terrestria
1221 2696 1288 2751 de
1313 2696 1431 2766 ipso
1458 2694 1616 2750 Patre
1636 2696 1895 2765 c0gitant,

336 2789 642 2843 excisiones
663 2829 678 2854 ,
708 2788 1039 2855 eilluentias,
1092 2789 1488 2845 inﬂuxionesve
1535 2789 1588 2844 in
1621 2789 1713 2843 illo
1737 2804 1897 2858 prave

335 2882 562 2956 lingunt.
595 2881 856 2950 Equidem
887 2881 1048 2952 336
1064 2881 1108 2936 si
1134 2881 1276 2937 Deus
1299 2881 1534 2936 hominis
1563 2881 1756 2936 similis
1791 2890 1891 2944 est,

337 2973 430 3026 ﬁat
457 2972 616 3027 etiam
647 2988 713 3028 eo
740 2974 901 3029 modo
925 2975 1132 3043 genitor
1163 2987 1272 3042 quo
1304 2974 1578 3028 homo:ut
1615 2970 1781 3028 Filius
1805 2973 1896 3027 ﬁat

339 3069 490 3131 pater
513 3060 756 3128 alterius,
814 3071 976 3132 atque
1012 3062 1084 3115 ita
1120 3062 1375 3131 deinceps
1403 3061 1494 3114 alii
1519 3077 1584 3115 ex
1617 3061 1738 3115 aliis
1773 3077 1896 3130 pro-

335 3163 608 3219 creantur,
644 3164 720 3216 ut,
743 3154 1040 3208 secundum
1078 3155 1219 3216 illos,
1251 3153 1303 3207 in
1340 3155 1564 3208 deorum
1597 3154 1898 3207 multitudi-

337 3261 459 3301 nem
493 3256 704 3302 crescat
751 3262 815 3302 ea
865 3248 1170 3317 progenies.
1204 3247 1272 3300 At
1305 3247 1350 3300 si
1393 3245 1536 3300 Deus
1589 3262 1694 3300 non
1721 3255 1804 3301 est
1841 3255 1898 3300 ut

338 3334 522 3404 homo,
549 3339 626 3392 uti
653 3353 838 3393 revera
864 3352 970 3392 non
993 3348 1077 3393 est
1102 3358 1115 3392 :
1151 3353 1282 3393 sane
1294 3352 1392 3392 nec
1410 3337 1643 3392 humana
1657 3338 1722 3392 de
1749 3352 1814 3393 eo
1834 3338 1900 3391 li-

335 3436 418 3482 cet
441 3430 699 3500 cogitare.
722 3429 929 3486 Etenim
948 3431 1118 3485 brutae
1131 3431 1432 3485 animantes
1453 3438 1613 3500 atque
1632 3430 1897 3494 homines,

335 3522 384 3575 vi
402 3523 905 3592 primmcreationis,
919 3522 1007 3577 alii
1022 3539 1084 3577 ex
1098 3523 1216 3577 aliis
1231 3522 1575 3578 successione
1588 3522 1897 3592 gignuntur,

333 3621 387 3668 et
408 3614 454 3668 is
487 3615 578 3684 qui
599 3616 853 3684 gignitur,
873 3631 938 3669 ex
959 3615 1140 3683 genito
1152 3621 1304 3684 patre
1319 3613 1552 3683 genitus,
1571 3613 1897 3668 convenien-

337 3711 419 3758 ter
438 3711 493 3757 et
515 3703 629 3772 ipse
658 3704 881 3759 alterius
908 3704 967 3757 ﬁt
995 3713 1168 3772 pater,
1194 3719 1312 3758 eam
1352 3705 1404 3756 in
1431 3703 1610 3772 seipso
1645 3703 1895 3756 virtutem

338 3812 367 3849 a
395 3805 544 3861 patre
575 3797 801 3861 habens,
845 3811 908 3848 ex
941 3811 1048 3864 qua
1088 3805 1141 3849 et
1172 3796 1286 3866 ipse
1313 3795 1488 3849 factus
1519 3804 1623 3850 est.
1661 3792 1796 3849 Hinc
1843 3793 1896 3846 in

335 3884 442 3941 illis
471 3903 580 3940 non
625 3897 708 3940 est
755 3889 973 3956 proprie
1011 3896 1162 3956 pater
1191 3888 1275 3942 vel
1307 3887 1526 3956 proprie
1576 3886 1738 3952 ﬁlius,
1799 3900 1898 3939 nec

341 3973 552 4033 stabilis
573 3977 656 4032 vel
688 3987 946 4033 constans
976 3988 1060 4034 est
1084 3979 1251 4048 patris
1273 3989 1325 4034 et
1349 3978 1441 4032 ﬁlii
1463 3978 1721 4032 conditio.
1753 3976 1895 4031 Idem

336 4069 534 4136 quippe
559 4077 611 4120 et
637 4067 779 4121 ﬁlius
807 4079 858 4122 et
887 4079 1036 4138 pater
1060 4070 1136 4134 ﬁt,
1163 4071 1324 4134 illius,
1349 4070 1593 4138 inquam,
1617 4068 1895 4137 genitoris,

333 4167 484 4230 pater
510 4166 686 4212 autem
713 4159 832 4227 ejus
865 4161 955 4228 qui
987 4176 1051 4213 ex
1079 4161 1195 4228 ipso
1224 4160 1483 4230 gignitur.
1516 4157 1713 4212 Verum
1739 4158 1791 4210 in
1815 4157 1900 4211 di-

334 4250 558 4304 vinitate
585 4264 689 4303 non
718 4250 789 4304 ita
825 4265 882 4304 se
908 4265 996 4305 res
1041 4252 1220 4306 habet.
1273 4249 1384 4304 Nec
1415 4251 1558 4304 enim
1615 4249 1894 4304 hominum

2005 1788 2253 1842 Τοιοῦτον
2279 1789 2389 1861 γὰρ
2429 1789 2590 1842 αὐτὸν
2616 1784 2752 1841 εἶναι
2791 1788 3032 1851 θέλοντες
3072 1788 3121 1840 οἱ
3163 1786 3447 1860 Ἀρειανοὶ,
3476 1785 3563 1839 λο-

2003 1879 2233 1948 γισμοὺς
2265 1879 2479 1941 ἑαυτοῖς
2519 1879 2819 1950 ἐπενόησαν
2839 1920 2851 1944 ,
2899 1878 3147 1946 λέγοντες
3167 1896 3182 1911 ο
3215 1879 3277 1930 Ei
3315 1877 3567 1948 γέννημὰ

2003 1970 2147 2021 ἐστιν
2179 1970 2208 2022 6
2237 1970 2360 2033 Υἱὸς
2385 1969 2476 2023 τοῦ
2513 1969 2723 2041 Πατρὺς
2755 1971 2849 2023 καὶ
2887 1969 3069 2034 εἰκὼν,
3101 1969 3193 2023 καὶ
3221 1970 3403 2039 ὅμοιός
3446 1971 3563 2025 ἐστι

2005 2060 2142 2112 κατὰ
2157 2061 2330 2114 πάντα
2346 2061 2436 2115 τοῦ
2451 2062 2680 2133 Πατρὸς,
2699 2061 2902 2130 ὀφείλει
2923 2061 3153 2124 πάντως,
3176 2061 3360 2133 ὥσπερ
3376 2062 3558 2131 γεγέν-

2003 2167 2181 2220 νηται,
2198 2154 2386 2222 γεννᾷν
2410 2152 2501 2206 καὶ
2524 2155 2550 2206 6
2573 2153 2716 2217 Υἱὸς,
2735 2151 3080 2221 καὶγίνεσθαι
3100 2152 3192 2206 καὶ
3209 2151 3365 2215 αὐτὸς
3383 2152 3558 2226 πατὴρ
3635 2179 3655 2191 ν

2004 2243 2149 2296 υίοῦο
2187 2243 2347 2297 πάλιν
2375 2262 2434 2296 τε
2467 2246 2494 2298 6
2537 2244 2646 2315 (29)
2693 2244 2749 2311 ἐξ
2790 2243 2949 2297 αὐτοῦ
2993 2241 3326 2314 γεννώμενος
3369 2246 3564 2315 γεννᾷν

2005 2335 2098 2387 καὶ
2153 2335 2333 2399 αὐτὸς,
2393 2335 2486 2388 καὶ
2528 2334 2763 2404 καθεξῆς
2817 2335 2920 2398 ἕως
2967 2337 3048 2398 εἰς
3097 2335 3352 2405 ἄπειρονο
3406 2335 3566 2390 τοῦτο

2003 2426 2109 2497 γὰρ
2148 2428 2328 2497 ὅμοιον
2383 2426 2622 2479 δείκνυσι
2676 2427 2764 2480 τὸν
2798 2425 3121 2498 γεννηθέντα
3153 2427 3245 2480 τοῦ
3278 2431 3562 2499 γεννήσαν-

2001 2537 2110 2583 τος.
2129 2518 2449 2589 Ἐφευρεταὶ
2497 2517 2814 2589 δυσφημιῶν
2835 2518 2945 2589 (50)
2974 2517 3185 2588 ἀληθῶς
3211 2519 3262 2571 οἱ
3283 2519 3559 2590 θεομάχοι,

2000 2611 2212 2673 οἵτινες,
2245 2611 2327 2662 ἵνα
2357 2610 2430 2681 μὴ
2455 2609 2541 2662 τὸν
2565 2610 2688 2662 Υἱὸν
2721 2611 2901 2663 εἰκόνα
2931 2609 3022 2664 τοῦ
3055 2610 3267 2682 Πατρὸς
3294 2612 3562 2683 ὁμολογή-

2003 2721 2154 2767 σωσι,
2187 2703 2470 2774 σωματικὰ
2513 2705 2607 2757 καὶ
2649 2707 2808 2776 γήϊνα
2851 2706 2980 2778 περὶ
3023 2706 3188 2759 αὑτοῦ
3222 2707 3313 2759 τοῦ
3345 2707 3558 2777 Πατρδς

2002 2795 2272 2866 φρονοῦσι,
2306 2795 2500 2864 τομὰς,
2542 2798 2633 2849 καὶ
2668 2797 2962 2868 ἀπορροίας
2991 2798 3084 2850 καὶ
3119 2798 3404 2868 ἐπιρροίας
3424 2814 3551 2851 κατ-

2001 2885 2325 2956 ηγοροῦντες
2367 2885 2488 2937 κατ’
2553 2884 2736 2938 αὐτοῦ.
2782 2885 2844 2938 Εἰ
2883 2886 2979 2954 μὲν
3025 2882 3118 2940 οὖν
3157 2886 3230 2950 ὡς
3276 2887 3560 2957 ἄνθρωπός

2000 2977 2146 3029 ἐστιν
2175 2978 2203 3030 6
2230 2975 2360 3040 Θεὸς
2389 2977 2519 3046 (51),
2551 2977 2779 3044 γινέσθω
2823 2977 2916 3028 καὶ
2948 2980 3228 3048 γεννητὴς,
3253 2979 3328 3042 ὡς
3356 2979 3562 3050 ἄνθρω-

2000 3083 2118 3130 πος,
2155 3067 2242 3120 ἴνα
2271 3065 2362 3119 καὶ
2393 3067 2420 3118 6
2455 3066 2583 3129 Υἱὸς
2614 3064 2799 3133 ἐτέρου
2833 3064 3045 3134 γίνηται
3074 3067 3272 3136 πατὴρ,
3300 3066 3393 3119 καὶ
3421 3066 3561 3124 οὕτω

1998 3157 2230 3228 καθεξῆς
2248 3157 2305 3223 ἐξ
2335 3157 2574 3228 ἀλλήλων
2605 3156 2959 3225 γινέσθωσαν,
3001 3157 3086 3210 ἵνα
3130 3157 3222 3210 καὶ
3251 3159 3328 3220 εἰς
3359 3155 3560 3227 πλῆθος

2001 3248 2135 3302 θεῶν
2162 3250 2194 3320 ἡ
2225 3249 2440 3320 διαδοχὴ
2479 3252 2596 3302 κατ’
2622 3250 2819 3313 αὐτοὺς
2858 3249 3084 3320 αὑξάνῃ·
3117 3251 3165 3302 εί
3197 3249 3252 3301 δὲ
3285 3249 3384 3302 οὐκ
3415 3249 3560 3302 ἔστιν

1997 3340 2072 3402 ὠς
2100 3338 2383 3410 ἄνθρωπος
2411 3339 2439 3390 6
2459 3339 2590 3402 Θεός
2608 3355 2620 3368 ·
2647 3341 2744 3392 οὐκ
2766 3341 2879 3393 ἔστι
2902 3341 3035 3412 γάρ’
3063 3339 3122 3391 06
3155 3339 3235 3392 δεῖ
3258 3339 3323 3392 τὰ
3349 3338 3552 3409 ἀνθρώ-

2001 3447 2118 3481 πων
2135 3429 2222 3482 ἐπ’
2239 3428 2403 3482 αὐτοῦ
2436 3429 2549 3498 (5⁸2)
2571 3429 2898 3498 λογίζεσθαι.
2915 3430 2994 3483 Τὰ
3016 3429 3113 3500 μὲν
3135 3429 3242 3500 γὰρ
3261 3429 3428 3499 ἄλογα
3445 3429 3560 3493 ζῶα

2001 3522 2094 3574 καὶ
2125 3521 2172 3572 οἱ
2205 3520 2479 3592 ἄνθρωποι
2527 3524 2589 3574 ὲκ
2633 3520 3026 3592 δημιουργικῆς
3061 3521 3235 3592 ἀρχῆς
3270 3520 3408 3573 κατὰ
3446 3520 3562 3573 διαι-

1999 3612 2158 3681 δοχῆς
2179 3611 2418 3682 ἀλλήλων
2445 3611 2770 3680 γεννῶνται·
2806 3613 2899 3664 καὶ
2919 3615 2946 3666 ὁ
2969 3613 3320 3683 γεννώμενος,
3349 3613 3410 3664 ὲκ
3441 3627 3562 3679 γεν-

2000 3702 2240 3773 νωμένου
2265 3704 2466 3774 πατρὸς
2500 3703 2798 3773 γεννηθεὶς,
2828 3704 3048 3767 εἰκότως
3075 3704 3169 3756 καὶ
3194 3703 3350 3766 αὐτὸς
3375 3703 3559 3774 ἐτέρου

2001 3795 2214 3862 γίνεται
2244 3793 2444 3864 πατὴρ,
2487 3793 2623 3863 ἔχων
2652 3796 2714 3846 ἐκ
2761 3794 2963 3864 πατρὸς
2991 3795 3048 3846 ὲν
3075 3793 3250 3863 ἑαυτῷ
3283 3792 3458 3855 τοῦτο,
3499 3791 3562 3857 ἐξ

1999 3879 2058 3937 o6
2083 3883 2175 3937 καὶ
2203 3883 2364 3946 αὐτὸς
2385 3882 2594 3950 γέγονε.
2633 3883 2723 3935 Διὸ
2752 3884 2870 3935 οὐδέ
2904 3884 3050 3936 ἐστιν
3084 3884 3139 3935 ἐν
3166 3886 3276 3945 τοῖς
3304 3881 3559 3944 τοιούτοις

2001 3975 2202 4044 κυρίως
2248 3973 2424 4043 πατὴρ
2452 3975 2546 4026 καὶ
2585 3974 2790 4044 κυρίως
2839 3973 2974 4036 υἱὸς,
3025 3974 3146 4027 οὐδὲ
3200 3975 3428 4044 ἕστηκεν
3466 3973 3552 4025 ἐπ’

2001 4064 2178 4116 αὐτῶν
2221 4064 2280 4117 τὸ
2313 4064 2493 4133 πατὴρ
2527 4064 2620 4116 καὶ
2651 4064 2712 4116 τὸ
2740 4063 2853 4128 υἱός
2888 4066 3016 4134 (55)·
3052 4067 3079 4118 6
3121 4067 3229 4137 γὰρ
3263 4066 3423 4128 αὐτὸς
3447 4065 3560 4128 υἱὸς

2004 4155 2102 4226 μὲν
2129 4155 2219 4208 τοῦ
2249 4157 2627 4224 γεννήσαντος,
2663 4157 2844 4228 πατὴρ
2886 4158 2942 4210 δὲ
2985 4158 3077 4212 τοῦ
3121 4157 3457 4228 γεννωμένου
3500 4157 3561 4221 ἐξ

2002 4245 2186 4300 αὐτοῦ.
2232 4246 2354 4299 Ἐπὶ
2375 4247 2432 4299 δὲ
2458 4247 2556 4318 τῆς
2575 4247 2824 4316 θεότητος
2857 4249 2954 4302 οὐκ
2979 4249 3124 4304 ἔστιν
3154 4249 3344 4313 οὕτως·
3367 4250 3428 4302 οὐ
3451 4247 3560 4319 γὰρ

334 4340 528 4396 similis
559 4351 643 4396 cst
677 4339 836 4403 Deus,
871 4358 969 4396 nec
1016 4341 1174 4396 Pater
1207 4357 1274 4396 ex
1303 4349 1454 4409 patre
1485 4348 1588 4403 est,
1625 4341 1766 4394 unde
1799 4355 1897 4395 nec

2004 4337 2071 4400 Lb;
2101 4337 2382 4408 ἄνθρωπος
2401 4339 2429 4391 6
2458 4338 2620 4402 Θεός·
2665 4339 2785 4394 οὔτε
2829 4342 2935 4411 γὰρ
2980 4344 3008 4394 6
3053 4340 3234 4412 πατὴρ
3260 4341 3323 4393 ὲκ
3357 4339 3557 4410 πατρός

338 4442 544 4502 patrem
573 4434 878 4501 geniturum
914 4434 1080 4504 gignit
1109 4453 1124 4486 ε
1155 4448 1254 4488 nec
1283 4432 1454 4486 Filius
1480 4439 1564 4485 est
1592 4445 1656 4485 ex
1681 4428 1894 4486 eﬂiuvio

408 4697 517 4771 (27)
545 4696 791 4771 segnem,
824 4698 930 4771 καὶ
957 4697 1199 4771 κτίστης,
1233 4711 1286 4754 et
1307 4700 1464 4769 paulo
1498 4709 1618 4770 post
1649 4715 1746 4768 pro
1786 4697 1891 4771 ἴδῃ,

335 4769 684 4841 ident__lta|)et,
709 4765 962 4841 ἑωρακὼς

405 4837 516 4907 (28)
547 4837 637 4892 Sic
678 4841 731 4890 in
780 4837 1218 4907 Seguer."_exstat
1261 4848 1404 4893 totus
1451 4839 1539 4893 hic
1582 4839 1754 4893 locus.
1789 4837 1891 4891 Alii

333 4905 461 4979 Vero
488 4919 540 4961 ct
568 4909 715 4979 editi,
746 4905 879 4979 πρὸς
908 4911 968 4959 τὸ
996 4905 1151 4972 εἶναι,
1188 4910 1219 4979 ἢ
1250 4909 1364 4972 πῶς
1403 4907 1479 4979 τῷ
1504 4910 1614 4962 ὄντι
1641 4909 1701 4961 τὸ
1731 4908 1802 4979 μὴ
1836 4907 1893 4960 ὃν

335 4977 514 5100 ὅμοιον
554 4963 715 5031 εἶναι’
739 4963 994 5042 δυνατόνς
1034 4963 1364 5048 Λειᾶῖόμενον
1411 4963 1504 5035 06v
1535 4981 1616 5041 τὸ,
1659 4963 1802 5030 ποτεΙ
1820 4979 1892 5050 μὴ

335 5063 360 5097 ε
385 5063 491 5100 ναι.
525 5048 618 5100 καὶ
653 5049 714 5100 τὸ
752 5048 886 5100 ποὺς
923 5046 990 5100 τὰ
1023 5048 1284 5100 γενόμενα
1314 5051 1412 5100 τὴν
1447 5050 1703 5100 σύστασιν
1729 5051 1890 5100 ἕνειν.

334 5046 618 5119 εῖνομκκαὶ
653 5049 714 5100 τὸ
752 5048 886 5118 πρὸς
923 5046 990 5100 τὰ
1023 5046 1284 5119 γενόμενα
1314 5051 1412 5119 τὴν
1447 5050 1703 5104 σύστασιν
1729 5046 1890 5118 ἔχεινζ

335 5113 397 5173 la
419 5115 628 5189 _I‘_‘e_lci_t.,
657 5119 681 5170 i
717 5129 768 5171 et
795 5113 1194 5189 Goblcr.:«iee:§t
1219 5116 1309 5172 οὖν
1335 5113 1453 5186 post
1488 5113 1822 5189 λειπόμενον.

406 5186 522 5256 (29)
551 5187 640 5240 Sic
683 5190 904 5256 Seguer.
937 5197 989 5241 et
1023 5187 1154 5256 Reg.
1191 5190 1244 5242 in
1270 5189 1428 5243 edi-tis
1459 5186 1703 5243 autem’6
1731 5191 1894 5242 omit-

335 5256 484 5329 titur.
508 5254 637 5329 ibid.
667 5257 732 5309 ad
759 5254 1058 5328 marginem
1095 5254 1205 5312 haec
1237 5260 1395 5329 habet
1439 5260 1589 5329 Reg.:
1619 5259 1718 5310 Διὰ
1743 5257 1794 5310 τί
1825 5259 1898 5328 μὴ

335 5325 430 5400 καί
462 5325 490 5377 6
512 5325 640 5400 Υίὸς
665 5325 965 5400 γεννᾷ-,μίξνα
989 5329 1082 5381 καὶ
1112 5330 1294 5400 πατὴρ
1320 5325 1374 5399 ᾖ,
1403 5325 1542 5383 ἁ).λᾶ
1569 5329 1728 5399 μόνον
1754 5325 1900 5380 ἐστὶν

337 5393 497 5471 Υἰᾴ;;
535 5394 642 5471 C_ur
674 5412 775 5448 non
802 5393 981 5471 Filius
1010 5411 1054 5471 et
1087 5400 1196 5462 ipse
1236 5393 1422 5471 g'ig'nit,
1462 5411 1516 5454 ut
1552 5393 1602 5453 et
1632 5408 1781 5468 pater
1809 5401 1899 5461 sit,

334 5467 422 5518 sed
448 5476 522 5517 est
549 5465 809 5518 duntaxat
838 5464 1011 5519 Filius
1033 5469 1100 5520 1"

412 5533 522 5604 (50)
555 5532 808 5606 S_egu_er.,
824 5533 1040 5589 Gobler.
1055 5547 1110 5590 et
1131 5535 1335 5601 Felck.,
1363 5535 1752 5606 1,δυσφημίας.
1778 5535 1898 5590 Mox

338 5602 564 5673 St'guer.
587 5602 909 5672 ὁμολογῶσι.
940 5608 1240 5673 σωματικά,
1273 5619 1374 5663 etc.
1403 5602 1567 5662 Paulo
1589 5602 1714 5676 ’ροει
1738 5606 1902 5661 iidem

2001 4430 2114 4481 ἔστι
2137 4447 2149 4458 ο
2175 4429 2254 4481 διὸ
2285 4429 2405 4483 οὐδὲ
2429 4432 2593 4502 γεννᾷ
2636 4431 2725 4484 τὸν
2757 4432 3142 4501 γεννησόμενον
3174 4432 3280 4500 (54)
3317 4432 3557 4503 πατέρα’

2001 4695 2248 4764 chucr.,
2275 4696 2492 4750 Gobler.
2520 4704 2574 4749 cl.
2600 4695 2764 4758 Felc.,
2787 4695 2836 4755 1,
2869 4695 3142 4766 ἀπορροὰς
3172 4695 3261 4766 καὶ
3279 4694 3556 4766 ἐπιρῤοάς.

2075 4723 2248 4764 κυεην
2275 4723 2492 4750 υυυιιπ.
2520 4723 2574 4749 υι
2600 4723 2764 4758 I'CIUo,
2787 4723 2836 4755 lg
2869 4723 3139 4766 uA-uyfluus
3174 4723 3261 4747 λιιι
3279 4723 3422 4766 ’.ωηεν
3442 4723 3556 4755 υιιῑμ

2075 4767 2184 4836 (51)
2237 4766 2758 4836 Siciseguerianusi
2789 4767 2877 4836 Atﬁ
2897 4766 2984 4836 alii
3038 4774 3092 4818 et
3134 4765 3364 4836 editi,_6
3410 4723 3556 4827 Ϋὶός.

1996 4834 2166 4890 Paulo
2189 4845 2308 4905 post
2331 4835 2576 4905 Seguer.,
2623 4834 2808 4905 Basil.,
2841 4835 3058 4889 Gohier.
3109 4844 3162 4887 et
3206 4834 3470 4905 Felckm.,
3506 4836 3556 4897 i,

2001 4903 2451 4978 érépou‘yévnmt.
2488 4903 3017 4978 lbid._Se_guer.,_mt
3053 4905 3192 4978 οὕτω
3215 4905 3272 4956 δὲ
3309 4903 3556 4978 καθεξῆς.

2093 4973 2178 5045 32)
2211 4973 2394 5038 Basil.,
2413 4977 2500 5027 ἐπ’
2527 4974 2692 5044 αὐτῷ.
2712 4973 2844 5045 Mox
2871 4974 3128 5045 Seguer.,
3149 4974 3305 5044 Reg,
3338 4973 3557 5045 Goh|_er.

1999 5055 2052 5100 et
2074 5043 2334 5108 Fel‘cktnq
2355 5049 2414 5115 i,
2436 5045 2514 5097 Τὰ
2543 5043 2777 5115 μὲνγὰρ
2801 5043 2932 5097 ἄλλα
2956 5044 3086 5107 ζῶα.
3121 5043 3250 5098 Post
3279 5043 3438 5115 paulo
3467 5043 3560 5097 Se-

2000 5132 2175 5186 guer.,
2212 5112 2682 5186 ὀᾼγεννώμενοςίὲκ
2725 5112 3011 5186 γενομένου
3047 5112 3290 5186 πατρός(
3312 5112 3562 5186 Idemque

2007 5182 2147 5253 inira
2161 5182 2382 5250 etReg.,
2406 5182 2738 5245 Goblerian.,
2755 5182 2988 5238 Felrkm.
3024 5187 3076 5249 1,
3116 5182 3172 5238 ὲν
3197 5182 3558 5253 ἑαυτῷτοῦτο,

2004 5256 2062 5320 ἐξ
2093 5250 2173 5324 06.
2203 5253 2366 5316 Etiili,
2399 5256 2455 5306 ἐν
2484 5253 2630 5324 αὑτῴ
2657 5255 2830 5317 τοῦτο,
2858 5266 2962 5308 etc.

2077 5323 2186 5392 (55)
2239 5325 2576 5394 Seguerian.,
2603 5320 2674 5375 ’τὸ
2704 5326 2884 5394 πατὴρ
2916 5325 3010 5378 καὶ
3053 5323 3113 5377 τὺ
3155 5325 3287 5388 υἱός.
3325 5321 3477 5394 Beg.,
3505 5320 3566 5375 τὸ

2008 5395 2211 5462 κυρίως
2244 5392 2422 5464 πατὴρ
2453 5395 2546 5447 καὶ
2574 5394 2706 5457 υἱός.
2741 5392 2899 5473 Etliti.
2930 5396 2990 5447 τὸ
3023 5395 3204 5464 πατὴρ
3233 5394 3324 5445 καὶ
3348 5392 3476 5454 υἱός.

2081 5464 2192 5518 (54)
2225 5461 2469 5518 ὃθιωεν..
2507 5464 2910 5518 Rea..Ang|Ic..
2945 5464 3161 5518 Gohier.
3181 5473 3232 5517 et
3248 5461 3483 5515 Feickm.
3511 5461 3532 5512 i

2081 5469 2192 5533 (54)
2225 5469 2469 5533 Seguer.,
2507 5469 2910 5534 Reg.,Ang|ic.,
2945 5469 3161 5518 Gohier.
3181 5473 3232 5517 et
3248 5469 3483 5515 Feick‘m.
3511 5469 3562 5518 ‘l.

2009 5533 2384 5604 γενησόμενον.
2416 5533 2536 5588 Mox
2574 5535 2730 5588 iidem
2772 5545 2961 5604 praeter
2993 5534 3207 5604 Anglic.
3236 5542 3290 5586 et
3319 5530 3473 5601 Reg,
3506 5530 3565 5595 ἐξ

2007 5602 2282 5672 ἐπιρροῆς.
2319 5604 2563 5674 Segucr.,
2596 5605 2748 5669 ibid.,
2778 5603 2897 5656 οὔτε.
2928 5605 2988 5655 ἐκ
3020 5602 3351 5672 γενηθέντος.
