3972 6224
454 324 524 381 59
1018 323 1081 380 S.
1120 322 1487 378 ATHANASII
1526 323 1677 377 ()PP.
1720 320 1898 376 PARS
1937 322 1980 373 Ι.
2023 349 2090 360 -—
2130 314 2497 372 IIISTORICA
2537 311 2622 368 ET
2661 309 3078 368 DOGMATICA.
3597 288 3669 362 60

394 446 401 455 ‘
455 445 793 498 nasceretur.
855 435 1180 504 llujusmodi
1229 433 1390 489 dictis
1447 432 1751 501 tripudiant
1803 427 2017 500 inglorii

2130 441 2267 478 τουσι
2293 424 2394 493 τὴν
2412 421 2505 477 τού
2534 420 2668 475 Θεοῦ
2701 418 2854 487 δόξαν
2885 422 2942 472 ὲν
2961 414 3259 489 ὁμοιώματι
3282 417 3484 480 είκύνος
3500 416 3672 491 φθαρ-

457 528 534 582 illi
572 524 844 588 homines,
878 525 1155 594 Deumque
1204 523 1435 579 similem
1474 522 1755 577 hominum
1793 521 2021 589 tingunt,

2128 517 2222 570 τοῦ
2255 515 2539 587 ἀνθρώπου
2568 511 2681 579 (45)

452 625 548 695 qui
581 640 707 680 cum
720 637 780 678 se
793 620 1134 677 Christianos
1158 634 1278 675 esse
1298 619 1609 690 praedicant,
1631 616 1722 670 Dei
1739 615 1964 686 gloriam
1987 621 2199 668 mutant
2216 614 2270 667 in
2290 610 2695 667 similitudinem
2712 605 2966 675 imaginis
2986 603 3345 674 corruptibilis
3362 602 3672 658 hominis".

524 737 614 792 25.
651 737 795 791 Sane
827 736 891 789 ad
928 735 1031 791 ista
1079 750 1147 789 ne
1185 735 1510 804 respondere
1544 734 1761 804 quidem
1800 747 2013 801 mquum

455 837 621 893 esset,
666 829 803 881 adeo
835 826 1042 881 insulsa
1079 834 1207 881 sunt
1236 835 1289 880 et
1328 826 1527 894 inepta.
1565 823 1760 879 Verum
1794 839 1863 878 ne
1895 823 2016 878 illo-

459 937 581 975 rum
639 919 861 974 haaresis
904 919 1107 988 aliquid
1159 918 1448 973 soliditatis
1484 917 1684 971 habere
1727 916 1973 969 videatur
1998 956 2012 981 ,

455 1026 552 1067 eos
584 1011 671 1065 hic
699 1010 784 1064 vel
821 1009 1009 1063 saltem
1056 1010 1231 1064 obiter
1269 1006 1550 1062 confutare
1585 1022 1760 1076 opera:
1785 1007 2014 1076 pretium

458 1100 645 1165 fuerit,
680 1101 917 1155 maxime
936 1110 1152 1171 propter
1178 1099 1525 1154 mulierculas
1550 1113 1672 1167 qua
1695 1099 1762 1152 ab
1785 1098 1890 1152 illis
1909 1099 2018 1151 cir-

456 1192 878 1249 cumveniuntur
901 1190 1174 1245 facillime.
1202 1189 1265 1241 Et
1291 1203 1421 1243 vero
1446 1188 1543 1252 illi,
1563 1189 1655 1256 qui
1682 1189 1782 1242 ista
1806 1189 2014 1252 dicunt,

458 1281 814 1337 architectum
843 1280 1006 1333 etiam
1042 1280 1113 1332 ita
1158 1278 1483 1332 debuissent
1503 1279 1874 1346 interrogare:
1905 1275 2013 1330 Po—

2188 730 2279 783 25.
2337 730 2481 782 Ἔδει
2519 728 2614 798 μὲν
2664 722 2755 780 οὖν
2803 725 2964 796 μηδὲν
3010 721 3403 792 ἀποκρίνασθαι
3445 720 3677 791 πρὸςτά

2120 816 2362 879 τοιαῦτα,
2401 815 2572 879 οὕτως
2607 813 2806 884 ἀνόητα
2834 813 2958 866 ὄντα
3017 813 3110 867 καὶ
3141 810 3317 882 μωρά·
3372 811 3458 863 ἵνα
3501 809 3558 863 δὲ
3601 808 3678 881 μὴ

2118 909 2319 980 somn
2344 907 2557 979 βέϐαιον
2607 906 2746 977 ἔχειν
2768 907 2801 976 ἡ
2824 905 3029 975 αἵρεσις
3057 903 3253 963 αὐτῶν.
3287 903 3546 974 προσήκει
3575 902 3678 957 κᾶν

2118 997 2193 1062 ὡς
2214 998 2323 1067 (46)
2354 999 2419 1050 ἐκ
2447 996 2720 1069 παρέργου
2748 994 3009 1064 διελέγξαι
3049 995 3142 1048 καὶ
3170 996 3225 1047 ὲν
3250 993 3455 1056 τούτοις
3483 993 3680 1057 αὐτοὺς

2123 1091 2352 1160 μάλιστα
2391 1088 2481 1147 διά
2525 1089 2594 1142 τὰ
2654 1086 2893 1159 εὐχερῶς
2944 1085 3273 1155 ἀπατώμενα
3328 1086 3454 1156 παρ’
3505 1085 3681 1138 αὐτῶν

2114 1182 2459 1252 γυναικάρια.
2503 1181 2650 1235 Ἔδει
2697 1180 2755 1233 δὲ
2802 1179 2912 1249 (47)
2970 1178 3139 1231 ταῦτα.
3180 1178 3431 1247 λέγοντας
3463 1178 3679 1243 αὐτοὺς,

2116 1274 2206 1325 καὶ
2236 1271 2615 1344 ἀρχιτέκτονος
2630 1269 3007 1331 πυνθάνεσθαι,
3027 1270 3087 1322 Εἰ
3109 1269 3329 1323 δύνασαι
3362 1269 3527 1340 χωρὶς
3549 1268 3681 1342 ὕλης

459 1385 612 1427 tesue
641 1373 758 1427 sine
775 1370 1016 1439 subjecta
1044 1370 1271 1424 materia
1296 1369 1603 1423 aediﬁcare?
1630 1376 1884 1423 utautem
1906 1385 2013 1424 non

2130 1362 2477 1434 irroxstttévnc
2509 1362 2617 1433 (48)
2648 1362 2979 1433 οἰκοδομεῖν;
3026 1360 3209 1433 ὥσπερ
3246 1360 3302 1413 δὲ
3343 1361 3401 1414 ού
3435 1360 3682 1426 δύνασαι,

461 1470 655 1532 potes,
701 1460 781 1516 sic
825 1475 924 1514 nec
967 1459 1108 1514 Deus
1151 1460 1356 1528 absque
1397 1458 1639 1528 subjecta
1673 1460 1895 1513 materia
1933 1476 2021 1515 res

2130 1454 2257 1510 ιῦτω
2292 1454 2387 1508 καὶ
2416 1454 2444 1506 ὁ
2484 1453 2614 1516 Θεὸς
2640 1454 2739 1507 ούκ
2765 1452 2993 1523 ἠδύνατο
3021 1453 3184 1524 χωρὶς
3235 1451 3364 1523 ὕλης
3388 1451 3685 1523 firmati-:ch

459 1555 747 1609 universas
775 1552 946 1621 potuit
978 1551 1207 1607 eﬂicere.
1249 1550 1570 1605 Debuissent
1594 1566 1812 1619 quoque
1841 1566 1872 1605 a
1904 1551 2020 1606 sin-

2117 1564 2215 1616 νης
2262 1547 2481 1618 ποιῆσαι
2512 1545 2580 1599 τά
2607 1545 2724 1599 ὅλα.
2756 1545 2901 1598 Ἔδει
2944 1545 3038 1597 καὶ
3077 1546 3303 1598 ἕκαστον
3339 1544 3445 1615 (49)
3487 1545 3686 1609 αὐτοὺς

459 1644 599 1716 gulis
625 1644 933 1698 hominibus
959 1643 1245 1705 sciscitari,
1276 1641 1356 1695 An
1391 1651 1544 1710 potes
1572 1658 1692 1697 esse
1719 1642 1837 1696 sine
1861 1642 2016 1697 loco?

2130 1637 2220 1689 τῶν
2240 1634 2538 1707 ἀνθρώπων
2570 1634 2796 1705 ἐρωτᾷν,
2832 1634 2893 1685 Εἰ
2945 1631 3169 1684 δύνασαι
3221 1627 3361 1685 εἶναι
3391 1632 3560 1701 χωρὶς
3596 1630 3688 1684 τό·

458 1737 607 1805 atqui
643 1743 700 1788 nt
734 1750 841 1789 non
872 1747 1047 1804 potes,
1082 1735 1154 1788 ita
1183 1734 1346 1788 etiam
1392 1733 1534 1789 Deus
1562 1733 1616 1788 in
1646 1734 1768 1789 loco
1790 1742 1893 1788 est.
1929 1730 2019 1789 Sic

458 1827 605 1881 enim
635 1826 712 1880 illi
738 1827 818 1879 vel
849 1826 1037 1880 saltem
1069 1825 1138 1879 ab
1169 1824 1519 1879 audientibus
1553 1835 1876 1895 cngerentur
1899 1840 2020 1880 eru-

459 1916 701 1972 bescere.
745 1914 926 1981 Quare
966 1914 1109 1968 enim
1148 1929 1271 1968 cum
1300 1912 1491 1968 Filium
1533 1915 1644 1970 Deo
1684 1930 1808 1970 esse
1829 1915 2017 1970 audie-

458 2007 590 2071 rint,
626 2015 741 2059 tum
770 2004 872 2074 ipsi
905 2003 971 2059 ad
1001 2005 1215 2073 seipsos.
1256 2005 1630 2074 respicientes,
1663 2021 1790 2060 eum
1819 2008 2020 2062 audent

460 2109 658 2163 negare
688 2112 700 2147 :
728 2108 851 2147 cum
879 2108 1008 2146 vero
1042 2092 1207 2147 Deum
1228 2108 1414 2147 creare
1440 2102 1494 2147 et
1521 2092 1698 2149 facere
1726 2094 2018 2159 audierint,

460 2197 567 2234 non
600 2180 785 2233 itidem
821 2181 1055 2234 humana
1081 2181 1395 2250 opponunt?
1421 2181 1583 2251 Atqui
1607 2198 1702 2252 par
1722 2183 2018 2238 eratetiam

457 2285 554 2326 eos
585 2271 640 2326 in
668 2287 849 2325 rerum
883 2273 1153 2327 creatione
1190 2273 1554 2350 intelligenda,
1594 2276 1827 2329 humana
1874 2276 2020 2346 cogi-

461 2372 608 2427 tare,
638 2371 692 2417 et
721 2364 1003 2418 materiam
1032 2363 1144 2419 Deo
1175 2366 1542 2435 suppeditare,
1569 2377 1629 2421 ut
1663 2366 1830 2423 Deum
1861 2383 2017 2423 crea-

460 2460 633 2506 torem
663 2467 784 2506 esse
809 2453 1129 2519 iniiciantes,
1163 2452 1382 2509 demum
1417 2471 1541 2509 cum
1585 2454 1898 2514 Manichaeis
1923 2473 2019 2512 vo-

460 2544 784 2599 lutarentur.
812 2544 1019 2611 Quodsi
1050 2547 1166 2615 ipsa
1197 2546 1307 2602 Deo
1346 2549 1499 2602 notio
1525 2548 1609 2603 his
1638 2549 1842 2618 majora
1877 2553 2021 2621 cogit

459 2634 721 2704 cogitare,
753 2643 914 2705 atque
944 2636 1034 2690 ubi
1064 2637 1144 2691 rel
1174 2645 1382 2691 tantum
1411 2641 1534 2707 quis
1560 2639 1813 2702 audierit,
1835 2641 2017 2695 statim

459 2725 634 2779 credit
677 2736 995 2795 certumque
1041 2726 1202 2780 habet
1232 2724 1400 2780 Deum
1441 2742 1546 2779 non
1577 2743 1642 2782 eo
1688 2728 1849 2782 modo
1899 2744 2021 2784 esse

459 2829 571 2885 quo
622 2830 722 2870 nos
753 2832 964 2885 sumus,
995 2817 1086 2871 sed
1128 2831 1250 2871 esse
1281 2825 1340 2871 ut
1370 2817 1537 2870 Deum
1557 2858 1571 2879 ,
1605 2833 1703 2872 nec
1732 2834 1917 2874 creare
1961 2828 2020 2875 ut

460 2906 712 2960 homines
736 2915 943 2972 creant,
970 2908 1063 2962 sed
1090 2923 1274 2962 creare
1293 2916 1353 2962 ut
1375 2907 1543 2962 Deum
1574 2927 1588 2962 :
1620 2910 1869 2965 similiter
1888 2928 2017 2981 quo-

2124 1742 2260 1789 πους
2291 1725 2477 1797 ὥσπερ
2507 1725 2564 1777 δὲ
2591 1726 2649 1778 οὐ
2685 1724 2928 1788 δύνασαι,
2956 1723 3097 1777 οὕτω
3128 1725 3221 1776 καὶ
3243 1725 3271 1775 ὁ
3302 1723 3433 1785 Θεὸς
3464 1723 3519 1774 ἐν
3536 1721 3688 1791 τόπῳ

2123 1817 2287 1871 ἐστίν’
2327 1819 2394 1871 ἵν’
2419 1817 2590 1881 οὕτως
2605 1815 2705 1870 κᾶν
2736 1817 2888 1888 παρὰ
2905 1816 3012 1870 τῶν
3042 1815 3342 1869 ἀκουόντων
3361 1815 3469 1885 (50)
3506 1813 3692 1885 ἐντρέ-

2125 1907 2322 1961 πεσθαι
2350 1907 2664 1979 δυνηθῶσιν.
2706 1908 2775 1961 Ἣ
2815 1907 2903 1961 διὰ
2931 1906 3004 1970 τί,
3034 1907 3128 1960 ὲὰν
3160 1907 3254 1978 μὲν
3285 1904 3571 1972 ἀκούωσιν,
3602 1905 3691 1959 ὅτι

2123 1997 2252 2052 Υίὸν
2278 1997 2391 2069 ἔχει
2419 1999 2446 2052 ὁ
2482 1999 2634 2063 Θεὸς,
2672 2000 2751 2062 είς
2796 1998 3019 2062 ἑαυτοὺς
3043 1998 3152 2068 (51)
3177 1996 3569 2062 ἀποϐλέποντες
3589 1998 3695 2067 ἀρ-

2124 2091 2337 2146 νοῦνται
2368 2091 2574 2144 τοῦτον·
2639 2090 2733 2144 ἐὰν
2776 2091 2834 2145 δὲ
2888 2091 3175 2156 ἀκούωσιν,
3234 2093 3314 2145 ὅτι
3368 2074 3559 2155 κτίζεί
3590 2090 3687 2142 καὶ

2125 2184 2291 2245 ποιεῖ,
2346 2182 2528 2235 οὐκετι
2568 2182 2635 2235 τὰ
2681 2181 2990 2255 άνὸρὼπινα
3048 2182 3439 2249 άντιτιθέασιν;
3495 2183 3599 2237 ἔδει
3627 2179 3684 2234 δὲ

2125 2274 2218 2327 καὶ
2241 2274 2297 2325 ὲν
2324 2273 2402 2344 τῷ
2430 2273 2631 2338 κτίζειν
2666 2273 2977 2346 ἀνθρώπινα
3006 2277 3145 2328 νοεῖν
3193 2275 3389 2338 αὐτοὺς
3424 2276 3517 2328 καὶ
3553 2274 3688 2345 ὓλην

2125 2362 2441 2417 ὑποϐάλλειν
2493 2365 2570 2434 τῷ
2599 2364 2738 2436 Θεῷ,
2781 2365 2867 2418 ἴνα
2913 2367 3007 2419 καὶ
3061 2366 3121 2419 τὸ
3151 2363 3289 2420 εἶναι
3323 2367 3543 2438 κτίστην
3593 2366 3692 2420 τὸν

2124 2450 2255 2506 Θεὸν
2301 2439 2667 2524 ἀρνήσωνται,
2719 2455 2814 2507 καὶ
2863 2453 3046 2508 λοιπὸν
3093 2455 3229 2526 μετά
3261 2455 3574 2526 Μανιχαίων
3601 2472 3697 2508 κυ-

2123 2545 2361 2599 λίωνται.
2384 2548 2448 2599 ΕΞ
2496 2547 2551 2599 δὲ
2580 2546 2733 2601 ταῦθ’
2765 2547 3079 2619 ὑπερϐαίνει
3110 2549 3143 2618 ή
3179 2548 3308 2619 περ).
3339 2546 3470 2601 Θεοῦ
3494 2545 3692 2612 ἔννοια,

2125 2638 2218 2689 καὶ
2243 2637 2402 2707 μόνον
2436 2655 2517 2702 τις
2565 2639 2801 2702 ἀκούσας
2826 2638 3068 2692 πιστεύει
3111 2638 3202 2692 καὶ
3226 2635 3382 2704 οἶδεν,
3428 2639 3510 2692 ὅτι
3542 2637 3695 2693 ἐστὶν

2125 2729 2221 2798 οὐχ
2247 2728 2322 2793 ὡς
2347 2731 2506 2799 ἡμεῖς
2527 2732 2711 2801 ἐσμεν,
2741 2731 2855 2784 ἔστι
2886 2731 3065 2803 μέντοι
3104 2731 3179 2794 ὼς
3208 2729 3359 2794 Θεὸς,
3389 2731 3482 2784 καὶ
3516 2727 3694 2795 κτίζει

2125 2820 2222 2890 οὐχ
2241 2820 2314 2882 ὼς
2339 2820 2611 2892 ἅνθρωποι
2634 2822 2895 2886 κτίζουσι,
2911 2824 3080 2888 κτίζει
3112 2823 3291 2894 μέντοι
3315 2822 3388 2885 ὡς
3409 2820 3689 2890 Θεός(52)ο

2123 2910 2298 2981 δῆλον,
2317 2913 2398 2967 ὅτι
2435 2913 2527 2965 καὶ
2556 2916 2718 2985 γεννᾷ
2732 2916 2828 2985 οὐχ
2861 2915 2935 2978 ὼς
2963 2914 3230 2986 ἅνθρωποι
3258 2913 3502 2983 γεννῶσι,
3526 2913 3697 2983 γεννᾷ

460 3013 569 3067 que
608 2998 814 3052 clarum
849 3005 932 3053 est
949 3015 1071 3053 eum
1097 3000 1348 3070 gignere,
1375 3015 1483 3054 non
1508 3009 1566 3054 ut
1589 3000 1817 3070 gignunt
1841 3003 2021 3058 homi-

2130 3001 2309 3070 μέντοι
2330 3002 2407 3065 ὡς
2424 3003 2573 3068 Θεός·
2606 3006 2666 3059 οὺ
2682 3006 2789 3078 γὰρ
2809 3008 2836 3059 ὁ
2851 3007 2981 3071 Θεὸς
2997 3006 3276 3077 ἄνθρωπον
3296 3008 3537 3077 μιμεῖται
3554 3005 3691 3074 (55)·

464 3104 582 3153 nes,
619 3088 713 3143 sed
737 3096 795 3142 ut
819 3087 989 3158 gignit
1016 3088 1181 3144 Deus.
1210 3088 1394 3158 Neque
1416 3091 1561 3144 enim
1582 3090 1726 3148 Deus
1740 3093 2015 3150 hominem

464 3181 752 3235 imitatur:
785 3180 879 3235 sed
926 3180 1104 3249 potius
1149 3181 1396 3236 homines
1438 3193 1656 3252 propter
1691 3184 1891 3254 Deum,
1932 3187 2026 3256 qui

463 3269 684 3339 proprie
705 3278 759 3323 et
787 3270 937 3324 solus
969 3285 1092 3324 vere
1129 3269 1289 3324 Pater
1318 3273 1403 3325 sui
1439 3272 1612 3340 ipsius
1636 3270 1758 3326 Filii
1783 3284 1885 3339 est,
1933 3290 2026 3343 pa-

465 3372 575 3416 tres
600 3376 816 3431 quoque
843 3377 1066 3416 suorum
1102 3361 1397 3416 liberorum
1424 3371 1553 3417 sunt
1586 3365 1861 3436 appellati.
1887 3363 2023 3421 Nam

462 3469 531 3508 ex
566 3454 686 3522 ipso
720 3454 888 3507 omnis
918 3455 1208 3523 paternitas
1238 3455 1292 3506 in
1320 3456 1464 3509 cazlt's
1505 3466 1554 3510 et
1579 3457 1635 3511 in
1667 3467 1808 3510 terra
1849 3461 2023 3511 uomi-

464 3552 626 3598 natur
660 3544 727 3597 '“.
780 3543 854 3597 Ea
895 3560 1058 3614 porro
1099 3561 1222 3614 quae
1264 3546 1453 3601 dicunt
1500 3547 1610 3614 illi,
1652 3548 1700 3603 si
1744 3565 1902 3602 nemo
1933 3566 2027 3604 ex-

467 3633 732 3702 penderit,
767 3635 1058 3703 prudenter
1099 3636 1490 3707 sapienterque.
1520 3638 1667 3693 dicta
1711 3654 1835 3694 esse
1879 3639 2019 3694 forte

466 3723 736 3777 videbitur
761 3739 776 3776 :
813 3731 869 3776 at
893 3723 938 3777 si
968 3724 1091 3793 quis
1122 3740 1188 3779 ea
1214 3726 1425 3781 ratione
1446 3728 1860 3794 examinaverit,
1894 3730 2026 3784 nihil

2122 3092 2257 3146 ἀλλά
2288 3093 2487 3165 μᾶλλον
2524 3098 2572 3150 oi
2615 3097 2887 3168 ἅνθρωποι
2931 3097 3018 3152 διὰ
3066 3099 3156 3151 τὸν
3200 3097 3329 3149 Θεὸν
3358 3097 3559 3167 κυρίως
3595 3095 3698 3147 καὶ

2134 3185 2291 3254 μόνον
2347 3186 2561 3257 άληθῶς
2610 3188 2737 3241 ὄντα
2790 3189 3007 3260 Πατέρα
3055 3188 3147 3242 τοῦ
3181 3187 3370 3242 ἑαυτοῦ
3418 3187 3567 3249 ficii,
3598 3187 3700 3239 καὶ

2130 3279 2282 3332 αὐτοὶ
2329 3279 2560 3348 πατέρες
2593 3281 2983 3353 ὠνομάσθησαν
3014 3282 3119 3335 τῶν
3155 3282 3296 3335 ἰδίων
3336 3281 3558 3334 τέκνων.
3603 3279 3700 3347 Ἐξ

2129 3371 2291 3424 αὐτοῦ
2338 3372 2447 3445 γὰρ
2499 3372 2665 3427 πᾶσα
2693 3375 2905 3443 πατριὰ
2929 3375 2999 3427 ἐν
3031 3374 3304 3441 οὐρανοῖς
3332 3367 3429 3426 καὶ
3448 3371 3544 3425 ἐπὶ
3580 3369 3699 3440 γῆς

2130 3462 2488 3533 ὀνοδιυῆᾰται.
2520 3466 2629 3521 Καὶ
2653 3466 2687 3521 ἃ
2715 3467 2928 3536 λέγουσι
2941 3467 3016 3524 δὲ,
3041 3467 3132 3520 ἐὰν
3158 3466 3482 3530 ἀνεξέταστα
3512 3464 3699 3537 μείνῃ.

2128 3547 2205 3612 ὡς
2231 3551 2511 3624 εἰρηκότες
2524 3572 2577 3607 τι
2609 3555 2865 3627 φρόνιμον
2893 3555 3215 3626 νομίζονται·
3253 3555 3346 3607 ἐὰν
3372 3554 3427 3606 δέ
3453 3570 3535 3616 τις
3557 3553 3696 3607 αὐτὸ

2129 3645 2362 3715 λογικῶς
2413 3646 2660 3719 ἐξετάσῃ,
2714 3646 2878 3700 πολὺν
2913 3646 3291 3719 εὑρεθήσονται
3342 3644 3554 3714 γέλωτα
3602 3645 3695 3697 καὶ

2131 3734 2434 3806 χλευασμὸν
2462 3736 2895 3805 ⁴Βερλισκάνοντες.

467 3817 588 3892 illos
616 3820 737 3873 inde
762 3819 864 3873 nisi
892 3820 1060 3875 risum
1088 3822 1315 3877 multum
1369 3830 1423 3877 et
1442 3831 1811 3892 contemptum
1866 3824 1970 3880 sibi
2009 3830 2325 3887 conciliasse
2355 3832 2668 3902 eomperiet.

535 3931 626 3985 24.
676 3929 919 4003 Namque
965 3935 1138 4004 prima
1182 3935 1398 3990 illorum
1450 3936 1802 4008 interrogatio
1857 3940 2022 3995 stulta

470 4020 714 4091 prafecto
746 4024 1059 4094 incertaque
1094 4035 1195 4082 est.
1223 4026 1332 4083 Nec
1363 4028 1509 4082 enim
1543 4028 1783 4084 indicant
1814 4046 1921 4100 qua
1957 4030 2025 4086 de

469 4127 531 4166 re
565 4113 920 4183 interrogent,
956 4124 1015 4170 ut
1057 4116 1421 4187 interrogatus
1453 4129 1617 4188 queat
1654 4121 1987 4190 respondere
2009 4161 2026 4187 ,

472 4200 564 4253 sed
586 4202 833 4256 absolute
864 4204 1035 4270 aiunt,
1065 4202 1205 4259 Num
1230 4207 1322 4275 qui
1344 4216 1447 4273 est,
1473 4225 1597 4264 eum
1627 4211 1721 4280 qui
1753 4227 1862 4267 non
1888 4222 2026 4278 erat,

471 4299 577 4345 etc.
611 4290 744 4359 Quis
772 4309 900 4363 ergo
932 4294 1021 4347 ille
1052 4305 1138 4351 est
1159 4295 1251 4366 qui
1280 4306 1383 4362 est,
1417 4307 1472 4354 et
1502 4315 1626 4371 quae
1653 4310 1781 4357 sunt
1811 4318 1875 4358 ea
1905 4319 2029 4375 quae

577 4410 623 4442 ⁷⁸
663 4408 822 4465 Rom.
860 4426 897 4472 l,
930 4410 1020 4465 25.
1119 4412 1164 4445 τι
1191 4411 1391 4484 Ephes.
1431 4431 1515 4482 ιιι,
1554 4417 1642 4475 15.

2197 3942 2287 4000 24.
2322 3945 2541 4016 Πρῶτον
2575 3946 2670 4017 μὲν
2695 3946 2803 4017 γάρ
2843 3947 2876 4017 ή
2911 3944 3100 4016 πρώτη
3145 3948 3235 4000 καὶ
3263 3946 3481 4019 τοιαύτη
3516 3946 3697 4000 αὐτῶν

2131 4036 2396 4109 ἐρώτησίς
2420 4041 2535 4092 ἐστι
2560 4039 2717 4111 μωρά
2741 4041 2835 4093 κα).
2879 4039 3066 4111 ἄδηλος
3098 4040 3229 4111 (54).
3259 4041 3332 4094 Ού
3364 4038 3468 4113 γὰρ
3500 4041 3691 4111 σημαι-

2133 4144 2281 4181 νουσι
2310 4129 2437 4198 περὶ
2466 4128 2609 4192 τίνος
2642 4127 3017 4193 πυνθάνονται,
3045 4130 3131 4182 ἵνα
3180 4130 3272 4184 καὶ
3292 4131 3319 4182 ὁ
3348 4126 3699 4201 ἐρωτώμενος

2135 4218 2514 4291 ἀποκρίνηται·
2565 4220 2678 4274 ἀλλ’
2725 4219 2908 4285 ἁπλῶς
2956 4221 3222 4289 λέγουσιν,
3287 4222 3345 4275 Ὅ
3369 4219 3444 4273 ὢν
3475 4219 3564 4273 τὸν
3621 4220 3700 4293 μὴ

2134 4306 2279 4363 ὄντα.
2331 4309 2428 4375 Τίς
2458 4305 2549 4364 οὖν
2603 4310 2714 4383 (55)
2741 4313 2770 4365 ὁ
2813 4311 2908 4380 ὢν,
2943 4314 3035 4367 καὶ
3065 4312 3185 4366 τίνα
3211 4312 3279 4367 τά
3334 4313 3409 4384 μὴ
3464 4311 3613 4376 ὄντα,
3653 4306 3701 4366 ὧ

543 4551 680 4638 (45)“
697 4551 787 4632 Sic
821 4551 1157 4638 Segueriam,
1183 4556 1397 4638 Gobler.
1430 4559 1483 4638 e'_t
1509 4558 1652 4638 Eelc.
1686 4562 1737 4638 1,.
1766 4560 1907 4638 Editl
1936 4579 2024 4638 au-

2142 4564 2464 4638 ἀκουόντων.
2502 4562 2679 4638 Εὰἰιί,
2696 4565 2785 4638 ἴνα
2805 4563 2976 4638 οὕτως
3005 4566 3098 4638 καὶ
3123 4565 3272 4638 παρά
3299 4566 3407 4621 τῶν
3433 4566 3699 4622 ἀκόντων.

476 4622 605 4701 tetu,
639 4622 990 4701 Gao§_si_>c63a
1021 4627 1076 4677 ὲν
1104 4626 1637 4701 ὀμμοιώματιίείκὸνος
1665 4631 1919 4701 φθαρτῶν
1944 4635 2038 4687 ἀν-

473 4680 723 4780 θρώπων.
757 4691 889 4746 Ibid.
921 4680 1262 4763 Seguerian.,
1277 4680 1288 4698 ’
1308 4699 1441 4821 μηδὲ

473 4781 541 4816 τα
584 4778 776 4816 ταυτα.
823 4761 1042 4820 Gobler.
1083 4776 1136 4820 et
1185 4765 1422 4821 Fele'm.
1473 4770 1523 4821 4.
1578 4771 1697 4821 μηδ’
1739 4773 2037 4821 ἀποκρίνα-

471 4761 541 4886 τέὄ
584 4761 776 4886 mir-ca.
823 4761 1042 4820 Gobler.
1083 4776 1136 4820 et
1185 4761 1422 4824 Fclckiit.
1473 4770 1523 4834 θ,
1576 4761 1697 4842 μηδ’
1739 4761 2037 4844 ἀποκρίναξ

476 4851 507 4886 σ
542 4851 617 4886 αι.
651 4849 680 4886 e
742 4874 754 4886 .

476 4843 617 4895 σθαι,
651 4843 754 4887 elc.

543 4902 655 4975 (46)
684 4901 788 4977 _Sic
815 4900 1196 4977 Segyerianus.
1220 4906 1367 4977 Editi
1388 4923 1535 4976 vero,
1570 4908 1671 4963 κᾶν
1696 4909 1885 4977 οὕτως.
1912 4914 2033 4970 Mox

476 4972 1205 5046 SeguerianusLGoblerian.
1250 4987 1304 5031 et
1336 4972 1572 5032 Felckm.
1601 4979 1652 5044 5,
1694 4981 1786 5034 καὶ
1820 4972 1877 5036 ἐν
1907 4984 2041 5046 ξτού-

473 5036 586 5106 τοις
610 5036 1010 5113 αὐτούςηΕόίιί,
1037 5048 1129 5099 καὶ
1157 5046 1214 5101 ὲν
1249 5046 1453 5111 τούτοις
1485 5036 1687 5113 αὐτοῖς.

545 5113 656 5183 (47)
698 5111 790 5183 Sic
832 5110 1173 5180 Seguerian.,
1204 5116 1417 5171 Gobler.
1438 5110 1497 5172 et
1526 5110 1668 5172 Felc'.
1700 5120 1749 5175 l.
1792 5120 1850 5176 ln
1881 5124 2042 5180 editis

476 5182 654 5256 autem
693 5182 751 5234 δέ
785 5193 916 5256 post
945 5184 1073 5244 ἔδει,
1102 5194 1156 5239 ct
1200 5186 1295 5239 καί
1326 5196 1446 5256 post
1478 5189 1673 5252 αὐτούς
1713 5191 1882 5248 deest.
1938 5196 2043 5247 lbi-

475 5251 593 5331 dern
606 5250 866 5331 {Segne}?
895 5250 1611 5331 dpxtséxrouagAnglican.
1623 5301 1636 5323 ,
1655 5250 2039 5330 ἀρχιτέκτονα.

547 5319 658 5440 (4ῗ)
691 5320 782 5375 Sic
822 5319 1140 5391 Seguerian.
1175 5327 1246 5380 At
1262 5319 1356 5380 alii
1381 5319 1442 5381 et
1459 5328 1586 5381 editi
1626 5319 1883 5386 ouii't‘tuut
1907 5334 2036 5386 ὑπο-

547 5406 607 5440 ιυ.
638 5406 754 5440 νηε.

477 5405 754 5458 κειμενης.

547 5457 658 5538 (49)
698 5460 943 5538 Seguer.,
961 5464 1052 5516 καὶ
1073 5464 1447 5538 ἔδειξκαστον.
1471 5464 1687 5522 Gobler.
1707 5476 1761 5521 et
1788 5467 2036 5538 Seguer.,

470 5528 568 5579 και
596 5526 702 5579 ἔδει
733 5526 827 5582 και
844 5531 1089 5586 ἕκαστον.
1118 5533 1250 5589 Ibid.
1275 5536 1402 5589 editi
1430 5537 1686 5593 mendose
1710 5526 1907 5593 habent
1932 5526 2037 5593 τῶν

475 5595 780 5649 ἄνθρωπον.

512 5614 572 5650 νυ
579 5614 780 5650 οωπον.

547 5666 658 5738 (50)
700 5668 792 5722 Sic
836 5666 1177 5737 Seguerian.,
1219 5673 1309 5726 ubi
1352 5682 1406 5728 et
1437 5688 1625 5731 omnes
1664 5692 1797 5732 mss.
1838 5676 2038 5731 habent

2143 4634 2265 4705 M0;
2281 4633 2641 4705 _Segneri_an.,
2666 4635 2759 4688 ἐὰν
2789 4635 2884 4705 μὲν
2911 4633 3231 4705 ἀκούσωσιν.

2213 4703 2324 4774 (51)
2368 4703 2459 4757 Sic
2500 4702 2884 4774 Seguerianus,
2928 4704 3242 4774 (Goblerian.
3291 4715 3345 4761 et
3374 4705 3609 4763 Felckm.
3646 4710 3699 4765 Ι.

2142 4772 2453 4841 Βοςηίιεηι
2500 4772 2663 4827 Basil.
2706 4782 2758 4826 et
2803 4772 3036 4827 Felrkm.
3090 4774 3143 4837 5,
3200 4778 3399 4831 habent
3454 4778 3699 4841 ἑαυτούς.

2139 4844 2305 4914 Editi,
2335 4844 2414 4914 είς
2438 4842 2633 4914 αὐτούς
2664 4844 2761 4914 μὲν
2793 4842 3209 4914 ἀποϐλέποντες.

2213 4911 2325 4983 (52)
2367 4910 2705 4983 seguerianl,
2740 4910 2911 4975 κτίζει
2939 4913 2996 4965 δὲ
3031 4915 3105 4977 ὡς
3132 4915 3283 4978 Θεός.
3319 4914 3516 4971 Ibidem
3551 4915 3696 4972 Basi-

2140 4980 2322 5053 liens.,
2353 4982 2509 5053 δῆλον
2531 4982 2630 5036 ὃτι.
2662 4983 2765 5037 Alii
2792 4995 2855 5053 iet
2879 4983 3027 5053 editi.
3057 4984 3319 5053 δηλονότι.

2215 5052 2325 5126 (55)
2350 5050 2710 5126 Segueri_an.,
2751 5050 2949 5126 oﬁ_ydtp_
2972 5050 3422 5126 Θεόςάνθρωπον
3457 5055 3697 5126 μεμίμη.

2141 5121 2250 5195 ται.
2289 5121 2420 5175 Ibid.
2466 5121 2681 5195 Gobler.
2722 5133 2776 5177 et
2812 5121 3047 5195 Felekm.
3083 5123 3132 5195 i_,
3164 5121 3297 5195 ἀλλά
3335 5127 3429 5179 καὶ
3459 5121 3700 5195 μᾶλλον.

2143 5192 2419 5265 [idemque
2460 5202 2514 5244 et
2557 5193 2803 5265 Seguer.,
2846 5193 2934 5265 διά
2965 5192 3053 5265 τὸν
3081 5192 3503 5265 Θερνεὸοειιοιί.
3542 5194 3700 5259 ibid.,

2147 5261 2249 5332 τὸν
2269 5262 2490 5332 κυρίως,
2522 5270 2620 5332 etc.
2662 5263 2818 5323 Etliti,
2843 5261 2931 5314 διὰ
2957 5262 3017 5314 τὸ
3046 5262 3136 5314 τὸν
3166 5263 3315 5318 Θεόν.

2214 5331 2458 5401 (54)⁷5ἰο
2512 5331 2733 5401 Seguer.
2770 5332 2907 5385 Editi
2951 5342 3004 5386 et
3057 5332 3146 5401 alii
3193 5335 3447 5387 omittunt
3500 5332 3702 5387 αὐτῶν.

2142 5398 2440 5522 Ιιὲἓιι.λιιιεε.
2468 5398 2654 5456 omnibs
2681 5402 2840 5473 μωρά
2870 5403 2964 5455 καὶ
2991 5400 3199 5472 ἄδηλος.
3231 5402 3394 5470 Editi,
3427 5403 3583 5475 μωρά
3610 5406 3701 5457 κα)

2142 5486 2167 5521 ε
2235 5489 2266 5522 τι
2301 5488 2378 5522 ος.

2142 5486 2378 5524 ευοηλος.

2217 5488 2453 5613 (ἓέἷςὲὶιε
2503 5541 2885 5613 Seguerianus,
2936 5539 3091 5613 Begu
3128 5541 3360 5613 Anglic,
3409 5541 3701 5597 Gobie'r.el

2146 5609 2381 5664 Feb-km.
2425 5611 2445 5663 l
2478 5621 2530 5666 et
2566 5612 2616 5665 5.
2653 5614 2706 5665 In
2741 5612 2897 5668 editis
2921 5609 3212 5668 οὗνήόοοει.
