3972 6224
355 310 425 365 65
914 311 971 366 S.
1009 310 1381 366 ATHANASII
1421 311 1569 367 OPP.
1615 311 1790 366 PARS
1823 309 1862 364 I.
1898 339 1966 349 -—
2005 304 2372 361 HISTORICA
2413 302 2498 357 ET
2541 299 2952 359 DOGMATICA.
3497 297 3564 352 84

358 424 667 494 impeditos,
700 427 916 483 tandem
956 445 1079 484 cum
1118 432 1342 486 veritate
1361 447 1600 502 pugnare
1622 431 1900 486 desistent.

2026 429 2103 500 τῆς
2140 427 2274 499 πρὸς
2297 426 2392 497 τὴν
2423 423 2674 495 ἀλήθειαν
2707 424 2903 495 μάχης.
2924 421 3097 476 Πολλά
3114 422 3288 475 τοίνυν
3309 421 3568 491 πρότερον

357 512 538 568 Multis
566 514 731 590 igitur
767 531 890 571 cum
936 520 1188 587 precibus
1231 521 1411 575 divina
1445 523 1596 591 prius
1625 522 1910 590 implorata

357 603 662 672 clementia,
705 607 786 662 sic
817 609 947 676 ipsis
973 611 1098 678 quis
1145 611 1442 667 occurrerit
1473 631 1484 666 :
1527 610 1663 665 Num
1697 612 1788 680 qui
1830 618 1913 665 est

359 694 523 760 Deus,
548 711 672 751 cum
703 707 858 754 antea
898 717 1003 756 non
1041 712 1208 766 esset,
1240 713 1426 772 postea
1477 703 1650 757 factus
1680 715 1784 764 est,
1829 702 1912 755 vel

357 794 510 841 estne
534 789 696 842 etiam
737 791 1048 858 priusquam
1085 795 1270 848 lieret?
1302 793 1443 862 Ergo
1474 793 1521 847 is
1565 807 1688 846 cum
1731 801 1910 858 esset,

361 879 598 948 seipsum
628 878 773 944 fecit,
805 881 887 935 vel
920 894 1002 937 est
1030 899 1094 937 ex
1126 885 1274 938 nullo
1306 893 1480 943 ortus.
1515 898 1749 952 cumque
1779 884 1914 937 nihil

362 978 519 1024 antea
565 981 728 1034 esset,
775 974 955 1028 suhilo
999 977 1282 1046 apparuit?
1321 974 1516 1030 Verum
1559 976 1790 1030 absurda
1834 984 1918 1030 est

363 1058 674 1129 huiusmodi
723 1065 981 1133 quaestio;
1033 1069 1104 1120 ita
1151 1068 1306 1136 plane
1341 1065 1534 1130 fateor,
1570 1067 1803 1120 absurda
1833 1075 1914 1120 est

362 1152 625 1221 valdeque
651 1154 812 1223 impia
837 1174 848 1209 :
882 1167 937 1210 at
961 1166 1042 1211 est
1069 1169 1246 1213 tamen
1270 1158 1551 1227 qmrstioni
1584 1158 1822 1227 ipsorum
1851 1158 1917 1212 si-

363 1243 528 1297 milis.
565 1243 697 1298 Nam
730 1250 993 1303 utrumvis
1024 1250 1276 1314 dixerint,
1313 1250 1364 1303 id
1396 1250 1541 1303 omni
1567 1249 1780 1317 plenum
1816 1249 1916 1302 im-

363 1333 560 1403 pietate
587 1345 686 1389 est.
720 1336 776 1389 Si
800 1353 962 1408 porro
991 1339 1105 1394 haec
1131 1341 1197 1394 de
1223 1341 1332 1396 Deo
1352 1355 1592 1410 quaerere
1620 1341 1842 1410 impium
1863 1350 1918 1396 et

363 1440 526 1494 quam
561 1437 796 1487 maxime
847 1419 1068 1498 impium
1105 1440 1188 1485 est
1232 1449 1245 1484 :
1295 1447 1398 1485 non
1442 1431 1622 1484 minor
1655 1446 1784 1486 sane
1818 1431 1917 1484 im-

363 1513 538 1582 pietas
569 1514 731 1570 fuerit
761 1516 947 1572 eadem
985 1517 1052 1572 de
1085 1517 1264 1572 Verbo
1297 1519 1649 1588 interrogare.
1688 1517 1917 1573 Verum-

365 1614 544 1659 tamen
571 1607 636 1660 ad
671 1608 891 1662 stultam
918 1609 1058 1664 hanc
1085 1619 1138 1664 et
1165 1610 1409 1665 insanam
1440 1610 1654 1664 illorum
1692 1609 1919 1664 interro-

366 1695 633 1765 gationem
657 1699 1022 1764 evertendam,
1043 1699 1350 1754 necessaria
1374 1698 1586 1752 videtur
1606 1700 1915 1769 huiusmodi

2016 520 2172 572 ῐλεων
2216 518 2304 571 τὸν
2330 517 2460 570 Θεὸν
2508 515 2984 585 ἐπικαλεσάμενος,
3037 511 3208 576 οὕτως
3256 512 3435 572 αὐτοῖς
3484 527 3570 574 τις

2017 610 2396 678 ἀπαντήσειεν·
2416 611 2473 662 '0
2500 609 2573 662 ὢν
2603 608 2754 670 Θεὸς,
2789 607 2888 658 οὐκ
2919 603 2998 656 ὢν
3029 603 3248 672 γέγονεν
3263 599 3445 671 (66),ἢ
3474 601 3568 654 καὶ

2018 700 2144 770 πρὶν
2175 700 2415 770 γένηται,
2444 698 2615 760 ἔστιν;
2655 698 2745 748 Ὢν
2771 692 2862 749 οὖν
2901 695 3090 748 ἑαυτὸν
3134 693 3403 760 ἐποίησεν,
3437 690 3469 758 ἢ
3510 688 3570 754 ἐξ

2017 791 2226 854 οὐδενός
2256 792 2388 851 ἐστι,
2425 790 2519 842 καὶ
2551 789 2712 859 μηδὲν
2749 787 2822 840 ὢν
2847 786 3104 858 πρότερον
3134 784 3388 852 ἐξαίφνης
3409 782 3570 844 αὐτὸς

2019 883 2217 952 ἐφάνης
2255 883 2483 945 Ἀτοπος
2523 883 2556 951 ἡ
2592 879 2809 948 τοιαύτη
2839 878 3118 950 ἐρώτησις,
3147 877 3233 930 ναὶ
3257 876 3452 936 ἄτοπος
3476 875 3571 927 καὶ

2020 973 2157 1026 πλέα
2209 971 2316 1042 (67)
2374 970 2700 1042 δυσφημίας·
2753 970 2863 1023 ἀλλ’
2897 971 3055 1039 ὁμοία
3089 985 3150 1036 γε
3190 968 3286 1037 τῆς
3326 965 3566 1020 ἐκείνωνο

2021 1065 2272 1134 ὁπότερον
2324 1063 2432 1133 γὰρ
2466 1063 2529 1115 ἂν
2567 1062 2778 1126 εἴπωσι,
2829 1061 2986 1114 τοῦτο
3016 1060 3206 1131 μεστόν
3245 1063 3362 1113 ἐστι
3393 1059 3575 1130 πάσης

2019 1156 2288 1218 ἀσεϐείας.
2316 1158 2376 1209 Εἰ
2397 1157 2450 1210 δὲ
2481 1157 2541 1209 τὸ
2572 1155 2741 1218 οὕτως
2773 1154 2978 1224 ἐρωτᾷν
3011 1153 3135 1224 περὶ
3169 1151 3300 1205 Θεοῦ
3331 1151 3570 1222 βλάσφη-

2025 1264 2122 1317 μον
2143 1248 2236 1300 καὶ
2271 1247 2425 1300 πλέον
2453 1245 2703 1310 ἀσεϐείας
2727 1247 2838 1298 ἐστὶ
2867 1244 2996 1316 (68),
3044 1243 3354 1312 βλάσφημον
3390 1243 3453 1295 ἂν
3486 1242 3574 1313 εἴη

2021 1339 2116 1391 καὶ
2151 1339 2275 1408 περὶ
2313 1338 2406 1390 τοῦ
2437 1339 2604 1407 Λόγου
2631 1336 2792 1390 αὐτοῦ
2819 1335 3039 1389 τοιαῦτα
3079 1335 3302 1406 ἐρωτᾷν.
3334 1333 3578 1404 Ἀποκρίο

2021 1430 2212 1483 νασθαι
2237 1431 2293 1483 δὲ
2314 1431 2460 1500 ὅμως
2496 1431 2626 1500 πρὸς
2659 1428 2933 1498 ἀναίρεσιν
2966 1427 3063 1496 τῆς
3107 1424 3356 1494 τοιαύτης
3397 1425 3576 1478 αὐτῶν

2021 1521 2212 1590 ἀλόγου
2239 1521 2332 1573 καὶ
2364 1522 2548 1590 μωρᾶς
2575 1521 2890 1591 ἐρωτήσεως
2921 1519 3210 1584 ἀναγκαῖον
3225 1514 3414 1579 οὕτως·
3455 1515 3574 1569 Ὅτι

2021 1611 2094 1664 ὢν
2129 1613 2272 1664 ἐστιν
2307 1611 2490 1675 ἀϊδίως
2521 1613 2548 1663 6
2595 1610 2746 1673 Θεός’
2779 1610 2929 1672 ὄντος
2956 1605 3046 1662 οὖν
3083 1609 3169 1661 ἀεὶ
3207 1607 3299 1660 τοῦ
3341 1605 3574 1677 Πατρὸς,

2023 1703 2135 1756 ἔστι
2163 1703 2253 1755 καὶ¹
2284 1702 2464 1765 ἀῖδίως
2502 1701 2606 1771 (69)
2641 1703 2732 1755 καὶ
2754 1701 2811 1754 τὸ
2835 1700 3020 1753 τούτου
3057 1697 3409 1768 ἀπαύγασμα,
3441 1697 3581 1766 ὅπερ

366 1790 668 1857 responsio.
715 1789 983 1843 Nimirum
1015 1806 1229 1859 semper
1254 1800 1338 1845 est
1384 1789 1558 1856 Deus;
1607 1805 1670 1846 ac
1693 1792 1918 1860 proinde

2026 1794 2163 1846 ἐστὶν
2185 1796 2212 1848 6
2242 1794 2408 1862 Λόγος
2441 1793 2624 1846 αὐτοῦ’
2653 1795 2744 1846 καὶ
2779 1793 2939 1845 πάλιν
2964 1793 2990 1845 6
3023 1789 3096 1844 ὢν
3125 1789 3276 1854 Θεὸς,
3312 1789 3370 1852 ἐξ
3411 1785 3575 1841 αὑτοῦ

365 1895 488 1933 cum
519 1896 729 1950 semper
756 1881 827 1937 sit
869 1881 1048 1946 Pater,
1086 1896 1298 1950 semper
1322 1896 1537 1951 quoque
1558 1891 1642 1936 est
1674 1881 1916 1951 ejusdem

365 1970 634 2039 splendor,
655 1972 802 2040 quod
822 1981 907 2025 est
929 1972 1100 2040 ipsius
1143 1970 1395 2026 Verbum.
1424 1972 1684 2027 Praeterea
1710 1972 1802 2042 qui
1839 1981 1921 2028 est

365 2061 528 2126 Deus,
564 2061 797 2116 Verbum
825 2063 969 2132 quod
1006 2062 1133 2117 item
1163 2071 1248 2117 est
1279 2064 1439 2118 habet
1475 2078 1538 2116 ex
1584 2064 1786 2133 seipso,
1827 2079 1922 2118 ne-

364 2169 470 2223 que
499 2152 734 2207 Verbum
781 2164 865 2209 est
909 2164 1097 2224 postea
1133 2155 1413 2221 adnatum,
1443 2156 1587 2224 quod
1618 2156 1770 2225 prius
1814 2171 1919 2209 non

363 2254 527 2310 esset,
541 2259 715 2313 neque
733 2244 838 2299 Par
859 2261 888 2300 r
907 2261 1142 2315 unquam
1175 2247 1290 2302 sine
1308 2245 1483 2302 Verbo
1513 2246 1632 2300 fuit.
1657 2246 1790 2300 Nam
1826 2248 1922 2300 im-

365 2337 601 2406 pia,qua
625 2335 796 2392 Filius
818 2337 1391 2405 lacessitur,audacia,
1416 2339 1468 2390 in
1501 2339 1677 2407 ipsum
1707 2338 1918 2393 Patrem

367 2426 653 2489 redundat,
688 2426 732 2480 si
768 2441 958 2496 nempe
997 2428 1338 2498 sapientiam,
1385 2427 1548 2498 339
1595 2426 1827 2482 Verbum
1869 2436 1921 2481 ct

366 2516 560 2572 Filium
597 2517 935 2572 extrinsecus
967 2519 1068 2572 sibi
1095 2518 1432 2587 excogitasse
1471 2519 1719 2572 dicatur:
1751 2520 1925 2588 quod-

366 2607 498 2662 libet
522 2609 666 2662 enim
698 2608 893 2662 horum
923 2608 1146 2670 dixeris,
1177 2609 1231 2662 id
1269 2608 1414 2678 quod
1445 2623 1512 2663 ex
1541 2608 1697 2662 Patre
1734 2617 1921 2663 natum

366 2709 450 2754 est
497 2700 783 2770 signiﬁcat,
836 2699 1294 2770 quemadmodum
1345 2700 1551 2756 dictum
1597 2709 1699 2755 est.
1760 2699 1922 2756 Levis

369 2790 535 2860 igitur
566 2788 843 2859 futilisque
867 2792 981 2845 haec
1005 2791 1223 2844 illorum
1247 2799 1331 2846 est
1363 2792 1613 2860 quaestio,
1648 2801 1700 2846 et
1731 2791 1924 2846 merito

369 2879 608 2948 quidem.
650 2879 782 2935 Nam
811 2882 1070 2951 quoniam
1109 2880 1344 2936 Verbum
1373 2883 1488 2937 sive
1517 2882 1802 2938 Rationem
1829 2899 1924 2938 ne-

307 2976 330 2987 ‘
371 2979 518 3041 gant,
549 2971 674 3025 hinc
697 2972 832 3025 nihil
867 2973 1028 3026 etiam
1065 2973 1294 3028 rationis
1320 2982 1404 3028 est
1438 2974 1490 3027 in
1522 2973 1738 3029 illorum
1777 2990 1925 3044 quaa-

372 3062 570 3118 stione.
607 3060 680 3118 Ut
712 3064 855 3118 enim
895 3064 941 3119 si
975 3065 1101 3135 quis
1134 3065 1302 3119 solem
1343 3065 1610 3132 aspiciens
1643 3065 1708 3119 de
1743 3065 1923 3133 splen-

372 3154 507 3210 dore
550 3155 670 3224 ejus
696 3164 962 3224 quaereret
1001 3169 1065 3210 ae
1103 3155 1327 3221 diceret,
1358 3155 1439 3208 An
1473 3157 1566 3226 qui
1602 3164 1704 3218 est,
1744 3156 1924 3225 splen-

373 3249 561 3302 dorem
596 3263 718 3302 cum
750 3261 858 3301 non
886 3255 1049 3310 esset,
1077 3246 1221 3311 fecit,
1249 3257 1340 3302 aut
1363 3248 1454 3317 qui
1485 3248 1599 3318 jam
1628 3250 1812 3304 esset?
1838 3247 1925 3316 Ut,

375 3338 616 3406 inquam,
646 3337 692 3393 is
719 3351 828 3390 non
861 3336 1076 3407 sapiens
1101 3338 1193 3392 sed
1226 3338 1455 3394 stolidus
1483 3340 1888 3394 existimaretur
1911 3381 1925 3406 ,

374 3431 500 3498 quia
533 3430 895 3499 splendorem,
936 3429 1029 3498 qui
1059 3439 1143 3483 est
1180 3446 1247 3484 ex
1290 3431 1438 3496 luce,
1479 3440 1795 3486 extraneum
1838 3432 1928 3486 ille

375 3520 618 3589 lingeret,
653 3529 707 3573 et
737 3517 802 3573 de
828 3519 918 3573 illo
952 3529 1237 3589 quaereret,
1262 3519 1501 3589 quando,
1539 3522 1654 3584 ubi,
1688 3537 1834 3584 cum,
1875 3531 1928 3576 et

375 3611 620 3666 factusne
667 3618 838 3674 esset;
870 3610 948 3665 sic
987 3625 1116 3665 sane
1152 3611 1246 3680 qui
1277 3611 1378 3665 ista
1422 3611 1488 3666 de
1513 3610 1652 3667 Filio
1691 3621 1744 3666 et
1772 3610 1929 3667 Patre

376 3703 597 3772 cogitat,
636 3705 839 3773 quique
911 3706 984 3759 ita
1039 3705 1356 3774 interrogat,
1415 3704 1587 3758 multo
1630 3705 1931 3758 dementior

377 3795 678 3851 censendus
705 3805 808 3860 est,
837 3796 1037 3866 quippe
1065 3797 1159 3865 qui
1194 3796 1461 3862 Verbum,
1492 3795 1637 3864 quod
1670 3809 1736 3849 ex
1773 3795 1932 3851 Patre

376 3895 481 3948 est,
511 3895 791 3940 externum
827 3887 930 3956 ipsi
973 3889 1215 3952 inducat,
1253 3888 1414 3958 idque
1443 3888 1590 3958 quod
1619 3898 1810 3942 natura
1853 3896 1935 3943 est

378 3979 638 4046 genitum,
663 3988 917 4047 tanquam
944 3979 1069 4049 quid
1107 3979 1304 4034 factum
1332 3980 1592 4034 exhibens
1618 3979 1785 4044 dicat,
1815 3977 1933 4033 Non

378 4069 482 4124 fuit
509 4080 796 4139 antequam
825 4080 1154 4126 nasceretur.
1190 4071 1390 4126 Verum
1412 4073 1462 4126 id
1499 4073 1661 4125 etiam
1689 4071 1935 4138 responsi

379 4163 448 4217 ad
473 4177 533 4215 ea
555 4177 676 4232 quae
711 4162 1176 4232 interrogaverunt
1199 4164 1466 4232 accipiant
1491 4181 1504 4217 :
1532 4162 1686 4217 Pater
1707 4163 1926 4232 quiest,

380 4252 576 4307 Filium
607 4253 700 4322 qui
747 4259 883 4317 erat,
917 4251 1062 4307 fecit.
1109 4250 1267 4316 Nam,
1327 4251 1549 4306 Verbum
1583 4267 1706 4304 caro
1737 4251 1937 4319 factum

379 4356 457 4400 cst
481 4346 550 4411 ⁷⁵,
583 4354 636 4400 ει
663 4360 786 4400 cum
816 4345 930 4415 ipse
957 4353 1104 4399 esset
1127 4343 1298 4400 Filius
1327 4343 1441 4408 Dei,
1473 4359 1597 4399 eum
1631 4343 1684 4397 in
1706 4342 1811 4398 line
1832 4359 1932 4399 sae-

382 4500 428 4531 "
460 4497 617 4555 Joan.
648 4515 684 4564 ι,
714 4499 799 4553 14.

2019 1887 2112 1939 καὶ
2141 1886 2266 1938 ὄντα
2297 1885 2407 1956 ('70)
2437 1886 2527 1938 τὸν
2560 1885 2728 1952 Λόγον
2776 1883 2904 1954 ἔχει·
2947 1883 3041 1935 καὶ
3068 1879 3188 1934 οὔτε
3222 1883 3250 1933 ὁ
3274 1879 3441 1947 Λόγος
3461 1880 3551 1930 ἐπι

2020 1977 2238 2046 γέγονεν
2268 1977 2368 2030 οὐκ
2399 1975 2473 2029 ὣν
2528 1976 2807 2046 πρότερον,
2835 1973 2956 2028 οὔτε
2994 1977 3020 2027 6
3049 1972 3233 2043 Πατὴρ
3277 1971 3465 2038 ἄλογος
3510 1965 3579 2040 ἦν

2021 2085 2168 2122 ποτε.
2209 2067 2269 2120 Ἥ
2288 2068 2394 2139 γάρ
2418 2069 2554 2121 κατά
2582 2067 2672 2120 τοῦ
2690 2066 2820 2120 Υίοῦ
2844 2066 3014 2135 τόλμα
3033 2067 3110 2126 είς
3127 2063 3216 2116 τὸν
3246 2061 3459 2132 Πατέρα
3481 2060 3579 2131 τὴν

2023 2157 2366 2230 βλασφημίαν
2385 2159 2592 2226 ἀνάγει,
2610 2158 2724 2226 εἴγε
2754 2156 2948 2221 ἔξωθεν
2973 2155 3259 2224 ἐπενόησεν
3277 2151 3452 2223 ἐαυτῷ
3468 2149 3580 2223 (71)

2023 2251 2231 2318 σοφίαν,
2293 2249 2597 2316 καὶΛόγον,
2649 2247 2739 2300 καὶ
2793 2246 2940 2299 Υίὸν.
3011 2247 3074 2298 Ὃ
3106 2245 3214 2317 γὰρ
3259 2244 3351 2298 ἐὰν
3376 2242 3582 2296 τούτων

2021 2342 2198 2410 εἴπῃς,
2225 2339 2380 2392 τοῦτο
2429 2339 2489 2391 τὸ
2518 2341 2579 2390 ὲκ
2620 2337 2712 2389 τοῦ
2760 2337 2969 2409 Πατρὸς
3007 2335 3249 2404 γέννημα
3308 2333 3578 2404 σημαίνει,

2022 2432 2207 2503 ὥσπερ
2236 2431 2467 2502 εἴρηται.
2521 2430 2682 2481 Ὥστε
2745 2427 3043 2490 ἀσύστατος
3073 2425 3307 2495 αὐτῶνὴ
3359 2422 3580 2493 τοιαύτη

2022 2521 2300 2594 ἐρώτησις,
2326 2522 2417 2575 καὶ
2448 2521 2685 2583 εἰκότως·
2738 2518 3055 2591 ἀρνούμενοι
3107 2518 3214 2588 γάρ
3252 2515 3342 2569 τὸν
3387 2516 3578 2584 Λόγον,

2022 2614 2210 2682 ἄλογον
2233 2612 2412 2682 ἔχουσι
2436 2612 2529 2666 καὶ
2561 2610 2656 2680 τὴν
2685 2609 2969 2682 ἐρώτησιν,
3004 2609 3092 2672 Ὠς
3141 2608 3249 2678 γάρ
3287 2605 3434 2667 εἴτις
3485 2604 3578 2656 τὸν

2021 2703 2168 2773 ἥλιον
2198 2702 2334 2774 ὁρῶν
2366 2700 2680 2755 πυνθάνοιτο
2712 2700 2836 2770 περὶ
2867 2699 2960 2752 τοῦ
2993 2699 3435 2767 ἀπαυγάσματος,
3487 2695 3582 2747 καὶ

2021 2793 2185 2862 λέγοι,
2220 2793 2278 2846 '0
2297 2790 2370 2845 ὣν
2386 2793 2444 2844 τὸ
2476 2791 2549 2862 μὴ
2567 2791 2624 2844 ὃν
2642 2790 2954 2862 πεποίηκεν,
2979 2789 3010 2858 ἢ
3032 2788 3089 2842 ὃν
3106 2788 3233 2841 αὐτὸ
3256 2786 3544 2856 πεποίηκεν
3564 2802 3583 2853 ;

2021 2887 2080 2940 οὐ
2101 2884 2348 2956 σώφρονα
2361 2884 2612 2956 (72)ἕχειν
2632 2887 2659 2938 6
2671 2884 2902 2947 τοιοῦτος
2916 2882 3168 2952 λογισμὸν
3184 2880 3582 2951 νομισθήσεται,

2023 2975 2504 3047 ἀλλ’ὲμϐρόντητος
2536 2975 2598 3028 ἂν
2620 2976 2723 3044 εἴη,
2744 2975 2824 3028 ὃτι
2841 2974 3011 3036 ὅλωςό
3029 2974 3173 3024 ἐστιν
3199 2974 3260 3024 ὲκ
3278 2971 3369 3024 τοῦ
3389 2969 3583 3039 φωτὸς,

2023 3069 2178 3122 τοῦτο
2202 3067 2396 3133 ἔξωθεν
2431 3067 2540 3137 (75)
2599 3069 2801 3119 ἐπινοεῖ
2856 3065 3108 3135 καὶπερὶ
3153 3064 3310 3117 τοῦτο
3370 3065 3582 3136 ἐρωτᾷ,

2029 3161 2176 3224 πότε,
2200 3161 2290 3212 καὶ
2321 3157 2418 3210 ποῦ
2453 3159 2545 3211 καὶ
2577 3159 2685 3219 ὅτε,
2711 3159 2802 3211 καὶ
2834 3159 2881 3209 εί
2913 3157 3220 3226 πεποίηται·
3240 3154 3410 3219 οὕτως
3439 3155 3530 3208 καὶ
3555 3154 3588 3207 ὁ

2028 3252 2154 3321 περὶ
2178 3250 2269 3304 τοῦ
2290 3248 2416 3303 Υίοῦ
2440 3249 2533 3302 καὶ
2553 3247 2646 3301 τοῦ
2665 3247 2871 3319 Πατρὸς
2891 3248 3108 3301 τοιαῦτα
3123 3246 3478 3317 λογιζόμενος,
3494 3244 3586 3298 καὶ

2026 3343 2167 3396 οὕτω
2191 3340 2600 3411 πυνθανόμενος,
2623 3339 2798 3408 πολλῷ
2813 3338 3008 3409 μᾶλλον
3039 3338 3135 3410 τὴν
3159 3339 3348 3409 μανίαν
3367 3337 3587 3408 μείζονα

2027 3433 2094 3486 ἂν
2122 3431 2231 3502 ἔχοι
2292 3430 2423 3502 (74),
2450 3431 2530 3484 ὅτι
2583 3430 2672 3483 τὸν
2697 3433 2759 3483 ἐκ
2793 3429 2887 3483 τοῦ
2943 3429 3154 3501 Πατρὸς
3179 3430 3345 3498 Λόγον
3391 3429 3585 3495 ἔξωθεν

2029 3523 2174 3595 αὐτῷ
2198 3524 2495 3592 ἐπεισάγει,
2530 3522 2622 3575 καὶ
2676 3523 2736 3574 τὸ
2784 3521 2940 3590 φύσει
2984 3522 3226 3592 γέννημα
3276 3522 3351 3584 ὡς
3378 3521 3585 3592 ποίημα

2029 3615 2324 3683 σκιαλογών
2354 3615 2460 3685 (75)
2482 3613 2647 3682 λέγει,
2679 3614 2790 3666 Οὐκ
2804 3609 2869 3684 ἦν
2909 3613 3037 3684 πρὶν
3074 3612 3322 3683 γεννηθῇ.
3366 3612 3585 3665 Ἀκουὲ-

2029 3719 2208 3758 τωσαν
2270 3705 2324 3758 δὲ
2349 3705 2497 3776 ὅμως
2525 3705 2619 3758 καὶ
2663 3704 2796 3776 πρὸς
2826 3703 2923 3776 τὴν
2957 3703 3220 3776 ἐρώτησιν
3256 3703 3452 3768 αὐτῶν,
3499 3706 3583 3757 ὅτι

2042 3797 2101 3849 '0
2129 3795 2202 3849 ὢν
2251 3796 2439 3867 Πατὴρ
2465 3795 2556 3850 τὸν
2593 3796 2720 3848 ὄντα
2763 3795 2888 3850 Υίὸν
2938 3796 3209 3865 ἐποίησεν.
3240 3795 3300 3848 '0
3336 3795 3442 3866 γὰρ
3470 3796 3585 3848 Ad-

2030 3905 2133 3958 γος
2162 3887 2317 3954 σὰρξ
2339 3886 2593 3954 ἐγένετο,
2619 3887 2711 3939 καὶ
2741 3885 2870 3939 ὄντα
2903 3886 3063 3939 αὐτὸν
3087 3885 3211 3939 Υἱὸν
3242 3885 3374 3938 Θεοῦ
3399 3885 3586 3957 ἐποίη-

2033 3995 2124 4032 σεν
2149 3981 2240 4032 ὲπὶ
2256 3980 2534 4050 συντελείᾳ
2548 3979 2652 4032 τῶν
2670 3979 2876 4032 αἰώνων
2899 3981 2990 4032 καὶ
3006 3979 3130 4031 Υίὸν
3150 3977 3429 4049 ἀνθρώπου
3453 3978 3584 4048 (76),

2031 4071 2081 4122 εί
2115 4069 2188 4141 μὴ
2240 4070 2345 4140 ἄρα
2391 4071 2529 4124 κατὰ
2583 4071 2672 4124 τὸν
2731 4070 3045 4140 Σαμοσατὲα
3077 4069 3209 4140 μηδὲ
3262 4064 3398 4122 εῖναι
3428 4068 3587 4121 αὑτὸν

2031 4161 2159 4231 πρὶν
2223 4161 2502 4232 ἄνθρωπον
2557 4160 2806 4230 γενέσθαι
2853 4161 3073 4213 εἴποιεν.
3134 4161 3242 4213 Καὶ
3292 4159 3424 4229 πρὸς
3490 4159 3587 4230 μὲν

2033 4253 2131 4322 τὴν
2154 4250 2374 4323 πρώτην
2427 4253 2607 4306 αὐτῶν
2650 4250 2912 4324 ἐρώτησιν
2956 4250 3114 4306 ίκανά
3141 4250 3309 4305 ταῦτα
3365 4254 3493 4322 παρ’
3523 4255 3588 4324 ή-

2037 4361 2168 4414 μων.

454 4673 566 4746 (66)
608 4672 699 4729 Sic
746 4673 900 4746 Begu,
941 4672 1246 4746 Basiliens_.,
1291 4673 1592 4746 Anglican;
1617 4672 1930 4746 et_l*‘elc._5_.
1966 4677 2008 4730 D
2038 4688 2224 4746 omnes
2275 4674 2534 4746 mss.,_‘0
2552 4672 2682 4743 γάρ,
2709 4680 2814 4746 etc.
2857 4669 3036 4725 Editio
3065 4668 3349 4733 Commel.,
3393 4669 3449 4723 '0
3481 4668 3590 4740 γὰρ

382 4742 733 4809 Δι’ὃεᾳιιετη
777 4742 846 4797 ’0⁷⁷
875 4744 949 4796 ὣν
989 4744 1138 4806 Θεὸς,
1181 4742 1256 4797 ὢν
1299 4744 1510 4812 γέγονε.
1552 4743 1690 4796 Editi
1730 4753 1784 4796 et
1817 4743 1931 4805 alii,

394 4818 452 4870 Ὁ
475 4814 547 4868 ὢν
570 4815 701 4878 Θεὸς
743 4814 838 4868 καὶ
864 4815 962 4867 οὐκ
1005 4812 1078 4867 ὢν
1103 4813 1310 4882 γέγονε.
1352 4813 1520 4867 Paulo
1557 4821 1681 4882 post
1730 4812 1933 4881 Segue-

387 4889 523 4941 rian.
560 4885 772 4940 Gobler.
815 4882 959 4938 Felc.
999 4884 1049 4946 1,
1085 4883 1488 4954 μηᾷενὸςίδντος
1514 4884 1792 4954 πρότερον.

455 4955 586 5026 (6η
608 4956 856 5026 Seguer._,
885 4951 1282 5026 Goliler.,_b‘elc.
1304 4953 1353 5026 l,
1373 4951 1594 5026 πλείων.
1616 4951 1798 5006 Basili.
1825 4954 1930 5026 Λιι-

387 5022 535 5094 glie.,
559 5022 705 5092 Reg:
723 5034 778 5094 et
814 5022 958 5094 Fele.
999 5023 1052 5088 5,
1095 5023 1272 5094 πλέον.
1310 5022 1737 5094 Ιυὶίίζδεςυειδη
1774 5024 1933 5092 ὁμοία

386 5091 448 5162 γε
477 5097 564 5164 τῇ,
589 5091 691 5149 etc.
723 5093 847 5147 Mox
891 5093 1053 5158 idem,
1087 5091 1303 5148 Gobler.
1347 5102 1402 5147 et
1440 5093 1582 5147 Fele.
1625 5093 1678 5157 1,
1719 5091 1935 5146 Ὁπότε-

389 5181 478 5235 ρον
491 5164 611 5235 -γάρ
632 5166 852 5235 εἴπωσι.

459 5231 702 5302 (68)’5ὶε
740 5248 872 5287 mss.
896 5240 1090 5303 praeter
1119 5231 1262 5287 Fele.
1294 5231 1349 5294 2,
1383 5232 1436 5285 in
1471 5246 1592 5303 quo_
1607 5240 1660 5286 et
1694 5232 1748 5286 in
1774 5232 1934 5287 editis

387 5303 602 5374 desunt,
627 5305 690 5355 Εί
719 5304 776 5356 δὲ
796 5305 868 5374 -τὸ
890 5301 1060 5366 οὕτως
1085 5303 1288 5374 ἐρωτᾷν
1313 5303 1440 5374 περὶ
1463 5301 1596 5374 Θεορ
1621 5303 1934 5374 βλάσφημον

391 5321 602 5362 desunt,
628 5321 690 5355 ut
719 5321 776 5356 οε
807 5321 868 5356 το
890 5321 1060 5366 ουτως
1085 5321 1288 5374 ερωτᾳν
1313 5321 1440 5382 περι
1463 5321 1595 5354 σεου
1621 5321 1934 5426 ρλασφημον

391 5373 480 5424 καὶ
501 5372 660 5425 πλέον
682 5372 932 5436 ἀσεϐείας
973 5374 1106 5428 ἐστί.
1140 5373 1446 5428 Goblerlan.
1471 5382 1524 5425 et
1556 5370 1701 5426 Felc.
1734 5374 1785 5437 1,
1875 5389 1935 5426 n-

389 5443 585 5513 glican.
609 5451 670 5513 _et
699 5441 906 5513 Basili"
933 5442 1093 5513 πλέον
1122 5444 1299 5513 πάσης
1320 5441 1586 5513 ἀσεϐείας.

462 5509 574 5580 (69)
603 5511 695 5566 Sic
718 5509 930 5565 Gobler.
956 5523 1010 5566 et
1035 5509 1696 5579 [εέιε.1.Ἀι8εκυει·ἱεη.,
1720 5511 1778 5566 δν
1797 5513 1940 5564 ἐστιν

390 5582 595 5644 ἀϊδίως.
635 5580 776 5635 Editi
797 5589 852 5634 et
877 5581 988 5643 alii,
1021 5582 1095 5634 ὢν
1132 5585 1245 5635 ὲστι
1277 5582 1369 5634 καὶ
1392 5581 1592 5644 ἀϊδίως.

470 5650 585 5723 (10)
618 5649 873 5723 §eguer.,
895 5649 1191 5723 Gobleraet
1214 5649 1361 5723 Fele.
1384 5650 1519 5723 1,65
1537 5651 1706 5723 αὐτοῦ
1722 5650 1870 5723 liveat.

461 5719 575 5793 (71)
612 5719 848 5792 δίοδος.
886 5719 954 5776 At
994 5719 1182 5786 Basil.,
1228 5720 1390 5788 αὐτῷ.
1415 5721 1585 5788 Edili,
1621 5720 1784 5787 αὐτῷ.
1819 5719 1937 5772 Mox

2039 4744 2156 4806 ἐάν,
2195 4752 2298 4812 etc.
2341 4743 2418 4796 lh.
2452 4742 2697 4812 Seguer.,
2721 4742 2804 4794 ἄν.

2111 4812 2221 4885 ('72)
2257 4811 2504 4878 Seguer.,
2623 4810 2912 4885 σώφρονος..
2933 4809 3267 4885 _Mox_ide_m,
3291 4807 3505 4885 Gobler.
3535 4818 3588 4863 et

2042 4878 2272 4952 Felekm.
2302 4885 2350 4944 1,
2378 4878 2776 4952 νομισθήσεται.
2809 4879 2955 4952 Eryli
2973 4889 3025 4952 et
3053 4879 3163 4943 alii,
3189 4878 3583 4952 λογισθῄξσεται.

2115 4953 2221 5021 (75)
2252 4951 2342 5007 Sic
2371 4947 2598 5021 segucr.
2622 4960 2675 5004 et
2705 4949 2835 5021 Reg.
2866 4949 3003 5001 Editi
3037 4947 3584 5021 autemﬁoﬁuéﬁtBOsv.

2041 5017 2212 5076 Paulo
2241 5031 2361 5090 post
2403 5017 2648 5088 segnem,
2671 5019 2848 5090 οὕτως
2869 5021 2897 5070 ὁ
2916 5020 3066 5090 ’περὶ
3111 5019 3202 5090 τοζι
3236 5019 3383 5072 Υἱοῦ.
3404 5087 3412 5090 Α
3431 5017 3584 5090 ch.,

2037 5092 2206 5153 οὕτως
2242 5087 2342 5161 ὅςκαὶ
2370 5094 2397 5144 6
2439 5087 2566 5161 περὶ
2598 5089 2692 5142 τοῦ
2724 5089 2872 5142 Υἱοῦ.
2914 5087 3088 5154 Editi,
3129 5087 3301 5152 οὕτως
3332 5087 3425 5141 καὶ
3462 5089 3588 5158 περὶ

2038 5162 2129 5216 τοῦ
2159 5160 2308 5214 Υίοῦ.

2109 5231 2220 5300 (74)
2261 5230 2352 5284 Sic
2395 5229 2621 5300 chllel'._
2661 5229 2728 5283 At
2760 5226 3346 5300 thlcr._et__Fele_km.
3383 5227 3450 5300 1,
3482 5227 3588 5300 Δτὴν

2043 5296 2235 5373 μανίαν
2269 5296 2484 5373 μεςονα
2512 5297 2576 5351 ἂν
2598 5297 2728 5373 ἔχει.
2759 5298 2913 5373 Reg,
2935 5296 3110 5373 πολλῷ
3136 5296 3354 5373 μείζονα
3377 5297 3588 5373 ειν-ἀτι-

2088 5339 3354 5443 zggagjaaa,“eos;“gaiiaiggg's.':gg;.zgz
3373 5339 3592 5437 ,ῑέίξοςα

2079 5459 2108 5494 ν
2129 5436 2466 5512 νέχόίζζΡειυΙυ
2494 5448 2614 5508 post
2647 5436 3116 5512 Seguer.,_é_€_t005v
3142 5436 3326 5512 αρτοῦ.
3379 5436 3414 5512 ⁷.
3502 5500 3528 5512 _

2142 5503 2228 5578 73)
2271 5503 2515 5579 Seguerf,
2545 5503 3030 5579 OXIGXO'YLDV.#E0i_I.i
3059 5516 3112 5562 et
3141 5503 3588 5579 9|ii_.})€t0?.01’£0?.

2139 5571 2225 5644 76)
2266 5571 2510 5649 Seguer.,
2535 5571 2827 5649 GoblerIet
2865 5576 3096 5649 Eelckm.
3133 5576 3192 5642 1,
3222 5576 3348 5628 Υίὸν
3390 5571 3596 5643 ἀνθρώ-

2048 5645 2168 5705 που.
2191 5645 2498 5717 ΕάἱιίξΥἱὸν
2527 5648 2686 5704 αὑτὸν
2716 5645 3018 5718 ἀνθρώπου.
