3972 6224
336 319 402 374 65
1449 319 1706 375 ORATIO
1745 320 1763 374 Ι
1801 318 2082 376 CONTRA
2122 320 2442 375 ABIANOS.
3468 322 3535 376 66

334 435 577 490 culorum
623 432 748 489 fecit
790 435 960 489 lilium
1005 436 1284 491 hominis:
1322 438 1424 491 nisi
1456 439 1593 496 forte
1622 455 1747 494 cum
1783 439 2158 496 Samosatensi
2219 438 2582 508 reSpondcant
2629 438 2778 494 illum
2810 455 2916 492 non
2943 439 3092 509 prius
3160 438 3327 496 fuisse
3374 455 3533 507 quam

333 528 495 582 homo
522 526 690 580 ﬁeret.
737 525 804 582 Et
849 530 961 585 haec
991 529 1205 598 quidem
1234 531 1366 586 satis
1397 532 1506 587 sint
1543 534 1610 587 ad
1646 535 1877 604 primam
1911 536 2127 589 illorum
2161 533 2663 604 interrogationem.

398 614 487 670 26.
529 617 714 687 Ὑμεῖς
739 616 817 681 δὲ,
851 611 896 670 ὦ
937 619 1218 689 Ἀρειανοὶ,
1245 621 1352 673 τῶν
1392 621 1532 675 ἰδίων
1563 624 1766 676 ὲαυτῶν
1798 626 1881 693 ρηα

2061 623 2151 676 26.
2192 623 2296 678 Vos
2324 632 2526 688 autem,
2561 639 2594 678 ο
2623 623 2832 687 Ariani,
2860 623 3105 692 proprias
3135 633 3340 680 vestras
3369 638 3525 680 vocuo

334 705 517 777 μάτων
566 705 676 776 (77)
715 707 1158 776 μνημονεύοντες,
1206 710 1413 762 εἴπατεο
1451 710 1510 762 '0
1538 709 1612 763 ὢν
1667 709 1759 763 τοῦ
1812 711 1886 780 μὴ

327 795 477 860 θντος
509 795 734 868 ἔχρῃζεν
762 800 840 861 είς
874 799 970 870 τὴν
1019 800 1126 853 τῶν
1165 800 1378 854 πάντων
1427 800 1800 872 δημιουργίαν,
1851 800 1884 872 ἢ

327 888 477 954 δντος
501 890 664 943 αὐτοῦ
691 890 948 961 ἔχρῃζεν;
973 891 1241 963 Είρήκατε
1263 892 1390 964 γὰρ,
1425 896 1686 963 Ὀργανον
1711 891 1886 962 ἑαυτῷ

325 981 414 1034 τὸν
442 981 570 1033 Υιδν
599 982 666 1034 ἐκ
685 982 777 1036 τοῦ
815 984 888 1055 μὴ
913 983 1060 1046 ὄντος
1081 983 1494 1046 κατεσκεύασεν,
1518 983 1604 1036 ἵνα
1627 984 1693 1036 δι’
1723 982 1884 1035 αὑτοῦ

327 1073 528 1141 ποιήσῃ
565 1069 633 1123 τὰ
663 1071 858 1124 πάντα.
897 1071 959 1123 Τί
1003 1067 1095 1124 οῦν
1127 1073 1238 1124 ἐστι
1275 1071 1386 1140 (78)
1417 1071 1640 1141 βέλτιον,
1674 1071 1732 1124 τὺ
1755 1075 1886 1142 χρῇ-

328 1159 440 1224 ζον,
470 1160 502 1231 ἢ
530 1160 590 1213 τὸ
626 1162 726 1230 τὴν
772 1162 957 1234 χρείαν
1005 1162 1380 1234 ἁναπληροῦν;
1435 1163 1466 1234 ἢ
1510 1165 1788 1235 ἀμφότερα
1818 1163 1886 1217 τὰ

325 1251 569 1305 ἐνδέοντα
599 1252 842 1324 ἀλλήλων
875 1255 1280 1327 ἀναπληροῦσι;
1313 1256 1545 1309 Τοιαῦτα
1563 1257 1670 1328 γὰρ
1700 1257 1884 1324 λέγονο

325 1361 433 1407 τες,
488 1343 584 1397 τοῦ
635 1347 1133 1410 κατασκευάσαντος
1191 1348 1300 1418 (79)
1363 1347 1559 1418 μᾶλλον
1605 1347 1882 1402 ἀσθένειαν

322 1435 612 1499 δεικνύετε,
634 1439 684 1490 εί
720 1438 794 1508 μὴ
824 1438 915 1489 καὶ
947 1437 1105 1507 μόνος
1139 1439 1324 1508 ἴσχυσε
1386 1440 1784 1510 δημιουργήσαι
1817 1438 1884 1492 τὰ

324 1527 519 1590 πάντα,
574 1527 685 1580 ἀλλ’
720 1528 915 1595 ἔξωθεν
953 1528 1130 1599 ἐαυτῷ
1181 1530 1404 1600 ὄργανον
1435 1533 1655 1592 ἐπινοεῖ,
1699 1531 1882 1602 ὥσπρ

322 1619 524 1672 τέκτων
562 1619 893 1690 ἢναυπηγὸς
933 1641 1034 1687 τις,
1090 1624 1163 1694 μὴ
1189 1622 1480 1692 δυνάμενος
1510 1621 1683 1676 ὁτιοῦν
1719 1623 1882 1692 ἐργά-

321 1710 515 1763 σασθαι
548 1710 658 1782 (80)
719 1713 888 1783 χωρὶς
938 1717 1238 1785 σκεπάρνου
1271 1716 1364 1768 καὶ
1396 1715 1630 1782 πρίονος.
1682 1715 1744 1766 Τί
1791 1710 1882 1767 οὖν

317 1801 504 1854 τούτου
528 1801 912 1873 ἀσεϐέστερον;
939 1806 1007 1858 Ἦ
1034 1806 1085 1857 τί
1104 1807 1182 1859 δεῖ
1205 1804 1494 1876 διατρίϐειν
1517 1805 1650 1868 ὅλως
1675 1808 1732 1858 ἐν
1763 1804 1883 1858 τού-

319 1908 426 1955 τοις
453 1893 529 1956 ὠς
559 1893 771 1958 δεινοῖς,
807 1896 1090 1968 αὑταρκῶν
1122 1895 1288 1949 ὅντων
1319 1895 1427 1949 τῶν
1469 1896 1881 1967 προειρημένων

1986 714 2065 768 las
2096 717 2355 768 memoria
2387 724 2722 784 repetentes,
2754 715 2908 769 nobis
2929 716 3041 784 jam
3080 715 3536 786 interrogantibus

1986 805 2324 874 respondete.
2355 805 2458 870 Qui
2491 815 2573 860 est
2599 821 2756 872 eone,
2785 806 2878 874 qui
2915 822 3020 860 non
3055 816 3191 868 erat,
3236 807 3530 876 indigebat,

1985 905 2046 948 ut
2073 910 2160 950 res
2187 911 2373 950 omnes
2401 905 2727 964 procrearet,
2751 913 2818 950 an
2845 896 3057 962 eodem,
3083 913 3204 952 cum
3230 898 3339 967 jam
3369 908 3530 962 esset,

1983 999 2120 1053 opus
2138 986 2359 1040 habuit?
2387 985 2608 1042 Dixistis
2632 988 2776 1040 enim
2808 986 3022 1042 Patrem
3043 1003 3110 1042 ex
3137 988 3308 1042 nihilo
3333 988 3529 1046 Filium

1985 1078 2086 1132 sibi
2130 1085 2389 1146 tanquam
2441 1079 2861 1133 instrumentum
2917 1094 3295 1149 comparasse.
3333 1091 3388 1136 ut
3440 1096 3534 1151 per

1983 1184 2108 1222 eum
2142 1170 2324 1223 omnia
2362 1168 2614 1225 ediceret.
2665 1171 2799 1236 Quis
2850 1172 3013 1241 igitur
3049 1174 3391 1241 praestantior
3422 1173 3538 1228 est?

1983 1259 2107 1314 Isne
2155 1257 2248 1326 qui
2295 1258 2519 1329 indiget,
2553 1274 2622 1313 an
2676 1261 2766 1328 qui
2819 1262 3168 1332 indigentiam
3198 1264 3416 1331 explet?
3450 1263 3533 1318 An

1983 1349 2144 1406 ambo
2173 1363 2293 1418 qua:
2324 1350 2426 1404 sibi
2451 1352 2663 1416 desunt,
2693 1361 2879 1406 mutuo
2920 1354 3373 1409 subministrant?
3397 1353 3534 1410 Nam

1982 1456 2106 1494 cum
2145 1441 2246 1495 ista
2279 1442 2481 1505 dicitis,
2509 1442 2647 1511 ejus,
2685 1444 2776 1512 qui
2808 1446 3220 1499 instrumentum
3248 1447 3348 1500 sibi
3379 1447 3534 1501 adhi-

1983 1531 2118 1595 buit,
2149 1531 2574 1586 imbecillitatem
2603 1534 2909 1588 evidentius
2935 1535 3237 1600 ostenditis,
3271 1536 3316 1592 si
3343 1551 3534 1607 nempe

1981 1622 2131 1678 solus
2157 1621 2338 1676 omnia
2375 1637 2480 1675 non
2524 1625 2762 1692 potuerit
2793 1624 3022 1688 eliicere,
3063 1627 3156 1680 sed
3198 1628 3533 1684 extrinsecus

1981 1711 2246 1781 paraverit
2295 1712 2396 1766 sibi
2448 1712 2890 1778 instrumentum,
2927 1715 3086 1770 veluti
3135 1714 3283 1770 faber
3313 1718 3531 1786 quidam

1981 1812 2075 1854 aut
2128 1802 2345 1855 navium
2407 1800 2720 1865 fabricator,
2759 1803 2853 1871 qui
2905 1803 3038 1856 nihil
3098 1803 3216 1859 sine
3261 1807 3435 1859 securi
3480 1814 3535 1859 et

1982 1907 2131 1946 serra
2165 1901 2371 1961 queunt
2391 1892 2619 1948 eIIicere.
2651 1892 2781 1959 Quae
2807 1893 2981 1963 major
3010 1897 3180 1964 possit
3203 1911 3323 1951 esse
3345 1897 3534 1965 impie-

317 1982 500 2049 δεῖξαι,
526 1985 824 2052 φαντασίαν
852 1986 1007 2055 μόνον
1036 1983 1175 2041 εἶναι
1211 1986 1278 2040 τὰ
1338 1988 1465 2059 παρ’
1497 1987 1708 2052 aias-(Tw;
1741 1988 1881 2058 Πρὸς

1983 1984 2100 2036 tas?
2138 1982 2227 2035 Vel
2261 1983 2390 2051 quid
2421 1983 2507 2037 hic
2533 1984 2737 2038 diutius
2767 1985 3090 2049 insistimus,
3120 1988 3274 2056 quasi
3308 1987 3422 2042 haec
3443 2004 3534 2044 es-

317 2075 371 2128 δὲ
391 2076 488 2147 τὴν
518 2076 710 2147 ἑτέραν
740 2078 919 2130 αὐτῶν
951 2079 1114 2150 εὐήθη
1168 2080 1306 2133 πάνυ
1357 2081 1448 2133 καὶ
1480 2080 1664 2152 μωρὰν
1694 2079 1878 2144 ἐξέτα-

318 2184 417 2233 σιν,
451 2171 519 2238 ἦν
548 2170 685 2240 πρὸς
703 2170 772 2225 τὰ
805 2172 1126 2242 γυναικάρια
1152 2172 1443 2236 ποιοῦνται,
1472 2173 1623 2224 οὐδὲν
1648 2173 1745 2243 μὲν
1779 2174 1882 2228 πά-

315 2255 393 2309 λιν
424 2257 546 2310 οὐδὲ
571 2259 700 2329 περὶ
752 2257 954 2330 ταύτης
1007 2261 1172 2332 ἐχρῆν
1218 2261 1632 2332 ἀποκρίνασθαι,
1660 2261 1692 2331 ἢ
1725 2262 1881 2316 τοῦτο

318 2346 474 2416 μόνον
501 2346 530 2400 ὃ
559 2349 654 2402 καὶ
701 2351 759 2402 ἐν
806 2351 918 2412 τοῖς
963 2348 1266 2421 ἔμπροσθεν
1315 2351 1636 2423 εἰρήκαμεν,
1676 2351 1756 2405 ὅτι
1805 2353 1878 2424 μὴ

314 2438 429 2491 δέον
466 2439 582 2510 (81)
611 2439 710 2512 τὴν
755 2443 820 2495 ὲκ
847 2443 940 2497 τοῦ
979 2442 1113 2496 Θεοῦ
1163 2442 1414 2514 γέννησιν
1457 2445 1787 2514 συμμετρεῖν
1813 2446 1877 2515 τῇ

313 2528 416 2583 τῶν
438 2529 740 2601 ἀνθρώπων
775 2533 964 2603 φύσει.)
984 2535 1098 2588 Ἵνα
1128 2533 1184 2586 δὲ
1209 2534 1358 2604 ὅμως
1399 2534 1491 2586 καὶ
1511 2535 1566 2586 ὲν
1586 2533 1758 2604 τούτῳ
1785 2551 1881 2587 κα·-

314 2621 581 2688 ταγνῶσιν
610 2623 836 2688 ἑαυτῶν,
869 2624 1030 2678 καλὸν
1084 2628 1148 2678 ἐκ
1197 2625 1302 2678 τῶν
1335 2625 1512 2678 αὐτῶν
1564 2625 1674 2695 (82)
1719 2627 1880 2680 πάλιν

313 2711 481 2776 οὔτως
505 2714 688 2778 αὐτοῖς
709 2716 1036 2787 ἀπαντῆσαι.
1061 2718 1232 2780 Ὅλως
1265 2719 1313 2770 εί
1350 2718 1475 2788 περὶ
1507 2716 1636 2770 Υίοῦ
1673 2719 1879 2773 πυνθά-

315 2819 489 2856 νονται
521 2805 744 2873 γονέων,
775 2807 1212 2879 ἐνθυμείσθωσαν
1243 2807 1402 2862 πόθεν
1429 2810 1546 2863 ἐστὶ
1590 2810 1650 2863 τὸ
1677 2810 1878 2879 γεννώ-

320 2912 474 2965 μενον
502 2897 710 2951 τέκνον.
747 2899 808 2951 Εἰ
841 2898 949 2970 γάρ
979 2900 1070 2954 καὶ
1125 2901 1224 2953 οὐκ
1253 2897 1396 2971 εἶχεν
1448 2900 1478 2951 ὁ
1529 2902 1717 2968 γονεὺς
1766 2902 1878 2954 υίὸν

316 2992 441 3061 πρὶν
463 2992 720 3062 γεννήσῃο
751 2990 863 3043 ἀλλ’
890 2987 1154 3060 ἐσχηκὼς,
1209 2990 1308 3042 οὐκ
1359 2986 1553 3052 ἔξωθεν
1576 2989 1698 3042 οὐδὲ
1723 2989 1878 3042 ἁλλό-

315 3096 480 3151 τριον,
504 3081 617 3133 ἀλλ’
647 3080 705 3144 ἐξ
730 3079 919 3133 ἑαυτοῦ
960 3081 1068 3148 (85)
1117 3080 1209 3133 καὶ
1243 3080 1369 3132 ἴδιον
1417 3079 1516 3150 τῆς
1549 3081 1735 3144 οὐσίας
1786 3081 1880 3134 καὶ

317 3171 728 3240 ἀπαράλλακτον
756 3173 910 3242 ἔσχεν
957 3172 1156 3235 εἰκόνα,
1191 3170 1328 3224 ὥστε
1371 3171 1556 3224 τοῦτον
1605 3173 1660 3226 ἐν
1689 3173 1879 3243 ἐκείνῳ

317 3262 632 3333 βλέπεσθαι,
671 3266 917 3318 κάκεῖνον
947 3265 1003 3317 ἐν
1025 3262 1559 3334 τούτῳθεωρείσθαι.
1599 3264 1662 3316 El
1701 3265 1878 3318 τοίνυν

315 3355 368 3406 ἐν
395 3354 505 3408 τῶν
533 3355 888 3426 ἀνθρωπίνων
917 3354 1368 3426 παραδειγμάτων
1423 3353 1532 3425 (84)
1567 3354 1658 3407 τὸν
1688 3355 1877 3426 χρόνον

315 3446 414 3498 τῶν
437 3445 750 3515 γεννώντων
802 3447 1153 3518 λαμϐάνουσι,
1187 3446 1275 3499 διὰ
1317 3447 1370 3498 τί
1409 3445 1480 3517 μὴ
1529 3449 1592 3499 ἐκ
1632 3447 1738 3500 τῶν
1777 3449 1876 3501 αὐο

313 3536 416 3590 τῶν
446 3538 556 3608 (85)
603 3539 698 3592 καὶ
733 3538 794 3591 τὸ
826 3540 965 3592 κατὰ
993 3538 1149 3609 φύσιν
1190 3539 1284 3592 καὶ
1332 3537 1392 3592 τὸ
1432 3538 1560 3593 ἴδιον
1589 3538 1880 3610 ἐνθυμοῦν-

313 3645 399 3681 ται
429 3628 537 3682 τῶν
565 3628 770 3683 τέκνων
793 3629 928 3700 πρὸς
974 3631 1100 3694 τοὺς
1127 3630 1337 3698 γονέας,
1391 3629 1526 3682 ἀλλὰ
1572 3631 1710 3684 κατὰ
1754 3631 1880 3694 τοὺς

314 3719 463 3787 δσεις
496 3721 656 3789 μόνον
711 3720 772 3772 τὸ
825 3721 956 3792 πρὸς
981 3721 1072 3774 τὸν
1106 3721 1180 3774 ἰὸν
1202 3721 1500 3792 ἐπιτήδειον
1533 3723 1597 3773 ἐκ
1649 3722 1744 3791 τῆς
1778 3723 1879 3792 γῆς

317 3809 643 3876 ἐκλέγοντας
667 3809 808 3862 Ἔδει
823 3810 878 3863 δὲ
895 3810 1320 3880 πυνθανομένους
1341 3811 1534 3872 αὐτοὺς
1553 3809 1750 3878 γονέων
1769 3810 1878 3881 (86)

318 3901 406 3952 καὶ
430 3900 705 3969 λέγοντας,
726 3901 838 3953 Οὐκ
866 3896 1006 3970 εἶχες
1029 3901 1138 3953 υἱὸν
1167 3902 1293 3971 πρὶν
1319 3901 1578 3972 γεννήσῃς
1606 3917 1620 3965 ;
1641 3899 1882 3970 προσθεῖ-

316 4008 399 4044 ναι
461 3993 557 4046 καὶ
606 3992 798 4054 εἰπεῖν,
841 3991 962 4046 Ἐὰν
999 3991 1056 4044 δὲ
1091 3995 1223 4062 σχῇς
1253 3993 1386 4055 υἱὸν,
1440 3987 1548 4061 ἆρά
1578 4008 1640 4061 γε
1683 3989 1878 4055 ἔξωθεν

316 4080 501 4154 ὥσπερ
524 4082 722 4146 οἰκίαν,
753 4083 787 4152 ἦ
811 4099 862 4135 τι
890 4082 1072 4154 ἓτερον
1117 4084 1298 4153 κτῆμα
1331 4081 1646 4159 ἀγοράζεις
1677 4082 1764 4135 ἴνα
1797 4099 1878 4135 σοι

318 4171 695 4241 ἀποκρίνηται’
733 4172 846 4223 Οὐκ
875 4170 1092 4236 ἔξωθεν,
1119 4171 1230 4224 ἀλλ’
1253 4171 1310 4236 ἐξ
1338 4170 1470 4241 ἐμοῦ
1500 4172 1633 4223 ἐστι.
1667 4170 1746 4222 Τὰ
1780 4171 1878 4241 μὲν

316 4259 420 4328 γὰρ
440 4257 638 4322 ἔξωθεν
661 4259 912 4329 κτήματά
939 4259 1074 4322 ἐστι,
1105 4260 1196 4311 καὶ
1223 4259 1314 4327 ἀφ’
1346 4257 1530 4330 ἐτέρου
1567 4259 1646 4320 είς
1691 4257 1880 4330 ἓτερον

322 4350 712 4420 μετέρχεται·ὁ
763 4348 820 4400 δὲ
868 4348 978 4413 υἱὸς
1026 4349 1086 4413 ἐξ
1138 4348 1269 4419 ἐμοῦ
1327 4351 1461 4413 ἐστι,
1493 4349 1584 4402 καὶ
1615 4348 1716 4418 τῆς
1744 4349 1881 4418 ἐμῆς

322 4440 498 4502 ὠσίας
523 4440 652 4503 ἴδιος
685 4438 779 4492 καὶ
796 4440 999 4510 ὅμοιος,
1026 4441 1123 4493 οὐκ
1153 4441 1245 4509 ἀφ’
1269 4441 1454 4512 ἐτέρου
1483 4443 1562 4503 είς
1605 4440 1705 4510 ἐμὲ
1727 4456 1883 4508 γεγο-

324 4529 419 4594 νὼς
463 4531 594 4603 (87),
635 4531 748 4585 ἀλλ’
792 4530 852 4596 ἐξ
910 4529 1042 4602 ἐμοῦ
1085 4532 1496 4602 γεγεννημένος·
1549 4533 1626 4584 διὸ
1676 4533 1769 4586 καὶ
1824 4534 1880 4584 ἐν

324 4624 507 4695 ἐκείνῳ
532 4623 650 4687 ὅλος
671 4624 810 4695 είμὶ,
841 4623 1014 4694 μένων
1043 4623 1204 4686 αὐτὸς
1233 4624 1260 4676 ὃ
1283 4626 1416 4694 εἰμι.
1437 4623 1592 4677 Οὕτω
1619 4624 1725 4695 γὰρ
1743 4623 1876 4693 ἔχει’

391 4912 501 4996 (77)
532 4911 780 4997 Seguer.,
805 4912 1083 4985 ῥηματίων
1107 4913 1328 4970 τούτων.
1351 4914 1508 4968 Gobl.
1537 4924 1590 4968 et
1612 4913 1790 4968 Felclt.
1825 4915 1872 4978 Ι,
1908 4919 1950 4972 ι)

338 4984 591 5053 ῥημάτων
623 4984 847 5036 τούτων.

392 5051 500 5124 (⁷78)
528 5051 1144 5124 Sicﬁeguerqﬁobler"
1170 5054 1447 5124 Felcltnnl
1478 5061 1532 5108 et
1559 5052 1689 5124 Reg.
1712 5051 1873 5124 Editi,

331 5119 553 5195 Τίτίνος
589 5119 681 5195 ᾠν
703 5119 877 5195 -Ῑὲστι,
909 5134 1012 5180 etc.
1046 5125 1218 5195 Paulo
1248 5133 1370 5195 post
1408 5119 1876 5195 Seguer.;xps£av

331 5192 837 5266 amulqpoﬁvaid.
864 5195 1003 5250 idem
1036 5192 1283 5266 Seguerl,
1313 5192 1530 5266 Goblei'.
1565 5204 1618 5247 et
1637 5192 1870 5248 Felekm.

333 5263 381 5324 1,
402 5263 710 5336 άμφόςεερα.
747 5263 888 5336 Επιίᾷιὶ
922 5281 1048 5319 vero
1078 5263 1134 5320 et
1158 5266 1270 5336 alii,
1292 5264 1616 5336 (ἀμφότεροι.

332 5331 499 5464 (03:9)
541 5331 791 5404 Seguer.,
824 5334 1040 5390 Gobler.
1073 5344 1128 5390 et
1162 5331 1402 5390 Felckm.
1435 5331 1878 5400 1,’κατασκευά-

444 5420 520 5464 ος.

361 5416 520 5467 οντος.

398 5472 504 5546 (81))
545 5472 772 5546 Seguer.
798 5483 880 5546 (et
926 5472 1096 5546 Reg”
1139 5473 1490 5546 ἐργάσασθαι.
1550 5473 1785 5546 Gobler._
1824 5479 1877 5526 et

331 5536 550 5598 Felelrm.
591 5536 646 5610 I:
677 5536 1499 5615 ἐργάσεσθε,ἶηοιιιίοεο..Ειιὶιί,
1529 5542 1873 5618 ἐργάζεσθαι.

390 5613 494 5680 (81)
536 5614 794 5680 Seguer.,
820 5614 951 5669 δεῖν.

591 5631 794 5680 :guer.,
820 5631 951 5669 οειν.

391 5617 494 5684 (81)
536 5617 794 5686 Seguer.,
820 5617 951 5669 δεῖν.
1568 5617 1573 5618 “

391 5682 632 5757 (8‘2)_Sic
685 5682 1127 5757 Seguer.,liteg.,
1164 5683 1326 5757 Basil.
1351 5692 1406 5740 et
1432 5683 1675 5743 Felckm.
1720 5683 1774 5740 ὅ.
1818 5681 1876 5736 In

321 5753 469 5811 editis
491 5755 650 5812 deest
674 5753 880 5808 αὐτῶν.

1980 2081 2099 2126 sent
2129 2072 2363 2127 dillicilia
2384 2113 2398 2139 ,
2434 2088 2557 2127 cum
2589 2089 2654 2128 ex
2695 2075 2780 2129 his
2811 2090 2931 2145 quae
2960 2092 3123 2146 supra
3159 2078 3396 2134 diximus
3424 2079 3534 2133 cla-

1981 2167 2257 2222 rissimum
2292 2167 2364 2222 sit
2407 2183 2556 2222 mera
2589 2168 2804 2222 illorum
2853 2170 3052 2224 mentis
3079 2181 3380 2225 commenta
3414 2186 3533 2226 esse

1979 2273 2316 2328 quaecunque
2353 2257 2770 2328 proferunt?Ad
2793 2260 3016 2314 alteram
3055 2269 3234 2316 autem
3269 2252 3533 2319 insulsam

1980 2349 2268 2405 admodum
2289 2351 2618 2420 stultamque
2631 2366 2819 2405 eorum
2839 2353 3215 2421 quaastionem,
3229 2369 3391 2424 quam
3412 2369 3535 2425 pro-

1979 2456 2188 2511 ponunt
2219 2442 2575 2506 mulierculis,
2606 2442 2740 2495 nihil
2774 2459 2992 2513 quoque
3019 2445 3162 2498 aliud
3212 2448 3536 2515 respondere

1980 2538 2272 2596 oporteret,
2307 2545 2468 2599 quam
2516 2546 2637 2598 quae
2694 2547 2858 2600 supra
2895 2548 2926 2586 a
2957 2533 3113 2586 nobis
3142 2533 3254 2601 jam
3293 2544 3421 2589 sunt
3458 2536 3536 2590 di-

1979 2629 2086 2683 cta,
2122 2632 2314 2686 nempe
2341 2633 2448 2671 non
2481 2617 2676 2672 debere
2705 2634 2806 2674 nos
2838 2620 3078 2684 modum,
3114 2635 3224 2690 quo
3264 2621 3406 2678 Deus
3453 2625 3534 2693 gi-

1980 2711 2114 2781 gnit,
2144 2711 2427 2765 hominum
2465 2722 2660 2766 natura
2701 2713 2900 2766 metiri.
2943 2712 3013 2768 Ut
3039 2723 3216 2766 tamen
3250 2714 3411 2768 etiam
3447 2715 3535 2770 hic

1979 2802 2189 2871 seipsos
2219 2811 2486 2871 cogantur
2515 2802 2902 2867 condemnare,
2953 2802 3097 2858 haud
3131 2804 3198 2858 ab
3233 2819 3290 2858 re
3328 2806 3433 2860 erit
3467 2821 3530 2861 ex

1980 2893 2086 2958 his,
2121 2908 2242 2963 qua:
2271 2892 2372 2962 ipsi
2405 2901 2734 2962 proponunt,
2764 2893 2870 2948 illis
2900 2893 3002 2947 hoc
3034 2894 3196 2950 modo
3225 2909 3533 2950 occurrere.

1977 2981 2179 3054 Nempe
2208 2985 2254 3039 si
2290 2994 2542 3054 parentes
2583 2985 2650 3040 de
2681 2983 2820 3040 Filio
2849 2985 3015 3038 velint
3043 2999 3268 3054 prorsus
3301 2987 3534 3041 interro»

1979 3091 2126 3145 gare,
2183 3076 2485 3144 intelligant
2523 3077 2624 3146 ipsi
2669 3076 2811 3130 unde
2841 3077 2911 3130 sit
2959 3077 3103 3131 lilius
3149 3078 3242 3146 qui
3275 3078 3532 3148 gignitur.

1979 3167 2093 3223 Etsi
2124 3167 2268 3221 enim
2311 3168 2524 3238 genitor
2555 3167 2722 3220 tilium
2760 3183 2868 3220 non
2901 3167 3060 3222 habet
3092 3177 3378 3236 antequam
3409 3185 3532 3222 eum

1978 3259 2261 3329 genuerit:
2297 3270 2475 3314 tamen
2521 3270 2810 3328 postquam
2846 3275 2970 3314 eum
3006 3259 3276 3325 habuerit,
3325 3276 3431 3315 non
3473 3263 3535 3316 il-

1978 3347 2088 3401 lum
2119 3356 2265 3403 certe
2291 3347 2649 3412 extrinsecus,
2697 3361 2795 3401 nec
2826 3346 3083 3410 alienum,
3109 3349 3200 3404 sed
3231 3363 3298 3403 ex
3328 3351 3535 3418 seipse.

1979 3439 2366 3508 propriumque
2418 3454 2533 3492 suae
2575 3447 2805 3502 natura,
2861 3448 3022 3507 atquc
3061 3439 3144 3492 sui
3197 3439 3529 3497 simillimam

1979 3531 2268 3601 Imaginem
2315 3530 2524 3596 habuit,
2554 3531 2626 3583 ita
2659 3539 2716 3582 ut
2759 3530 2845 3583 ille
2873 3530 2924 3583 in
2961 3530 3096 3599 ipso,
3127 3540 3180 3584 et
3210 3533 3323 3601 ipse
3347 3533 3400 3586 in
3439 3533 3532 3588 illo

1978 3621 2243 3674 videatur.
2277 3618 2333 3672 Si
2379 3620 2542 3690 igitur
2591 3621 2846 3675 humanis
2892 3622 3150 3689 exemplis
3181 3630 3390 3690 tempus
3421 3624 3534 3692 gig-

1975 3711 2216 3765 nentium
2252 3710 2534 3772 deﬁniunt,
2561 3726 2658 3764 cur
2691 3727 2794 3764 non
2843 3727 2908 3765 ex
2955 3712 3144 3765 iisdem
3180 3712 3319 3765 ﬁlius
3342 3723 3533 3768 natura

1980 3802 2185 3856 similes
2214 3803 2567 3871 pr0priosque
2601 3817 2823 3856 suorum
2858 3811 3140 3871 parentum
3189 3818 3308 3855 esse
3352 3804 3532 3872 perci-

1979 3891 2166 3960 piunt;
2195 3892 2288 3945 sed
2321 3891 2480 3962 340
2521 3900 2829 3959 serpentum
2879 3906 3046 3952 more,
3077 3892 3127 3944 id
3180 3892 3353 3946 solum
3385 3894 3530 3962 quod

1979 3997 2188 4036 veneno
2213 3991 2396 4051 aptum
2426 3992 2508 4036 cst
2533 3990 2723 4035 eterra
2749 3981 3014 4048 seligunt?
3039 3981 3178 4037 Sane
3204 3999 3324 4036 cum
3348 3983 3422 4038 illi
3439 4000 3535 4054 pa-

1981 4083 2160 4128 rentes
2204 4073 2288 4129 his
2331 4074 2508 4128 verbis
2550 4073 2971 4143 interrogabant,
3017 4071 3332 4129 Habuistinc
3361 4076 3533 4131 ﬁlium

1980 4176 2266 4234 antequam
2303 4165 2587 4236 gigneres?
2623 4166 2736 4220 haec
2759 4174 3072 4232 Oportuerat
3097 4166 3313 4234 addere,
3343 4167 3399 4221 Si
3431 4169 3531 4222 lia-

1981 4257 2076 4312 bes
2105 4256 2296 4322 ﬁlium,
2336 4271 2464 4309 num
2497 4256 2856 4316 extrinsecus,
2887 4255 3034 4309 velut
3073 4255 3288 4310 domum
3320 4266 3413 4312 aut
3433 4257 3534 4312 ali-

1980 4347 2108 4415 quid
2147 4345 2295 4402 aliud
2335 4346 2512 4400 emis?
2550 4353 2609 4399 ut
2637 4345 2960 4400 scilicettibi
3002 4349 3373 4416 responderet,
3415 4347 3533 4403 Non

1979 4437 2343 4501 extrinsecus,
2372 4437 2465 4491 sed
2495 4451 2559 4490 ex
2591 4451 2677 4490 me
2706 4447 2808 4490 est.
2861 4435 2990 4502 Quae
3022 4438 3166 4492 enim
3194 4439 3536 4496 extrinsecus

1982 4529 2266 4592 habentur,
2300 4527 2668 4596 possessiones
2703 4535 2848 4592 sunt,
2871 4536 3030 4596 atque
3053 4529 3120 4583 ab
3145 4530 3251 4585 alio
3274 4531 3339 4585 ad
3365 4531 3529 4586 alium

1983 4626 2302 4672 transeunt:
2330 4627 2385 4672 at
2405 4616 2548 4671 ﬁlius
2575 4632 2639 4671 ex
2675 4633 2758 4672 me
2781 4627 2882 4683 est,
2916 4634 3153 4689 meaeque
3180 4629 3388 4676 natura:
3409 4637 3533 4690 pro-

2047 4909 2156 4982 (85)
2201 4909 2423 4982 Seguer.
2447 4948 2461 4976 ,
2497 4906 2985 4982 éE_égtutoii._Editi
3013 4915 3068 4960 et
3095 4906 3220 4982 alii,
3250 4906 3310 4969 ἐξ
3343 4903 3529 4982 αὐτοῦ.

2056 4975 2166 5050 (84)
2209 4975 2423 5050 Gobler.
2459 4986 2513 5032 et
2540 4977 2776 5050 Felckm.
2811 4979 2838 5031 1
2858 5019 2873 5043 ,
2897 4976 3244 5049 ἀνθρωπίνων
3274 4975 3533 5046 πραγμά-

1980 5048 2086 5104 των
2117 5048 2715 5120 καὶ-παραδειγμάτων.

2056 5120 2166 5187 (85)
2209 5118 2299 5173 Sic
2323 5111 2462 5173 'mss.
2486 5111 2634 5171 Ἰζάίιί
2667 5130 2826 5179 vero,
2856 5114 2946 5187 διὰ
2972 5114 3025 5167 τί
3068 5113 3172 5186 μὴν
3200 5112 3266 5166 ἐκ
3295 5111 3404 5165 τῶν
3437 5115 3536 5168 αὑ-

1981 5186 2115 5244 τῶν·
2155 5188 2333 5243 αὐτῶν
2368 5191 2521 5243 abest
2554 5204 2584 5241 a
2615 5187 2848 5240 Felckm.
2871 5186 2924 5237 2.

2052 5259 2162 5329 (86)
2203 5259 2294 5329 Sic
2335 5254 2466 5328 Reg.
2506 5268 2562 5312 et
2603 5256 2826 5329 Segnior.
2866 5255 2944 5329 At
2967 5251 3098 5306 editi
3117 5250 3368 5329 ,__at’_rroi)c
3409 5271 3538 5328 περι

2017 5322 2200 5383 ονέων.
2228 5327 2352 5383 Mox
2377 5322 2608 5398 Anglic"
2648 5322 2777 5394 πρὶν
2805 5323 3075 5398 ’γενήσῃςε
3101 5322 3255 5398 dhid.
3289 5322 3537 5398 Seguer.,

2035 5416 2144 5469 eg.,
2169 5397 2353 5469 Basilq
2390 5390 2622 5469 Anvglic;
2657 5390 3260 5469 προσθεῖναιζῖῗεῌιηι.
3298 5390 3516 5469 5,359”

1983 5461 2162 5539 θῆναι.
2209 5467 2400 5539 Editio
2429 5461 2738 5539 (Σιριιιιιιέε].ζΔ
2759 5461 3056 5532 προθεῖναι.
3105 5462 3330 5534 Seguer.
3379 5461 3537 5530 ibid.,

1981 5533 2050 5593 ἂν
2075 5539 2132 5591 δὲ
2169 5541 2301 5608 σχῇς
2337 5537 2448 5589 υἱὸν
2475 5537 2583 5608 ripa
2610 5533 2826 5608 ἐξωθεν.

2053 5608 2164 5674 (87)
2201 5599 2298 5661 ἓιῖο
2327 5621 2460 5660 mss.
2490 5599 2629 5658 Editi
2661 5599 3076 5674 νοτο,ᾲγέγονεν.
3105 5600 3466 5674 Mox_Anglic.
3489 5624 3538 5668 ει

1981 5669 2218 5732 Fclckm.
2268 5677 2335 5739 5,
2373 5673 2510 5735 ὅλως
2562 5671 2696 5742 εἰμί.
2755 5671 2886 5742 Ibid.
2939 5670 3188 5742 Seguer.,
3225 5669 3441 5728 GobIer.
3489 5695 3538 5740 ει

1981 5746 2219 5802 Felckm.
2248 5747 2300 5808 1,
2328 5743 2444 5806 ὅλος
2466 5743 2598 5813 εἰμί.
2620 5741 2780 5796 Οὕτω
2807 5741 2914 5812 γὰρ
2947 5741 3040 5795 καὶ
3074 5741 3204 5812 ἔχει.
