3972 6224
317 315 382 372 69
1423 319 1682 377 ORATIO
1721 321 1740 374 Ι
1777 319 2054 375 CONTRA
2087 319 2412 374 ABIANOS.
3465 329 3534 378 '70

313 435 552 506 διελέγχει
604 435 706 506 τὴν
759 436 1042 489 κακόνοιαν
1100 437 1294 490 αὐτῶν.
1351 439 1632 506 Ἐγνωσαν
1681 437 1786 509 γὰρ
1809 439 1867 489 τὸ

1980 437 2212 504 veniunt,
2237 453 2426 492 eorum
2471 437 2716 506 coarguit
2757 439 3036 494 malitiam.
3079 441 3212 496 Nam
3247 445 3390 512 quod
3431 459 3516 496 na-

315 525 446 582 κατὰ
471 523 650 592 φύσιν,
693 529 788 580 καὶ
841 529 1024 580 λοιπὸν
1085 529 1175 582 καὶ
1229 529 1354 600 περὶ
1387 529 1463 599 (1)
1509 528 1616 582 τῶν
1666 529 1868 598 χρόνων

313 615 666 692 ᾐσχύνθησαν.

373 795 462 849 28.
495 795 616 848 Ὅτι
650 795 706 846 δὲ
735 795 794 846 οὐ
847 795 928 847 δεῖ
961 795 1056 864 τὴν
1091 794 1184 847 τοῦ
1211 793 1345 848 Θεοῦ
1393 794 1642 864 γέννησιν
1697 811 1872 864 παρα-

311 884 516 938 ϐάλλειν
541 887 608 954 τῇ
641 883 746 938 τῶν
779 883 1076 954 ἀνθρώπων
1111 883 1289 952 φύσει,
1317 883 1411 936 καὶ
1445 885 1680 954 νομίζειν
1709 885 1872 954 μέρος

311 970 444 1027 εἶναι
467 972 564 1025 τοῦ
588 971 722 1024 Θεοῦ
745 973 834 1026 τὸν
877 973 1003 1026 Υἱδν
1032 973 1218 1036 αὐτοῦ,
1253 973 1284 1043 ἥ
1317 973 1450 1036 ὅλως
1496 992 1546 1028 τι
1589 973 1756 1036 πάθος
1776 991 1871 1042 ση-

313 1065 520 1136 μαίνειν
547 1067 646 1135 τὴν
667 1065 935 1134 γέννησιν,
962 1063 1262 1132 φθάσαντες
1296 1063 1392 1134 μὲν
1423 1065 1644 1134 εἴπομεν
1676 1065 1731 1116 ἐν
1761 1067 1871 1126 τοῖς

317 1155 642 1226 ἔμπροσθεν,
675 1155 764 1208 καὶ
795 1155 888 1208 νῦν
911 1155 964 1207 δὲ
991 1155 1057 1208 τὰ
1081 1155 1220 1208 αὑτά
1249 1155 1322 1226 (‘2)
1357 1172 1552 1224 φαμεν·
1585 1155 1696 1208 Οὐκ
1729 1153 1872 1206 ἔστιν

309 1246 378 1310 ὡς
409 1246 696 1316 ἄνθρωπος
723 1250 752 1300 ὁ
774 1247 922 1309 Θεός.
951 1247 1256 1318 Ἄνθρωποι
1289 1247 1385 1318 μὲν
1418 1247 1524 1318 γάρ
1559 1245 1873 1312 παθητικῶς

308 1335 554 1402 γεννῶσι,
585 1336 812 1407 ῥευστὴν
844 1335 1054 1406 ἔχοντες
1076 1335 1172 1408 τὴν
1203 1336 1360 1406 φύσιν
1397 1335 1494 1408 (5),
1531 1337 1625 1388 καὶ
1654 1335 1872 1407 χρόνους

307 1427 666 1497 ἀναμένοντες
686 1427 774 1481 διά
805 1429 902 1498 τὴν
929 1428 1208 1482 ἀσθένειαν
1237 1429 1335 1498 τῆς
1369 1429 1502 1492 ιδίας
1533 1428 1762 1497 φύσεως·
1783 1429 1873 1480 ἐπὶ

305 1518 360 1572 δὲ
392 1519 528 1572 Θεοῦ
557 1519 712 1572 τοῦτο
741 1519 917 1587 λέγειν
945 1519 1044 1572 οὐκ
1071 1519 1239 1572 ἐστιν.
1271 1521 1343 1572 Οὐ
1378 1519 1484 1591 γὰρ
1511 1517 1584 1588 (4)
1603 1522 1666 1572 ὲκ
1693 1517 1871 1588 μερῶν

309 1611 659 1680 σνγκείμενός
687 1613 852 1672 ἐστιν,
875 1609 1006 1664 ἀλλὰ
1032 1611 1125 1664 καὶ
1183 1611 1398 1682 ἀπαθὴς
1421 1611 1494 1664 ὢν
1528 1611 1618 1663 καὶ
1647 1609 1868 1673 ἁπλοῦς,

308 1701 531 1764 ἀπαθῶς
585 1702 678 1754 καὶ
723 1701 1030 1772 άμερίστως
1083 1701 1176 1753 τοῦ
1217 1701 1342 1754 Υἱοῦ
1385 1701 1574 1772 Πατήρ
1607 1703 1743 1753 ἐστι·
1778 1701 1872 1754 καὶ

1973 537 2108 582 tura:
2132 529 2408 596 proprium
2447 536 2524 582 est
2554 527 2726 582 coacti
2767 536 2896 582 sunt
2935 529 3037 598 ipsi
3077 543 3396 600 agnoscere,
3447 532 3534 584 ni-

1971 619 2155 688 hilque
2171 619 2276 672 nisi
2305 619 2564 688 pudorem
2591 620 2824 674 retulere
2845 635 2912 674 ex
2943 621 3254 690 huiusmodi
3279 624 3526 694 quaestio-

1971 710 2152 772 nibus,
2185 725 2321 778 quas
2356 711 2498 764 circa
2537 720 2779 780 tempora
2809 711 3202 781 excogitarunt.

2041 800 2198 871 34],
2241 800 2329 854 28.
2379 799 2538 866 Quod
2594 809 2772 856 autem
2823 801 2916 856 Dei
2961 805 3361 872 generationem
3410 820 3532 858 cum

1973 890 2210 944 humana
2259 899 2450 944 natura
2483 889 2754 954 conferre,
2787 892 2872 945 vel
2901 901 3108 960 partem
3143 891 3238 946 Dei
3269 908 3387 946 esse
3416 894 3534 961 ejus

1973 981 2167 1036 Filium
2197 981 2349 1036 nefas
2393 981 2460 1036 sit
2489 991 2698 1052 putare,
2727 998 2827 1037 nec
2847 983 3014 1036 ullam
3065 999 3289 1052 prorsus
3321 985 3533 1050 passio-

1975 1085 2096 1123 nem
2147 1071 2422 1138 generatio
2463 1071 2747 1140 signiﬁcet,
2803 1081 2962 1126 antea
2997 1072 3212 1142 quidem
3259 1073 3532 1138 diximus,

1973 1157 2270 1226 eademque
2293 1159 2454 1212 modo
2480 1161 2797 1228 repetimus.
2820 1159 2990 1214 Deum
3021 1177 3130 1214 non
3154 1176 3274 1216 esse
3297 1161 3538 1218 hominis

1972 1249 2226 1302 similem.
2255 1247 2390 1301 Nam
2423 1249 2670 1303 homines
2697 1249 2937 1319 quidem,
2969 1251 3226 1320 quiddam
3261 1252 3534 1319 patiendo,

1973 1339 2222 1409 gignunt,
2251 1339 2451 1408 quippe
2483 1339 2578 1408 qui
2632 1339 2832 1394 ﬂuxam
2881 1340 3116 1394 habeant
3158 1353 3430 1406 naturam,
3483 1351 3538 1395 et

1973 1439 2183 1500 tempus
2212 1437 2428 1498 propter
2443 1431 2672 1498 propriae
2700 1439 2906 1484 naturae
2929 1431 3294 1485 inﬁrmitatem
3314 1445 3536 1500 exspec-

1971 1529 2102 1577 tent.
2133 1521 2202 1575 At
2229 1523 2296 1576 de
2347 1519 2454 1576 Deo
2499 1521 2548 1574 id
2581 1522 2686 1575 diei
2736 1537 2844 1576 non
2893 1521 3037 1576 licet.
3073 1521 3255 1592 Neque
3298 1523 3442 1576 enim
3471 1538 3540 1576 ex

1973 1613 2219 1683 partibus
2245 1623 2328 1667 est
2373 1613 2732 1680 compositus,
2775 1613 2870 1668 sed
2921 1614 3192 1684 passionis
3220 1629 3412 1684 expers
3455 1623 3540 1670 est

1973 1713 2026 1758 ct
2058 1703 2310 1773 simplex,
2337 1703 2578 1772 nihilque
2601 1704 2824 1757 omnino
2847 1705 3080 1772 patiens,
3110 1713 3162 1758 et
3193 1705 3399 1773 absque
3429 1705 3538 1760 ulla

309 1788 492 1841 τούτου
529 1789 690 1841 πάλιν
711 1789 852 1858 μέγα
904 1791 1198 1860 τεκμήριον
1243 1790 1336 1842 καὶ
1361 1789 1630 1854 ἀπόδειξις
1663 1791 1726 1840 ἐκ
1769 1790 1876 1842 τῶν

1980 1795 2260 1862 divisione.
2293 1793 2414 1848 Filii
2443 1803 2528 1850 est
2559 1793 2750 1860 Pater;
2789 1795 2944 1864 cujus
2977 1797 3164 1864 utique
3211 1795 3288 1849 rei
3329 1797 3540 1864 insigne

309 1879 462 1933 θείων
495 1881 746 1952 Γραφῶν.
787 1883 846 1934 '0
896 1881 1066 1948 Λόγος
1099 1882 1206 1952 γὰρ
1263 1882 1292 1932 ὁ
1325 1881 1416 1934 τοῦ
1451 1881 1585 1934 Θεοῦ
1631 1882 1704 1952 (5)
1746 1882 1874 1945 Υἱός

309 1975 448 2026 ἐστιν
474 1972 664 2034 αὐτοῦ,
696 1973 788 2026 καὶ
817 1976 846 2026 ὁ
879 1973 1004 2036 Υἱὸς
1039 1973 1209 2042 Λόγος
1247 1975 1362 2026 ἐστὶ
1389 1972 1482 2024 τοῦ
1533 1975 1742 2044 Πατρδς
1787 1976 1876 2027 καὶ

311 2067 492 2134 Σοερία·
523 2065 692 2132 Λόγος
717 2064 773 2116 δὲ
797 2065 888 2116 καὶ
917 2064 1102 2132 Σοφία,
1136 2063 1256 2116 οὔτε
1285 2065 1485 2134 κτίσμα
1512 2065 1585 2134 (6)
1635 2063 1754 2116 οὔτε
1786 2064 1874 2133 μέ-

311 2175 396 2228 ρος
421 2157 538 2209 ἐστὶ
575 2157 785 2218 τούτου,
817 2151 878 2209 οὗ
905 2157 998 2208 καὶ
1021 2155 1135 2208 ἐστι
1159 2156 1350 2223 Λόγος,
1380 2155 1502 2208 οὔτε
1543 2155 1680 2209 κατὰ
1709 2155 1874 2218 πάθος

309 2250 419 2300 ἐστὶ
447 2248 717 2317 γέννημα.
753 2247 1056 2316 Ἀμφότερα
1085 2245 1212 2314 γοῦν
1244 2249 1276 2317 ἡ
1300 2248 1488 2318 Γραιρὴ
1514 2249 1872 2310 συνάπτουσα,

309 2339 430 2392 my
463 2341 562 2410 μὲν
601 2340 676 2409 (7)
709 2339 926 2410 ἔφησεν,
957 2339 1042 2392 ἵνα
1069 2339 1130 2392 τὸ
1157 2339 1313 2409 φύσει
1372 2341 1464 2392 καὶ
1503 2339 1751 2410 ἀληθινὸν
1777 2339 1876 2408 τῆς

307 2431 486 2492 οὐσίας
507 2430 754 2499 γέννημα
776 2429 1208 2498 εὐαγγελίσηται.
1261 2429 1376 2482 Ἵνα
1423 2429 1478 2482 δὲ
1536 2431 1609 2500 μή
1649 2446 1732 2492 τις
1784 2431 1876 2480 άν-

311 2519 575 2590 θρὼπινον
604 2518 864 2572 ὑπολάϐοι
905 2517 980 2588 (8)
1012 2519 1071 2570 τὸ
1095 2518 1356 2588 γέννημα,
1395 2515 1554 2570 πάλιν
1575 2517 1673 2585 τὴν
1693 2515 1875 2568 οὐσίαν

311 2613 470 2665 αὑτοῦ
503 2610 806 2683 σημαίνων,
853 2611 1023 2678 Λόγον
1065 2609 1224 2662 αὑτὸν
1263 2603 1401 2660 εἶναι
1437 2608 1530 2660 καὶ
1557 2607 1752 2674 Σοφίαν
1784 2607 1876 2658 καὶ

313 2703 648 2774 ἀπαύγασμά
671 2721 852 2776 φησιν.
901 2703 996 2756 Ἐκ
1052 2703 1158 2774 γὰρ
1191 2701 1379 2755 τούτου
1434 2703 1526 2754 καὶ
1581 2701 1640 2753 τὸ
1672 2700 1876 2763 ἀπαθὲς

311 2795 406 2864 τῆς
433 2797 760 2866 γεννήσεως,
809 2795 902 2848 καὶ
930 2795 992 2847 τὸ
1014 2794 1201 2856 ἀΐδιον,
1259 2795 1351 2846 καὶ
1399 2792 1474 2862 τῷ
1507 2791 1622 2861 Θεῷ
1673 2791 1876 2864 πρέπον

311 2883 656 2955 λογιζόμεθα.
686 2885 844 2939 Ποῖον
872 2879 962 2938 οὖν
993 2883 1182 2946 πάθος,
1213 2885 1244 2954 ἢ
1273 2886 1420 2936 ποῖον
1465 2883 1625 2954 μέρος
1651 2885 1764 2934 ἐστὶ
1784 2882 1876 2934 τοῦ

315 2975 520 3046 ﬂat-pb;
545 2977 573 3027 ό
610 2975 801 3040 Λόγος,
832 2975 926 3028 καὶ
959 2976 991 3044 ὴ
1045 2975 1233 3042 Σοφία,
1269 2974 1362 3026 καὶ
1395 2973 1454 3025 τὸ
1507 2973 1874 3042 ἀπαύγασμα;

1975 1895 2354 1956 argumentum
2401 1899 2464 1939 ac
2510 1884 2894 1938 documentum
2949 1885 3142 1938 divinae
3184 1883 3340 1938 nobis
3389 1882 3540 1938 Scri-

1975 1976 2524 2046 pturaesuppeditant.
2545 1973 3074 2038 Nimirum,Verbum
3095 1973 3210 2040 Dei,
3233 1973 3404 2029 Filius
3419 1976 3540 2044 ejus

1975 2077 2090 2133 est;
2119 2076 2171 2120 et
2197 2067 2435 2120 vicissim
2469 2064 2660 2128 Filius,
2693 2063 2928 2118 Verbum
2953 2074 3006 2119 et
3035 2064 3307 2134 Sapientia
3330 2075 3412 2120 est
3441 2066 3542 2120 Pa-

1977 2157 2072 2210 tris
2101 2175 2114 2210 :
2153 2155 2380 2210 Verbum
2410 2171 2572 2226 porro
2599 2164 2653 2209 et
2690 2153 2966 2224 Sapientia
2997 2169 3097 2209 nec
3125 2171 3210 2210 res
3241 2165 3323 2210 est
3357 2166 3539 2211 creata

1976 2264 2075 2302 nec
2099 2263 2223 2317 pars
2249 2248 2368 2317 ejus
2391 2248 2550 2316 cujus
2574 2258 2654 2302 est
2671 2245 2928 2312 Verbum,
2953 2263 3052 2302 nec
3071 2248 3322 2318 passione
3347 2249 3532 2318 aliqua

1976 2341 2236 2394 nascitur.
2263 2340 2427 2410 Igitur
2443 2348 2731 2407 utrumque
2757 2337 3034 2407 Scriptura
3063 2339 3420 2408 conjungens,
3449 2338 3542 2392 Fi-

1975 2435 2106 2488 lium
2137 2434 2352 2503 quidem
2379 2448 2500 2488 esse
2531 2431 2844 2506 declaravit,
2871 2438 2932 2484 ut
2953 2431 3256 2484 naturalem
3275 2439 3326 2484 et
3351 2445 3542 2485 verum

1975 2541 2098 2580 esse
2122 2532 2331 2578 natura:
2359 2523 2524 2578 fetum
2575 2524 2794 2578 doceret
2821 2541 2832 2576 :
2889 2537 2954 2576 ne
2985 2523 3109 2591 quis
3133 2532 3312 2576 autem
3343 2521 3540 2576 imma-

1975 2630 2104 2668 num
2139 2613 2309 2668 fctum
2341 2627 2462 2668 esse
2513 2612 2902 2681 suspicaretur,
2937 2625 3127 2664 rursus
3163 2610 3406 2678 ejusdem
3457 2611 3542 2664 in-

1975 2705 2120 2760 dicat
2169 2714 2418 2759 naturam
2443 2744 2459 2770 ,
2503 2719 2627 2757 cum
2663 2718 2784 2757 eum
2833 2701 3090 2764 Verbum,
3125 2699 3450 2768 Sapientiam
3487 2709 3544 2754 et

1977 2796 2316 2865 splendorem
2367 2808 2487 2848 esse
2537 2792 2686 2848 dicit.
2727 2791 2854 2846 Inde
2887 2789 3156 2860 siquidem
3191 2789 3541 2859 intelligimus

1975 2886 2212 2940 divinam
2246 2885 2682 2954 generationem,
2739 2881 3008 2950 passionis
3057 2880 3352 2932 immunem
3383 2887 3541 2932 atter-

1976 2993 2231 3047 namque,
2262 2986 2315 3030 et
2346 2975 2456 3030 Deo
2482 2975 2702 3043 dignam
2731 2989 2871 3026 esse.
2902 2971 3032 3037 Quae
3053 2971 3198 3024 enim
3226 2970 3426 3038 passio,
3455 2971 3537 3024 vel

313 3069 416 3121 Καὶ
440 3069 598 3121 τοῦτο
624 3067 846 3120 δυνατὸν
903 3069 996 3121 καὶ
1028 3069 1222 3130 αὐτοὺς
1259 3067 1385 3129 τοὺς
1407 3067 1642 3137 ἄφρονας
1670 3064 1874 3136 μαθεῖν.

1981 3083 2230 3140 quaenam
2278 3075 2362 3122 est
2415 3081 2542 3136 pars
2577 3063 2796 3127 Patris,
2843 3061 3122 3127 Verbum,
3169 3061 3444 3131 Sapientia
3489 3073 3540 3115 et

323 3159 405 3222 Ὠς
435 3159 546 3232 γὰρ
602 3159 874 3228 γυναικῶν
913 3159 1171 3211 ἐπύθοντο
1219 3157 1346 3228 περὶ
1391 3157 1526 3218 υἱοῦ,
1580 3155 1748 3220 οὕτως
1789 3155 1882 3208 καὶ

312 3252 505 3316 ἀνδρας
525 3252 956 3322 ἐπερωτάτωσαν
983 3251 1056 3322 (9)
1085 3251 1210 3321 περὶ
1252 3249 1342 3302 τοῦ
1391 3249 1546 3316 λόγον
1570 3289 1584 3310 ,
1639 3249 1725 3300 ἵνα
1779 3247 1882 3317 μά-

317 3344 498 3407 θωσιν,
530 3346 616 3398 ὅτι
645 3344 770 3399 οὔτε
819 3345 988 3407 πάθος
1037 3343 1235 3406 αὐτῶν,
1266 3340 1388 3394 οὔτε
1422 3341 1582 3412 μέρος
1628 3339 1742 3393 ἐστὶ
1787 3335 1882 3392 τοῦ

312 3436 400 3488 νοῦ
435 3436 642 3490 τούτων
669 3439 697 3488 ό
727 3437 894 3506 Λόγος
933 3436 990 3488 ὃν
1021 3434 1401 3506 προφέρονται.
1439 3433 1498 3484 Εἰ
1542 3432 1596 3484 δὲ
1647 3429 1753 3484 τῶν
1791 3429 1886 3481 άν-

313 3527 564 3598 θρὼπων,
598 3527 774 3582 καίτοι
829 3526 1086 3598 παθητῶν
1143 3525 1311 3577 ὅντων
1339 3522 1429 3576 καὶ
1482 3520 1748 3592 μεριστῶν
1794 3518 1882 3571 ὃν·

317 3638 438 3684 των,
487 3620 730 3684 τοιοῦτος
757 3622 786 3673 ὁ
817 3619 1008 3688 λόγος,
1059 3617 1146 3671 διὰ
1189 3616 1239 3670 τί
1285 3617 1412 3687 περὶ
1448 3614 1542 3666 τοῦ
1593 3612 1878 3683 ἀσωμάτου

315 3709 407 3761 καὶ
439 3709 736 3780 ἀμερίστου
767 3707 901 3760 Θεοῦ
934 3705 1078 3774 πάθη
1116 3705 1206 3758 καὶ
1259 3705 1396 3775 μέρη
1431 3701 1878 3770 λογίζονται,ἵνα,

317 3801 468 3854 τοῦτο
497 3799 952 3872 προσποιούμενοι
983 3797 1139 3868 δῆθεν
1159 3795 1518 3856 εὐλαϐεῖσθαι,
1542 3795 1880 3864 ἀρνήσωνται

319 3894 411 3962 τὴν
443 3892 616 3963 ἀληθῆ
646 3893 739 3944 καὶ
791 3889 950 3958 φύσει
1009 3889 1258 3960 γέννησιν
1318 3887 1412 3939 τοῦ
1443 3885 1608 3948 Υἰοῦς
1663 3885 1756 3936 καὶ⁸
1799 3885 1881 3936 ὅτι

321 3983 414 4052 μὲν
436 3982 497 4035 τδ
561 3984 628 4035 ὲκ
675 3979 768 4034 τοῦ
812 3979 946 4034 Θεοῦ
981 3980 1088 4052 (10)
1133 3981 1378 4049 γέννημα
1407 3978 1506 4030 οὐκ
1543 3976 1658 4028 ἐστι
1691 3973 1878 4038 πάθος,

323 4073 516 4137 ἱκανῶς
542 4073 632 4127 διὰ
675 4074 782 4127 τῶν
820 4071 1124 4146 ἔμπροσθεν
1183 4071 1577 4125 ἀποδέδεικται·
1615 4068 1880 4122 δέδεικται

318 4163 373 4218 δὲ
397 4167 490 4220 καὶ
527 4166 636 4236 ἰδίᾳ.
654 4167 796 4220 νῦνὸ
819 4167 985 4233 Λόγος
1028 4165 1085 4217 οὐ
1129 4163 1268 4216 κατὰ
1315 4160 1484 4222 πάθος
1524 4157 1876 4228 γεννώμενος.

333 4257 700 4310 ’Δκουέτωσαν
736 4257 792 4309 δὲ
820 4257 913 4308 καὶ
935 4255 1062 4328 περὶ
1110 4251 1210 4324 τῆς
1242 4251 1432 4322 σοφίας
1455 4250 1524 4303 τὰ
1576 4250 1715 4302 αὑτά
1745 4237 1876 4319 (ll)-

321 4349 418 4401 οὐκ
435 4348 580 4402 ἐστιν
612 4347 687 4412 ὼς
720 4347 1000 4417 ἄνθρωπος
1022 4346 1050 4396 ό
1083 4345 1231 4408 Θεός’
1265 4343 1338 4414 μὴ
1359 4340 1693 4414 ἀνθρώπινον
1747 4355 1880 4408 φαν-

1929 3153 1952 3174 ⁴
1985 3159 2278 3229 splendor?
2309 3157 2364 3211 ld
2401 3167 2546 3212 certe
2579 3155 2680 3224 ipsi
2731 3153 2892 3208 etiam
2933 3162 3174 3208 amentes
3211 3152 3418 3220 possint
3461 3153 3542 3205 di-

1985 3265 2158 3304 scere.
2211 3245 2282 3302 Ut
2314 3245 2458 3300 enim
2482 3245 2736 3298 mulieres
2761 3243 2826 3296 de
2855 3241 2992 3294 Filio
3025 3240 3442 3308 interrogavere,
3465 3237 3544 3292 sic

1985 3343 2130 3398 viros
2164 3341 2230 3395 de
2254 3339 2421 3394 verbo
2451 3339 2816 3404 interrogent,
2851 3343 2910 3388 ut
2957 3333 3252 3387 doceantur
3283 3345 3380 3384 nec
3419 3343 3546 3399 pas-

1983 3436 2190 3490 sionem
2221 3447 2320 3486 nec
2343 3439 2548 3500 partem
2579 3441 2765 3481 eorum
2798 3439 2919 3478 esse
2943 3422 3140 3477 mentis
3176 3437 3288 3476 suze
3319 3421 3543 3474 verbum

1985 3527 2132 3596 quod
2177 3525 2482 3580 enuntiant.
2529 3519 2734 3586 Quodsi
2777 3517 3076 3580 hominum,
3113 3528 3344 3584 quorum
3403 3511 3540 3580 pati-

1981 3618 2106 3672 bilis
2135 3625 2186 3672 et
2220 3616 2440 3670 dividua
2464 3621 2548 3668 est
2581 3619 2794 3674 natura,
2837 3606 3148 3677 hujusmodi
3180 3605 3249 3658 sit
3282 3603 3542 3664 verbum;

1981 3722 2152 3778 quare
2182 3706 2236 3759 in
2265 3705 2398 3768 Deo,
2433 3702 2526 3772 qui
2552 3715 2652 3755 nec
2693 3712 2988 3766 corporeus
3021 3703 3106 3748 est
3131 3709 3230 3748 nec
3267 3689 3542 3751 dividuus,

1983 3798 2270 3866 passiones
2301 3803 2546 3864 partesve
2577 3789 2836 3860 cogitant,
2863 3795 2920 3840 ut
2946 3785 3150 3840 scilicet
3176 3783 3228 3835 id
3258 3796 3445 3836 cavere
3471 3779 3546 3834 si-

1981 3889 2272 3944 mulantes.
2307 3898 2486 3938 veram
2515 3897 2579 3936 ac
2632 3877 2934 3933 naturalem
2985 3874 3108 3927 Filii
3143 3870 3543 3941 generationem

1982 3978 2207 4050 negent?
2231 3975 2396 4046 Igitur
2426 3973 2476 4027 id
2503 3971 2646 4044 quod
2674 3986 2736 4024 ex
2777 3968 2890 4022 Deo
2922 3966 3156 4036 genitum
3195 3971 3296 4027 est,
3341 3961 3547 4029 absque

1982 4071 2090 4126 ulla
2107 4068 2358 4138 passione
2378 4063 2616 4133 genitum
2637 4075 2758 4115 esse
2776 4059 2908 4113 satis
2931 4071 3094 4126 supra
3117 4055 3400 4124 probatum
3421 4060 3506 4106 est
3529 4071 3544 4106 :

1982 4175 2128 4214 nunc
2159 4157 2324 4212 etiam
2362 4151 2642 4222 speciatim
2675 4148 3019 4203 ostendimus
3053 4143 3288 4198 Verbum
3343 4143 3548 4210 absque

1979 4249 2232 4319 passione
2266 4243 2534 4316 generari.
2559 4239 2678 4295 Jam
2707 4253 2834 4294 vero
2869 4237 3056 4292 eadem
3093 4234 3341 4289 similiter
3369 4232 3435 4286 de
3460 4245 3550 4286 sa-

1979 4338 2181 4408 pientia
2213 4335 2472 4390 audiant:
2502 4330 2619 4385 Non
2651 4336 2736 4384 est
2786 4329 2930 4382 Deus
2974 4334 3033 4380 ut
3080 4325 3264 4386 homo,
3297 4323 3431 4378 nihil
3462 4322 3550 4376 hic

323 4441 668 4505 ταζέσθωσαν
695 4441 788 4493 καὶ
817 4442 872 4492 ἐν
906 4438 1077 4508 τούτῳ
1101 4437 1227 4509 περὶ
1260 4435 1443 4489 αὐτοῦ.
1501 4436 1612 4486 Καὶ
1641 4431 1750 4503 γὰρ
1775 4429 1876 4484 τῶν

1983 4430 2282 4483 humanum
2329 4425 2396 4479 de
2441 4423 2536 4478 illo
2587 4422 2812 4491 ﬁngant.
2863 4418 2998 4472 Nam
3043 4416 3366 4486 sapientiam
3407 4413 3550 4468 acci-

323 4531 622 4604 ἁνθρὼπων
643 4529 802 4585 πάλιν
825 4529 1084 4584 δεκτικῶν
1111 4529 1300 4597 σοφίας
1352 4526 1668 4595 γεγονότων,
1699 4527 1726 4576 ό
1754 4523 1883 4587 Θεὸς

325 4622 532 4686 οὐδενὸς
592 4622 852 4693 μετέχων,
901 4621 1060 4684 αὐτὸς
1115 4619 1212 4689 τῆς
1238 4617 1428 4671 ἑαυτοῦ
1489 4617 1678 4683 σοφίας
1708 4617 1885 4684 πατήρ

331 4707 574 4785 Erum-ﬁ;
605 4715 652 4766 οί
685 4713 1000 4784 μετέχοντες
1025 4711 1244 4764 εἰώθασι
1279 4711 1433 4777 σοφοὶ
1455 4707 1752 4761 καλεῖσθαι·
1791 4705 1886 4758 καὶ

399 4913 481 5036 (1)
514 4911 647 4982 Reg.
673 4921 728 4967 et
755 4911 1000 4991 Segne_r.,
1037 4911 1130 4963 καὶ
1169 4909 1351 4994 λοιπξν
1393 4907 1486 4961 καὶ
1530 4906 1676 4977 περί.
1711 4905 1847 4958 Editi
1871 4943 1885 4966 ,

399 4983 424 5035 Li.
479 4983 636 5036 οιπὺν
673 4983 817 5036 πεοί.
859 4980 991 5034 llnd.
1025 4980 1158 5036 Reiz.
1198 4991 1249 5032 et
1283 4978 1520 5032 I‘clckm.
1553 4977 1606 5036 5,
1641 4977 1767 5036 περὶ
1797 4975 1885 5026 τὸν

333 4975 424 5069 κε
451 4975 644 5069 tate?
673 4975 991 5069 «see-im
1025 4977 1520 5069 εξςεεειξυειυξιτ
1551 4975 1767 5069 sigea:-

335 5053 536 5122 χρόνον.
571 5053 697 5122 Most
729 5043 950 5122 Seguer.
971 5092 986 5116 ,
1019 5043 1237 5122 τὴντοῦ
1262 5047 1394 5101 Θεοῦ
1425 5047 1694 5116 γέννησιν.
1717 5043 1884 5106 Editi,

401 5142 428 5176 ν
451 5123 580 5190 περὶ
605 5121 700 5176 τοῦ
729 5119 862 5175 Θεοῦ
889 5119 1159 5190 γέννησιν.

395 5183 477 5272 (Ξ)
517 5183 609 5248 Sic
636 5183 1119 5262 Seguer.,Cobler.
1155 5197 1208 5242 et
1247 5187 1388 5240 Felc.
1420 5186 1470 5238 l.
1511 5183 1652 5238 Editi
1690 5192 1888 5245 autem,

333 5278 520 5316 ταυτα.

375 5333 479 5418 ,(5)
497 5333 743 5418 Segne!”
764 5331 919 5418 διὲξ,
937 5328 1129 5390 ’Βεείιη
1145 5328 1359 5414 ,Λιιςιία
1378 5335 1432 5380 et.
1453 5324 1597 5380 Felc.
1614 5325 1668 5392 5,
1687 5338 1896 5394 exowsg

335 5401 428 5474 τὴν
449 5398 626 5472 eam.
659 5401 824 5474 Edtti,
855 5401 1063 5474 ἔχοντες
1087 5398 1268 5474 φάσιν.

301 5539 306 5544 _
517 5461 860 5544 Seguerian.,
987 5461 1116 5544 γάρξ
1145 5467 1284 5544 Editi
1310 5474 1364 5519 et
1393 5465 1506 5544 alii.
1535 5461 1820 5544 0:36én7dtp.

1989 4519 2144 4589 piunt
2179 4517 2428 4570 homines
2458 4533 2471 4568 :
2502 4525 2558 4567 at
2583 4511 2727 4566 Deus
2789 4510 2882 4580 qui
2919 4509 3121 4562 nullius
3169 4507 3227 4560 lit
3256 4505 3545 4576 particeps,

1991 4609 2108 4678 ipse
2157 4621 2270 4661 sua:
2307 4605 2586 4674 sapientia:
2635 4610 2786 4672 pater
2811 4609 2915 4664 est,
2947 4599 3106 4669 cujus
3135 4598 3225 4667 qui
3257 4596 3549 4666 participes

1993 4701 2160 4764 ﬁunt,
2193 4697 2464 4752 sapientes
2508 4695 2683 4750 solent
2724 4690 3004 4762 appellari.
3059 4688 3183 4744 Haec
3233 4696 3412 4741 autem
3463 4699 3546 4741 sa-

1985 4901 2077 4955 καὶ
2103 4899 2273 4966 Σοφία
2295 4896 2418 4948 οὔτε
2447 4894 2670 4966 κτίσμα.

2081 4971 2132 5040 7)
2175 4963 2268 5040 Sic
2295 4969 2524 5036 Seguer.
2551 4963 2608 5040 lii
2646 4963 2807 5040 editis
2838 4965 2936 5038 μέν
2965 4964 3133 5018 deest.

2081 4973 2132 5040 7)
2177 4973 2268 5022 Sic
2295 4973 2524 5036 Seguer.
2551 4973 2608 5017 in
2647 4973 2804 5018 editis

2055 4973 2124 5110 (8)
2169 5037 2508 5110 Segnerian._,
2542 5033 2804 5110 ὑπολάβῃ.

2066 5086 2140 5180 l9)
2170 5086 2830 5180 ἒὲὲἕιέέξῖἑῖὲτὼς.ᾅγδεὶᾇς
2850 5086 3550 5180 ἐρωτηξάῖίέξῖανς.⁵.ῑίέὶδῖ·

1997 5158 2147 5248 gub?-
2181 5158 3544 5248 ἑίῖιξιὲξ-’ρῦτει[Μαίξιῖειῖετ-ιδο¹’¹.ξ¹ῖ·ε.ξ⁵ιἔθη-,ἑο

1997 5229 2376 5312 trabeam:
2407 5229 2550 5298 οὔτε.
2585 5244 2715 5311 Reg.
2780 5229 2904 5294 ίιέηι
2957 5235 3100 5288 οὒτε.
3143 5229 3283 5284 Editi
3323 5239 3376 5283 et
3433 5229 3546 5288 alii,

1994 5320 2114 5373 οὐδὲ
2149 5319 2314 5380 πάθος
2339 5316 2457 5368 οὐδὲ
2482 5315 2662 5385 μέρος-
2774 5379 2796 5385 _
2945 5373 2956 5385 .
3081 5373 3094 5385 .
3149 5371 3162 5385 .
3322 5367 3347 5378 -
3394 5365 3523 5385 ο--τ-

2066 5365 2454 5460 ἰὶοΓιὶὸέζςὲί
2479 5365 2743 5460 eam.
2882 5373 3010 5460 ea
3047 5371 3209 5460 τε
3257 5367 3350 5460 :29
3371 5365 3546 5460 -2509.-

1999 5433 2466 5514 Gn‘tilé'rféVFeE.
2492 5433 2670 5515 ἰζσὲέι
2696 5433 2755 5498 ei
2788 5448 2852 5497 ὲκ
2880 5433 3035 5498 Θεοῦ.
3069 5441 3230 5504 sum,
3257 5439 3338 5492 ὅτι
3371 5437 3468 5506 μὲν
3491 5433 3552 5486 τὸ

311 5558 314 5560 ·
517 5526 864 5614 δοξυθνίαη.,
902 5541 960 5614 '_0
996 5526 1311 5614 Λόγος-γὰρ
1345 5534 1438 5589 τοῦ
1459 5533 1614 5588 Θεοῦ.
1663 5526 1806 5586 Εὶιὶἰί
1842 5546 1876 5584 e‘

1995 5526 2260 5614 ἑκηῆξοιὶ·

341 5607 469 5676 εΙὶἰ,’
485 5615 542 5668 Ὁ
565 5607 740 5682 Λόγος
761 5611 872 5680 γὰρ
890 5610 927 5682 ό
955 5609 1048 5682 τοῦ
1069 5607 1226 5682 Oeam").

409 5669 478 5754 (θ)
495 5685 584 5740 Sic
607 5669 876 5754 segnem,
890 5679 1086 5754 Regius
1101 5679 1270 5732 codex
1285 5675 1508 5754 aliique,
1531 5682 1723 5754 praeter
1745 5669 1888 5754 Felc‘.

342 5752 393 5818 2,
411 5738 580 5824 Ἐπἰιίιο
604 5761 663 5809 et
684 5738 768 5807 ’ἰὼ
795 5738 953 5806 editis
969 5738 1134 5804 abest
1156 5747 1300 5819 quod
1341 5738 1606 5814 sequitur,
1637 5741 1804 5810 Λόγον
1835 5738 1892 5791 δὲ

2068 5571 2308 5668 (nisi.
2335 5585 2831 5668 segnesqoobtgr.
2885 5591 2938 5664 et
2977 5571 3550 5668 rg5c_.__!t._§_i_er_§ili~.

1995 5642 2548 5738 An\g'tiéaﬁl,fteﬁget
2567 5642 2707 5738 i'"e|c.
2738 5651 3194 5738 animum,
3214 5644 3402 5734 ταύτά,
3433 5642 3548 5696 nox

2271 5718 2346 5802 μὴ
2371 5718 2740 5797 ἀνθρωπίνως.
2777 5725 2946 5796 Reg.,~
2969 5724 3041 5794 μὴ
3079 5718 3411 5789 ἀνθρώπινα.
