  <div class='ocr_page' id='page_1' title='image "/cluster/home/n/w/nwhite01/storage/ocr_20150623/26/mdp.39015019958456/043.png"; bbox 0 0 3972 6224; ppageno 0'>
   <div class='ocr_carea' id='block_1_1' title="bbox 419 330 484 376">
    <p class='ocr_par' dir='ltr' id='par_1_1' title="bbox 419 330 484 376">
     <span class='ocr_line' id='line_1_1' title="bbox 419 330 484 376; baseline 0 0"><span class='ocrx_word' id='word_1_1' title='bbox 419 330 484 376; x_wconf 73' lang='grc'>’11</span> 
     </span>
    </p>
   </div>
   <div class='ocr_carea' id='block_1_2' title="bbox 993 293 3026 370">
    <p class='ocr_par' dir='ltr' id='par_1_2' title="bbox 993 293 3026 370">
     <span class='ocr_line' id='line_1_2' title="bbox 993 293 3026 370; baseline -0.009 0"><span class='ocrx_word' id='word_1_2' title='bbox 993 317 1043 370; x_wconf 76' lang='grc' dir='ltr'><strong>δ.</strong></span> <span class='ocrx_word' id='word_1_3' title='bbox 1079 313 1448 368; x_wconf 75' lang='lat' dir='ltr'><strong>A&#39;l&#39;HAl‘tASll</strong></span> <span class='ocrx_word' id='word_1_4' title='bbox 1487 310 1636 365; x_wconf 85' lang='lat' dir='ltr'><strong>OPP.</strong></span> <span class='ocrx_word' id='word_1_5' title='bbox 1678 308 1857 362; x_wconf 78' lang='lat' dir='ltr'><strong>PARS</strong></span> <span class='ocrx_word' id='word_1_6' title='bbox 1893 308 1935 357; x_wconf 86' lang='lat' dir='ltr'><strong>l.</strong></span> <span class='ocrx_word' id='word_1_7' title='bbox 1973 330 2042 341; x_wconf 91' lang='lat'><strong>—</strong></span> <span class='ocrx_word' id='word_1_8' title='bbox 2077 296 2447 355; x_wconf 72' lang='lat' dir='ltr'><strong>Hlb&#39;lORlCA</strong></span> <span class='ocrx_word' id='word_1_9' title='bbox 2483 297 2568 352; x_wconf 86' lang='lat' dir='ltr'><strong>ET</strong></span> <span class='ocrx_word' id='word_1_10' title='bbox 2609 293 3026 352; x_wconf 77' lang='lat' dir='ltr'><strong>DOGMATICA.</strong></span> 
     </span>
    </p>
   </div>
   <div class='ocr_carea' id='block_1_3' title="bbox 3552 293 3627 346">
    <p class='ocr_par' dir='ltr' id='par_1_3' title="bbox 3552 293 3627 346">
     <span class='ocr_line' id='line_1_3' title="bbox 3552 293 3627 346; baseline 0 0"><span class='ocrx_word' id='word_1_11' title='bbox 3552 293 3627 346; x_wconf 66' lang='lat' dir='ltr'><strong>7i</strong></span> 
     </span>
    </p>
   </div>
   <div class='ocr_carea' id='block_1_4' title="bbox 418 413 1982 514">
    <p class='ocr_par' dir='ltr' id='par_1_4' title="bbox 418 430 1968 514">
     <span class='ocr_line' id='line_1_4' title="bbox 418 430 1968 514; baseline -0.01 -18"><span class='ocrx_word' id='word_1_12' title='bbox 418 439 614 514; x_wconf 82' lang='lat' dir='ltr'><strong>pientia</strong></span> <span class='ocrx_word' id='word_1_13' title='bbox 642 452 748 492; x_wconf 95' lang='lat' dir='ltr'><strong>non</strong></span> <span class='ocrx_word' id='word_1_14' title='bbox 768 438 969 508; x_wconf 87' lang='lat' dir='ltr'><strong>passio,</strong></span> <span class='ocrx_word' id='word_1_15' title='bbox 993 453 1099 490; x_wconf 87' lang='lat' dir='ltr'><strong>non</strong></span> <span class='ocrx_word' id='word_1_16' title='bbox 1124 451 1273 504; x_wconf 90' lang='lat' dir='ltr'><strong>pars,</strong></span> <span class='ocrx_word' id='word_1_17' title='bbox 1297 435 1390 490; x_wconf 90' lang='lat' dir='ltr'><strong>sed</strong></span> <span class='ocrx_word' id='word_1_18' title='bbox 1413 434 1662 504; x_wconf 91' lang='lat' dir='ltr'><strong>proprius</strong></span> <span class='ocrx_word' id='word_1_19' title='bbox 1685 430 1860 485; x_wconf 89' lang='lat' dir='ltr'><strong>Patris</strong></span> <span class='ocrx_word' id='word_1_20' title='bbox 1886 435 1968 482; x_wconf 90' lang='lat' dir='ltr'><strong>est</strong></span> 
     </span>
    </p>
   </div>
   <div class='ocr_carea' id='block_1_5' title="bbox 2080 413 3629 514">
    <p class='ocr_par' dir='ltr' id='par_1_5' title="bbox 2080 413 3629 492">
     <span class='ocr_line' id='line_1_5' title="bbox 2080 413 3629 492; baseline -0.008 -16"><span class='ocrx_word' id='word_1_21' title='bbox 2080 423 2180 476; x_wconf 69' lang='grc' dir='ltr'>ἐστι</span> <span class='ocrx_word' id='word_1_22' title='bbox 2235 424 2327 476; x_wconf 74' lang='grc' dir='ltr'>καὶ</span> <span class='ocrx_word' id='word_1_23' title='bbox 2375 422 2511 492; x_wconf 83' lang='grc' dir='ltr'>αὐτὴ</span> <span class='ocrx_word' id='word_1_24' title='bbox 2545 419 2712 491; x_wconf 70' lang='grc' dir='ltr'>(12)ή</span> <span class='ocrx_word' id='word_1_25' title='bbox 2748 419 2928 487; x_wconf 77' lang='grc' dir='ltr'>σοφία,</span> <span class='ocrx_word' id='word_1_26' title='bbox 2960 417 3020 470; x_wconf 83' lang='grc' dir='ltr'><strong>οὐ</strong></span> <span class='ocrx_word' id='word_1_27' title='bbox 3053 414 3240 478; x_wconf 83' lang='grc' dir='ltr'>πάθος,</span> <span class='ocrx_word' id='word_1_28' title='bbox 3279 413 3397 467; x_wconf 77' lang='grc' dir='ltr'>οὐδὲ</span> <span class='ocrx_word' id='word_1_29' title='bbox 3439 414 3629 485; x_wconf 80' lang='grc' dir='ltr'><strong>μέρος,</strong></span> 
     </span>
    </p>
   </div>
   <div class='ocr_carea' id='block_1_6' title="bbox 423 527 1970 597">
    <p class='ocr_par' dir='ltr' id='par_1_6' title="bbox 423 527 1970 597">
     <span class='ocr_line' id='line_1_6' title="bbox 423 527 1970 597; baseline -0.008 -9"><span class='ocrx_word' id='word_1_30' title='bbox 423 536 584 589; x_wconf 87' lang='lat' dir='ltr'><strong>fetus.</strong></span> <span class='ocrx_word' id='word_1_31' title='bbox 617 529 827 586; x_wconf 80' lang='lat' dir='ltr'><strong>idcirco</strong></span> <span class='ocrx_word' id='word_1_32' title='bbox 854 543 1065 597; x_wconf 86' lang='lat' dir='ltr'><strong>semper</strong></span> <span class='ocrx_word' id='word_1_33' title='bbox 1089 527 1191 582; x_wconf 90' lang='lat' dir='ltr'><strong>fuit</strong></span> <span class='ocrx_word' id='word_1_34' title='bbox 1233 527 1427 592; x_wconf 91' lang='lat' dir='ltr'><strong>Pater,</strong></span> <span class='ocrx_word' id='word_1_35' title='bbox 1469 540 1573 580; x_wconf 83' lang='lat' dir='ltr'><strong>nec</strong></span> <span class='ocrx_word' id='word_1_36' title='bbox 1600 533 1805 594; x_wconf 78' lang='lat' dir='ltr'><strong>patrem</strong></span> <span class='ocrx_word' id='word_1_37' title='bbox 1849 534 1970 576; x_wconf 86' lang='lat' dir='ltr'><strong>esse</strong></span> 
     </span>
    </p>
   </div>
   <div class='ocr_carea' id='block_1_7' title="bbox 418 615 1969 693">
    <p class='ocr_par' dir='ltr' id='par_1_7' title="bbox 418 615 1969 693">
     <span class='ocr_line' id='line_1_7' title="bbox 418 615 1969 693; baseline -0.008 -15"><span class='ocrx_word' id='word_1_38' title='bbox 418 622 530 678; x_wconf 91' lang='lat' dir='ltr'><strong>Deo</strong></span> <span class='ocrx_word' id='word_1_39' title='bbox 580 631 768 693; x_wconf 86' lang='lat' dir='ltr'><strong>postea</strong></span> <span class='ocrx_word' id='word_1_40' title='bbox 823 618 1037 683; x_wconf 86' lang='lat' dir='ltr'><strong>accidit,</strong></span> <span class='ocrx_word' id='word_1_41' title='bbox 1091 632 1192 672; x_wconf 93' lang='lat' dir='ltr'><strong>nec</strong></span> <span class='ocrx_word' id='word_1_42' title='bbox 1236 633 1357 673; x_wconf 92' lang='lat' dir='ltr'><strong>esse</strong></span> <span class='ocrx_word' id='word_1_43' title='bbox 1408 615 1747 671; x_wconf 78' lang='lat' dir='ltr'><strong>existimetur</strong></span> <span class='ocrx_word' id='word_1_44' title='bbox 1788 620 1969 666; x_wconf 89' lang='lat' dir='ltr'><strong>muta-</strong></span> 
     </span>
    </p>
   </div>
   <div class='ocr_carea' id='block_1_8' title="bbox 418 705 1972 777">
    <p class='ocr_par' dir='ltr' id='par_1_8' title="bbox 418 705 1972 777">
     <span class='ocr_line' id='line_1_8' title="bbox 418 705 1972 777; baseline -0.009 -6"><span class='ocrx_word' id='word_1_45' title='bbox 418 716 559 771; x_wconf 86' lang='lat' dir='ltr'><strong>bilis.</strong></span> <span class='ocrx_word' id='word_1_46' title='bbox 609 714 742 769; x_wconf 86' lang='lat' dir='ltr'><strong>Nam</strong></span> <span class='ocrx_word' id='word_1_47' title='bbox 783 715 829 768; x_wconf 89' lang='lat' dir='ltr'><strong>si</strong></span> <span class='ocrx_word' id='word_1_48' title='bbox 860 713 1010 766; x_wconf 92' lang='lat' dir='ltr'><strong>illum</strong></span> <span class='ocrx_word' id='word_1_49' title='bbox 1041 709 1252 765; x_wconf 84' lang='lat' dir='ltr'><strong>Patrem</strong></span> <span class='ocrx_word' id='word_1_50' title='bbox 1293 724 1433 777; x_wconf 90' lang='lat' dir='ltr'><strong>esse,</strong></span> <span class='ocrx_word' id='word_1_51' title='bbox 1478 710 1678 764; x_wconf 90' lang='lat' dir='ltr'><strong>bonum</strong></span> <span class='ocrx_word' id='word_1_52' title='bbox 1717 705 1839 770; x_wconf 82' lang='lat' dir='ltr'><strong>fuit,</strong></span> <span class='ocrx_word' id='word_1_53' title='bbox 1870 719 1972 758; x_wconf 88' lang='lat' dir='ltr'><strong>nec</strong></span> 
     </span>
    </p>
   </div>
   <div class='ocr_carea' id='block_1_9' title="bbox 417 797 1972 877">
    <p class='ocr_par' dir='ltr' id='par_1_9' title="bbox 417 797 1972 877">
     <span class='ocr_line' id='line_1_9' title="bbox 417 797 1972 877; baseline -0.006 -13"><span class='ocrx_word' id='word_1_54' title='bbox 417 822 628 877; x_wconf 79' lang='lat' dir='ltr'><strong>semper</strong></span> <span class='ocrx_word' id='word_1_55' title='bbox 658 806 760 860; x_wconf 90' lang='lat' dir='ltr'><strong>fuit</strong></span> <span class='ocrx_word' id='word_1_56' title='bbox 791 815 974 876; x_wconf 90' lang='lat' dir='ltr'><strong>pater;</strong></span> <span class='ocrx_word' id='word_1_57' title='bbox 1024 818 1132 857; x_wconf 90' lang='lat' dir='ltr'><strong>non</strong></span> <span class='ocrx_word' id='word_1_58' title='bbox 1173 802 1338 872; x_wconf 83' lang='lat' dir='ltr'><strong>igitur</strong></span> <span class='ocrx_word' id='word_1_59' title='bbox 1396 815 1606 870; x_wconf 88' lang='lat' dir='ltr'><strong>semper</strong></span> <span class='ocrx_word' id='word_1_60' title='bbox 1636 797 1739 853; x_wconf 92' lang='lat' dir='ltr'><strong>fuit</strong></span> <span class='ocrx_word' id='word_1_61' title='bbox 1777 799 1831 852; x_wconf 92' lang='lat' dir='ltr'><strong>in</strong></span> <span class='ocrx_word' id='word_1_62' title='bbox 1880 798 1972 854; x_wconf 90' lang='lat' dir='ltr'><strong>illo</strong></span> 
     </span>
    </p>
   </div>
   <div class='ocr_carea' id='block_1_10' title="bbox 424 899 651 953">
    <p class='ocr_par' dir='ltr' id='par_1_10' title="bbox 424 899 651 953">
     <span class='ocr_line' id='line_1_10' title="bbox 424 899 651 953; baseline -0.004 0"><span class='ocrx_word' id='word_1_63' title='bbox 424 899 625 953; x_wconf 89' lang='lat' dir='ltr'><strong>bonum</strong></span> <span class='ocrx_word' id='word_1_64' title='bbox 638 939 651 952; x_wconf 96' lang='lat'><strong>.</strong></span> 
     </span>
    </p>
   </div>
   <div class='ocr_carea' id='block_1_11' title="bbox 487 976 1972 1055">
    <p class='ocr_par' dir='ltr' id='par_1_11' title="bbox 487 976 1972 1055">
     <span class='ocr_line' id='line_1_11' title="bbox 487 976 1972 1055; baseline -0.008 -14"><span class='ocrx_word' id='word_1_65' title='bbox 487 988 576 1043; x_wconf 76' lang='lat'><strong>29.</strong></span> <span class='ocrx_word' id='word_1_66' title='bbox 619 985 804 1055; x_wconf 83' lang='lat' dir='ltr'><strong>Atqui,</strong></span> <span class='ocrx_word' id='word_1_67' title='bbox 835 982 1110 1053; x_wconf 88' lang='lat' dir='ltr'><strong>inquiunt.</strong></span> <span class='ocrx_word' id='word_1_68' title='bbox 1161 997 1376 1052; x_wconf 86' lang='lat' dir='ltr'><strong>semper</strong></span> <span class='ocrx_word' id='word_1_69' title='bbox 1404 994 1625 1050; x_wconf 88' lang='lat' dir='ltr'><strong>quoque</strong></span> <span class='ocrx_word' id='word_1_70' title='bbox 1676 978 1818 1033; x_wconf 89' lang='lat' dir='ltr'><strong>Deus</strong></span> <span class='ocrx_word' id='word_1_71' title='bbox 1872 976 1972 1030; x_wconf 88' lang='lat' dir='ltr'><strong>fuit</strong></span> 
     </span>
    </p>
   </div>
   <div class='ocr_carea' id='block_1_12' title="bbox 425 1071 1970 1142">
    <p class='ocr_par' dir='ltr' id='par_1_12' title="bbox 425 1071 1970 1142">
     <span class='ocr_line' id='line_1_12' title="bbox 425 1071 1970 1142; baseline -0.008 -7"><span class='ocrx_word' id='word_1_72' title='bbox 425 1079 664 1142; x_wconf 67' lang='lat' dir='ltr'><strong>effector,</strong></span> <span class='ocrx_word' id='word_1_73' title='bbox 697 1093 797 1132; x_wconf 92' lang='lat' dir='ltr'><strong>nec</strong></span> <span class='ocrx_word' id='word_1_74' title='bbox 822 1076 1085 1131; x_wconf 76' lang='lat' dir='ltr'><strong>efficiendi</strong></span> <span class='ocrx_word' id='word_1_75' title='bbox 1118 1074 1345 1129; x_wconf 86' lang='lat' dir='ltr'><strong>facultas</strong></span> <span class='ocrx_word' id='word_1_76' title='bbox 1376 1074 1453 1128; x_wconf 87' lang='lat' dir='ltr'><strong>illi</strong></span> <span class='ocrx_word' id='word_1_77' title='bbox 1488 1080 1670 1142; x_wconf 87' lang='lat' dir='ltr'><strong>postea</strong></span> <span class='ocrx_word' id='word_1_78' title='bbox 1698 1071 1926 1125; x_wconf 89' lang='lat' dir='ltr'><strong>accessit</strong></span> <span class='ocrx_word' id='word_1_79' title='bbox 1955 1087 1970 1124; x_wconf 92' lang='lat'><strong>:</strong></span> 
     </span>
    </p>
   </div>
   <div class='ocr_carea' id='block_1_13' title="bbox 420 1156 1974 1240">
    <p class='ocr_par' dir='ltr' id='par_1_13' title="bbox 420 1156 1974 1240">
     <span class='ocr_line' id='line_1_13' title="bbox 420 1156 1974 1240; baseline -0.008 -14"><span class='ocrx_word' id='word_1_80' title='bbox 420 1187 549 1227; x_wconf 90' lang='lat' dir='ltr'><strong>num</strong></span> <span class='ocrx_word' id='word_1_81' title='bbox 592 1185 723 1240; x_wconf 77' lang='lat' dir='ltr'><strong>ergo</strong></span> <span class='ocrx_word' id='word_1_82' title='bbox 778 1169 904 1238; x_wconf 90' lang='lat' dir='ltr'><strong>quia</strong></span> <span class='ocrx_word' id='word_1_83' title='bbox 962 1167 1141 1237; x_wconf 68' lang='lat' dir='ltr'><strong>opifex</strong></span> <span class='ocrx_word' id='word_1_84' title='bbox 1200 1175 1306 1230; x_wconf 88' lang='lat' dir='ltr'><strong>est,</strong></span> <span class='ocrx_word' id='word_1_85' title='bbox 1348 1174 1547 1219; x_wconf 75' lang='lat' dir='ltr'><strong>aeterna</strong></span> <span class='ocrx_word' id='word_1_86' title='bbox 1588 1178 1803 1231; x_wconf 89' lang='lat' dir='ltr'><strong>quoque</strong></span> <span class='ocrx_word' id='word_1_87' title='bbox 1847 1156 1974 1216; x_wconf 84' lang='lat' dir='ltr'><strong>sunt</strong></span> 
     </span>
    </p>
   </div>
   <div class='ocr_carea' id='block_1_14' title="bbox 419 1253 1975 1334">
    <p class='ocr_par' dir='ltr' id='par_1_14' title="bbox 419 1253 1975 1334">
     <span class='ocr_line' id='line_1_14' title="bbox 419 1253 1975 1334; baseline -0.009 -16"><span class='ocrx_word' id='word_1_88' title='bbox 419 1263 536 1334; x_wconf 86' lang='lat' dir='ltr'><strong>ejus</strong></span> <span class='ocrx_word' id='word_1_89' title='bbox 569 1276 751 1330; x_wconf 85' lang='lat' dir='ltr'><strong>opera,</strong></span> <span class='ocrx_word' id='word_1_90' title='bbox 789 1275 887 1313; x_wconf 88' lang='lat' dir='ltr'><strong>nec</strong></span> <span class='ocrx_word' id='word_1_91' title='bbox 918 1259 983 1313; x_wconf 89' lang='lat' dir='ltr'><strong>de</strong></span> <span class='ocrx_word' id='word_1_92' title='bbox 1017 1260 1082 1313; x_wconf 92' lang='lat' dir='ltr'><strong>iis</strong></span> <span class='ocrx_word' id='word_1_93' title='bbox 1112 1257 1290 1312; x_wconf 91' lang='lat' dir='ltr'><strong>dicere</strong></span> <span class='ocrx_word' id='word_1_94' title='bbox 1317 1257 1462 1316; x_wconf 88' lang='lat' dir='ltr'><strong>licet,</strong></span> <span class='ocrx_word' id='word_1_95' title='bbox 1491 1253 1605 1306; x_wconf 82' lang='lat' dir='ltr'><strong>Non</strong></span> <span class='ocrx_word' id='word_1_96' title='bbox 1640 1261 1795 1306; x_wconf 85' lang='lat' dir='ltr'><strong>erant</strong></span> <span class='ocrx_word' id='word_1_97' title='bbox 1821 1260 1975 1305; x_wconf 81' lang='lat' dir='ltr'><strong>ante-</strong></span> 
     </span>
    </p>
   </div>
   <div class='ocr_carea' id='block_1_15' title="bbox 419 1338 1974 1422">
    <p class='ocr_par' dir='ltr' id='par_1_15' title="bbox 419 1338 1974 1422">
     <span class='ocr_line' id='line_1_15' title="bbox 419 1338 1974 1422; baseline -0.01 -16"><span class='ocrx_word' id='word_1_98' title='bbox 419 1366 582 1422; x_wconf 83' lang='lat' dir='ltr'><strong>quam</strong></span> <span class='ocrx_word' id='word_1_99' title='bbox 619 1348 837 1401; x_wconf 83' lang='lat' dir='ltr'><strong>tierent?</strong></span> <span class='ocrx_word' id='word_1_100' title='bbox 867 1343 957 1398; x_wconf 53' lang='lat' dir='ltr'><strong>Na)</strong></span> <span class='ocrx_word' id='word_1_101' title='bbox 987 1345 1164 1399; x_wconf 87' lang='lat' dir='ltr'><strong>insani</strong></span> <span class='ocrx_word' id='word_1_102' title='bbox 1197 1341 1412 1396; x_wconf 82' lang='lat' dir='ltr'><strong>Ariani!</strong></span> <span class='ocrx_word' id='word_1_103' title='bbox 1441 1339 1579 1406; x_wconf 85' lang='lat' dir='ltr'><strong>Quid</strong></span> <span class='ocrx_word' id='word_1_104' title='bbox 1625 1339 1768 1392; x_wconf 91' lang='lat' dir='ltr'><strong>enim</strong></span> <span class='ocrx_word' id='word_1_105' title='bbox 1801 1338 1974 1393; x_wconf 88' lang='lat' dir='ltr'><strong>simile</strong></span> 
     </span>
    </p>
   </div>
   <div class='ocr_carea' id='block_1_16' title="bbox 419 1426 1974 1502">
    <p class='ocr_par' dir='ltr' id='par_1_16' title="bbox 419 1426 1974 1502">
     <span class='ocr_line' id='line_1_16' title="bbox 419 1426 1974 1502; baseline -0.009 -8"><span class='ocrx_word' id='word_1_106' title='bbox 419 1449 502 1494; x_wconf 82' lang='lat' dir='ltr'><strong>est</strong></span> <span class='ocrx_word' id='word_1_107' title='bbox 529 1438 697 1492; x_wconf 83' lang='lat' dir='ltr'><strong>ﬁlium</strong></span> <span class='ocrx_word' id='word_1_108' title='bbox 732 1436 870 1488; x_wconf 89' lang='lat' dir='ltr'><strong>inter</strong></span> <span class='ocrx_word' id='word_1_109' title='bbox 899 1442 952 1487; x_wconf 93' lang='lat' dir='ltr'><strong>et</strong></span> <span class='ocrx_word' id='word_1_110' title='bbox 974 1448 1130 1502; x_wconf 82' lang='lat' dir='ltr'><strong>opus,</strong></span> <span class='ocrx_word' id='word_1_111' title='bbox 1185 1439 1245 1484; x_wconf 91' lang='lat' dir='ltr'><strong>ut</strong></span> <span class='ocrx_word' id='word_1_112' title='bbox 1273 1429 1458 1484; x_wconf 88' lang='lat' dir='ltr'><strong>eadem</strong></span> <span class='ocrx_word' id='word_1_113' title='bbox 1494 1429 1560 1481; x_wconf 89' lang='lat' dir='ltr'><strong>de</strong></span> <span class='ocrx_word' id='word_1_114' title='bbox 1581 1437 1734 1497; x_wconf 86' lang='lat' dir='ltr'><strong>patre</strong></span> <span class='ocrx_word' id='word_1_115' title='bbox 1762 1441 1881 1496; x_wconf 68' lang='lat' dir='ltr'><strong>quae</strong></span> <span class='ocrx_word' id='word_1_116' title='bbox 1907 1426 1974 1480; x_wconf 88' lang='lat' dir='ltr'><strong>de</strong></span> 
     </span>
    </p>
   </div>
   <div class='ocr_carea' id='block_1_17' title="bbox 423 1523 1974 1600">
    <p class='ocr_par' dir='ltr' id='par_1_17' title="bbox 423 1523 1974 1600">
     <span class='ocr_line' id='line_1_17' title="bbox 423 1523 1974 1600; baseline -0.008 -16"><span class='ocrx_word' id='word_1_117' title='bbox 423 1529 703 1600; x_wconf 86' lang='lat' dir='ltr'><strong>opificibus</strong></span> <span class='ocrx_word' id='word_1_118' title='bbox 731 1525 950 1580; x_wconf 84' lang='lat' dir='ltr'><strong>dicant?</strong></span> <span class='ocrx_word' id='word_1_119' title='bbox 985 1523 1086 1590; x_wconf 88' lang='lat' dir='ltr'><strong>Qui</strong></span> <span class='ocrx_word' id='word_1_120' title='bbox 1122 1537 1284 1593; x_wconf 92' lang='lat' dir='ltr'><strong>porro</strong></span> <span class='ocrx_word' id='word_1_121' title='bbox 1306 1528 1593 1590; x_wconf 87' lang='lat' dir='ltr'><strong>postquam</strong></span> <span class='ocrx_word' id='word_1_122' title='bbox 1627 1527 1827 1572; x_wconf 83' lang='lat' dir='ltr'><strong>tantam</strong></span> <span class='ocrx_word' id='word_1_123' title='bbox 1855 1531 1974 1571; x_wconf 89' lang='lat' dir='ltr'><strong>esse</strong></span> 
     </span>
    </p>
   </div>
   <div class='ocr_carea' id='block_1_18' title="bbox 420 1609 1973 1687">
    <p class='ocr_par' dir='ltr' id='par_1_18' title="bbox 420 1609 1973 1687">
     <span class='ocr_line' id='line_1_18' title="bbox 420 1609 1973 1687; baseline -0.009 -12"><span class='ocrx_word' id='word_1_124' title='bbox 420 1618 563 1676; x_wconf 87' lang='lat' dir='ltr'><strong>fetus</strong></span> <span class='ocrx_word' id='word_1_125' title='bbox 592 1627 642 1673; x_wconf 90' lang='lat' dir='ltr'><strong>et</strong></span> <span class='ocrx_word' id='word_1_126' title='bbox 669 1618 848 1687; x_wconf 90' lang='lat' dir='ltr'><strong>operis</strong></span> <span class='ocrx_word' id='word_1_127' title='bbox 881 1615 1240 1671; x_wconf 77' lang='lat' dir='ltr'><strong>differentiam</strong></span> <span class='ocrx_word' id='word_1_128' title='bbox 1279 1627 1441 1681; x_wconf 90' lang='lat' dir='ltr'><strong>supra</strong></span> <span class='ocrx_word' id='word_1_129' title='bbox 1469 1621 1747 1665; x_wconf 91' lang='lat' dir='ltr'><strong>ostensum</strong></span> <span class='ocrx_word' id='word_1_130' title='bbox 1780 1619 1881 1674; x_wconf 92' lang='lat' dir='ltr'><strong>est,</strong></span> <span class='ocrx_word' id='word_1_131' title='bbox 1919 1609 1973 1662; x_wconf 89' lang='lat' dir='ltr'><strong>in</strong></span> 
     </span>
    </p>
   </div>
   <div class='ocr_carea' id='block_1_19' title="bbox 418 1701 1969 1774">
    <p class='ocr_par' dir='ltr' id='par_1_19' title="bbox 418 1701 1969 1774">
     <span class='ocr_line' id='line_1_19' title="bbox 418 1701 1969 1774; baseline -0.008 -7"><span class='ocrx_word' id='word_1_132' title='bbox 418 1713 604 1767; x_wconf 89' lang='lat' dir='ltr'><strong>eadem</strong></span> <span class='ocrx_word' id='word_1_133' title='bbox 627 1712 827 1764; x_wconf 87' lang='lat' dir='ltr'><strong>haerent</strong></span> <span class='ocrx_word' id='word_1_134' title='bbox 851 1706 1102 1762; x_wconf 82' lang='lat' dir='ltr'><strong>inscitia?</strong></span> <span class='ocrx_word' id='word_1_135' title='bbox 1131 1704 1274 1759; x_wconf 90' lang='lat' dir='ltr'><strong>ldem</strong></span> <span class='ocrx_word' id='word_1_136' title='bbox 1301 1704 1464 1774; x_wconf 82' lang='lat' dir='ltr'><strong>igitur</strong></span> <span class='ocrx_word' id='word_1_137' title='bbox 1493 1701 1842 1773; x_wconf 91' lang='lat' dir='ltr'><strong>repetendum</strong></span> <span class='ocrx_word' id='word_1_138' title='bbox 1869 1712 1969 1765; x_wconf 91' lang='lat' dir='ltr'><strong>est,</strong></span> 
     </span>
    </p>
   </div>
   <div class='ocr_carea' id='block_1_20' title="bbox 418 1779 2044 1869">
    <p class='ocr_par' dir='ltr' id='par_1_20' title="bbox 418 1779 2044 1869">
     <span class='ocr_line' id='line_1_20' title="bbox 418 1779 2044 1869; baseline -0.007 -14"><span class='ocrx_word' id='word_1_139' title='bbox 418 1801 662 1856; x_wconf 76' lang='lat' dir='ltr'><strong>videlicet</strong></span> <span class='ocrx_word' id='word_1_140' title='bbox 689 1814 826 1869; x_wconf 89' lang='lat' dir='ltr'><strong>opus</strong></span> <span class='ocrx_word' id='word_1_141' title='bbox 869 1807 1018 1852; x_wconf 83' lang='lat' dir='ltr'><strong>extra</strong></span> <span class='ocrx_word' id='word_1_142' title='bbox 1053 1796 1300 1866; x_wconf 82' lang='lat' dir='ltr'><strong>opificem</strong></span> <span class='ocrx_word' id='word_1_143' title='bbox 1327 1810 1468 1861; x_wconf 85' lang='lat' dir='ltr'><strong>esse,</strong></span> <span class='ocrx_word' id='word_1_144' title='bbox 1500 1795 1576 1849; x_wconf 88' lang='lat' dir='ltr'><strong>uti</strong></span> <span class='ocrx_word' id='word_1_145' title='bbox 1611 1793 1813 1848; x_wconf 90' lang='lat' dir='ltr'><strong>dictum</strong></span> <span class='ocrx_word' id='word_1_146' title='bbox 1853 1800 1969 1858; x_wconf 89' lang='lat' dir='ltr'><strong>est,</strong></span> <span class='ocrx_word' id='word_1_147' title='bbox 2001 1779 2044 1834; x_wconf 80' lang='grc' dir='ltr'>Β</span> 
     </span>
    </p>
   </div>
   <div class='ocr_carea' id='block_1_21' title="bbox 419 1883 1970 1962">
    <p class='ocr_par' dir='ltr' id='par_1_21' title="bbox 419 1883 1970 1962">
     <span class='ocr_line' id='line_1_21' title="bbox 419 1883 1970 1962; baseline -0.008 -14"><span class='ocrx_word' id='word_1_148' title='bbox 419 1890 578 1962; x_wconf 64' lang='grc'><strong>342</strong></span> <span class='ocrx_word' id='word_1_149' title='bbox 633 1890 804 1944; x_wconf 84' lang='lat' dir='ltr'><strong>filium</strong></span> <span class='ocrx_word' id='word_1_150' title='bbox 845 1903 974 1942; x_wconf 81' lang='lat' dir='ltr'><strong>vero</strong></span> <span class='ocrx_word' id='word_1_151' title='bbox 1023 1886 1310 1956; x_wconf 86' lang='lat' dir='ltr'><strong>proprium</strong></span> <span class='ocrx_word' id='word_1_152' title='bbox 1355 1900 1475 1942; x_wconf 85' lang='lat' dir='ltr'><strong>esse</strong></span> <span class='ocrx_word' id='word_1_153' title='bbox 1522 1893 1731 1939; x_wconf 83' lang='lat' dir='ltr'><strong>naturae</strong></span> <span class='ocrx_word' id='word_1_154' title='bbox 1781 1883 1970 1937; x_wconf 83' lang='lat' dir='ltr'><strong>fetum.</strong></span> 
     </span>
    </p>
   </div>
   <div class='ocr_carea' id='block_1_22' title="bbox 420 1977 1972 2048">
    <p class='ocr_par' dir='ltr' id='par_1_22' title="bbox 420 1977 1972 2048">
     <span class='ocr_line' id='line_1_22' title="bbox 420 1977 1972 2048; baseline -0.003 -11"><span class='ocrx_word' id='word_1_155' title='bbox 420 1981 688 2048; x_wconf 88' lang='lat' dir='ltr'><strong>Quocirca</strong></span> <span class='ocrx_word' id='word_1_156' title='bbox 737 1995 957 2035; x_wconf 84' lang='lat' dir='ltr'><strong>necesse</strong></span> <span class='ocrx_word' id='word_1_157' title='bbox 1021 1994 1125 2032; x_wconf 93' lang='lat' dir='ltr'><strong>non</strong></span> <span class='ocrx_word' id='word_1_158' title='bbox 1189 1994 1401 2048; x_wconf 89' lang='lat' dir='ltr'><strong>semper</strong></span> <span class='ocrx_word' id='word_1_159' title='bbox 1461 1993 1598 2047; x_wconf 90' lang='lat' dir='ltr'><strong>opus</strong></span> <span class='ocrx_word' id='word_1_160' title='bbox 1656 1977 1972 2032; x_wconf 81' lang='lat' dir='ltr'><strong>exstitisse:</strong></span> 
     </span>
    </p>
   </div>
   <div class='ocr_carea' id='block_1_23' title="bbox 421 2067 1976 2142">
    <p class='ocr_par' dir='ltr' id='par_1_23' title="bbox 421 2067 1976 2142">
     <span class='ocr_line' id='line_1_23' title="bbox 421 2067 1976 2142; baseline -0.003 -16"><span class='ocrx_word' id='word_1_161' title='bbox 421 2072 684 2142; x_wconf 85' lang='lat' dir='ltr'><strong>siquidem</strong></span> <span class='ocrx_word' id='word_1_162' title='bbox 744 2083 866 2124; x_wconf 91' lang='lat' dir='ltr'><strong>cum</strong></span> <span class='ocrx_word' id='word_1_163' title='bbox 924 2068 1039 2122; x_wconf 84' lang='lat' dir='ltr'><strong>vult</strong></span> <span class='ocrx_word' id='word_1_164' title='bbox 1087 2067 1288 2138; x_wconf 81' lang='lat' dir='ltr'><strong>cpifex,</strong></span> <span class='ocrx_word' id='word_1_165' title='bbox 1327 2083 1463 2138; x_wconf 88' lang='lat' dir='ltr'><strong>opus</strong></span> <span class='ocrx_word' id='word_1_166' title='bbox 1520 2067 1667 2121; x_wconf 82' lang='lat' dir='ltr'><strong>facit.</strong></span> <span class='ocrx_word' id='word_1_167' title='bbox 1720 2067 1789 2120; x_wconf 88' lang='lat' dir='ltr'><strong>At</strong></span> <span class='ocrx_word' id='word_1_168' title='bbox 1837 2067 1976 2122; x_wconf 83' lang='lat' dir='ltr'><strong>fetus</strong></span> 
     </span>
    </p>
   </div>
   <div class='ocr_carea' id='block_1_24' title="bbox 421 2158 1977 2230">
    <p class='ocr_par' dir='ltr' id='par_1_24' title="bbox 421 2158 1977 2230">
     <span class='ocr_line' id='line_1_24' title="bbox 421 2158 1977 2230; baseline -0.003 -14"><span class='ocrx_word' id='word_1_169' title='bbox 421 2160 697 2230; x_wconf 79' lang='lat' dir='ltr'><strong>subjectus</strong></span> <span class='ocrx_word' id='word_1_170' title='bbox 749 2158 1010 2212; x_wconf 74' lang='lat' dir='ltr'><strong>voluntati</strong></span> <span class='ocrx_word' id='word_1_171' title='bbox 1050 2173 1157 2212; x_wconf 91' lang='lat' dir='ltr'><strong>non</strong></span> <span class='ocrx_word' id='word_1_172' title='bbox 1203 2170 1318 2221; x_wconf 91' lang='lat' dir='ltr'><strong>est,</strong></span> <span class='ocrx_word' id='word_1_173' title='bbox 1366 2158 1458 2212; x_wconf 92' lang='lat' dir='ltr'><strong>sed</strong></span> <span class='ocrx_word' id='word_1_174' title='bbox 1499 2165 1706 2212; x_wconf 73' lang='lat' dir='ltr'><strong>natura:</strong></span> <span class='ocrx_word' id='word_1_175' title='bbox 1733 2166 1815 2212; x_wconf 85' lang='lat' dir='ltr'><strong>est</strong></span> <span class='ocrx_word' id='word_1_176' title='bbox 1852 2171 1977 2227; x_wconf 87' lang='lat' dir='ltr'><strong>pro-</strong></span> 
     </span>
    </p>
   </div>
   <div class='ocr_carea' id='block_1_25' title="bbox 423 2245 1974 2322">
    <p class='ocr_par' dir='ltr' id='par_1_25' title="bbox 423 2245 1974 2322">
     <span class='ocr_line' id='line_1_25' title="bbox 423 2245 1974 2322; baseline -0.004 -18"><span class='ocrx_word' id='word_1_177' title='bbox 423 2251 648 2322; x_wconf 87' lang='lat' dir='ltr'><strong>prietas.</strong></span> <span class='ocrx_word' id='word_1_178' title='bbox 688 2247 953 2302; x_wconf 66' lang='lat' dir='ltr'><strong>Praeterea</strong></span> <span class='ocrx_word' id='word_1_179' title='bbox 993 2255 1134 2301; x_wconf 90' lang='lat' dir='ltr'><strong>recte</strong></span> <span class='ocrx_word' id='word_1_180' title='bbox 1180 2247 1358 2316; x_wconf 81' lang='lat' dir='ltr'><strong>cpifex</strong></span> <span class='ocrx_word' id='word_1_181' title='bbox 1400 2246 1522 2315; x_wconf 90' lang='lat' dir='ltr'><strong>quis</strong></span> <span class='ocrx_word' id='word_1_182' title='bbox 1560 2245 1741 2300; x_wconf 80' lang='lat' dir='ltr'><strong>vocari</strong></span> <span class='ocrx_word' id='word_1_183' title='bbox 1780 2252 1974 2314; x_wconf 86' lang='lat' dir='ltr'><strong>potest,</strong></span> 
     </span>
    </p>
   </div>
   <div class='ocr_carea' id='block_1_26' title="bbox 423 2340 1978 2409">
    <p class='ocr_par' dir='ltr' id='par_1_26' title="bbox 423 2340 1978 2409">
     <span class='ocr_line' id='line_1_26' title="bbox 423 2340 1978 2409; baseline -0.005 -11"><span class='ocrx_word' id='word_1_184' title='bbox 423 2343 640 2398; x_wconf 88' lang='lat' dir='ltr'><strong>etiamsi</strong></span> <span class='ocrx_word' id='word_1_185' title='bbox 706 2340 945 2396; x_wconf 88' lang='lat' dir='ltr'><strong>nondum</strong></span> <span class='ocrx_word' id='word_1_186' title='bbox 1015 2347 1229 2395; x_wconf 82' lang='lat' dir='ltr'><strong>exstent</strong></span> <span class='ocrx_word' id='word_1_187' title='bbox 1292 2354 1508 2409; x_wconf 88' lang='lat' dir='ltr'><strong>opera:</strong></span> <span class='ocrx_word' id='word_1_188' title='bbox 1557 2346 1612 2392; x_wconf 88' lang='lat' dir='ltr'><strong>at</strong></span> <span class='ocrx_word' id='word_1_189' title='bbox 1666 2347 1817 2408; x_wconf 85' lang='lat' dir='ltr'><strong>pater</strong></span> <span class='ocrx_word' id='word_1_190' title='bbox 1877 2351 1978 2391; x_wconf 89' lang='lat' dir='ltr'><strong>nec</strong></span> 
     </span>
    </p>
   </div>
   <div class='ocr_carea' id='block_1_27' title="bbox 423 2425 1975 2500">
    <p class='ocr_par' dir='ltr' id='par_1_27' title="bbox 423 2425 1975 2500">
     <span class='ocr_line' id='line_1_27' title="bbox 423 2425 1975 2500; baseline -0.003 -14"><span class='ocrx_word' id='word_1_191' title='bbox 423 2432 530 2486; x_wconf 89' lang='lat' dir='ltr'><strong>dici</strong></span> <span class='ocrx_word' id='word_1_192' title='bbox 588 2446 687 2485; x_wconf 90' lang='lat' dir='ltr'><strong>nec</strong></span> <span class='ocrx_word' id='word_1_193' title='bbox 738 2445 859 2484; x_wconf 86' lang='lat' dir='ltr'><strong>esse</strong></span> <span class='ocrx_word' id='word_1_194' title='bbox 897 2439 1092 2500; x_wconf 81' lang='lat' dir='ltr'><strong>potest,</strong></span> <span class='ocrx_word' id='word_1_195' title='bbox 1125 2429 1343 2499; x_wconf 89' lang='lat' dir='ltr'><strong>quando</strong></span> <span class='ocrx_word' id='word_1_196' title='bbox 1392 2443 1500 2482; x_wconf 88' lang='lat' dir='ltr'><strong>non</strong></span> <span class='ocrx_word' id='word_1_197' title='bbox 1551 2427 1767 2482; x_wconf 87' lang='lat' dir='ltr'><strong>exsistit</strong></span> <span class='ocrx_word' id='word_1_198' title='bbox 1813 2425 1975 2481; x_wconf 87' lang='lat' dir='ltr'><strong>filius.</strong></span> 
     </span>
    </p>
   </div>
   <div class='ocr_carea' id='block_1_28' title="bbox 427 2517 1981 2590">
    <p class='ocr_par' dir='ltr' id='par_1_28' title="bbox 427 2517 1981 2590">
     <span class='ocr_line' id='line_1_28' title="bbox 427 2517 1981 2590; baseline -0.003 -14"><span class='ocrx_word' id='word_1_199' title='bbox 427 2522 582 2590; x_wconf 86' lang='lat' dir='ltr'><strong>Quod</strong></span> <span class='ocrx_word' id='word_1_200' title='bbox 609 2521 652 2575; x_wconf 85' lang='lat' dir='ltr'><strong>si</strong></span> <span class='ocrx_word' id='word_1_201' title='bbox 674 2521 905 2576; x_wconf 85' lang='lat' dir='ltr'><strong>scrutari</strong></span> <span class='ocrx_word' id='word_1_202' title='bbox 934 2521 1120 2587; x_wconf 83' lang='lat' dir='ltr'><strong>velint,</strong></span> <span class='ocrx_word' id='word_1_203' title='bbox 1144 2535 1240 2574; x_wconf 92' lang='lat' dir='ltr'><strong>cur</strong></span> <span class='ocrx_word' id='word_1_204' title='bbox 1267 2534 1388 2573; x_wconf 89' lang='lat' dir='ltr'><strong>cum</strong></span> <span class='ocrx_word' id='word_1_205' title='bbox 1411 2517 1553 2573; x_wconf 88' lang='lat' dir='ltr'><strong>Deus</strong></span> <span class='ocrx_word' id='word_1_206' title='bbox 1579 2533 1790 2587; x_wconf 85' lang='lat' dir='ltr'><strong>semper</strong></span> <span class='ocrx_word' id='word_1_207' title='bbox 1809 2519 1981 2587; x_wconf 85' lang='lat' dir='ltr'><strong>possit</strong></span> 
     </span>
    </p>
   </div>
   <div class='ocr_carea' id='block_1_29' title="bbox 422 2608 1978 2681">
    <p class='ocr_par' dir='ltr' id='par_1_29' title="bbox 422 2608 1978 2681">
     <span class='ocr_line' id='line_1_29' title="bbox 422 2608 1978 2681; baseline -0.003 -15"><span class='ocrx_word' id='word_1_208' title='bbox 422 2627 588 2681; x_wconf 87' lang='lat' dir='ltr'><strong>opera</strong></span> <span class='ocrx_word' id='word_1_209' title='bbox 624 2610 822 2672; x_wconf 81' lang='lat' dir='ltr'><strong>facere,</strong></span> <span class='ocrx_word' id='word_1_210' title='bbox 858 2625 963 2665; x_wconf 90' lang='lat' dir='ltr'><strong>non</strong></span> <span class='ocrx_word' id='word_1_211' title='bbox 988 2625 1200 2679; x_wconf 85' lang='lat' dir='ltr'><strong>semper</strong></span> <span class='ocrx_word' id='word_1_212' title='bbox 1224 2609 1356 2665; x_wconf 85' lang='lat' dir='ltr'><strong>facit</strong></span> <span class='ocrx_word' id='word_1_213' title='bbox 1387 2627 1400 2662; x_wconf 88' lang='lat'><strong>:</strong></span> <span class='ocrx_word' id='word_1_214' title='bbox 1433 2622 1566 2664; x_wconf 89' lang='lat' dir='ltr'><strong>sane</strong></span> <span class='ocrx_word' id='word_1_215' title='bbox 1590 2608 1978 2662; x_wconf 90' lang='lat' dir='ltr'><strong>insanientium</strong></span> 
     </span>
    </p>
   </div>
   <div class='ocr_carea' id='block_1_30' title="bbox 424 2701 1983 2770">
    <p class='ocr_par' dir='ltr' id='par_1_30' title="bbox 424 2701 1983 2770">
     <span class='ocr_line' id='line_1_30' title="bbox 424 2701 1983 2770; baseline -0.004 -12"><span class='ocrx_word' id='word_1_216' title='bbox 424 2703 704 2758; x_wconf 80' lang='lat' dir='ltr'><strong>hominum</strong></span> <span class='ocrx_word' id='word_1_217' title='bbox 738 2703 1015 2758; x_wconf 88' lang='lat' dir='ltr'><strong>temeritas</strong></span> <span class='ocrx_word' id='word_1_218' title='bbox 1035 2703 1136 2757; x_wconf 86' lang='lat' dir='ltr'><strong>ista</strong></span> <span class='ocrx_word' id='word_1_219' title='bbox 1159 2710 1259 2756; x_wconf 89' lang='lat' dir='ltr'><strong>est.</strong></span> <span class='ocrx_word' id='word_1_220' title='bbox 1287 2701 1416 2766; x_wconf 81' lang='lat' dir='ltr'><strong>Quis</strong></span> <span class='ocrx_word' id='word_1_221' title='bbox 1448 2701 1584 2754; x_wconf 81' lang='lat' dir='ltr'><strong>enim</strong></span> <span class='ocrx_word' id='word_1_222' title='bbox 1610 2701 1844 2770; x_wconf 82' lang='lat' dir='ltr'><strong>cognovit</strong></span> <span class='ocrx_word' id='word_1_223' title='bbox 1871 2715 1983 2753; x_wconf 79' lang='lat' dir='ltr'><strong>sen-</strong></span> 
     </span>
    </p>
   </div>
   <div class='ocr_carea' id='block_1_31' title="bbox 423 2791 1982 2863">
    <p class='ocr_par' dir='ltr' id='par_1_31' title="bbox 423 2791 1982 2863">
     <span class='ocr_line' id='line_1_31' title="bbox 423 2791 1982 2863; baseline -0.003 -14"><span class='ocrx_word' id='word_1_224' title='bbox 423 2810 542 2849; x_wconf 72' lang='lat' dir='ltr'><strong>sum</strong></span> <span class='ocrx_word' id='word_1_225' title='bbox 571 2794 815 2859; x_wconf 81' lang='lat' dir='ltr'><strong>Domini,</strong></span> <span class='ocrx_word' id='word_1_226' title='bbox 833 2803 925 2847; x_wconf 85' lang='lat' dir='ltr'><strong>aut</strong></span> <span class='ocrx_word' id='word_1_227' title='bbox 971 2795 1086 2863; x_wconf 80' lang='lat' dir='ltr'><strong>quis</strong></span> <span class='ocrx_word' id='word_1_228' title='bbox 1120 2793 1456 2846; x_wconf 77' lang='lat' dir='ltr'><strong>consiliarius</strong></span> <span class='ocrx_word' id='word_1_229' title='bbox 1486 2793 1599 2860; x_wconf 76' lang='lat' dir='ltr'><strong>ejus</strong></span> <span class='ocrx_word' id='word_1_230' title='bbox 1631 2791 1731 2860; x_wconf 82' lang='lat' dir='ltr'><strong>fuit</strong></span> <span class='ocrx_word' id='word_1_231' title='bbox 1757 2791 1846 2844; x_wconf 74' lang='grc'><strong>⁷⁸2</strong></span> <span class='ocrx_word' id='word_1_232' title='bbox 1874 2791 1982 2845; x_wconf 85' lang='lat' dir='ltr'><strong>Aut</strong></span> 
     </span>
    </p>
   </div>
   <div class='ocr_carea' id='block_1_32' title="bbox 424 2881 1981 2956">
    <p class='ocr_par' dir='ltr' id='par_1_32' title="bbox 424 2881 1981 2956">
     <span class='ocr_line' id='line_1_32' title="bbox 424 2881 1981 2956; baseline -0.004 -16"><span class='ocrx_word' id='word_1_233' title='bbox 424 2885 699 2956; x_wconf 87' lang='lat' dir='ltr'><strong>quomodo</strong></span> <span class='ocrx_word' id='word_1_234' title='bbox 732 2885 1045 2955; x_wconf 79' lang='lat' dir='ltr'><strong>figmentum</strong></span> <span class='ocrx_word' id='word_1_235' title='bbox 1088 2883 1229 2938; x_wconf 86' lang='lat' dir='ltr'><strong>dicet</strong></span> <span class='ocrx_word' id='word_1_236' title='bbox 1271 2883 1474 2947; x_wconf 84' lang='lat' dir='ltr'><strong>fictori,</strong></span> <span class='ocrx_word' id='word_1_237' title='bbox 1505 2881 1647 2947; x_wconf 80' lang='lat' dir='ltr'><strong>Quid</strong></span> <span class='ocrx_word' id='word_1_238' title='bbox 1691 2898 1768 2936; x_wconf 88' lang='lat' dir='ltr'><strong>me</strong></span> <span class='ocrx_word' id='word_1_239' title='bbox 1813 2881 1981 2951; x_wconf 82' lang='lat' dir='ltr'><strong>fecisti</strong></span> 
     </span>
    </p>
   </div>
   <div class='ocr_carea' id='block_1_33' title="bbox 425 2974 1982 3043">
    <p class='ocr_par' dir='ltr' id='par_1_33' title="bbox 425 2974 1982 3043">
     <span class='ocr_line' id='line_1_33' title="bbox 425 2974 1982 3043; baseline -0.001 -14"><span class='ocrx_word' id='word_1_240' title='bbox 425 2977 504 3030; x_wconf 76' lang='lat' dir='ltr'><strong>sic</strong></span> <span class='ocrx_word' id='word_1_241' title='bbox 535 2977 623 3030; x_wconf 66' lang='lat'><strong>&quot;3</strong></span> <span class='ocrx_word' id='word_1_242' title='bbox 673 2975 869 3030; x_wconf 77' lang='lat' dir='ltr'><strong>Verum</strong></span> <span class='ocrx_word' id='word_1_243' title='bbox 917 2991 984 3030; x_wconf 91' lang='lat' dir='ltr'><strong>ne</strong></span> <span class='ocrx_word' id='word_1_244' title='bbox 1013 2977 1094 3031; x_wconf 76' lang='lat' dir='ltr'><strong>vel</strong></span> <span class='ocrx_word' id='word_1_245' title='bbox 1123 2977 1222 3029; x_wconf 87' lang='lat' dir='ltr'><strong>levi</strong></span> <span class='ocrx_word' id='word_1_246' title='bbox 1263 2975 1471 3043; x_wconf 83' lang='lat' dir='ltr'><strong>abjccta</strong></span> <span class='ocrx_word' id='word_1_247' title='bbox 1498 2974 1738 3040; x_wconf 88' lang='lat' dir='ltr'><strong>ratione,</strong></span> <span class='ocrx_word' id='word_1_248' title='bbox 1770 2975 1982 3029; x_wconf 85' lang='lat' dir='ltr'><strong>silentio</strong></span> 
     </span>
    </p>
   </div>
   <div class='ocr_carea' id='block_1_34' title="bbox 427 3062 1980 3131">
    <p class='ocr_par' dir='ltr' id='par_1_34' title="bbox 427 3062 1980 3131">
     <span class='ocr_line' id='line_1_34' title="bbox 427 3062 1980 3131; baseline -0.003 -10"><span class='ocrx_word' id='word_1_249' title='bbox 427 3076 667 3131; x_wconf 88' lang='lat' dir='ltr'><strong>utamur,</strong></span> <span class='ocrx_word' id='word_1_250' title='bbox 717 3065 941 3120; x_wconf 90' lang='lat' dir='ltr'><strong>audiant</strong></span> <span class='ocrx_word' id='word_1_251' title='bbox 973 3064 1049 3118; x_wconf 89' lang='lat' dir='ltr'><strong>illi</strong></span> <span class='ocrx_word' id='word_1_252' title='bbox 1091 3079 1178 3118; x_wconf 88' lang='lat' dir='ltr'><strong>res</strong></span> <span class='ocrx_word' id='word_1_253' title='bbox 1230 3062 1401 3118; x_wconf 88' lang='lat' dir='ltr'><strong>factas</strong></span> <span class='ocrx_word' id='word_1_254' title='bbox 1434 3073 1663 3117; x_wconf 67' lang='lat' dir='ltr'><strong>aeternas</strong></span> <span class='ocrx_word' id='word_1_255' title='bbox 1706 3078 1828 3117; x_wconf 89' lang='lat' dir='ltr'><strong>esse</strong></span> <span class='ocrx_word' id='word_1_256' title='bbox 1874 3079 1980 3117; x_wconf 89' lang='lat' dir='ltr'><strong>non</strong></span> 
     </span>
    </p>
   </div>
   <div class='ocr_carea' id='block_1_35' title="bbox 429 3151 1982 3229">
    <p class='ocr_par' dir='ltr' id='par_1_35' title="bbox 429 3151 1982 3229">
     <span class='ocr_line' id='line_1_35' title="bbox 429 3151 1982 3229; baseline -0.003 -18"><span class='ocrx_word' id='word_1_257' title='bbox 429 3159 691 3229; x_wconf 86' lang='lat' dir='ltr'><strong>potuisse,</strong></span> <span class='ocrx_word' id='word_1_258' title='bbox 721 3155 934 3210; x_wconf 87' lang='lat' dir='ltr'><strong>etiamsi</strong></span> <span class='ocrx_word' id='word_1_259' title='bbox 967 3170 1061 3209; x_wconf 89' lang='lat' dir='ltr'><strong>cas</strong></span> <span class='ocrx_word' id='word_1_260' title='bbox 1096 3169 1308 3224; x_wconf 85' lang='lat' dir='ltr'><strong>semper</strong></span> <span class='ocrx_word' id='word_1_261' title='bbox 1339 3154 1575 3223; x_wconf 90' lang='lat' dir='ltr'><strong>potuerit</strong></span> <span class='ocrx_word' id='word_1_262' title='bbox 1607 3152 1785 3207; x_wconf 89' lang='lat' dir='ltr'><strong>facere</strong></span> <span class='ocrx_word' id='word_1_263' title='bbox 1817 3151 1982 3207; x_wconf 89' lang='lat' dir='ltr'><strong>Deus.</strong></span> 
     </span>
    </p>
   </div>
   <div class='ocr_carea' id='block_1_36' title="bbox 429 3243 1977 3312">
    <p class='ocr_par' dir='ltr' id='par_1_36' title="bbox 429 3243 1977 3312">
     <span class='ocr_line' id='line_1_36' title="bbox 429 3243 1977 3312; baseline -0.003 -10"><span class='ocrx_word' id='word_1_264' title='bbox 429 3247 536 3303; x_wconf 84' lang='lat' dir='ltr'><strong>Illae</strong></span> <span class='ocrx_word' id='word_1_265' title='bbox 562 3247 707 3301; x_wconf 90' lang='lat' dir='ltr'><strong>enim</strong></span> <span class='ocrx_word' id='word_1_266' title='bbox 739 3262 805 3300; x_wconf 77' lang='lat' dir='ltr'><strong>ex</strong></span> <span class='ocrx_word' id='word_1_267' title='bbox 837 3245 1010 3298; x_wconf 87' lang='lat' dir='ltr'><strong>nihilo</strong></span> <span class='ocrx_word' id='word_1_268' title='bbox 1040 3252 1188 3310; x_wconf 91' lang='lat' dir='ltr'><strong>sunt,</strong></span> <span class='ocrx_word' id='word_1_269' title='bbox 1221 3259 1321 3297; x_wconf 88' lang='lat' dir='ltr'><strong>nec</strong></span> <span class='ocrx_word' id='word_1_270' title='bbox 1366 3251 1523 3299; x_wconf 85' lang='lat' dir='ltr'><strong>erant</strong></span> <span class='ocrx_word' id='word_1_271' title='bbox 1552 3253 1842 3312; x_wconf 89' lang='lat' dir='ltr'><strong>antequam</strong></span> <span class='ocrx_word' id='word_1_272' title='bbox 1879 3243 1977 3298; x_wconf 85' lang='lat' dir='ltr'><strong>fie-</strong></span> 
     </span>
    </p>
   </div>
   <div class='ocr_carea' id='block_1_37' title="bbox 429 3335 1982 3408">
    <p class='ocr_par' dir='ltr' id='par_1_37' title="bbox 429 3335 1982 3408">
     <span class='ocr_line' id='line_1_37' title="bbox 429 3335 1982 3408; baseline -0.003 -14"><span class='ocrx_word' id='word_1_273' title='bbox 429 3347 551 3394; x_wconf 80' lang='lat' dir='ltr'><strong>rent</strong></span> <span class='ocrx_word' id='word_1_274' title='bbox 593 3355 608 3394; x_wconf 94' lang='lat'><strong>:</strong></span> <span class='ocrx_word' id='word_1_275' title='bbox 659 3353 782 3408; x_wconf 75' lang='lat' dir='ltr'><strong>qua:</strong></span> <span class='ocrx_word' id='word_1_276' title='bbox 833 3346 1012 3391; x_wconf 91' lang='lat' dir='ltr'><strong>autem</strong></span> <span class='ocrx_word' id='word_1_277' title='bbox 1059 3351 1169 3390; x_wconf 90' lang='lat' dir='ltr'><strong>non</strong></span> <span class='ocrx_word' id='word_1_278' title='bbox 1217 3343 1372 3391; x_wconf 90' lang='lat' dir='ltr'><strong>erant</strong></span> <span class='ocrx_word' id='word_1_279' title='bbox 1419 3347 1706 3404; x_wconf 87' lang='lat' dir='ltr'><strong>antequam</strong></span> <span class='ocrx_word' id='word_1_280' title='bbox 1751 3335 1982 3401; x_wconf 84' lang='lat' dir='ltr'><strong>fierent,</strong></span> 
     </span>
    </p>
   </div>
   <div class='ocr_carea' id='block_1_38' title="bbox 431 3427 1987 3502">
    <p class='ocr_par' dir='ltr' id='par_1_38' title="bbox 431 3427 1987 3502">
     <span class='ocr_line' id='line_1_38' title="bbox 431 3427 1987 3502; baseline -0.001 -18"><span class='ocrx_word' id='word_1_281' title='bbox 431 3431 698 3502; x_wconf 83' lang='lat' dir='ltr'><strong>quomodo</strong></span> <span class='ocrx_word' id='word_1_282' title='bbox 737 3429 898 3483; x_wconf 90' lang='lat' dir='ltr'><strong>simul</strong></span> <span class='ocrx_word' id='word_1_283' title='bbox 932 3444 1056 3494; x_wconf 86' lang='lat' dir='ltr'><strong>cum</strong></span> <span class='ocrx_word' id='word_1_284' title='bbox 1091 3427 1222 3492; x_wconf 89' lang='lat' dir='ltr'><strong>Deo,</strong></span> <span class='ocrx_word' id='word_1_285' title='bbox 1265 3428 1361 3496; x_wconf 88' lang='lat' dir='ltr'><strong>qui</strong></span> <span class='ocrx_word' id='word_1_286' title='bbox 1395 3443 1607 3497; x_wconf 86' lang='lat' dir='ltr'><strong>semper</strong></span> <span class='ocrx_word' id='word_1_287' title='bbox 1638 3437 1740 3494; x_wconf 88' lang='lat' dir='ltr'><strong>est,</strong></span> <span class='ocrx_word' id='word_1_288' title='bbox 1779 3429 1987 3498; x_wconf 86' lang='lat' dir='ltr'><strong>possint</strong></span> 
     </span>
    </p>
   </div>
   <div class='ocr_carea' id='block_1_39' title="bbox 436 3518 1989 3588">
    <p class='ocr_par' dir='ltr' id='par_1_39' title="bbox 436 3518 1989 3588">
     <span class='ocr_line' id='line_1_39' title="bbox 436 3518 1989 3588; baseline -0.003 -12"><span class='ocrx_word' id='word_1_289' title='bbox 436 3520 741 3576; x_wconf 76' lang='lat' dir='ltr'><strong>exsistere?</strong></span> <span class='ocrx_word' id='word_1_290' title='bbox 765 3518 899 3574; x_wconf 91' lang='lat' dir='ltr'><strong>Hinc</strong></span> <span class='ocrx_word' id='word_1_291' title='bbox 927 3519 1070 3574; x_wconf 90' lang='lat' dir='ltr'><strong>Deus</strong></span> <span class='ocrx_word' id='word_1_292' title='bbox 1097 3534 1277 3573; x_wconf 90' lang='lat' dir='ltr'><strong>rerum</strong></span> <span class='ocrx_word' id='word_1_293' title='bbox 1297 3518 1534 3588; x_wconf 89' lang='lat' dir='ltr'><strong>ipsarum</strong></span> <span class='ocrx_word' id='word_1_294' title='bbox 1566 3519 1850 3573; x_wconf 90' lang='lat' dir='ltr'><strong>commodo</strong></span> <span class='ocrx_word' id='word_1_295' title='bbox 1865 3534 1989 3588; x_wconf 86' lang='lat' dir='ltr'><strong>pro-</strong></span> 
     </span>
    </p>
   </div>
   <div class='ocr_carea' id='block_1_40' title="bbox 432 3609 1984 3681">
    <p class='ocr_par' dir='ltr' id='par_1_40' title="bbox 432 3609 1984 3681">
     <span class='ocr_line' id='line_1_40' title="bbox 432 3609 1984 3681; baseline 0.001 -17"><span class='ocrx_word' id='word_1_296' title='bbox 432 3612 686 3681; x_wconf 84' lang='lat' dir='ltr'><strong>spiciens,</strong></span> <span class='ocrx_word' id='word_1_297' title='bbox 733 3625 863 3664; x_wconf 86' lang='lat' dir='ltr'><strong>tunc</strong></span> <span class='ocrx_word' id='word_1_298' title='bbox 902 3610 1085 3664; x_wconf 86' lang='lat' dir='ltr'><strong>omnia</strong></span> <span class='ocrx_word' id='word_1_299' title='bbox 1125 3609 1284 3673; x_wconf 88' lang='lat' dir='ltr'><strong>fecit,</strong></span> <span class='ocrx_word' id='word_1_300' title='bbox 1315 3625 1438 3665; x_wconf 92' lang='lat' dir='ltr'><strong>cum</strong></span> <span class='ocrx_word' id='word_1_301' title='bbox 1485 3610 1615 3664; x_wconf 83' lang='lat' dir='ltr'><strong>vidit</strong></span> <span class='ocrx_word' id='word_1_302' title='bbox 1649 3626 1804 3679; x_wconf 86' lang='lat' dir='ltr'><strong>posse</strong></span> <span class='ocrx_word' id='word_1_303' title='bbox 1846 3611 1984 3665; x_wconf 85' lang='lat' dir='ltr'><strong>facta</strong></span> 
     </span>
    </p>
   </div>
   <div class='ocr_carea' id='block_1_41' title="bbox 433 3697 1985 3768">
    <p class='ocr_par' dir='ltr' id='par_1_41' title="bbox 433 3697 1985 3768">
     <span class='ocr_line' id='line_1_41' title="bbox 433 3697 1985 3768; baseline -0.003 -12"><span class='ocrx_word' id='word_1_304' title='bbox 433 3715 770 3768; x_wconf 84' lang='lat' dir='ltr'><strong>permanere.</strong></span> <span class='ocrx_word' id='word_1_305' title='bbox 803 3700 882 3753; x_wconf 83' lang='lat' dir='ltr'><strong>Ac</strong></span> <span class='ocrx_word' id='word_1_306' title='bbox 919 3698 1373 3768; x_wconf 89' lang='lat' dir='ltr'><strong>quemadmodum</strong></span> <span class='ocrx_word' id='word_1_307' title='bbox 1421 3698 1636 3751; x_wconf 89' lang='lat' dir='ltr'><strong>tametsi</strong></span> <span class='ocrx_word' id='word_1_308' title='bbox 1687 3697 1756 3751; x_wconf 91' lang='lat' dir='ltr'><strong>ab</strong></span> <span class='ocrx_word' id='word_1_309' title='bbox 1799 3697 1985 3760; x_wconf 88' lang='lat' dir='ltr'><strong>initio,</strong></span> 
     </span>
    </p>
   </div>
   <div class='ocr_carea' id='block_1_42' title="bbox 431 3787 1986 3860">
    <p class='ocr_par' dir='ltr' id='par_1_42' title="bbox 431 3787 1986 3860">
     <span class='ocr_line' id='line_1_42' title="bbox 431 3787 1986 3860; baseline -0.003 -15"><span class='ocrx_word' id='word_1_310' title='bbox 431 3792 623 3846; x_wconf 80' lang='lat' dir='ltr'><strong>Adami</strong></span> <span class='ocrx_word' id='word_1_311' title='bbox 669 3798 764 3844; x_wconf 88' lang='lat' dir='ltr'><strong>aut</strong></span> <span class='ocrx_word' id='word_1_312' title='bbox 793 3788 905 3844; x_wconf 87' lang='lat' dir='ltr'><strong>Noe</strong></span> <span class='ocrx_word' id='word_1_313' title='bbox 936 3798 1030 3843; x_wconf 91' lang='lat' dir='ltr'><strong>aut</strong></span> <span class='ocrx_word' id='word_1_314' title='bbox 1056 3789 1258 3860; x_wconf 80' lang='lat' dir='ltr'><strong>Moysis</strong></span> <span class='ocrx_word' id='word_1_315' title='bbox 1295 3797 1535 3858; x_wconf 90' lang='lat' dir='ltr'><strong>tempore</strong></span> <span class='ocrx_word' id='word_1_316' title='bbox 1558 3787 1792 3842; x_wconf 81' lang='lat' dir='ltr'><strong>Verbum</strong></span> <span class='ocrx_word' id='word_1_317' title='bbox 1829 3803 1986 3841; x_wconf 89' lang='lat' dir='ltr'><strong>suum</strong></span> 
     </span>
    </p>
   </div>
   <div class='ocr_carea' id='block_1_43' title="bbox 435 3880 1987 3952">
    <p class='ocr_par' dir='ltr' id='par_1_43' title="bbox 435 3880 1987 3952">
     <span class='ocr_line' id='line_1_43' title="bbox 435 3880 1987 3952; baseline -0.002 -15"><span class='ocrx_word' id='word_1_318' title='bbox 435 3885 610 3952; x_wconf 89' lang='lat' dir='ltr'><strong>potuit</strong></span> <span class='ocrx_word' id='word_1_319' title='bbox 641 3885 872 3946; x_wconf 89' lang='lat' dir='ltr'><strong>mittere,</strong></span> <span class='ocrx_word' id='word_1_320' title='bbox 906 3898 1006 3938; x_wconf 85' lang='lat' dir='ltr'><strong>nec</strong></span> <span class='ocrx_word' id='word_1_321' title='bbox 1036 3893 1215 3937; x_wconf 86' lang='lat' dir='ltr'><strong>tamen</strong></span> <span class='ocrx_word' id='word_1_322' title='bbox 1241 3882 1408 3946; x_wconf 91' lang='lat' dir='ltr'><strong>misit,</strong></span> <span class='ocrx_word' id='word_1_323' title='bbox 1431 3882 1536 3935; x_wconf 83' lang='lat' dir='ltr'><strong>nisi</strong></span> <span class='ocrx_word' id='word_1_324' title='bbox 1567 3882 1620 3935; x_wconf 90' lang='lat' dir='ltr'><strong>in</strong></span> <span class='ocrx_word' id='word_1_325' title='bbox 1647 3880 1752 3936; x_wconf 83' lang='lat' dir='ltr'><strong>ﬁne</strong></span> <span class='ocrx_word' id='word_1_326' title='bbox 1777 3888 1987 3950; x_wconf 89' lang='lat' dir='ltr'><strong>tempo-</strong></span> 
     </span>
    </p>
   </div>
   <div class='ocr_carea' id='block_1_44' title="bbox 435 3971 1989 4042">
    <p class='ocr_par' dir='ltr' id='par_1_44' title="bbox 435 3971 1989 4042">
     <span class='ocr_line' id='line_1_44' title="bbox 435 3971 1989 4042; baseline -0.002 -14"><span class='ocrx_word' id='word_1_327' title='bbox 435 3989 599 4037; x_wconf 85' lang='lat' dir='ltr'><strong>rum;</strong></span> <span class='ocrx_word' id='word_1_328' title='bbox 654 3974 706 4026; x_wconf 91' lang='lat' dir='ltr'><strong>id</strong></span> <span class='ocrx_word' id='word_1_329' title='bbox 741 3974 940 4042; x_wconf 84' lang='lat' dir='ltr'><strong>quippe</strong></span> <span class='ocrx_word' id='word_1_330' title='bbox 980 3973 1246 4027; x_wconf 75' lang='lat' dir='ltr'><strong>universa:</strong></span> <span class='ocrx_word' id='word_1_331' title='bbox 1290 3981 1496 4027; x_wconf 65' lang='lat' dir='ltr'><strong>naturae</strong></span> <span class='ocrx_word' id='word_1_332' title='bbox 1532 3987 1654 4027; x_wconf 90' lang='lat' dir='ltr'><strong>esse</strong></span> <span class='ocrx_word' id='word_1_333' title='bbox 1705 3971 1836 4026; x_wconf 91' lang='lat' dir='ltr'><strong>utile</strong></span> <span class='ocrx_word' id='word_1_334' title='bbox 1891 3984 1989 4025; x_wconf 90' lang='lat' dir='ltr'><strong>no-</strong></span> 
     </span>
    </p>
   </div>
   <div class='ocr_carea' id='block_1_45' title="bbox 437 4061 1990 4131">
    <p class='ocr_par' dir='ltr' id='par_1_45' title="bbox 437 4061 1990 4131">
     <span class='ocr_line' id='line_1_45' title="bbox 437 4061 1990 4131; baseline -0.001 -16"><span class='ocrx_word' id='word_1_335' title='bbox 437 4073 586 4116; x_wconf 78' lang='lat' dir='ltr'><strong>verat</strong></span> <span class='ocrx_word' id='word_1_336' title='bbox 621 4080 634 4116; x_wconf 93' lang='lat'><strong>:</strong></span> <span class='ocrx_word' id='word_1_337' title='bbox 677 4063 748 4116; x_wconf 90' lang='lat' dir='ltr'><strong>ita</strong></span> <span class='ocrx_word' id='word_1_338' title='bbox 777 4072 829 4116; x_wconf 90' lang='lat' dir='ltr'><strong>ct</strong></span> <span class='ocrx_word' id='word_1_339' title='bbox 861 4078 948 4116; x_wconf 75' lang='lat' dir='ltr'><strong>res</strong></span> <span class='ocrx_word' id='word_1_340' title='bbox 980 4061 1152 4116; x_wconf 80' lang='lat' dir='ltr'><strong>factas</strong></span> <span class='ocrx_word' id='word_1_341' title='bbox 1201 4061 1456 4131; x_wconf 77' lang='lat' dir='ltr'><strong>produxit</strong></span> <span class='ocrx_word' id='word_1_342' title='bbox 1484 4077 1607 4115; x_wconf 91' lang='lat' dir='ltr'><strong>cum</strong></span> <span class='ocrx_word' id='word_1_343' title='bbox 1637 4070 1692 4115; x_wconf 91' lang='lat' dir='ltr'><strong>et</strong></span> <span class='ocrx_word' id='word_1_344' title='bbox 1736 4062 1850 4130; x_wconf 91' lang='lat' dir='ltr'><strong>ipse</strong></span> <span class='ocrx_word' id='word_1_345' title='bbox 1897 4075 1990 4114; x_wconf 75' lang='lat' dir='ltr'><strong>vo-</strong></span> 
     </span>
    </p>
   </div>
   <div class='ocr_carea' id='block_1_46' title="bbox 438 4153 1988 4220">
    <p class='ocr_par' dir='ltr' id='par_1_46' title="bbox 438 4153 1988 4220">
     <span class='ocr_line' id='line_1_46' title="bbox 438 4153 1988 4220; baseline 0.001 -15"><span class='ocrx_word' id='word_1_346' title='bbox 438 4153 560 4220; x_wconf 90' lang='lat' dir='ltr'><strong>luit,</strong></span> <span class='ocrx_word' id='word_1_347' title='bbox 592 4162 646 4208; x_wconf 83' lang='lat' dir='ltr'><strong>et</strong></span> <span class='ocrx_word' id='word_1_348' title='bbox 693 4153 798 4206; x_wconf 91' lang='lat' dir='ltr'><strong>illis</strong></span> <span class='ocrx_word' id='word_1_349' title='bbox 827 4154 1198 4208; x_wconf 77' lang='lat' dir='ltr'><strong>conveniebat.</strong></span> <span class='ocrx_word' id='word_1_350' title='bbox 1246 4154 1314 4208; x_wconf 81' lang='lat' dir='ltr'><strong>At</strong></span> <span class='ocrx_word' id='word_1_351' title='bbox 1338 4169 1467 4207; x_wconf 84' lang='lat' dir='ltr'><strong>vero</strong></span> <span class='ocrx_word' id='word_1_352' title='bbox 1513 4153 1683 4206; x_wconf 87' lang='lat' dir='ltr'><strong>Filius</strong></span> <span class='ocrx_word' id='word_1_353' title='bbox 1729 4168 1853 4207; x_wconf 91' lang='lat' dir='ltr'><strong>cum</strong></span> <span class='ocrx_word' id='word_1_354' title='bbox 1881 4168 1988 4207; x_wconf 89' lang='lat' dir='ltr'><strong>non</strong></span> 
     </span>
    </p>
   </div>
   <div class='ocr_carea' id='block_1_47' title="bbox 438 4243 1991 4314">
    <p class='ocr_par' dir='ltr' id='par_1_47' title="bbox 438 4243 1991 4314">
     <span class='ocr_line' id='line_1_47' title="bbox 438 4243 1991 4314; baseline 0.001 -17"><span class='ocrx_word' id='word_1_355' title='bbox 438 4258 575 4313; x_wconf 88' lang='lat' dir='ltr'><strong>opus</strong></span> <span class='ocrx_word' id='word_1_356' title='bbox 606 4283 622 4308; x_wconf 93' lang='lat'><strong>,</strong></span> <span class='ocrx_word' id='word_1_357' title='bbox 674 4243 768 4298; x_wconf 87' lang='lat' dir='ltr'><strong>sed</strong></span> <span class='ocrx_word' id='word_1_358' title='bbox 829 4252 1037 4297; x_wconf 64' lang='lat' dir='ltr'><strong>naturae</strong></span> <span class='ocrx_word' id='word_1_359' title='bbox 1099 4243 1275 4299; x_wconf 82' lang='lat' dir='ltr'><strong>Patris</strong></span> <span class='ocrx_word' id='word_1_360' title='bbox 1333 4245 1403 4299; x_wconf 87' lang='lat' dir='ltr'><strong>sit</strong></span> <span class='ocrx_word' id='word_1_361' title='bbox 1449 4247 1731 4314; x_wconf 90' lang='lat' dir='ltr'><strong>proprius,</strong></span> <span class='ocrx_word' id='word_1_362' title='bbox 1779 4260 1991 4314; x_wconf 87' lang='lat' dir='ltr'><strong>semper</strong></span> 
     </span>
    </p>
   </div>
   <div class='ocr_carea' id='block_1_48' title="bbox 2010 3112 2055 3170">
    <p class='ocr_par' dir='ltr' id='par_1_48' title="bbox 2010 3112 2055 3170">
     <span class='ocr_line' id='line_1_48' title="bbox 2010 3112 2055 3170; baseline 0 0"><span class='ocrx_word' id='word_1_363' title='bbox 2010 3112 2055 3170; x_wconf 87' lang='lat' dir='ltr'><strong>C</strong></span> 
     </span>
    </p>
   </div>
   <div class='ocr_carea' id='block_1_49' title="bbox 2071 506 3633 584">
    <p class='ocr_par' dir='ltr' id='par_1_49' title="bbox 2071 506 3633 584">
     <span class='ocr_line' id='line_1_49' title="bbox 2071 506 3633 584; baseline -0.006 -17"><span class='ocrx_word' id='word_1_364' title='bbox 2071 514 2203 568; x_wconf 78' lang='grc' dir='ltr'>ἀλλὰ</span> <span class='ocrx_word' id='word_1_365' title='bbox 2229 514 2471 584; x_wconf 83' lang='grc' dir='ltr'><strong>γέννημα</strong></span> <span class='ocrx_word' id='word_1_366' title='bbox 2499 512 2627 566; x_wconf 80' lang='grc' dir='ltr'>ἴδιον</span> <span class='ocrx_word' id='word_1_367' title='bbox 2656 510 2748 564; x_wconf 79' lang='grc' dir='ltr'>τοῦ</span> <span class='ocrx_word' id='word_1_368' title='bbox 2784 509 3003 581; x_wconf 85' lang='grc' dir='ltr'>πατρός.</span> <span class='ocrx_word' id='word_1_369' title='bbox 3049 507 3146 560; x_wconf 85' lang='grc' dir='ltr'><strong>Διὰ</strong></span> <span class='ocrx_word' id='word_1_370' title='bbox 3183 506 3340 560; x_wconf 81' lang='grc' dir='ltr'>τοῦτο</span> <span class='ocrx_word' id='word_1_371' title='bbox 3380 506 3463 558; x_wconf 73' lang='grc' dir='ltr'><strong>ἀεὶ</strong></span> <span class='ocrx_word' id='word_1_372' title='bbox 3514 506 3633 558; x_wconf 79' lang='grc' dir='ltr'><strong>Πα-</strong></span> 
     </span>
    </p>
   </div>
   <div class='ocr_carea' id='block_1_50' title="bbox 2068 595 3635 677">
    <p class='ocr_par' dir='ltr' id='par_1_50' title="bbox 2068 595 3635 677">
     <span class='ocr_line' id='line_1_50' title="bbox 2068 595 3635 677; baseline -0.007 -19"><span class='ocrx_word' id='word_1_373' title='bbox 2068 606 2190 677; x_wconf 80' lang='grc' dir='ltr'>τὴρ,</span> <span class='ocrx_word' id='word_1_374' title='bbox 2214 605 2307 658; x_wconf 77' lang='grc' dir='ltr'><strong>καὶ</strong></span> <span class='ocrx_word' id='word_1_375' title='bbox 2331 605 2430 657; x_wconf 84' lang='grc' dir='ltr'><strong>οὐκ</strong></span> <span class='ocrx_word' id='word_1_376' title='bbox 2457 603 2737 671; x_wconf 81' lang='grc' dir='ltr'><strong>ἐπιγέγονε</strong></span> <span class='ocrx_word' id='word_1_377' title='bbox 2768 600 2843 671; x_wconf 83' lang='grc' dir='ltr'><strong>τῷ</strong></span> <span class='ocrx_word' id='word_1_378' title='bbox 2865 599 2981 670; x_wconf 83' lang='grc' dir='ltr'>Θεῷ</span> <span class='ocrx_word' id='word_1_379' title='bbox 2999 599 3059 652; x_wconf 90' lang='grc' dir='ltr'><strong>τὸ</strong></span> <span class='ocrx_word' id='word_1_380' title='bbox 3093 599 3291 668; x_wconf 83' lang='grc' dir='ltr'>πατὴρ,</span> <span class='ocrx_word' id='word_1_381' title='bbox 3316 597 3400 649; x_wconf 82' lang='grc' dir='ltr'><strong>ἵνα</strong></span> <span class='ocrx_word' id='word_1_382' title='bbox 3431 597 3504 668; x_wconf 80' lang='grc' dir='ltr'>μὴ</span> <span class='ocrx_word' id='word_1_383' title='bbox 3534 595 3635 649; x_wconf 76' lang='grc' dir='ltr'><strong>καὶ</strong></span> 
     </span>
    </p>
   </div>
   <div class='ocr_carea' id='block_1_51' title="bbox 2068 684 3633 769">
    <p class='ocr_par' dir='ltr' id='par_1_51' title="bbox 2068 684 3633 769">
     <span class='ocr_line' id='line_1_51' title="bbox 2068 684 3633 769; baseline -0.005 -18"><span class='ocrx_word' id='word_1_384' title='bbox 2068 698 2296 769; x_wconf 85' lang='grc' dir='ltr'>τρεπτὸς</span> <span class='ocrx_word' id='word_1_385' title='bbox 2328 691 2465 748; x_wconf 82' lang='grc' dir='ltr'>εἶναι</span> <span class='ocrx_word' id='word_1_386' title='bbox 2487 694 2735 766; x_wconf 83' lang='grc' dir='ltr'>νομ-ισθῇ.</span> <span class='ocrx_word' id='word_1_387' title='bbox 2790 695 2853 746; x_wconf 80' lang='lat' dir='ltr'><strong>Ei</strong></span> <span class='ocrx_word' id='word_1_388' title='bbox 2899 693 3004 763; x_wconf 83' lang='grc' dir='ltr'><strong>γὰρ</strong></span> <span class='ocrx_word' id='word_1_389' title='bbox 3031 691 3191 744; x_wconf 89' lang='grc' dir='ltr'>καλὸν</span> <span class='ocrx_word' id='word_1_390' title='bbox 3235 690 3295 743; x_wconf 86' lang='grc' dir='ltr'><strong>τὸ</strong></span> <span class='ocrx_word' id='word_1_391' title='bbox 3350 684 3486 742; x_wconf 79' lang='grc' dir='ltr'>εἶναι</span> <span class='ocrx_word' id='word_1_392' title='bbox 3515 686 3633 760; x_wconf 81' lang='grc'>(15)</span> 
     </span>
    </p>
   </div>
   <div class='ocr_carea' id='block_1_52' title="bbox 2070 777 3635 859">
    <p class='ocr_par' dir='ltr' id='par_1_52' title="bbox 2070 777 3635 859">
     <span class='ocr_line' id='line_1_52' title="bbox 2070 777 3635 859; baseline -0.006 -16"><span class='ocrx_word' id='word_1_393' title='bbox 2070 790 2229 843; x_wconf 87' lang='grc' dir='ltr'>αὐτὸν</span> <span class='ocrx_word' id='word_1_394' title='bbox 2259 789 2495 859; x_wconf 80' lang='grc' dir='ltr'><strong>Πατέρα,</strong></span> <span class='ocrx_word' id='word_1_395' title='bbox 2520 788 2619 840; x_wconf 77' lang='grc' dir='ltr'><strong>οὐκ</strong></span> <span class='ocrx_word' id='word_1_396' title='bbox 2641 787 2726 839; x_wconf 73' lang='grc' dir='ltr'>ἀεὶ</span> <span class='ocrx_word' id='word_1_397' title='bbox 2753 786 2810 838; x_wconf 82' lang='grc' dir='ltr'><strong>δὲ</strong></span> <span class='ocrx_word' id='word_1_398' title='bbox 2859 782 2925 856; x_wconf 81' lang='grc' dir='ltr'>ἦν</span> <span class='ocrx_word' id='word_1_399' title='bbox 2956 783 3156 855; x_wconf 86' lang='grc' dir='ltr'>πατήρ·</span> <span class='ocrx_word' id='word_1_400' title='bbox 3190 783 3289 835; x_wconf 83' lang='grc' dir='ltr'><strong>οὐκ</strong></span> <span class='ocrx_word' id='word_1_401' title='bbox 3315 782 3399 834; x_wconf 70' lang='grc' dir='ltr'>ἀεὶ</span> <span class='ocrx_word' id='word_1_402' title='bbox 3420 781 3527 852; x_wconf 81' lang='grc' dir='ltr'>ἄρα</span> <span class='ocrx_word' id='word_1_403' title='bbox 3565 777 3635 833; x_wconf 87' lang='grc' dir='ltr'><strong>τὸ</strong></span> 
     </span>
    </p>
   </div>
   <div class='ocr_carea' id='block_1_53' title="bbox 2069 878 3290 952">
    <p class='ocr_par' dir='ltr' id='par_1_53' title="bbox 2069 878 3290 952">
     <span class='ocr_line' id='line_1_53' title="bbox 2069 878 3290 952; baseline -0.009 -15"><span class='ocrx_word' id='word_1_404' title='bbox 2069 883 2231 936; x_wconf 85' lang='grc' dir='ltr'>καλὸν</span> <span class='ocrx_word' id='word_1_405' title='bbox 2260 878 2328 952; x_wconf 75' lang='grc' dir='ltr'>ἦν</span> <span class='ocrx_word' id='word_1_406' title='bbox 2360 882 2416 934; x_wconf 80' lang='grc' dir='ltr'>ὲν</span> <span class='ocrx_word' id='word_1_407' title='bbox 2442 879 2607 950; x_wconf 81' lang='grc' dir='ltr'>αὐτῷ.</span> <span class='ocrx_word' id='word_1_408' title='bbox 3288 893 3290 896; x_wconf 64' lang='grc'><em>’</em></span> 
     </span>
    </p>
   </div>
   <div class='ocr_carea' id='block_1_54' title="bbox 2071 963 3630 1040">
    <p class='ocr_par' dir='ltr' id='par_1_54' title="bbox 2071 963 3630 1040">
     <span class='ocr_line' id='line_1_54' title="bbox 2071 963 3630 1040; baseline -0.008 -12"><span class='ocrx_word' id='word_1_409' title='bbox 2071 1014 2073 1016; x_wconf 65' lang='grc' dir='ltr'><strong>ς</strong></span> <span class='ocrx_word' id='word_1_410' title='bbox 2139 973 2227 1028; x_wconf 71' lang='lat'><strong>29.</strong></span> <span class='ocrx_word' id='word_1_411' title='bbox 2267 973 2404 1026; x_wconf 83' lang='grc' dir='ltr'>Ἀλλ’</span> <span class='ocrx_word' id='word_1_412' title='bbox 2432 972 2562 1036; x_wconf 84' lang='grc' dir='ltr'>ίδοὺ,</span> <span class='ocrx_word' id='word_1_413' title='bbox 2592 969 2744 1040; x_wconf 79' lang='grc' dir='ltr'>φασὶ,</span> <span class='ocrx_word' id='word_1_414' title='bbox 2773 969 2867 1022; x_wconf 71' lang='grc' dir='ltr'>καὶ</span> <span class='ocrx_word' id='word_1_415' title='bbox 2899 968 2985 1021; x_wconf 67' lang='grc' dir='ltr'><strong>ἀεὶ</strong></span> <span class='ocrx_word' id='word_1_416' title='bbox 3019 968 3245 1037; x_wconf 80' lang='grc' dir='ltr'>ποιητής</span> <span class='ocrx_word' id='word_1_417' title='bbox 3269 967 3412 1019; x_wconf 76' lang='grc' dir='ltr'>ἐστιν</span> <span class='ocrx_word' id='word_1_418' title='bbox 3433 963 3630 1026; x_wconf 87' lang='grc' dir='ltr'>όΘεὸς,</span> 
     </span>
    </p>
   </div>
   <div class='ocr_carea' id='block_1_55' title="bbox 2071 1054 3632 1131">
    <p class='ocr_par' dir='ltr' id='par_1_55' title="bbox 2071 1054 3632 1131">
     <span class='ocr_line' id='line_1_55' title="bbox 2071 1054 3632 1131; baseline -0.008 -13"><span class='ocrx_word' id='word_1_419' title='bbox 2071 1066 2164 1118; x_wconf 76' lang='grc' dir='ltr'>καὶ</span> <span class='ocrx_word' id='word_1_420' title='bbox 2193 1065 2291 1117; x_wconf 84' lang='grc' dir='ltr'><strong>οὐκ</strong></span> <span class='ocrx_word' id='word_1_421' title='bbox 2316 1063 2630 1131; x_wconf 79' lang='grc' dir='ltr'>ὲπιγὲγονεν</span> <span class='ocrx_word' id='word_1_422' title='bbox 2669 1059 2816 1130; x_wconf 80' lang='grc' dir='ltr'><strong>αὺτῷ</strong></span> <span class='ocrx_word' id='word_1_423' title='bbox 2837 1059 2931 1112; x_wconf 80' lang='grc' dir='ltr'><strong>τοῦ</strong></span> <span class='ocrx_word' id='word_1_424' title='bbox 2956 1059 3300 1129; x_wconf 87' lang='grc' dir='ltr'>δημιουργεῖν</span> <span class='ocrx_word' id='word_1_425' title='bbox 3325 1058 3357 1127; x_wconf 83' lang='grc' dir='ltr'><strong>ἡ</strong></span> <span class='ocrx_word' id='word_1_426' title='bbox 3381 1054 3632 1124; x_wconf 69' lang='grc' dir='ltr'>δύναμις</span> 
     </span>
    </p>
   </div>
   <div class='ocr_carea' id='block_1_56' title="bbox 2072 1143 3637 1228">
    <p class='ocr_par' dir='ltr' id='par_1_56' title="bbox 2072 1143 3637 1228">
     <span class='ocr_line' id='line_1_56' title="bbox 2072 1143 3637 1228; baseline -0.008 -18"><span class='ocrx_word' id='word_1_427' title='bbox 2072 1152 2158 1228; x_wconf 85' lang='grc' dir='ltr'><strong>ἆρ’</strong></span> <span class='ocrx_word' id='word_1_428' title='bbox 2183 1151 2296 1220; x_wconf 75' lang='grc' dir='ltr'>οὖν,</span> <span class='ocrx_word' id='word_1_429' title='bbox 2328 1152 2510 1224; x_wconf 75' lang='grc' dir='ltr'>ἐπειδὴ</span> <span class='ocrx_word' id='word_1_430' title='bbox 2539 1150 2863 1223; x_wconf 87' lang='grc' dir='ltr'>δημιουργός</span> <span class='ocrx_word' id='word_1_431' title='bbox 2896 1151 3059 1212; x_wconf 80' lang='grc' dir='ltr'>ἐστιν,</span> <span class='ocrx_word' id='word_1_432' title='bbox 3087 1149 3232 1201; x_wconf 75' lang='grc' dir='ltr'>ἀϊδιά</span> <span class='ocrx_word' id='word_1_433' title='bbox 3281 1150 3394 1201; x_wconf 72' lang='grc' dir='ltr'>ἐστι</span> <span class='ocrx_word' id='word_1_434' title='bbox 3443 1147 3536 1200; x_wconf 74' lang='grc' dir='ltr'>καὶ</span> <span class='ocrx_word' id='word_1_435' title='bbox 3564 1143 3637 1197; x_wconf 79' lang='grc' dir='ltr'>τὰ</span> 
     </span>
    </p>
   </div>
   <div class='ocr_carea' id='block_1_57' title="bbox 2072 1238 3637 1320">
    <p class='ocr_par' dir='ltr' id='par_1_57' title="bbox 2072 1238 3637 1320">
     <span class='ocr_line' id='line_1_57' title="bbox 2072 1238 3637 1320; baseline -0.008 -18"><span class='ocrx_word' id='word_1_436' title='bbox 2072 1251 2366 1320; x_wconf 77' lang='grc' dir='ltr'>ποιήματα,</span> <span class='ocrx_word' id='word_1_437' title='bbox 2402 1248 2494 1301; x_wconf 66' lang='grc' dir='ltr'><strong>κα)¹</strong></span> <span class='ocrx_word' id='word_1_438' title='bbox 2526 1246 2585 1298; x_wconf 84' lang='grc' dir='ltr'><strong>οὐ</strong></span> <span class='ocrx_word' id='word_1_439' title='bbox 2610 1244 2766 1314; x_wconf 79' lang='grc' dir='ltr'>θέμις</span> <span class='ocrx_word' id='word_1_440' title='bbox 2791 1244 2960 1295; x_wconf 76' lang='grc' dir='ltr'>εἰπεῖν</span> <span class='ocrx_word' id='word_1_441' title='bbox 2990 1241 3108 1294; x_wconf 79' lang='grc' dir='ltr'>οὐδὲ</span> <span class='ocrx_word' id='word_1_442' title='bbox 3140 1240 3231 1293; x_wconf 75' lang='grc' dir='ltr'><strong>ἐπὶ</strong></span> <span class='ocrx_word' id='word_1_443' title='bbox 3267 1238 3486 1303; x_wconf 75' lang='grc' dir='ltr'>τούτων,</span> <span class='ocrx_word' id='word_1_444' title='bbox 3518 1239 3637 1290; x_wconf 83' lang='grc' dir='ltr'><strong>Οὐκ</strong></span> 
     </span>
    </p>
   </div>
   <div class='ocr_carea' id='block_1_58' title="bbox 2070 1329 3638 1413">
    <p class='ocr_par' dir='ltr' id='par_1_58' title="bbox 2070 1329 3638 1413">
     <span class='ocr_line' id='line_1_58' title="bbox 2070 1329 3638 1413; baseline -0.008 -19"><span class='ocrx_word' id='word_1_445' title='bbox 2070 1338 2138 1413; x_wconf 78' lang='grc' dir='ltr'>ἦν</span> <span class='ocrx_word' id='word_1_446' title='bbox 2166 1341 2292 1412; x_wconf 67' lang='grc' dir='ltr'>πρὶν</span> <span class='ocrx_word' id='word_1_447' title='bbox 2317 1338 2548 1409; x_wconf 80' lang='grc' dir='ltr'>γεννηθῇ</span> <span class='ocrx_word' id='word_1_448' title='bbox 2579 1337 2688 1406; x_wconf 58' lang='lat' dir='ltr'><strong>(lii)</strong></span> <span class='ocrx_word' id='word_1_449' title='bbox 2716 1353 2730 1402; x_wconf 92' lang='lat'><strong>;</strong></span> <span class='ocrx_word' id='word_1_450' title='bbox 2758 1335 3020 1405; x_wconf 74' lang='grc' dir='ltr'>Ἀφρονες</span> <span class='ocrx_word' id='word_1_451' title='bbox 3045 1334 3093 1385; x_wconf 77' lang='lat' dir='ltr'><strong>oi</strong></span> <span class='ocrx_word' id='word_1_452' title='bbox 3137 1331 3416 1403; x_wconf 86' lang='grc' dir='ltr'>Ἀρειανοί·</span> <span class='ocrx_word' id='word_1_453' title='bbox 3451 1329 3500 1383; x_wconf 89' lang='grc' dir='ltr'><strong>τί</strong></span> <span class='ocrx_word' id='word_1_454' title='bbox 3522 1329 3638 1400; x_wconf 80' lang='grc' dir='ltr'>γὰρ</span> 
     </span>
    </p>
   </div>
   <div class='ocr_carea' id='block_1_59' title="bbox 2073 1420 3638 1503">
    <p class='ocr_par' dir='ltr' id='par_1_59' title="bbox 2073 1420 3638 1503">
     <span class='ocr_line' id='line_1_59' title="bbox 2073 1420 3638 1503; baseline -0.009 -17"><span class='ocrx_word' id='word_1_455' title='bbox 2073 1435 2252 1503; x_wconf 85' lang='grc' dir='ltr'>ὅμοιον</span> <span class='ocrx_word' id='word_1_456' title='bbox 2287 1431 2398 1493; x_wconf 87' lang='grc' dir='ltr'>υἱὸς</span> <span class='ocrx_word' id='word_1_457' title='bbox 2429 1431 2522 1483; x_wconf 71' lang='grc' dir='ltr'><strong>καὶ</strong></span> <span class='ocrx_word' id='word_1_458' title='bbox 2554 1429 2783 1497; x_wconf 79' lang='grc' dir='ltr'>ποίημα,</span> <span class='ocrx_word' id='word_1_459' title='bbox 2803 1427 2888 1478; x_wconf 78' lang='grc' dir='ltr'>ἵνα</span> <span class='ocrx_word' id='word_1_460' title='bbox 2907 1424 2974 1476; x_wconf 80' lang='grc' dir='ltr'>τὰ</span> <span class='ocrx_word' id='word_1_461' title='bbox 2999 1425 3092 1476; x_wconf 71' lang='grc' dir='ltr'>ἐπὶ</span> <span class='ocrx_word' id='word_1_462' title='bbox 3117 1423 3209 1477; x_wconf 82' lang='grc' dir='ltr'>τοῦ</span> <span class='ocrx_word' id='word_1_463' title='bbox 3235 1422 3435 1494; x_wconf 85' lang='grc' dir='ltr'>πατρὸς</span> <span class='ocrx_word' id='word_1_464' title='bbox 3462 1420 3638 1474; x_wconf 80' lang='grc' dir='ltr'>ταῦτα</span> 
     </span>
    </p>
   </div>
   <div class='ocr_carea' id='block_1_60' title="bbox 2073 1513 3636 1591">
    <p class='ocr_par' dir='ltr' id='par_1_60' title="bbox 2073 1513 3636 1591">
     <span class='ocr_line' id='line_1_60' title="bbox 2073 1513 3636 1591; baseline -0.009 -14"><span class='ocrx_word' id='word_1_465' title='bbox 2073 1525 2166 1577; x_wconf 68' lang='grc' dir='ltr'>καὶ</span> <span class='ocrx_word' id='word_1_466' title='bbox 2194 1523 2285 1576; x_wconf 75' lang='grc' dir='ltr'>ἐπὶ</span> <span class='ocrx_word' id='word_1_467' title='bbox 2309 1521 2415 1574; x_wconf 86' lang='grc' dir='ltr'><strong>τῶν</strong></span> <span class='ocrx_word' id='word_1_468' title='bbox 2448 1517 2791 1591; x_wconf 83' lang='grc' dir='ltr'><strong>δημιουργῶν</strong></span> <span class='ocrx_word' id='word_1_469' title='bbox 2838 1516 2944 1588; x_wconf 82' lang='grc'>(15)</span> <span class='ocrx_word' id='word_1_470' title='bbox 2978 1515 3205 1580; x_wconf 76' lang='grc' dir='ltr'>εἶ’πωσι;</span> <span class='ocrx_word' id='word_1_471' title='bbox 3258 1514 3381 1576; x_wconf 85' lang='grc' dir='ltr'><strong>Πῶς</strong></span> <span class='ocrx_word' id='word_1_472' title='bbox 3409 1513 3486 1577; x_wconf 83' lang='grc' dir='ltr'>δὲ,</span> <span class='ocrx_word' id='word_1_473' title='bbox 3539 1528 3636 1564; x_wconf 86' lang='grc' dir='ltr'>το-</span> 
     </span>
    </p>
   </div>
   <div class='ocr_carea' id='block_1_61' title="bbox 2077 1605 3636 1685">
    <p class='ocr_par' dir='ltr' id='par_1_61' title="bbox 2077 1605 3636 1685">
     <span class='ocr_line' id='line_1_61' title="bbox 2077 1605 3636 1685; baseline -0.005 -19"><span class='ocrx_word' id='word_1_474' title='bbox 2077 1615 2276 1684; x_wconf 83' lang='grc' dir='ltr'>σαύτης</span> <span class='ocrx_word' id='word_1_475' title='bbox 2301 1615 2559 1685; x_wconf 78' lang='grc' dir='ltr'>διαφορᾶς</span> <span class='ocrx_word' id='word_1_476' title='bbox 2591 1614 2647 1664; x_wconf 78' lang='grc' dir='ltr'>ἐν</span> <span class='ocrx_word' id='word_1_477' title='bbox 2681 1613 2792 1673; x_wconf 88' lang='grc' dir='ltr'>τοῖς</span> <span class='ocrx_word' id='word_1_478' title='bbox 2825 1607 3130 1680; x_wconf 78' lang='grc' dir='ltr'>ἔμπροσθεν</span> <span class='ocrx_word' id='word_1_479' title='bbox 3177 1605 3478 1676; x_wconf 78' lang='grc' dir='ltr'><strong>δειχθείσης</strong></span> <span class='ocrx_word' id='word_1_480' title='bbox 3505 1621 3636 1674; x_wconf 91' lang='grc' dir='ltr'>γεν-</span> 
     </span>
    </p>
   </div>
   <div class='ocr_carea' id='block_1_62' title="bbox 2075 1695 3641 1780">
    <p class='ocr_par' dir='ltr' id='par_1_62' title="bbox 2075 1695 3641 1780">
     <span class='ocr_line' id='line_1_62' title="bbox 2075 1695 3641 1780; baseline -0.008 -19"><span class='ocrx_word' id='word_1_481' title='bbox 2075 1710 2312 1780; x_wconf 84' lang='grc' dir='ltr'>νήματος</span> <span class='ocrx_word' id='word_1_482' title='bbox 2341 1707 2434 1758; x_wconf 71' lang='grc' dir='ltr'><strong>καὶ</strong></span> <span class='ocrx_word' id='word_1_483' title='bbox 2461 1707 2777 1775; x_wconf 85' lang='grc' dir='ltr'>ποιήματος,</span> <span class='ocrx_word' id='word_1_484' title='bbox 2818 1701 3113 1771; x_wconf 76' lang='grc' dir='ltr'><strong>ἐμμένουσι</strong></span> <span class='ocrx_word' id='word_1_485' title='bbox 3144 1701 3210 1769; x_wconf 85' lang='grc' dir='ltr'>τῇ</span> <span class='ocrx_word' id='word_1_486' title='bbox 3256 1696 3495 1768; x_wconf 84' lang='grc' dir='ltr'>ἀμαθίᾳ;</span> <span class='ocrx_word' id='word_1_487' title='bbox 3522 1695 3641 1750; x_wconf 79' lang='grc' dir='ltr'><strong>Πά-</strong></span> 
     </span>
    </p>
   </div>
   <div class='ocr_carea' id='block_1_63' title="bbox 2071 1785 3640 1859">
    <p class='ocr_par' dir='ltr' id='par_1_63' title="bbox 2071 1785 3640 1859">
     <span class='ocr_line' id='line_1_63' title="bbox 2071 1785 3640 1859; baseline -0.008 -8"><span class='ocrx_word' id='word_1_488' title='bbox 2071 1799 2152 1851; x_wconf 85' lang='grc' dir='ltr'><strong>λιν</strong></span> <span class='ocrx_word' id='word_1_489' title='bbox 2185 1793 2275 1850; x_wconf 77' lang='grc' dir='ltr'>οὗν</span> <span class='ocrx_word' id='word_1_490' title='bbox 2299 1795 2359 1848; x_wconf 90' lang='grc' dir='ltr'><strong>τὸ</strong></span> <span class='ocrx_word' id='word_1_491' title='bbox 2383 1793 2512 1847; x_wconf 85' lang='grc' dir='ltr'>αὐτὸ</span> <span class='ocrx_word' id='word_1_492' title='bbox 2528 1792 2765 1855; x_wconf 81' lang='grc' dir='ltr'>λεκτέον,</span> <span class='ocrx_word' id='word_1_493' title='bbox 2800 1791 2872 1842; x_wconf 90' lang='grc' dir='ltr'>Τὸ</span> <span class='ocrx_word' id='word_1_494' title='bbox 2904 1789 3111 1859; x_wconf 86' lang='grc' dir='ltr'>ποίημα</span> <span class='ocrx_word' id='word_1_495' title='bbox 3155 1786 3348 1854; x_wconf 76' lang='grc' dir='ltr'>ἔξωθεν</span> <span class='ocrx_word' id='word_1_496' title='bbox 3373 1785 3464 1838; x_wconf 83' lang='grc' dir='ltr'>τοῦ</span> <span class='ocrx_word' id='word_1_497' title='bbox 3514 1801 3640 1838; x_wconf 82' lang='grc' dir='ltr'>ποι·-</span> 
     </span>
    </p>
   </div>
   <div class='ocr_carea' id='block_1_64' title="bbox 2070 1875 3643 1953">
    <p class='ocr_par' dir='ltr' id='par_1_64' title="bbox 2070 1875 3643 1953">
     <span class='ocr_line' id='line_1_64' title="bbox 2070 1875 3643 1953; baseline -0.009 -12"><span class='ocrx_word' id='word_1_498' title='bbox 2070 1886 2254 1950; x_wconf 80' lang='grc' dir='ltr'>οὖντός</span> <span class='ocrx_word' id='word_1_499' title='bbox 2287 1887 2453 1948; x_wconf 79' lang='grc' dir='ltr'>ἐστιν,</span> <span class='ocrx_word' id='word_1_500' title='bbox 2487 1883 2672 1952; x_wconf 80' lang='grc' dir='ltr'>ὥσπερ</span> <span class='ocrx_word' id='word_1_501' title='bbox 2693 1882 2926 1953; x_wconf 85' lang='grc' dir='ltr'>εἴρηται,</span> <span class='ocrx_word' id='word_1_502' title='bbox 2960 1882 2988 1934; x_wconf 98' lang='lat'><strong>6</strong></span> <span class='ocrx_word' id='word_1_503' title='bbox 3010 1879 3066 1932; x_wconf 81' lang='grc' dir='ltr'>δὲ</span> <span class='ocrx_word' id='word_1_504' title='bbox 3098 1879 3212 1941; x_wconf 90' lang='grc' dir='ltr'>υἱὸς</span> <span class='ocrx_word' id='word_1_505' title='bbox 3247 1877 3372 1930; x_wconf 77' lang='grc' dir='ltr'>ἴδιον</span> <span class='ocrx_word' id='word_1_506' title='bbox 3407 1875 3504 1947; x_wconf 83' lang='grc' dir='ltr'>τῆς</span> <span class='ocrx_word' id='word_1_507' title='bbox 3545 1875 3643 1928; x_wconf 67' lang='lat' dir='ltr'><strong>of)-</strong></span> 
     </span>
    </p>
   </div>
   <div class='ocr_carea' id='block_1_65' title="bbox 2074 1969 3641 2047">
    <p class='ocr_par' dir='ltr' id='par_1_65' title="bbox 2074 1969 3641 2047">
     <span class='ocr_line' id='line_1_65' title="bbox 2074 1969 3641 2047; baseline -0.006 -15"><span class='ocrx_word' id='word_1_508' title='bbox 2074 1978 2192 2042; x_wconf 80' lang='grc' dir='ltr'>σίας</span> <span class='ocrx_word' id='word_1_509' title='bbox 2229 1977 2472 2047; x_wconf 75' lang='grc' dir='ltr'>γέννημα</span> <span class='ocrx_word' id='word_1_510' title='bbox 2504 1978 2638 2028; x_wconf 78' lang='grc' dir='ltr'>ἐστι’</span> <span class='ocrx_word' id='word_1_511' title='bbox 2663 1974 2741 2028; x_wconf 85' lang='grc' dir='ltr'><strong>διὸ</strong></span> <span class='ocrx_word' id='word_1_512' title='bbox 2773 1975 2865 2026; x_wconf 69' lang='grc' dir='ltr'>καὶ</span> <span class='ocrx_word' id='word_1_513' title='bbox 2895 1973 2956 2026; x_wconf 87' lang='grc' dir='ltr'><strong>τὸ</strong></span> <span class='ocrx_word' id='word_1_514' title='bbox 2989 1973 3085 2044; x_wconf 81' lang='grc' dir='ltr'><strong>μὲν</strong></span> <span class='ocrx_word' id='word_1_515' title='bbox 3112 1972 3318 2044; x_wconf 88' lang='grc' dir='ltr'>ποίημα</span> <span class='ocrx_word' id='word_1_516' title='bbox 3345 1971 3443 2024; x_wconf 75' lang='grc' dir='ltr'><strong>οὐκ</strong></span> <span class='ocrx_word' id='word_1_517' title='bbox 3465 1969 3641 2038; x_wconf 82' lang='grc' dir='ltr'>ἀνάγ-</span> 
     </span>
    </p>
   </div>
   <div class='ocr_carea' id='block_1_66' title="bbox 2073 2059 3642 2140">
    <p class='ocr_par' dir='ltr' id='par_1_66' title="bbox 2073 2059 3642 2140">
     <span class='ocr_line' id='line_1_66' title="bbox 2073 2059 3642 2140; baseline -0.006 -18"><span class='ocrx_word' id='word_1_518' title='bbox 2073 2086 2141 2140; x_wconf 89' lang='grc' dir='ltr'><strong>κη</strong></span> <span class='ocrx_word' id='word_1_519' title='bbox 2197 2067 2282 2121; x_wconf 77' lang='lat' dir='ltr'><strong>dei.</strong></span> <span class='ocrx_word' id='word_1_520' title='bbox 2331 2063 2483 2119; x_wconf 78' lang='grc' dir='ltr'>εἶναι·</span> <span class='ocrx_word' id='word_1_521' title='bbox 2519 2066 2606 2118; x_wconf 83' lang='grc' dir='ltr'><strong>ὅτε</strong></span> <span class='ocrx_word' id='word_1_522' title='bbox 2636 2064 2742 2136; x_wconf 87' lang='grc' dir='ltr'>γὰρ</span> <span class='ocrx_word' id='word_1_523' title='bbox 2765 2063 3008 2134; x_wconf 84' lang='grc' dir='ltr'>βούλεται</span> <span class='ocrx_word' id='word_1_524' title='bbox 3033 2064 3062 2115; x_wconf 93' lang='lat'><strong>6</strong></span> <span class='ocrx_word' id='word_1_525' title='bbox 3104 2061 3447 2133; x_wconf 85' lang='grc' dir='ltr'>δημιουργὸς,</span> <span class='ocrx_word' id='word_1_526' title='bbox 3473 2059 3642 2131; x_wconf 78' lang='grc' dir='ltr'>ἐργά-</span> 
     </span>
    </p>
   </div>
   <div class='ocr_carea' id='block_1_67' title="bbox 2074 2152 3644 2228">
    <p class='ocr_par' dir='ltr' id='par_1_67' title="bbox 2074 2152 3644 2228">
     <span class='ocr_line' id='line_1_67' title="bbox 2074 2152 3644 2228; baseline -0.005 -14"><span class='ocrx_word' id='word_1_527' title='bbox 2074 2162 2238 2226; x_wconf 80' lang='grc' dir='ltr'>ζεται’</span> <span class='ocrx_word' id='word_1_528' title='bbox 2273 2160 2330 2212; x_wconf 90' lang='grc' dir='ltr'><strong>τὸ</strong></span> <span class='ocrx_word' id='word_1_529' title='bbox 2368 2159 2423 2212; x_wconf 84' lang='grc' dir='ltr'><strong>δὲ</strong></span> <span class='ocrx_word' id='word_1_530' title='bbox 2469 2157 2710 2228; x_wconf 79' lang='grc' dir='ltr'>γέννημα</span> <span class='ocrx_word' id='word_1_531' title='bbox 2745 2157 2806 2209; x_wconf 78' lang='grc' dir='ltr'><strong>οὺ</strong></span> <span class='ocrx_word' id='word_1_532' title='bbox 2843 2155 3088 2227; x_wconf 83' lang='grc' dir='ltr'>βουλήσει</span> <span class='ocrx_word' id='word_1_533' title='bbox 3151 2153 3450 2218; x_wconf 82' lang='grc' dir='ltr'>ὑπόκειται,</span> <span class='ocrx_word' id='word_1_534' title='bbox 3501 2152 3644 2206; x_wconf 82' lang='grc' dir='ltr'>ἀλλὰ</span> 
     </span>
    </p>
   </div>
   <div class='ocr_carea' id='block_1_68' title="bbox 2073 2241 3642 2323">
    <p class='ocr_par' dir='ltr' id='par_1_68' title="bbox 2073 2241 3642 2323">
     <span class='ocr_line' id='line_1_68' title="bbox 2073 2241 3642 2323; baseline -0.006 -18"><span class='ocrx_word' id='word_1_535' title='bbox 2073 2252 2170 2323; x_wconf 82' lang='grc' dir='ltr'><strong>τῆς</strong></span> <span class='ocrx_word' id='word_1_536' title='bbox 2197 2249 2383 2312; x_wconf 77' lang='grc' dir='ltr'>οὐσίας</span> <span class='ocrx_word' id='word_1_537' title='bbox 2443 2249 2587 2302; x_wconf 71' lang='grc' dir='ltr'>ἐστὶν</span> <span class='ocrx_word' id='word_1_538' title='bbox 2640 2247 2832 2317; x_wconf 79' lang='grc' dir='ltr'><strong>ἰδιότης</strong></span> <span class='ocrx_word' id='word_1_539' title='bbox 2865 2245 2996 2317; x_wconf 88' lang='grc'>(16).</span> <span class='ocrx_word' id='word_1_540' title='bbox 3030 2248 3139 2300; x_wconf 72' lang='grc' dir='ltr'>Καὶ</span> <span class='ocrx_word' id='word_1_541' title='bbox 3174 2245 3400 2316; x_wconf 78' lang='grc' dir='ltr'>ποιητὴς</span> <span class='ocrx_word' id='word_1_542' title='bbox 3443 2243 3538 2314; x_wconf 86' lang='grc' dir='ltr'><strong>μὲν</strong></span> <span class='ocrx_word' id='word_1_543' title='bbox 3571 2241 3642 2297; x_wconf 84' lang='grc' dir='ltr'><strong>ἂν</strong></span> 
     </span>
    </p>
   </div>
   <div class='ocr_carea' id='block_1_69' title="bbox 2074 2335 3644 2413">
    <p class='ocr_par' dir='ltr' id='par_1_69' title="bbox 2074 2335 3644 2413">
     <span class='ocr_line' id='line_1_69' title="bbox 2074 2335 3644 2413; baseline -0.004 -17"><span class='ocrx_word' id='word_1_544' title='bbox 2074 2345 2157 2413; x_wconf 81' lang='grc' dir='ltr'><strong>εἴη</strong></span> <span class='ocrx_word' id='word_1_545' title='bbox 2198 2343 2288 2396; x_wconf 68' lang='grc' dir='ltr'><strong>καὶ</strong></span> <span class='ocrx_word' id='word_1_546' title='bbox 2320 2342 2550 2410; x_wconf 81' lang='grc' dir='ltr'>λέγοιτο,</span> <span class='ocrx_word' id='word_1_547' title='bbox 2584 2339 2684 2393; x_wconf 74' lang='grc' dir='ltr'>κᾶν</span> <span class='ocrx_word' id='word_1_548' title='bbox 2718 2335 2933 2412; x_wconf 83' lang='grc' dir='ltr'>μήπωῇ</span> <span class='ocrx_word' id='word_1_549' title='bbox 2962 2339 3030 2391; x_wconf 80' lang='grc' dir='ltr'>τὰ</span> <span class='ocrx_word' id='word_1_550' title='bbox 3050 2337 3202 2410; x_wconf 74' lang='grc' dir='ltr'>ἔργαο</span> <span class='ocrx_word' id='word_1_551' title='bbox 3234 2337 3411 2408; x_wconf 79' lang='grc' dir='ltr'>πατὴρ</span> <span class='ocrx_word' id='word_1_552' title='bbox 3442 2335 3497 2389; x_wconf 83' lang='grc' dir='ltr'>δὲ</span> <span class='ocrx_word' id='word_1_553' title='bbox 3537 2335 3644 2390; x_wconf 81' lang='grc' dir='ltr'><strong>οὐκ</strong></span> 
     </span>
    </p>
   </div>
   <div class='ocr_carea' id='block_1_70' title="bbox 2077 2427 3639 2505">
    <p class='ocr_par' dir='ltr' id='par_1_70' title="bbox 2077 2427 3639 2505">
     <span class='ocr_line' id='line_1_70' title="bbox 2077 2427 3639 2505; baseline -0.004 -16"><span class='ocrx_word' id='word_1_554' title='bbox 2077 2436 2141 2489; x_wconf 85' lang='grc' dir='ltr'><strong>ἂν</strong></span> <span class='ocrx_word' id='word_1_555' title='bbox 2164 2434 2374 2505; x_wconf 83' lang='grc' dir='ltr'>λεχθείη</span> <span class='ocrx_word' id='word_1_556' title='bbox 2411 2435 2520 2504; x_wconf 89' lang='grc'>(17)</span> <span class='ocrx_word' id='word_1_557' title='bbox 2551 2432 2655 2486; x_wconf 78' lang='grc' dir='ltr'>οὐδ’</span> <span class='ocrx_word' id='word_1_558' title='bbox 2710 2431 2775 2485; x_wconf 87' lang='grc' dir='ltr'>ἂν</span> <span class='ocrx_word' id='word_1_559' title='bbox 2828 2431 2948 2502; x_wconf 75' lang='grc' dir='ltr'>εἴη,</span> <span class='ocrx_word' id='word_1_560' title='bbox 2997 2432 3069 2502; x_wconf 83' lang='grc' dir='ltr'>μὴ</span> <span class='ocrx_word' id='word_1_561' title='bbox 3122 2430 3452 2504; x_wconf 84' lang='grc' dir='ltr'>ὑπάρχοντος</span> <span class='ocrx_word' id='word_1_562' title='bbox 3498 2427 3639 2482; x_wconf 81' lang='grc' dir='ltr'><strong>υίοῦ.</strong></span> 
     </span>
    </p>
   </div>
   <div class='ocr_carea' id='block_1_71' title="bbox 2089 2518 3645 2595">
    <p class='ocr_par' dir='ltr' id='par_1_71' title="bbox 2089 2518 3645 2595">
     <span class='ocr_line' id='line_1_71' title="bbox 2089 2518 3645 2595; baseline -0.004 -17"><span class='ocrx_word' id='word_1_563' title='bbox 2089 2525 2212 2578; x_wconf 75' lang='grc' dir='ltr'><strong>Ἐὰν</strong></span> <span class='ocrx_word' id='word_1_564' title='bbox 2243 2524 2299 2576; x_wconf 81' lang='grc' dir='ltr'>δὲ</span> <span class='ocrx_word' id='word_1_565' title='bbox 2331 2521 2810 2595; x_wconf 81' lang='grc' dir='ltr'>περιεργάζωνται,</span> <span class='ocrx_word' id='word_1_566' title='bbox 2843 2521 2928 2573; x_wconf 76' lang='grc' dir='ltr'><strong>διὰ</strong></span> <span class='ocrx_word' id='word_1_567' title='bbox 2959 2521 3011 2573; x_wconf 82' lang='grc' dir='ltr'><strong>τί</strong></span> <span class='ocrx_word' id='word_1_568' title='bbox 3043 2523 3070 2572; x_wconf 93' lang='lat'><strong>6</strong></span> <span class='ocrx_word' id='word_1_569' title='bbox 3109 2519 3258 2583; x_wconf 86' lang='grc' dir='ltr'>Θεὸς,</span> <span class='ocrx_word' id='word_1_570' title='bbox 3292 2520 3376 2572; x_wconf 76' lang='lat' dir='ltr'><strong>dei</strong></span> <span class='ocrx_word' id='word_1_571' title='bbox 3407 2518 3516 2586; x_wconf 89' lang='lat' dir='ltr'><strong>(l8)</strong></span> <span class='ocrx_word' id='word_1_572' title='bbox 3547 2520 3645 2572; x_wconf 84' lang='grc' dir='ltr'>δυ-</span> 
     </span>
    </p>
   </div>
   <div class='ocr_carea' id='block_1_72' title="bbox 2079 2609 3644 2682">
    <p class='ocr_par' dir='ltr' id='par_1_72' title="bbox 2079 2609 3644 2682">
     <span class='ocr_line' id='line_1_72' title="bbox 2079 2609 3644 2682; baseline -0.001 -17"><span class='ocrx_word' id='word_1_573' title='bbox 2079 2612 2310 2682; x_wconf 83' lang='grc' dir='ltr'>νάμενος</span> <span class='ocrx_word' id='word_1_574' title='bbox 2343 2614 2536 2674; x_wconf 78' lang='grc' dir='ltr'>ποιεῖν,</span> <span class='ocrx_word' id='word_1_575' title='bbox 2567 2611 2665 2664; x_wconf 78' lang='grc' dir='ltr'>οὐκ</span> <span class='ocrx_word' id='word_1_576' title='bbox 2712 2611 2799 2664; x_wconf 71' lang='grc' dir='ltr'><strong>ἀεὶ</strong></span> <span class='ocrx_word' id='word_1_577' title='bbox 2843 2611 3013 2674; x_wconf 82' lang='grc' dir='ltr'>ποιεῖ;</span> <span class='ocrx_word' id='word_1_578' title='bbox 3047 2609 3381 2680; x_wconf 81' lang='grc' dir='ltr'>μαινομένων</span> <span class='ocrx_word' id='word_1_579' title='bbox 3421 2609 3515 2680; x_wconf 77' lang='grc' dir='ltr'>μὲν</span> <span class='ocrx_word' id='word_1_580' title='bbox 3543 2610 3644 2663; x_wconf 72' lang='grc' dir='ltr'>καὶ</span> 
     </span>
    </p>
   </div>
   <div class='ocr_carea' id='block_1_73' title="bbox 2078 2701 3645 2774">
    <p class='ocr_par' dir='ltr' id='par_1_73' title="bbox 2078 2701 3645 2774">
     <span class='ocr_line' id='line_1_73' title="bbox 2078 2701 3645 2774; baseline -0.002 -17"><span class='ocrx_word' id='word_1_581' title='bbox 2078 2702 2216 2774; x_wconf 72' lang='grc' dir='ltr'>αὕτη</span> <span class='ocrx_word' id='word_1_582' title='bbox 2241 2705 2275 2774; x_wconf 86' lang='grc' dir='ltr'>ἡ</span> <span class='ocrx_word' id='word_1_583' title='bbox 2307 2702 2498 2774; x_wconf 82' lang='grc' dir='ltr'>τόλμα.</span> <span class='ocrx_word' id='word_1_584' title='bbox 2540 2703 2634 2767; x_wconf 83' lang='grc' dir='ltr'>Τίς</span> <span class='ocrx_word' id='word_1_585' title='bbox 2683 2701 2792 2770; x_wconf 81' lang='grc' dir='ltr'>γὰρ</span> <span class='ocrx_word' id='word_1_586' title='bbox 2840 2701 2990 2771; x_wconf 80' lang='grc' dir='ltr'>ἔγνω</span> <span class='ocrx_word' id='word_1_587' title='bbox 3020 2701 3169 2755; x_wconf 74' lang='grc' dir='ltr'><strong>νοῦν</strong></span> <span class='ocrx_word' id='word_1_588' title='bbox 3193 2702 3434 2769; x_wconf 79' lang='lat' dir='ltr'><strong>Kvplov,</strong></span> <span class='ocrx_word' id='word_1_589' title='bbox 3472 2701 3509 2769; x_wconf 82' lang='grc' dir='ltr'><strong><em>ἣ</em></strong></span> <span class='ocrx_word' id='word_1_590' title='bbox 3547 2702 3645 2767; x_wconf 83' lang='grc' dir='ltr'>τίς</span> 
     </span>
    </p>
   </div>
   <div class='ocr_carea' id='block_1_74' title="bbox 2079 2791 3645 2865">
    <p class='ocr_par' dir='ltr' id='par_1_74' title="bbox 2079 2791 3645 2865">
     <span class='ocr_line' id='line_1_74' title="bbox 2079 2791 3645 2865; baseline -0.003 -15"><span class='ocrx_word' id='word_1_591' title='bbox 2079 2797 2421 2865; x_wconf 78' lang='grc' dir='ltr'>σύμϐουλος</span> <span class='ocrx_word' id='word_1_592' title='bbox 2445 2792 2631 2848; x_wconf 82' lang='grc' dir='ltr'>αὑτοῦ</span> <span class='ocrx_word' id='word_1_593' title='bbox 2665 2793 2932 2862; x_wconf 69' lang='grc' dir='ltr'>ἐγένετο;</span> <span class='ocrx_word' id='word_1_594' title='bbox 2962 2793 3032 2845; x_wconf 88' lang='grc' dir='ltr'><strong><em>Ἢ</em></strong></span> <span class='ocrx_word' id='word_1_595' title='bbox 3057 2791 3172 2854; x_wconf 81' lang='grc' dir='ltr'><strong>πῶς</strong></span> <span class='ocrx_word' id='word_1_596' title='bbox 3195 2794 3309 2863; x_wconf 80' lang='grc' dir='ltr'>ἐρεῖ</span> <span class='ocrx_word' id='word_1_597' title='bbox 3328 2792 3387 2844; x_wconf 86' lang='grc' dir='ltr'><strong>τὸ</strong></span> <span class='ocrx_word' id='word_1_598' title='bbox 3419 2791 3645 2862; x_wconf 86' lang='grc' dir='ltr'>πλάσμα</span> 
     </span>
    </p>
   </div>
   <div class='ocr_carea' id='block_1_75' title="bbox 2078 2882 3645 2958">
    <p class='ocr_par' dir='ltr' id='par_1_75' title="bbox 2078 2882 3645 2958">
     <span class='ocr_line' id='line_1_75' title="bbox 2078 2882 3645 2958; baseline -0.003 -18"><span class='ocrx_word' id='word_1_599' title='bbox 2078 2887 2155 2957; x_wconf 86' lang='grc' dir='ltr'>τῷ</span> <span class='ocrx_word' id='word_1_600' title='bbox 2195 2890 2441 2958; x_wconf 84' lang='grc' dir='ltr'>κεραμεῖ,</span> <span class='ocrx_word' id='word_1_601' title='bbox 2483 2887 2542 2940; x_wconf 81' lang='grc' dir='ltr'>Τί</span> <span class='ocrx_word' id='word_1_602' title='bbox 2567 2903 2643 2956; x_wconf 82' lang='grc' dir='ltr'><strong>με</strong></span> <span class='ocrx_word' id='word_1_603' title='bbox 2667 2886 2850 2950; x_wconf 82' lang='grc' dir='ltr'>οὕτως</span> <span class='ocrx_word' id='word_1_604' title='bbox 2902 2885 3226 2952; x_wconf 79' lang='grc' dir='ltr'>ἐποίησας;</span> <span class='ocrx_word' id='word_1_605' title='bbox 3257 2885 3372 2938; x_wconf 84' lang='grc' dir='ltr'>Ἵνα</span> <span class='ocrx_word' id='word_1_606' title='bbox 3427 2885 3502 2948; x_wconf 82' lang='grc' dir='ltr'>δὲ,</span> <span class='ocrx_word' id='word_1_607' title='bbox 3538 2882 3645 2936; x_wconf 75' lang='grc' dir='ltr'>κᾶν</span> 
     </span>
    </p>
   </div>
   <div class='ocr_carea' id='block_1_76' title="bbox 2082 2975 3643 3049">
    <p class='ocr_par' dir='ltr' id='par_1_76' title="bbox 2082 2975 3643 3049">
     <span class='ocr_line' id='line_1_76' title="bbox 2082 2975 3643 3049; baseline -0.003 -18"><span class='ocrx_word' id='word_1_608' title='bbox 2082 2977 2316 3049; x_wconf 82' lang='grc' dir='ltr'>ἀμυδρόν</span> <span class='ocrx_word' id='word_1_609' title='bbox 2357 2994 2478 3030; x_wconf 86' lang='grc' dir='ltr'>τινα</span> <span class='ocrx_word' id='word_1_610' title='bbox 2530 2977 2785 3046; x_wconf 88' lang='grc' dir='ltr'>λογισμὸν</span> <span class='ocrx_word' id='word_1_611' title='bbox 2811 2976 3077 3046; x_wconf 82' lang='grc' dir='ltr'>εὑρόντες,</span> <span class='ocrx_word' id='word_1_612' title='bbox 3125 2975 3196 3046; x_wconf 81' lang='grc' dir='ltr'>μὴ</span> <span class='ocrx_word' id='word_1_613' title='bbox 3255 2977 3643 3046; x_wconf 81' lang='grc' dir='ltr'>σιωπήσωμεν,</span> 
     </span>
    </p>
   </div>
   <div class='ocr_carea' id='block_1_77' title="bbox 2084 3065 3645 3137">
    <p class='ocr_par' dir='ltr' id='par_1_77' title="bbox 2084 3065 3645 3137">
     <span class='ocr_line' id='line_1_77' title="bbox 2084 3065 3645 3137; baseline -0.002 -16"><span class='ocrx_word' id='word_1_614' title='bbox 2084 3068 2450 3122; x_wconf 80' lang='grc' dir='ltr'>ἀκουέτωσαν·</span> <span class='ocrx_word' id='word_1_615' title='bbox 2482 3069 2623 3132; x_wconf 85' lang='grc' dir='ltr'>Ὅτι,</span> <span class='ocrx_word' id='word_1_616' title='bbox 2658 3069 2705 3120; x_wconf 88' lang='grc' dir='ltr'><strong>εί</strong></span> <span class='ocrx_word' id='word_1_617' title='bbox 2734 3069 2826 3120; x_wconf 74' lang='grc' dir='ltr'><strong>καὶ</strong></span> <span class='ocrx_word' id='word_1_618' title='bbox 2858 3067 2934 3137; x_wconf 85' lang='grc' dir='ltr'>τῷ</span> <span class='ocrx_word' id='word_1_619' title='bbox 2966 3065 3083 3137; x_wconf 84' lang='grc' dir='ltr'><strong>Θεῷ</strong></span> <span class='ocrx_word' id='word_1_620' title='bbox 3101 3067 3321 3119; x_wconf 86' lang='grc' dir='ltr'>δυνατὸν</span> <span class='ocrx_word' id='word_1_621' title='bbox 3348 3067 3433 3120; x_wconf 74' lang='grc' dir='ltr'><strong>ἀεὶ</strong></span> <span class='ocrx_word' id='word_1_622' title='bbox 3450 3069 3645 3132; x_wconf 83' lang='grc' dir='ltr'>ποιεῖν,</span> 
     </span>
    </p>
   </div>
   <div class='ocr_carea' id='block_1_78' title="bbox 2085 3155 3648 3230">
    <p class='ocr_par' dir='ltr' id='par_1_78' title="bbox 2085 3155 3648 3230">
     <span class='ocr_line' id='line_1_78' title="bbox 2085 3155 3648 3230; baseline 0 -18"><span class='ocrx_word' id='word_1_623' title='bbox 2085 3159 2196 3213; x_wconf 79' lang='grc' dir='ltr'>ἀλλ’</span> <span class='ocrx_word' id='word_1_624' title='bbox 2217 3160 2315 3212; x_wconf 78' lang='grc' dir='ltr'><strong>οὐκ</strong></span> <span class='ocrx_word' id='word_1_625' title='bbox 2343 3159 2578 3230; x_wconf 74' lang='grc' dir='ltr'>ἠδύνατο</span> <span class='ocrx_word' id='word_1_626' title='bbox 2611 3158 2678 3211; x_wconf 88' lang='grc' dir='ltr'>τὰ</span> <span class='ocrx_word' id='word_1_627' title='bbox 2705 3159 2904 3229; x_wconf 84' lang='grc' dir='ltr'>γενητὰ</span> <span class='ocrx_word' id='word_1_628' title='bbox 2935 3158 3043 3228; x_wconf 88' lang='grc'>(19)</span> <span class='ocrx_word' id='word_1_629' title='bbox 3088 3158 3234 3212; x_wconf 82' lang='grc' dir='ltr'>ἀΐδια</span> <span class='ocrx_word' id='word_1_630' title='bbox 3265 3155 3423 3212; x_wconf 78' lang='grc' dir='ltr'>εἶναι·</span> <span class='ocrx_word' id='word_1_631' title='bbox 3456 3159 3515 3224; x_wconf 74' lang='grc' dir='ltr'>ἐξ</span> <span class='ocrx_word' id='word_1_632' title='bbox 3545 3158 3648 3212; x_wconf 81' lang='grc' dir='ltr'>οὐκ</span> 
     </span>
    </p>
   </div>
   <div class='ocr_carea' id='block_1_79' title="bbox 2083 3244 3648 3320">
    <p class='ocr_par' dir='ltr' id='par_1_79' title="bbox 2083 3244 3648 3320">
     <span class='ocr_line' id='line_1_79' title="bbox 2083 3244 3648 3320; baseline 0.001 -19"><span class='ocrx_word' id='word_1_633' title='bbox 2083 3247 2248 3301; x_wconf 77' lang='grc' dir='ltr'>ὄντων</span> <span class='ocrx_word' id='word_1_634' title='bbox 2276 3249 2382 3320; x_wconf 85' lang='grc' dir='ltr'>γάρ</span> <span class='ocrx_word' id='word_1_635' title='bbox 2406 3251 2539 3312; x_wconf 79' lang='grc' dir='ltr'>ἐστι,</span> <span class='ocrx_word' id='word_1_636' title='bbox 2563 3250 2656 3303; x_wconf 75' lang='grc' dir='ltr'><strong>καὶ</strong></span> <span class='ocrx_word' id='word_1_637' title='bbox 2687 3249 2786 3301; x_wconf 67' lang='grc' dir='ltr'>οὐκ</span> <span class='ocrx_word' id='word_1_638' title='bbox 2809 3244 2874 3319; x_wconf 78' lang='grc' dir='ltr'>ἦν</span> <span class='ocrx_word' id='word_1_639' title='bbox 2896 3251 3025 3318; x_wconf 79' lang='grc' dir='ltr'>πρὶν</span> <span class='ocrx_word' id='word_1_640' title='bbox 3065 3248 3304 3320; x_wconf 86' lang='grc' dir='ltr'>γένηται.</span> <span class='ocrx_word' id='word_1_641' title='bbox 3345 3250 3424 3302; x_wconf 85' lang='grc' dir='ltr'><strong>Τὰ</strong></span> <span class='ocrx_word' id='word_1_642' title='bbox 3459 3250 3514 3302; x_wconf 82' lang='grc' dir='ltr'>δὲ</span> <span class='ocrx_word' id='word_1_643' title='bbox 3545 3250 3648 3302; x_wconf 77' lang='grc' dir='ltr'>οὐκ</span> 
     </span>
    </p>
   </div>
   <div class='ocr_carea' id='block_1_80' title="bbox 2084 3339 3648 3410">
    <p class='ocr_par' dir='ltr' id='par_1_80' title="bbox 2084 3339 3648 3410">
     <span class='ocr_line' id='line_1_80' title="bbox 2084 3339 3648 3410; baseline 0.001 -18"><span class='ocrx_word' id='word_1_644' title='bbox 2084 3339 2211 3393; x_wconf 71' lang='grc' dir='ltr'>ὄντα</span> <span class='ocrx_word' id='word_1_645' title='bbox 2232 3341 2358 3410; x_wconf 77' lang='grc' dir='ltr'>πρὶν</span> <span class='ocrx_word' id='word_1_646' title='bbox 2389 3340 2627 3410; x_wconf 82' lang='grc' dir='ltr'>γένηται,</span> <span class='ocrx_word' id='word_1_647' title='bbox 2660 3339 2776 3402; x_wconf 83' lang='grc' dir='ltr'><strong>πῶς</strong></span> <span class='ocrx_word' id='word_1_648' title='bbox 2809 3339 3032 3408; x_wconf 75' lang='grc' dir='ltr'>ἠδύνατο</span> <span class='ocrx_word' id='word_1_649' title='bbox 3065 3339 3421 3410; x_wconf 84' lang='grc' dir='ltr'>συνυπάρχειν</span> <span class='ocrx_word' id='word_1_650' title='bbox 3453 3339 3528 3410; x_wconf 80' lang='grc' dir='ltr'>τῷ</span> <span class='ocrx_word' id='word_1_651' title='bbox 3558 3341 3648 3394; x_wconf 75' lang='grc' dir='ltr'>ἀεὶ</span> 
     </span>
    </p>
   </div>
   <div class='ocr_carea' id='block_1_81' title="bbox 2085 3430 3649 3503">
    <p class='ocr_par' dir='ltr' id='par_1_81' title="bbox 2085 3430 3649 3503">
     <span class='ocr_line' id='line_1_81' title="bbox 2085 3430 3649 3503; baseline 0.001 -18"><span class='ocrx_word' id='word_1_652' title='bbox 2085 3432 2195 3485; x_wconf 75' lang='grc' dir='ltr'>ὄντι</span> <span class='ocrx_word' id='word_1_653' title='bbox 2224 3430 2340 3501; x_wconf 87' lang='grc' dir='ltr'><strong>Θεῴ</strong></span> <span class='ocrx_word' id='word_1_654' title='bbox 2368 3449 2382 3496; x_wconf 87' lang='grc'><strong>;</strong></span> <span class='ocrx_word' id='word_1_655' title='bbox 2415 3432 2503 3484; x_wconf 91' lang='grc' dir='ltr'>Διὸ</span> <span class='ocrx_word' id='word_1_656' title='bbox 2530 3432 2623 3485; x_wconf 75' lang='grc' dir='ltr'>καὶ</span> <span class='ocrx_word' id='word_1_657' title='bbox 2661 3431 2794 3502; x_wconf 86' lang='grc' dir='ltr'>πρὸς</span> <span class='ocrx_word' id='word_1_658' title='bbox 2823 3431 2882 3483; x_wconf 86' lang='grc' dir='ltr'><strong>τὸ</strong></span> <span class='ocrx_word' id='word_1_659' title='bbox 2926 3431 3196 3495; x_wconf 82' lang='grc' dir='ltr'>λυσιτελὲς</span> <span class='ocrx_word' id='word_1_660' title='bbox 3223 3431 3400 3485; x_wconf 84' lang='grc' dir='ltr'>αὐτῶν</span> <span class='ocrx_word' id='word_1_661' title='bbox 3429 3431 3649 3503; x_wconf 75' lang='grc' dir='ltr'>ἀφορῶν</span> 
     </span>
    </p>
   </div>
   <div class='ocr_carea' id='block_1_82' title="bbox 2085 3518 3647 3593">
    <p class='ocr_par' dir='ltr' id='par_1_82' title="bbox 2085 3518 3647 3593">
     <span class='ocr_line' id='line_1_82' title="bbox 2085 3518 3647 3593; baseline -0.002 -17"><span class='ocrx_word' id='word_1_662' title='bbox 2085 3523 2285 3586; x_wconf 86' lang='grc' dir='ltr'>όΘεὸς,</span> <span class='ocrx_word' id='word_1_663' title='bbox 2321 3525 2406 3575; x_wconf 85' lang='grc' dir='ltr'><strong>ὅτε</strong></span> <span class='ocrx_word' id='word_1_664' title='bbox 2454 3518 2612 3586; x_wconf 84' lang='grc' dir='ltr'>εἶδεν,</span> <span class='ocrx_word' id='word_1_665' title='bbox 2645 3523 2726 3576; x_wconf 84' lang='grc' dir='ltr'><strong>ὅτι</strong></span> <span class='ocrx_word' id='word_1_666' title='bbox 2771 3522 2987 3575; x_wconf 84' lang='grc' dir='ltr'>δύναται</span> <span class='ocrx_word' id='word_1_667' title='bbox 3045 3523 3307 3592; x_wconf 88' lang='grc' dir='ltr'>γενόμενα</span> <span class='ocrx_word' id='word_1_668' title='bbox 3352 3522 3647 3593; x_wconf 81' lang='grc' dir='ltr'>διαμένειν,</span> 
     </span>
    </p>
   </div>
   <div class='ocr_carea' id='block_1_83' title="bbox 2085 3613 3651 3686">
    <p class='ocr_par' dir='ltr' id='par_1_83' title="bbox 2085 3613 3651 3686">
     <span class='ocr_line' id='line_1_83' title="bbox 2085 3613 3651 3686; baseline 0.001 -19"><span class='ocrx_word' id='word_1_669' title='bbox 2085 3615 2203 3667; x_wconf 87' lang='grc' dir='ltr'>τότε</span> <span class='ocrx_word' id='word_1_670' title='bbox 2234 3615 2327 3669; x_wconf 75' lang='grc' dir='ltr'>καὶ</span> <span class='ocrx_word' id='word_1_671' title='bbox 2383 3616 2647 3686; x_wconf 82' lang='grc' dir='ltr'>πεποίηκε</span> <span class='ocrx_word' id='word_1_672' title='bbox 2703 3613 2897 3668; x_wconf 85' lang='grc' dir='ltr'>πάντα.</span> <span class='ocrx_word' id='word_1_673' title='bbox 2959 3615 3066 3666; x_wconf 77' lang='grc' dir='ltr'><strong>Καὶ</strong></span> <span class='ocrx_word' id='word_1_674' title='bbox 3121 3614 3307 3686; x_wconf 85' lang='grc' dir='ltr'>ὥσπερ</span> <span class='ocrx_word' id='word_1_675' title='bbox 3354 3615 3651 3685; x_wconf 83' lang='grc' dir='ltr'>δυνάμενος</span> 
     </span>
    </p>
   </div>
   <div class='ocr_carea' id='block_1_84' title="bbox 2086 3704 3647 3777">
    <p class='ocr_par' dir='ltr' id='par_1_84' title="bbox 2086 3704 3647 3777">
     <span class='ocr_line' id='line_1_84' title="bbox 2086 3704 3647 3777; baseline -0.001 -18"><span class='ocrx_word' id='word_1_676' title='bbox 2086 3707 2181 3760; x_wconf 72' lang='grc' dir='ltr'><strong>καὶ</strong></span> <span class='ocrx_word' id='word_1_677' title='bbox 2214 3705 2322 3775; x_wconf 76' lang='grc' dir='ltr'>(ΞΟ)</span> <span class='ocrx_word' id='word_1_678' title='bbox 2351 3705 2408 3771; x_wconf 77' lang='grc' dir='ltr'>ἐξ</span> <span class='ocrx_word' id='word_1_679' title='bbox 2428 3706 2600 3777; x_wconf 77' lang='grc' dir='ltr'>ἀρχῆς</span> <span class='ocrx_word' id='word_1_680' title='bbox 2630 3705 2719 3758; x_wconf 76' lang='grc' dir='ltr'><strong>ἐπὶ</strong></span> <span class='ocrx_word' id='word_1_681' title='bbox 2774 3704 2868 3757; x_wconf 82' lang='grc' dir='ltr'><strong>τοῦ</strong></span> <span class='ocrx_word' id='word_1_682' title='bbox 2915 3704 3156 3775; x_wconf 76' lang='grc' dir='ltr'>Ἀδὰμ,ἢ</span> <span class='ocrx_word' id='word_1_683' title='bbox 3196 3706 3286 3758; x_wconf 77' lang='grc' dir='ltr'>ἐπὶ</span> <span class='ocrx_word' id='word_1_684' title='bbox 3310 3705 3452 3771; x_wconf 84' lang='grc' dir='ltr'>Νῶε,</span> <span class='ocrx_word' id='word_1_685' title='bbox 3487 3704 3518 3775; x_wconf 81' lang='grc' dir='ltr'><strong>ἢ</strong></span> <span class='ocrx_word' id='word_1_686' title='bbox 3549 3706 3647 3758; x_wconf 69' lang='grc' dir='ltr'>ἐπὶ</span> 
     </span>
    </p>
   </div>
   <div class='ocr_carea' id='block_1_85' title="bbox 2087 3791 3651 3861">
    <p class='ocr_par' dir='ltr' id='par_1_85' title="bbox 2087 3791 3651 3861">
     <span class='ocr_line' id='line_1_85' title="bbox 2087 3791 3651 3861; baseline 0 -15"><span class='ocrx_word' id='word_1_687' title='bbox 2087 3792 2359 3856; x_wconf 82' lang='grc' dir='ltr'><strong>Μωῦσέως</strong></span> <span class='ocrx_word' id='word_1_688' title='bbox 2391 3792 2703 3845; x_wconf 85' lang='grc' dir='ltr'>ἀποστεῖλαι</span> <span class='ocrx_word' id='word_1_689' title='bbox 2729 3791 2818 3845; x_wconf 88' lang='grc' dir='ltr'><strong>τὸν</strong></span> <span class='ocrx_word' id='word_1_690' title='bbox 2847 3792 3040 3844; x_wconf 76' lang='grc' dir='ltr'>ἑαυτοῦ</span> <span class='ocrx_word' id='word_1_691' title='bbox 3065 3793 3256 3861; x_wconf 86' lang='grc' dir='ltr'>Λόγον,</span> <span class='ocrx_word' id='word_1_692' title='bbox 3279 3794 3377 3846; x_wconf 82' lang='grc' dir='ltr'><strong>οὐκ</strong></span> <span class='ocrx_word' id='word_1_693' title='bbox 3399 3794 3651 3846; x_wconf 80' lang='grc' dir='ltr'>ἀπέστει-</span> 
     </span>
    </p>
   </div>
   <div class='ocr_carea' id='block_1_86' title="bbox 2087 3881 3649 3957">
    <p class='ocr_par' dir='ltr' id='par_1_86' title="bbox 2087 3881 3649 3957">
     <span class='ocr_line' id='line_1_86' title="bbox 2087 3881 3649 3957; baseline 0.003 -23"><span class='ocrx_word' id='word_1_694' title='bbox 2087 3882 2176 3934; x_wconf 93' lang='grc' dir='ltr'><strong>λεν</strong></span> <span class='ocrx_word' id='word_1_695' title='bbox 2201 3885 2248 3935; x_wconf 88' lang='grc' dir='ltr'>εἰ</span> <span class='ocrx_word' id='word_1_696' title='bbox 2284 3883 2356 3953; x_wconf 84' lang='grc' dir='ltr'>μὴ</span> <span class='ocrx_word' id='word_1_697' title='bbox 2387 3883 2478 3936; x_wconf 73' lang='grc' dir='ltr'><strong>ἐπὶ</strong></span> <span class='ocrx_word' id='word_1_698' title='bbox 2513 3882 2785 3955; x_wconf 82' lang='grc' dir='ltr'>συντελείᾳ</span> <span class='ocrx_word' id='word_1_699' title='bbox 2817 3883 2924 3937; x_wconf 90' lang='grc' dir='ltr'><strong>τῶν</strong></span> <span class='ocrx_word' id='word_1_700' title='bbox 2957 3882 3182 3938; x_wconf 74' lang='grc' dir='ltr'>αἰώνωνσ</span> <span class='ocrx_word' id='word_1_701' title='bbox 3229 3885 3384 3938; x_wconf 78' lang='grc' dir='ltr'>τοῦτο</span> <span class='ocrx_word' id='word_1_702' title='bbox 3415 3886 3519 3957; x_wconf 80' lang='grc' dir='ltr'><strong>γὰρ</strong></span> <span class='ocrx_word' id='word_1_703' title='bbox 3540 3881 3649 3940; x_wconf 79' lang='grc' dir='ltr'>εἶδε</span> 
     </span>
    </p>
   </div>
   <div class='ocr_carea' id='block_1_87' title="bbox 2086 3972 3647 4048">
    <p class='ocr_par' dir='ltr' id='par_1_87' title="bbox 2086 3972 3647 4048">
     <span class='ocr_line' id='line_1_87' title="bbox 2086 3972 3647 4048; baseline 0.004 -23"><span class='ocrx_word' id='word_1_704' title='bbox 2086 3972 2381 4026; x_wconf 79' lang='grc' dir='ltr'>λυσιτελεῖν</span> <span class='ocrx_word' id='word_1_705' title='bbox 2411 3973 2556 4043; x_wconf 83' lang='grc' dir='ltr'>πάσῃ</span> <span class='ocrx_word' id='word_1_706' title='bbox 2590 3976 2653 4043; x_wconf 82' lang='grc' dir='ltr'>τῇ</span> <span class='ocrx_word' id='word_1_707' title='bbox 2687 3974 2877 4027; x_wconf 80' lang='grc' dir='ltr'>κτίσει·</span> <span class='ocrx_word' id='word_1_708' title='bbox 2914 3973 3054 4028; x_wconf 74' lang='grc' dir='ltr'>οὕτω</span> <span class='ocrx_word' id='word_1_709' title='bbox 3085 3980 3177 4029; x_wconf 76' lang='grc' dir='ltr'>καὶ</span> <span class='ocrx_word' id='word_1_710' title='bbox 3203 3975 3269 4028; x_wconf 85' lang='grc' dir='ltr'>τὰ</span> <span class='ocrx_word' id='word_1_711' title='bbox 3285 3975 3482 4046; x_wconf 78' lang='grc' dir='ltr'>γενητὰ</span> <span class='ocrx_word' id='word_1_712' title='bbox 3512 3977 3647 4048; x_wconf 62' lang='lat' dir='ltr'><strong>(El),</strong></span> 
     </span>
    </p>
   </div>
   <div class='ocr_carea' id='block_1_88' title="bbox 2087 4060 3651 4138">
    <p class='ocr_par' dir='ltr' id='par_1_88' title="bbox 2087 4060 3651 4138">
     <span class='ocr_line' id='line_1_88' title="bbox 2087 4060 3651 4138; baseline 0.002 -20"><span class='ocrx_word' id='word_1_713' title='bbox 2087 4066 2173 4118; x_wconf 84' lang='grc' dir='ltr'><strong>ὅτε</strong></span> <span class='ocrx_word' id='word_1_714' title='bbox 2205 4064 2434 4134; x_wconf 76' lang='grc' dir='ltr'>ἠθέλησε</span> <span class='ocrx_word' id='word_1_715' title='bbox 2462 4064 2557 4117; x_wconf 72' lang='grc' dir='ltr'><strong>καὶ</strong></span> <span class='ocrx_word' id='word_1_716' title='bbox 2579 4063 2849 4129; x_wconf 84' lang='grc' dir='ltr'>λυσιτελὲς</span> <span class='ocrx_word' id='word_1_717' title='bbox 2869 4060 2936 4136; x_wconf 75' lang='grc' dir='ltr'>ἦν</span> <span class='ocrx_word' id='word_1_718' title='bbox 2965 4067 3166 4131; x_wconf 78' lang='grc' dir='ltr'>αὐτοῖς,</span> <span class='ocrx_word' id='word_1_719' title='bbox 3197 4068 3466 4138; x_wconf 79' lang='grc' dir='ltr'>ἐποίησεν.</span> <span class='ocrx_word' id='word_1_720' title='bbox 3514 4068 3570 4120; x_wconf 90' lang='grc' dir='ltr'>Ὀ</span> <span class='ocrx_word' id='word_1_721' title='bbox 3589 4068 3651 4121; x_wconf 81' lang='grc' dir='ltr'><em>δέ</em></span> 
     </span>
    </p>
   </div>
   <div class='ocr_carea' id='block_1_89' title="bbox 2088 4152 3652 4228">
    <p class='ocr_par' dir='ltr' id='par_1_89' title="bbox 2088 4152 3652 4228">
     <span class='ocr_line' id='line_1_89' title="bbox 2088 4152 3652 4228; baseline 0.003 -22"><span class='ocrx_word' id='word_1_722' title='bbox 2088 4171 2150 4223; x_wconf 90' lang='grc' dir='ltr'><strong>γε</strong></span> <span class='ocrx_word' id='word_1_723' title='bbox 2170 4154 2315 4216; x_wconf 86' lang='grc' dir='ltr'>Υἱὸς,</span> <span class='ocrx_word' id='word_1_724' title='bbox 2349 4155 2448 4206; x_wconf 84' lang='grc' dir='ltr'><strong>οὐκ</strong></span> <span class='ocrx_word' id='word_1_725' title='bbox 2478 4152 2552 4208; x_wconf 83' lang='grc' dir='ltr'>ὣν</span> <span class='ocrx_word' id='word_1_726' title='bbox 2586 4155 2795 4226; x_wconf 88' lang='grc' dir='ltr'>ποίημα</span> <span class='ocrx_word' id='word_1_727' title='bbox 2836 4155 2948 4209; x_wconf 83' lang='grc' dir='ltr'>ἀλλ’</span> <span class='ocrx_word' id='word_1_728' title='bbox 2991 4157 3119 4221; x_wconf 74' lang='grc' dir='ltr'>ἴδιος</span> <span class='ocrx_word' id='word_1_729' title='bbox 3159 4156 3269 4228; x_wconf 71' lang='grc'>(22)</span> <span class='ocrx_word' id='word_1_730' title='bbox 3316 4158 3413 4228; x_wconf 78' lang='grc' dir='ltr'>τῆς</span> <span class='ocrx_word' id='word_1_731' title='bbox 3464 4157 3652 4221; x_wconf 80' lang='grc' dir='ltr'>οὐσίας</span> 
     </span>
    </p>
   </div>
   <div class='ocr_carea' id='block_1_90' title="bbox 2086 4245 3652 4320">
    <p class='ocr_par' dir='ltr' id='par_1_90' title="bbox 2086 4245 3652 4320">
     <span class='ocr_line' id='line_1_90' title="bbox 2086 4245 3652 4320; baseline 0.003 -21"><span class='ocrx_word' id='word_1_732' title='bbox 2086 4245 2181 4299; x_wconf 85' lang='grc' dir='ltr'>τοῦ</span> <span class='ocrx_word' id='word_1_733' title='bbox 2212 4246 2441 4316; x_wconf 84' lang='grc' dir='ltr'>Πατρὸς,</span> <span class='ocrx_word' id='word_1_734' title='bbox 2462 4246 2549 4300; x_wconf 77' lang='grc' dir='ltr'><strong>ἀεὶ</strong></span> <span class='ocrx_word' id='word_1_735' title='bbox 2573 4245 2735 4302; x_wconf 80' lang='grc' dir='ltr'>ἔστιν’</span> <span class='ocrx_word' id='word_1_736' title='bbox 2764 4247 2852 4302; x_wconf 77' lang='lat' dir='ltr'><strong>dei</strong></span> <span class='ocrx_word' id='word_1_737' title='bbox 2874 4247 2980 4320; x_wconf 81' lang='grc' dir='ltr'>γὰρ</span> <span class='ocrx_word' id='word_1_738' title='bbox 3013 4249 3162 4312; x_wconf 72' lang='grc' dir='ltr'>ὄντος</span> <span class='ocrx_word' id='word_1_739' title='bbox 3192 4247 3282 4301; x_wconf 80' lang='grc' dir='ltr'>τοῦ</span> <span class='ocrx_word' id='word_1_740' title='bbox 3309 4249 3538 4320; x_wconf 88' lang='grc' dir='ltr'>Πατρὸς,</span> <span class='ocrx_word' id='word_1_741' title='bbox 3564 4251 3652 4303; x_wconf 73' lang='grc' dir='ltr'><strong>ἀεὶ</strong></span> 
     </span>
    </p>
   </div>
   <div class='ocr_carea' id='block_1_91' title="bbox 441 4333 1982 4412">
    <p class='ocr_par' dir='ltr' id='par_1_91' title="bbox 441 4333 1982 4404">
     <span class='ocr_line' id='line_1_91' title="bbox 441 4333 1982 4404; baseline 0 -18"><span class='ocrx_word' id='word_1_742' title='bbox 441 4333 645 4388; x_wconf 91' lang='lat' dir='ltr'><strong>idcirco</strong></span> <span class='ocrx_word' id='word_1_743' title='bbox 681 4340 787 4389; x_wconf 88' lang='lat' dir='ltr'><strong>est.</strong></span> <span class='ocrx_word' id='word_1_744' title='bbox 817 4333 954 4387; x_wconf 85' lang='lat' dir='ltr'><strong>Cum</strong></span> <span class='ocrx_word' id='word_1_745' title='bbox 1001 4334 1147 4387; x_wconf 86' lang='lat' dir='ltr'><strong>enim</strong></span> <span class='ocrx_word' id='word_1_746' title='bbox 1182 4349 1393 4404; x_wconf 89' lang='lat' dir='ltr'><strong>semper</strong></span> <span class='ocrx_word' id='word_1_747' title='bbox 1425 4335 1496 4389; x_wconf 89' lang='lat' dir='ltr'><strong>sit</strong></span> <span class='ocrx_word' id='word_1_748' title='bbox 1547 4335 1725 4399; x_wconf 87' lang='lat' dir='ltr'><strong>Pater,</strong></span> <span class='ocrx_word' id='word_1_749' title='bbox 1780 4349 1982 4402; x_wconf 84' lang='lat' dir='ltr'><strong>semper</strong></span> 
     </span>
    </p>
   </div>
   <div class='ocr_carea' id='block_1_92' title="bbox 2080 4333 3652 4412">
    <p class='ocr_par' dir='ltr' id='par_1_92' title="bbox 2091 4333 3652 4412">
     <span class='ocr_line' id='line_1_92' title="bbox 2091 4333 3652 4412; baseline 0.003 -22"><span class='ocrx_word' id='word_1_750' title='bbox 2091 4333 2227 4392; x_wconf 72' lang='grc' dir='ltr'>εἶναι</span> <span class='ocrx_word' id='word_1_751' title='bbox 2259 4338 2450 4392; x_wconf 72' lang='grc' dir='ltr'>δεῖκαὶ</span> <span class='ocrx_word' id='word_1_752' title='bbox 2482 4339 2541 4392; x_wconf 90' lang='grc' dir='ltr'><strong>τὸ</strong></span> <span class='ocrx_word' id='word_1_753' title='bbox 2569 4339 2696 4393; x_wconf 85' lang='grc' dir='ltr'>ῖδιον</span> <span class='ocrx_word' id='word_1_754' title='bbox 2717 4340 2815 4410; x_wconf 81' lang='grc' dir='ltr'>τῆς</span> <span class='ocrx_word' id='word_1_755' title='bbox 2848 4340 3033 4404; x_wconf 80' lang='grc' dir='ltr'>οὐσίας</span> <span class='ocrx_word' id='word_1_756' title='bbox 3068 4340 3252 4404; x_wconf 77' lang='grc' dir='ltr'>αὐτοῦ,</span> <span class='ocrx_word' id='word_1_757' title='bbox 3283 4342 3416 4412; x_wconf 85' lang='grc' dir='ltr'>ὅπερ</span> <span class='ocrx_word' id='word_1_758' title='bbox 3446 4343 3589 4395; x_wconf 74' lang='grc' dir='ltr'>ἐστὶν</span> <span class='ocrx_word' id='word_1_759' title='bbox 3621 4344 3652 4396; x_wconf 91' lang='lat'><strong>6</strong></span> 
     </span>
    </p>
   </div>
   <div class='ocr_carea' id='block_1_93' title="bbox 441 4425 1982 4504">
    <p class='ocr_par' dir='ltr' id='par_1_93' title="bbox 441 4425 1982 4494">
     <span class='ocr_line' id='line_1_93' title="bbox 441 4425 1982 4494; baseline 0.001 -16"><span class='ocrx_word' id='word_1_760' title='bbox 441 4439 658 4494; x_wconf 86' lang='lat' dir='ltr'><strong>quoque</strong></span> <span class='ocrx_word' id='word_1_761' title='bbox 705 4439 825 4479; x_wconf 83' lang='lat' dir='ltr'><strong>esse</strong></span> <span class='ocrx_word' id='word_1_762' title='bbox 872 4432 1082 4494; x_wconf 82' lang='lat' dir='ltr'><strong>Oportet</strong></span> <span class='ocrx_word' id='word_1_763' title='bbox 1123 4425 1268 4494; x_wconf 88' lang='lat' dir='ltr'><strong>quod</strong></span> <span class='ocrx_word' id='word_1_764' title='bbox 1321 4426 1442 4494; x_wconf 86' lang='lat' dir='ltr'><strong>ejus</strong></span> <span class='ocrx_word' id='word_1_765' title='bbox 1495 4434 1700 4479; x_wconf 54' lang='lat' dir='ltr'><strong>natura}</strong></span> <span class='ocrx_word' id='word_1_766' title='bbox 1746 4435 1830 4480; x_wconf 88' lang='lat' dir='ltr'><strong>est</strong></span> <span class='ocrx_word' id='word_1_767' title='bbox 1866 4439 1982 4494; x_wconf 91' lang='lat' dir='ltr'><strong>pro-</strong></span> 
     </span>
    </p>
   </div>
   <div class='ocr_carea' id='block_1_94' title="bbox 2080 4425 3650 4504">
    <p class='ocr_par' dir='ltr' id='par_1_94' title="bbox 2099 4431 3650 4504">
     <span class='ocr_line' id='line_1_94' title="bbox 2099 4431 3650 4504; baseline 0.002 -20"><span class='ocrx_word' id='word_1_768' title='bbox 2099 4431 2267 4500; x_wconf 79' lang='grc' dir='ltr'>Λόγος</span> <span class='ocrx_word' id='word_1_769' title='bbox 2296 4431 2460 4485; x_wconf 80' lang='grc' dir='ltr'>αὑτοῦ</span> <span class='ocrx_word' id='word_1_770' title='bbox 2524 4434 2678 4504; x_wconf 76' lang='grc' dir='ltr'>καὶὴ</span> <span class='ocrx_word' id='word_1_771' title='bbox 2716 4432 2895 4503; x_wconf 84' lang='grc' dir='ltr'>σοφία.</span> <span class='ocrx_word' id='word_1_772' title='bbox 2944 4433 3053 4485; x_wconf 58' lang='grc' dir='ltr'><strong>Καὶ⁸</strong></span> <span class='ocrx_word' id='word_1_773' title='bbox 3111 4431 3178 4487; x_wconf 84' lang='grc' dir='ltr'>τὰ</span> <span class='ocrx_word' id='word_1_774' title='bbox 3206 4433 3327 4503; x_wconf 72' lang='grc' dir='ltr'><strong>¹μὲν</strong></span> <span class='ocrx_word' id='word_1_775' title='bbox 3376 4433 3650 4501; x_wconf 62' lang='grc' dir='ltr'>Ατίσματα</span> 
     </span>
    </p>
   </div>
   <div class='ocr_carea' id='block_1_95' title="bbox 511 4558 1638 4624">
    <p class='ocr_par' dir='ltr' id='par_1_95' title="bbox 511 4558 1638 4624">
     <span class='ocr_line' id='line_1_95' title="bbox 511 4558 1638 4624; baseline -0.001 -11"><span class='ocrx_word' id='word_1_776' title='bbox 511 4560 556 4590; x_wconf 81' lang='grc'><strong>⁷⁸</strong></span> <span class='ocrx_word' id='word_1_777' title='bbox 600 4558 757 4614; x_wconf 75' lang='lat' dir='ltr'><strong>Rom.</strong></span> <span class='ocrx_word' id='word_1_778' title='bbox 803 4575 877 4623; x_wconf 70' lang='grc' dir='ltr'>ιιι,</span> <span class='ocrx_word' id='word_1_779' title='bbox 928 4559 1018 4614; x_wconf 67' lang='grc'><strong>54.</strong></span> <span class='ocrx_word' id='word_1_780' title='bbox 1105 4560 1148 4590; x_wconf 88' lang='grc'>”</span> <span class='ocrx_word' id='word_1_781' title='bbox 1207 4558 1364 4614; x_wconf 85' lang='lat' dir='ltr'><strong>Rom.</strong></span> <span class='ocrx_word' id='word_1_782' title='bbox 1410 4575 1491 4624; x_wconf 78' lang='lat' dir='ltr'><strong>Ix,</strong></span> <span class='ocrx_word' id='word_1_783' title='bbox 1547 4559 1638 4618; x_wconf 73' lang='lat'><strong>20.</strong></span> 
     </span>
    </p>
   </div>
   <div class='ocr_carea' id='block_1_96' title="bbox 541 4721 1229 4792">
    <p class='ocr_par' dir='ltr' id='par_1_96' title="bbox 541 4721 1229 4792">
     <span class='ocr_line' id='line_1_96' title="bbox 541 4721 1229 4792; baseline 0.001 -18"><span class='ocrx_word' id='word_1_784' title='bbox 541 4721 622 4790; x_wconf 70' lang='grc'>12)</span> <span class='ocrx_word' id='word_1_785' title='bbox 663 4721 969 4776; x_wconf 82' lang='lat' dir='ltr'><strong>Felckman.</strong></span> <span class='ocrx_word' id='word_1_786' title='bbox 991 4721 1043 4787; x_wconf 83' lang='grc'><strong>5,</strong></span> <span class='ocrx_word' id='word_1_787' title='bbox 1071 4721 1229 4792; x_wconf 65' lang='grc' dir='ltr'>α’ῥτη.</span> 
     </span>
    </p>
   </div>
   <div class='ocr_carea' id='block_1_97' title="bbox 541 4787 1991 4861">
    <p class='ocr_par' dir='ltr' id='par_1_97' title="bbox 541 4787 1991 4861">
     <span class='ocr_line' id='line_1_97' title="bbox 541 4787 1991 4861; baseline 0.001 -16"><span class='ocrx_word' id='word_1_788' title='bbox 541 4787 621 4858; x_wconf 81' lang='grc'>15)</span> <span class='ocrx_word' id='word_1_789' title='bbox 665 4791 755 4844; x_wconf 90' lang='lat' dir='ltr'><strong>Sic</strong></span> <span class='ocrx_word' id='word_1_790' title='bbox 785 4794 1009 4860; x_wconf 79' lang='lat' dir='ltr'><strong>Seguer.</strong></span> <span class='ocrx_word' id='word_1_791' title='bbox 1040 4801 1090 4844; x_wconf 91' lang='lat' dir='ltr'><strong>et</strong></span> <span class='ocrx_word' id='word_1_792' title='bbox 1119 4787 1244 4861; x_wconf 76' lang='lat' dir='ltr'><strong>Reg.</strong></span> <span class='ocrx_word' id='word_1_793' title='bbox 1275 4789 1432 4853; x_wconf 85' lang='lat' dir='ltr'><strong>Editi,</strong></span> <span class='ocrx_word' id='word_1_794' title='bbox 1461 4791 1619 4844; x_wconf 89' lang='grc' dir='ltr'>καλὸν</span> <span class='ocrx_word' id='word_1_795' title='bbox 1645 4794 1735 4845; x_wconf 75' lang='grc' dir='ltr'>καὶ</span> <span class='ocrx_word' id='word_1_796' title='bbox 1754 4792 1812 4844; x_wconf 83' lang='grc' dir='ltr'><strong>τὸ</strong></span> <span class='ocrx_word' id='word_1_797' title='bbox 1836 4787 1991 4847; x_wconf 80' lang='grc' dir='ltr'>εἶναι.</span> 
     </span>
    </p>
   </div>
   <div class='ocr_carea' id='block_1_98' title="bbox 441 4861 1994 4932">
    <p class='ocr_par' dir='ltr' id='par_1_98' title="bbox 441 4861 1994 4932">
     <span class='ocr_line' id='line_1_98' title="bbox 441 4861 1994 4932; baseline -0.001 -15"><span class='ocrx_word' id='word_1_798' title='bbox 441 4861 610 4917; x_wconf 87' lang='lat' dir='ltr'><strong>Paulo</strong></span> <span class='ocrx_word' id='word_1_799' title='bbox 648 4871 768 4931; x_wconf 84' lang='lat' dir='ltr'><strong>post</strong></span> <span class='ocrx_word' id='word_1_800' title='bbox 796 4863 1049 4932; x_wconf 76' lang='lat' dir='ltr'><strong>Seguer.,</strong></span> <span class='ocrx_word' id='word_1_801' title='bbox 1088 4863 1238 4931; x_wconf 69' lang='grc' dir='ltr'>φησὶ,</span> <span class='ocrx_word' id='word_1_802' title='bbox 1259 4861 1376 4932; x_wconf 36' lang='grc' dir='ltr'>οιαὶ-</span> <span class='ocrx_word' id='word_1_803' title='bbox 1399 4862 1485 4913; x_wconf 73' lang='grc' dir='ltr'><strong>ἀεὶ</strong></span> <span class='ocrx_word' id='word_1_804' title='bbox 1526 4864 1764 4932; x_wconf 49' lang='grc' dir='ltr'>ποιητής</span> <span class='ocrx_word' id='word_1_805' title='bbox 1795 4864 1938 4916; x_wconf 79' lang='grc' dir='ltr'>ἐστιν</span> <span class='ocrx_word' id='word_1_806' title='bbox 1965 4866 1994 4916; x_wconf 89' lang='lat'><strong>6</strong></span> 
     </span>
    </p>
   </div>
   <div class='ocr_carea' id='block_1_99' title="bbox 441 4929 1993 5000">
    <p class='ocr_par' dir='ltr' id='par_1_99' title="bbox 441 4929 1993 5000">
     <span class='ocr_line' id='line_1_99' title="bbox 441 4929 1993 5000; baseline -0.001 -15"><span class='ocrx_word' id='word_1_807' title='bbox 441 4933 590 4996; x_wconf 88' lang='grc' dir='ltr'>Θεὸς,</span> <span class='ocrx_word' id='word_1_808' title='bbox 627 4929 720 4986; x_wconf 63' lang='grc' dir='ltr'>διαὶ</span> <span class='ocrx_word' id='word_1_809' title='bbox 754 4931 853 4984; x_wconf 76' lang='grc' dir='ltr'><strong>οὐκ</strong></span> <span class='ocrx_word' id='word_1_810' title='bbox 879 4929 1211 5000; x_wconf 69' lang='grc' dir='ltr'>ἐπιγέγονεν.</span> <span class='ocrx_word' id='word_1_811' title='bbox 1246 4929 1460 5000; x_wconf 68' lang='lat' dir='ltr'><strong>Gobler.</strong></span> <span class='ocrx_word' id='word_1_812' title='bbox 1495 4941 1547 4986; x_wconf 90' lang='lat' dir='ltr'><strong>et</strong></span> <span class='ocrx_word' id='word_1_813' title='bbox 1584 4929 1725 4986; x_wconf 54' lang='lat' dir='ltr'><strong>Félcl</strong></span> <span class='ocrx_word' id='word_1_814' title='bbox 1748 4931 1799 4995; x_wconf 88' lang='grc'><strong>1,</strong></span> <span class='ocrx_word' id='word_1_815' title='bbox 1844 4933 1993 5000; x_wconf 71' lang='grc' dir='ltr'>φασὶ,</span> 
     </span>
    </p>
   </div>
   <div class='ocr_carea' id='block_1_100' title="bbox 444 4995 1997 5070">
    <p class='ocr_par' dir='ltr' id='par_1_100' title="bbox 444 4995 1997 5070">
     <span class='ocr_line' id='line_1_100' title="bbox 444 4995 1997 5070; baseline -0.001 -16"><span class='ocrx_word' id='word_1_816' title='bbox 444 4995 648 5070; x_wconf 63' lang='grc' dir='ltr'>καῖὰε).</span> <span class='ocrx_word' id='word_1_817' title='bbox 672 5004 700 5054; x_wconf 91' lang='lat'><strong>6</strong></span> <span class='ocrx_word' id='word_1_818' title='bbox 741 5001 870 5063; x_wconf 84' lang='grc' dir='ltr'>Θεὸς</span> <span class='ocrx_word' id='word_1_819' title='bbox 904 4995 1220 5070; x_wconf 64' lang='grc' dir='ltr'>ἦν’ποιητὴς</span> <span class='ocrx_word' id='word_1_820' title='bbox 1255 5000 1346 5070; x_wconf 63' lang='grc' dir='ltr'>δια)</span> <span class='ocrx_word' id='word_1_821' title='bbox 1374 4999 1507 5070; x_wconf 66' lang='grc' dir='ltr'>ἔστι,</span> <span class='ocrx_word' id='word_1_822' title='bbox 1541 5002 1632 5054; x_wconf 76' lang='grc' dir='ltr'><strong>καὶ</strong></span> <span class='ocrx_word' id='word_1_823' title='bbox 1673 5002 1770 5053; x_wconf 81' lang='grc' dir='ltr'>οὐκ</span> <span class='ocrx_word' id='word_1_824' title='bbox 1815 4995 1997 5070; x_wconf 57' lang='grc' dir='ltr'>ἐπιγέὲ</span> 
     </span>
    </p>
   </div>
   <div class='ocr_carea' id='block_1_101' title="bbox 447 5066 1995 5149">
    <p class='ocr_par' dir='ltr' id='par_1_101' title="bbox 447 5066 1995 5149">
     <span class='ocr_line' id='line_1_101' title="bbox 447 5066 1995 5149; baseline 0.001 -26"><span class='ocrx_word' id='word_1_825' title='bbox 447 5087 620 5149; x_wconf 58' lang='grc' dir='ltr'>γονεν;</span> <span class='ocrx_word' id='word_1_826' title='bbox 633 5069 789 5149; x_wconf 42' lang='lat' dir='ltr'><strong>Reg&quot;</strong></span> <span class='ocrx_word' id='word_1_827' title='bbox 814 5066 964 5149; x_wconf 70' lang='grc' dir='ltr'>φησὶ,</span> <span class='ocrx_word' id='word_1_828' title='bbox 989 5071 1082 5122; x_wconf 76' lang='grc' dir='ltr'>καὶ</span> <span class='ocrx_word' id='word_1_829' title='bbox 1097 5066 1384 5149; x_wconf 43' lang='grc' dir='ltr'>ἆέρβεὸς</span> <span class='ocrx_word' id='word_1_830' title='bbox 1411 5066 1476 5149; x_wconf 72' lang='grc' dir='ltr'>ἦν</span> <span class='ocrx_word' id='word_1_831' title='bbox 1499 5072 1722 5149; x_wconf 71' lang='grc' dir='ltr'>ποιητὴς</span> <span class='ocrx_word' id='word_1_832' title='bbox 1745 5073 1839 5149; x_wconf 53' lang='grc' dir='ltr'>δια).</span> <span class='ocrx_word' id='word_1_833' title='bbox 1861 5066 1995 5149; x_wconf 58' lang='grc' dir='ltr'>ἐστι,</span> 
     </span>
    </p>
   </div>
   <div class='ocr_carea' id='block_1_102' title="bbox 445 5089 1995 5212">
    <p class='ocr_par' dir='ltr' id='par_1_102' title="bbox 445 5089 1995 5212">
     <span class='ocr_line' id='line_1_102' title="bbox 447 5089 1995 5140; baseline 0.001 -17"><span class='ocrx_word' id='word_1_834' title='bbox 447 5089 789 5140; x_wconf 67' lang='grc' dir='ltr'>γονεν.ιιεε.,</span> <span class='ocrx_word' id='word_1_835' title='bbox 814 5089 964 5140; x_wconf 82' lang='grc' dir='ltr'>φησι,</span> <span class='ocrx_word' id='word_1_836' title='bbox 989 5089 1181 5123; x_wconf 83' lang='grc' dir='ltr'>καιαει</span> <span class='ocrx_word' id='word_1_837' title='bbox 1204 5089 1231 5121; x_wconf 93' lang='grc' dir='ltr'><strong>ο</strong></span> <span class='ocrx_word' id='word_1_838' title='bbox 1255 5089 1384 5132; x_wconf 67' lang='lat' dir='ltr'><strong>uso;</strong></span> <span class='ocrx_word' id='word_1_839' title='bbox 1411 5089 1476 5140; x_wconf 88' lang='grc' dir='ltr'><strong>ην</strong></span> <span class='ocrx_word' id='word_1_840' title='bbox 1499 5089 1586 5124; x_wconf 87' lang='grc' dir='ltr'><strong>ποι</strong></span> <span class='ocrx_word' id='word_1_841' title='bbox 1626 5089 1722 5139; x_wconf 86' lang='grc' dir='ltr'><strong>της</strong></span> <span class='ocrx_word' id='word_1_842' title='bbox 1745 5089 1836 5125; x_wconf 85' lang='grc' dir='ltr'>και</span> <span class='ocrx_word' id='word_1_843' title='bbox 1861 5089 1995 5134; x_wconf 89' lang='grc' dir='ltr'>εστι,</span> 
     </span>
     <span class='ocr_line' id='line_1_103' title="bbox 445 5089 1995 5212; baseline 0.001 -19"><span class='ocrx_word' id='word_1_844' title='bbox 445 5142 536 5193; x_wconf 76' lang='grc' dir='ltr'>καὶ</span> <span class='ocrx_word' id='word_1_845' title='bbox 563 5139 684 5212; x_wconf 56' lang='grc' dir='ltr'>οῖξτε</span> <span class='ocrx_word' id='word_1_846' title='bbox 735 5141 1068 5212; x_wconf 74' lang='grc' dir='ltr'>ἐπιγέγονεν.</span> <span class='ocrx_word' id='word_1_847' title='bbox 1113 5138 1276 5212; x_wconf 75' lang='lat' dir='ltr'><strong>Editi,</strong></span> <span class='ocrx_word' id='word_1_848' title='bbox 1327 5141 1525 5212; x_wconf 54' lang='grc' dir='ltr'>φασὶν,</span> <span class='ocrx_word' id='word_1_849' title='bbox 1548 5089 1654 5212; x_wconf 44' lang='lat' dir='ltr'><strong>dii</strong></span> <span class='ocrx_word' id='word_1_850' title='bbox 1677 5143 1705 5194; x_wconf 93' lang='lat'><strong>6</strong></span> <span class='ocrx_word' id='word_1_851' title='bbox 1754 5137 1995 5212; x_wconf 55' lang='lat' dir='ltr'><strong>Oabcjv</strong></span> 
     </span>
    </p>
   </div>
   <div class='ocr_carea' id='block_1_103' title="bbox 445 5208 1996 5334">
    <p class='ocr_par' dir='ltr' id='par_1_103' title="bbox 445 5208 1996 5334">
     <span class='ocr_line' id='line_1_104' title="bbox 445 5208 1996 5278; baseline 0.002 -17"><span class='ocrx_word' id='word_1_852' title='bbox 445 5209 668 5278; x_wconf 48' lang='grc' dir='ltr'>ποιητὸς</span> <span class='ocrx_word' id='word_1_853' title='bbox 699 5211 790 5263; x_wconf 86' lang='grc' dir='ltr'><strong>καί</strong></span> <span class='ocrx_word' id='word_1_854' title='bbox 823 5212 956 5271; x_wconf 74' lang='grc' dir='ltr'>ἐστι,</span> <span class='ocrx_word' id='word_1_855' title='bbox 982 5208 1103 5264; x_wconf 75' lang='grc' dir='ltr'>οὒτε</span> <span class='ocrx_word' id='word_1_856' title='bbox 1121 5208 1447 5277; x_wconf 81' lang='grc' dir='ltr'>ἐπιγέγονεν.</span> <span class='ocrx_word' id='word_1_857' title='bbox 1479 5209 1600 5265; x_wconf 84' lang='lat' dir='ltr'><strong>Mox</strong></span> <span class='ocrx_word' id='word_1_858' title='bbox 1634 5210 1856 5278; x_wconf 69' lang='lat' dir='ltr'><strong>Seguer.</strong></span> <span class='ocrx_word' id='word_1_859' title='bbox 1884 5208 1996 5266; x_wconf 74' lang='lat' dir='ltr'><strong>Gd-</strong></span> 
     </span>
     <span class='ocr_line' id='line_1_105' title="bbox 446 5249 1783 5334; baseline 0.001 -2"><span class='ocrx_word' id='word_1_860' title='bbox 446 5278 580 5333; x_wconf 86' lang='lat' dir='ltr'><strong>bler.</strong></span> <span class='ocrx_word' id='word_1_861' title='bbox 609 5249 751 5332; x_wconf 51' lang='lat' dir='ltr'><strong>li‘elc.</strong></span> <span class='ocrx_word' id='word_1_862' title='bbox 781 5281 800 5332; x_wconf 93' lang='grc'><strong>1</strong></span> <span class='ocrx_word' id='word_1_863' title='bbox 831 5290 883 5332; x_wconf 90' lang='lat' dir='ltr'><strong>et</strong></span> <span class='ocrx_word' id='word_1_864' title='bbox 915 5280 1066 5334; x_wconf 58' lang='lat' dir='ltr'><strong>lien&quot;</strong></span> <span class='ocrx_word' id='word_1_865' title='bbox 1099 5275 1188 5334; x_wconf 77' lang='grc' dir='ltr'><strong>ἆρ’</strong></span> <span class='ocrx_word' id='word_1_866' title='bbox 1219 5275 1330 5332; x_wconf 75' lang='grc' dir='ltr'>οὖν.</span> <span class='ocrx_word' id='word_1_867' title='bbox 1373 5279 1538 5334; x_wconf 80' lang='lat' dir='ltr'><strong>Editi.</strong></span> <span class='ocrx_word' id='word_1_868' title='bbox 1565 5280 1648 5334; x_wconf 75' lang='grc' dir='ltr'><strong>ἄρ’</strong></span> <span class='ocrx_word' id='word_1_869' title='bbox 1673 5279 1783 5334; x_wconf 80' lang='grc' dir='ltr'>οὖν.</span> 
     </span>
    </p>
   </div>
   <div class='ocr_carea' id='block_1_104' title="bbox 566 5294 1783 5346">
    <p class='ocr_par' dir='ltr' id='par_1_104' title="bbox 566 5294 1783 5346">
     <span class='ocr_line' id='line_1_106' title="bbox 566 5294 1783 5346; baseline 0.002 -16"><span class='ocrx_word' id='word_1_870' title='bbox 566 5317 580 5330; x_wconf 92' lang='grc'><strong>.</strong></span> <span class='ocrx_word' id='word_1_871' title='bbox 609 5294 751 5332; x_wconf 76' lang='lat' dir='ltr'><strong>rete.</strong></span> <span class='ocrx_word' id='word_1_872' title='bbox 781 5294 800 5332; x_wconf 83' lang='grc' dir='ltr'><strong>ι</strong></span> <span class='ocrx_word' id='word_1_873' title='bbox 831 5294 883 5332; x_wconf 88' lang='lat' dir='ltr'><strong>et</strong></span> <span class='ocrx_word' id='word_1_874' title='bbox 915 5294 1066 5346; x_wconf 78' lang='lat' dir='ltr'><strong>neg.,</strong></span> <span class='ocrx_word' id='word_1_875' title='bbox 1099 5294 1187 5346; x_wconf 78' lang='grc' dir='ltr'><strong>αρ’</strong></span> <span class='ocrx_word' id='word_1_876' title='bbox 1219 5294 1330 5332; x_wconf 77' lang='grc' dir='ltr'>ουν.</span> <span class='ocrx_word' id='word_1_877' title='bbox 1373 5294 1538 5346; x_wconf 70' lang='lat' dir='ltr'><strong>Lm“,</strong></span> <span class='ocrx_word' id='word_1_878' title='bbox 1565 5294 1648 5346; x_wconf 83' lang='grc' dir='ltr'><strong>αρ’</strong></span> <span class='ocrx_word' id='word_1_879' title='bbox 1673 5294 1783 5335; x_wconf 75' lang='grc' dir='ltr'>οον.</span> 
     </span>
    </p>
   </div>
   <div class='ocr_carea' id='block_1_105' title="bbox 517 5297 1987 5420">
    <p class='ocr_par' dir='ltr' id='par_1_105' title="bbox 517 5297 1987 5420">
     <span class='ocr_line' id='line_1_107' title="bbox 517 5297 1783 5352; baseline 0 -19"><span class='ocrx_word' id='word_1_880' title='bbox 517 5297 580 5333; x_wconf 71' lang='lat' dir='ltr'><strong>3r.</strong></span> <span class='ocrx_word' id='word_1_881' title='bbox 609 5297 751 5332; x_wconf 77' lang='lat' dir='ltr'><strong>rere.</strong></span> <span class='ocrx_word' id='word_1_882' title='bbox 781 5297 800 5332; x_wconf 87' lang='grc' dir='ltr'><strong>ι</strong></span> <span class='ocrx_word' id='word_1_883' title='bbox 831 5297 883 5332; x_wconf 85' lang='lat' dir='ltr'><strong>et</strong></span> <span class='ocrx_word' id='word_1_884' title='bbox 915 5297 1066 5350; x_wconf 81' lang='lat' dir='ltr'><strong>neg.,</strong></span> <span class='ocrx_word' id='word_1_885' title='bbox 1099 5297 1185 5351; x_wconf 75' lang='lat' dir='ltr'><strong>ap</strong></span> <span class='ocrx_word' id='word_1_886' title='bbox 1219 5297 1330 5332; x_wconf 83' lang='grc' dir='ltr'>ουν.</span> <span class='ocrx_word' id='word_1_887' title='bbox 1373 5297 1538 5346; x_wconf 67' lang='lat' dir='ltr'><strong>nutu,</strong></span> <span class='ocrx_word' id='word_1_888' title='bbox 1565 5297 1647 5352; x_wconf 90' lang='grc' dir='ltr'><strong>αρ·</strong></span> <span class='ocrx_word' id='word_1_889' title='bbox 1673 5297 1783 5335; x_wconf 75' lang='grc' dir='ltr'>ουν.</span> 
     </span>
     <span class='ocr_line' id='line_1_108' title="bbox 517 5347 1987 5420; baseline 0.001 -19"><span class='ocrx_word' id='word_1_890' title='bbox 517 5348 639 5420; x_wconf 42' lang='grc'>(14)-</span> <span class='ocrx_word' id='word_1_891' title='bbox 667 5347 756 5401; x_wconf 90' lang='lat' dir='ltr'><strong>Sic</strong></span> <span class='ocrx_word' id='word_1_892' title='bbox 813 5349 1030 5420; x_wconf 64' lang='lat' dir='ltr'><strong>Seguer.</strong></span> <span class='ocrx_word' id='word_1_893' title='bbox 1088 5349 1225 5420; x_wconf 77' lang='lat' dir='ltr'><strong>Editi</strong></span> <span class='ocrx_word' id='word_1_894' title='bbox 1272 5365 1416 5416; x_wconf 87' lang='lat' dir='ltr'><strong>vero,</strong></span> <span class='ocrx_word' id='word_1_895' title='bbox 1461 5361 1525 5420; x_wconf 13' lang='lat' dir='ltr'><strong>iet</strong></span> <span class='ocrx_word' id='word_1_896' title='bbox 1571 5353 1684 5416; x_wconf 90' lang='lat' dir='ltr'><strong>alii,</strong></span> <span class='ocrx_word' id='word_1_897' title='bbox 1734 5350 1987 5420; x_wconf 80' lang='grc' dir='ltr'>γεννηθῇ.</span> 
     </span>
    </p>
   </div>
   <div class='ocr_carea' id='block_1_106' title="bbox 447 5416 1987 5492">
    <p class='ocr_par' dir='ltr' id='par_1_106' title="bbox 447 5416 1987 5492">
     <span class='ocr_line' id='line_1_109' title="bbox 447 5416 1987 5492; baseline -0.002 -18"><span class='ocrx_word' id='word_1_898' title='bbox 447 5416 1096 5492; x_wconf 64' lang='lat' dir='ltr'><strong>lbid._S_eg_uer.._Gobler.</strong></span> <span class='ocrx_word' id='word_1_899' title='bbox 1115 5430 1166 5474; x_wconf 90' lang='lat' dir='ltr'><strong>et</strong></span> <span class='ocrx_word' id='word_1_900' title='bbox 1186 5418 1327 5492; x_wconf 82' lang='lat' dir='ltr'><strong>Felc.</strong></span> <span class='ocrx_word' id='word_1_901' title='bbox 1362 5420 1414 5482; x_wconf 96' lang='grc'>1,</span> <span class='ocrx_word' id='word_1_902' title='bbox 1440 5419 1669 5492; x_wconf 69' lang='grc' dir='ltr'>ἄφρονες</span> <span class='ocrx_word' id='word_1_903' title='bbox 1700 5416 1756 5473; x_wconf 66' lang='grc' dir='ltr'>οἱ</span> <span class='ocrx_word' id='word_1_904' title='bbox 1782 5416 1987 5491; x_wconf 81' lang='grc' dir='ltr'>Ἀρειᾶ-</span> 
     </span>
    </p>
   </div>
   <div class='ocr_carea' id='block_1_107' title="bbox 447 5487 1507 5560">
    <p class='ocr_par' dir='ltr' id='par_1_107' title="bbox 447 5487 1507 5560">
     <span class='ocr_line' id='line_1_110' title="bbox 447 5487 1507 5560; baseline 0 -20"><span class='ocrx_word' id='word_1_905' title='bbox 447 5487 564 5560; x_wconf 48' lang='lat' dir='ltr'><strong>vol.</strong></span> <span class='ocrx_word' id='word_1_906' title='bbox 582 5487 727 5560; x_wconf 56' lang='lat' dir='ltr'><strong>Editi</strong></span> <span class='ocrx_word' id='word_1_907' title='bbox 754 5487 945 5560; x_wconf 86' lang='lat' dir='ltr'><strong>ct_alii,</strong></span> <span class='ocrx_word' id='word_1_908' title='bbox 971 5488 1196 5558; x_wconf 79' lang='grc' dir='ltr'>ἄφρονες</span> <span class='ocrx_word' id='word_1_909' title='bbox 1228 5487 1507 5560; x_wconf 70' lang='grc' dir='ltr'>Ἀρειανοί.</span> 
     </span>
    </p>
   </div>
   <div class='ocr_carea' id='block_1_108' title="bbox 522 5555 1994 5631">
    <p class='ocr_par' dir='ltr' id='par_1_108' title="bbox 522 5555 1994 5631">
     <span class='ocr_line' id='line_1_111' title="bbox 522 5555 1994 5631; baseline 0.001 -20"><span class='ocrx_word' id='word_1_910' title='bbox 522 5557 633 5628; x_wconf 78' lang='grc'>(15)</span> <span class='ocrx_word' id='word_1_911' title='bbox 675 5555 765 5612; x_wconf 83' lang='lat' dir='ltr'><strong>Sic</strong></span> <span class='ocrx_word' id='word_1_912' title='bbox 799 5555 1129 5626; x_wconf 40' lang='lat' dir='ltr'><strong>SeguerfAt</strong></span> <span class='ocrx_word' id='word_1_913' title='bbox 1159 5560 1249 5613; x_wconf 84' lang='lat' dir='ltr'><strong>alii</strong></span> <span class='ocrx_word' id='word_1_914' title='bbox 1289 5555 1352 5615; x_wconf 71' lang='grc' dir='ltr'><strong>ἐι</strong></span> <span class='ocrx_word' id='word_1_915' title='bbox 1388 5560 1540 5626; x_wconf 86' lang='lat' dir='ltr'><strong>editi,</strong></span> <span class='ocrx_word' id='word_1_916' title='bbox 1581 5557 1994 5631; x_wconf 74' lang='grc' dir='ltr'>δημιουργημάο</span> 
     </span>
    </p>
   </div>
   <div class='ocr_carea' id='block_1_109' title="bbox 449 5642 572 5684">
    <p class='ocr_par' dir='ltr' id='par_1_109' title="bbox 449 5642 572 5684">
     <span class='ocr_line' id='line_1_112' title="bbox 449 5642 572 5684; baseline -0.033 0"><span class='ocrx_word' id='word_1_917' title='bbox 449 5642 572 5684; x_wconf 76' lang='grc' dir='ltr'>των.</span> 
     </span>
    </p>
   </div>
   <div class='ocr_carea' id='block_1_110' title="bbox 522 5693 1994 5770">
    <p class='ocr_par' dir='ltr' id='par_1_110' title="bbox 522 5693 1994 5770">
     <span class='ocr_line' id='line_1_113' title="bbox 522 5693 1994 5770; baseline -0.001 -19"><span class='ocrx_word' id='word_1_918' title='bbox 522 5695 632 5768; x_wconf 84' lang='grc'>(16)</span> <span class='ocrx_word' id='word_1_919' title='bbox 671 5696 820 5769; x_wconf 54' lang='grc' dir='ltr'>εει,</span> <span class='ocrx_word' id='word_1_920' title='bbox 851 5693 1069 5752; x_wconf 83' lang='lat' dir='ltr'><strong>Gobler.</strong></span> <span class='ocrx_word' id='word_1_921' title='bbox 1105 5705 1158 5752; x_wconf 90' lang='lat' dir='ltr'><strong>et</strong></span> <span class='ocrx_word' id='word_1_922' title='bbox 1198 5697 1341 5754; x_wconf 83' lang='lat' dir='ltr'><strong>Felc.</strong></span> <span class='ocrx_word' id='word_1_923' title='bbox 1373 5699 1424 5765; x_wconf 89' lang='grc'>1,</span> <span class='ocrx_word' id='word_1_924' title='bbox 1473 5698 1726 5770; x_wconf 80' lang='grc' dir='ltr'>ὰῖδιότης.</span> <span class='ocrx_word' id='word_1_925' title='bbox 1755 5695 1843 5769; x_wconf 84' lang='lat' dir='ltr'><strong>_lb.</strong></span> <span class='ocrx_word' id='word_1_926' title='bbox 1867 5695 1994 5754; x_wconf 86' lang='lat' dir='ltr'><strong>editi</strong></span> 
     </span>
    </p>
   </div>
   <div class='ocr_carea' id='block_1_111' title="bbox 2101 4725 3649 4796">
    <p class='ocr_par' dir='ltr' id='par_1_111' title="bbox 2101 4725 3649 4796">
     <span class='ocr_line' id='line_1_114' title="bbox 2101 4725 3649 4796; baseline -0.001 -16"><span class='ocrx_word' id='word_1_927' title='bbox 2101 4725 2323 4789; x_wconf 90' lang='lat' dir='ltr'><strong>addunt,</strong></span> <span class='ocrx_word' id='word_1_928' title='bbox 2358 4726 2576 4796; x_wconf 73' lang='grc' dir='ltr'>καὶτῆς</span> <span class='ocrx_word' id='word_1_929' title='bbox 2613 4725 3076 4796; x_wconf 14' lang='grc' dir='ltr'>οὐσίαςᾲγέννημά</span> <span class='ocrx_word' id='word_1_930' title='bbox 3108 4726 3245 4790; x_wconf 78' lang='grc' dir='ltr'>ἐστι,</span> <span class='ocrx_word' id='word_1_931' title='bbox 3289 4741 3408 4795; x_wconf 67' lang='lat' dir='ltr'><strong>quae</strong></span> <span class='ocrx_word' id='word_1_932' title='bbox 3453 4737 3649 4780; x_wconf 87' lang='lat' dir='ltr'><strong>aosunt</strong></span> 
     </span>
    </p>
   </div>
   <div class='ocr_carea' id='block_1_112' title="bbox 2099 4794 2880 4863">
    <p class='ocr_par' dir='ltr' id='par_1_112' title="bbox 2099 4794 2880 4863">
     <span class='ocr_line' id='line_1_115' title="bbox 2099 4794 2880 4863; baseline -0.004 -13"><span class='ocrx_word' id='word_1_933' title='bbox 2099 4796 2167 4850; x_wconf 92' lang='lat' dir='ltr'><strong>ab</strong></span> <span class='ocrx_word' id='word_1_934' title='bbox 2202 4796 2452 4850; x_wconf 89' lang='lat' dir='ltr'><strong>omnibus</strong></span> <span class='ocrx_word' id='word_1_935' title='bbox 2480 4794 2880 4863; x_wconf 75' lang='lat' dir='ltr'><strong>manuscriptis.</strong></span> 
     </span>
    </p>
   </div>
   <div class='ocr_carea' id='block_1_113' title="bbox 2196 4863 2884 4934">
    <p class='ocr_par' dir='ltr' id='par_1_113' title="bbox 2196 4863 2884 4934">
     <span class='ocr_line' id='line_1_116' title="bbox 2196 4863 2884 4934; baseline -0.001 -17"><span class='ocrx_word' id='word_1_936' title='bbox 2196 4864 2281 4934; x_wconf 82' lang='grc'><strong>17)</strong></span> <span class='ocrx_word' id='word_1_937' title='bbox 2318 4864 2447 4934; x_wconf 69' lang='lat' dir='ltr'><strong>Reg.</strong></span> <span class='ocrx_word' id='word_1_938' title='bbox 2481 4875 2533 4918; x_wconf 91' lang='lat' dir='ltr'><strong>et</strong></span> <span class='ocrx_word' id='word_1_939' title='bbox 2561 4864 2704 4917; x_wconf 87' lang='lat' dir='ltr'><strong>Felc.</strong></span> <span class='ocrx_word' id='word_1_940' title='bbox 2734 4864 2787 4927; x_wconf 86' lang='grc'>5,</span> <span class='ocrx_word' id='word_1_941' title='bbox 2817 4863 2884 4917; x_wconf 87' lang='grc' dir='ltr'>κλ</span> 
     </span>
    </p>
   </div>
   <div class='ocr_carea' id='block_1_114' title="bbox 2194 4932 2876 5004">
    <p class='ocr_par' dir='ltr' id='par_1_114' title="bbox 2194 4932 2876 5004">
     <span class='ocr_line' id='line_1_117' title="bbox 2194 4932 2876 5004; baseline 0.001 -17"><span class='ocrx_word' id='word_1_942' title='bbox 2194 4932 2278 5002; x_wconf 81' lang='grc'>18)</span> <span class='ocrx_word' id='word_1_943' title='bbox 2309 4932 2528 5004; x_wconf 82' lang='lat' dir='ltr'><strong>Seguer.</strong></span> <span class='ocrx_word' id='word_1_944' title='bbox 2544 4934 2754 5004; x_wconf 86' lang='lat' dir='ltr'><strong>omittit</strong></span> <span class='ocrx_word' id='word_1_945' title='bbox 2775 4934 2876 4988; x_wconf 88' lang='grc' dir='ltr'>ἀεί.</span> 
     </span>
    </p>
   </div>
   <div class='ocr_carea' id='block_1_115' title="bbox 2101 4999 2850 5073">
    <p class='ocr_par' dir='ltr' id='par_1_115' title="bbox 2101 4999 2850 5073">
     <span class='ocr_line' id='line_1_118' title="bbox 2101 4999 2850 5073; baseline 0.003 -17"><span class='ocrx_word' id='word_1_946' title='bbox 2101 4999 2320 5073; x_wconf 43' lang='lat' dir='ltr'><strong>Editi&#39;et</strong></span> <span class='ocrx_word' id='word_1_947' title='bbox 2352 4999 2462 5067; x_wconf 81' lang='lat' dir='ltr'><strong>alii,</strong></span> <span class='ocrx_word' id='word_1_948' title='bbox 2490 5003 2626 5070; x_wconf 78' lang='grc' dir='ltr'>αὓτη</span> <span class='ocrx_word' id='word_1_949' title='bbox 2660 5003 2850 5073; x_wconf 82' lang='grc' dir='ltr'>τόλμα.</span> 
     </span>
    </p>
   </div>
   <div class='ocr_carea' id='block_1_116' title="bbox 2173 5072 2829 5144">
    <p class='ocr_par' dir='ltr' id='par_1_116' title="bbox 2173 5072 2829 5144">
     <span class='ocr_line' id='line_1_119' title="bbox 2173 5072 2829 5144; baseline 0.006 -4"><span class='ocrx_word' id='word_1_950' title='bbox 2319 5073 2466 5144; x_wconf 58' lang='lat' dir='ltr'><strong>de:</strong></span> <span class='ocrx_word' id='word_1_951' title='bbox 2497 5074 2550 5135; x_wconf 67' lang='grc' dir='ltr'><strong>δ’</strong></span> <span class='ocrx_word' id='word_1_952' title='bbox 2578 5072 2829 5144; x_wconf 55' lang='grc' dir='ltr'>γεννητόρ-</span> 
     </span>
    </p>
   </div>
   <div class='ocr_carea' id='block_1_117' title="bbox 2173 5141 3647 5212">
    <p class='ocr_par' dir='ltr' id='par_1_117' title="bbox 2173 5141 3647 5212">
     <span class='ocr_line' id='line_1_120' title="bbox 2173 5141 3647 5212; baseline -0.001 -16"><span class='ocrx_word' id='word_1_953' title='bbox 2173 5141 2281 5212; x_wconf 70' lang='grc'>(20)</span> <span class='ocrx_word' id='word_1_954' title='bbox 2324 5142 2414 5196; x_wconf 85' lang='lat' dir='ltr'><strong>Sic</strong></span> <span class='ocrx_word' id='word_1_955' title='bbox 2445 5141 2760 5210; x_wconf 73' lang='lat' dir='ltr'><strong>Seguerian.</strong></span> <span class='ocrx_word' id='word_1_956' title='bbox 2793 5142 2951 5212; x_wconf 82' lang='lat' dir='ltr'><strong>Beg.,</strong></span> <span class='ocrx_word' id='word_1_957' title='bbox 2979 5141 3194 5198; x_wconf 89' lang='lat' dir='ltr'><strong>Gobler.</strong></span> <span class='ocrx_word' id='word_1_958' title='bbox 3227 5152 3280 5197; x_wconf 89' lang='lat' dir='ltr'><strong>et</strong></span> <span class='ocrx_word' id='word_1_959' title='bbox 3298 5141 3463 5202; x_wconf 80' lang='lat' dir='ltr'><strong>Felc.,</strong></span> <span class='ocrx_word' id='word_1_960' title='bbox 3504 5143 3554 5199; x_wconf 83' lang='grc'>1.</span> <span class='ocrx_word' id='word_1_961' title='bbox 3589 5145 3647 5196; x_wconf 80' lang='lat' dir='ltr'><strong>in</strong></span> 
     </span>
    </p>
   </div>
   <div class='ocr_carea' id='block_1_118' title="bbox 2103 5212 3648 5283">
    <p class='ocr_par' dir='ltr' id='par_1_118' title="bbox 2103 5212 3648 5283">
     <span class='ocr_line' id='line_1_121' title="bbox 2103 5212 3648 5283; baseline 0.001 -19"><span class='ocrx_word' id='word_1_962' title='bbox 2103 5212 2221 5265; x_wconf 82' lang='lat' dir='ltr'><strong>aliis</strong></span> <span class='ocrx_word' id='word_1_963' title='bbox 2244 5223 2296 5265; x_wconf 89' lang='lat' dir='ltr'><strong>ct</strong></span> <span class='ocrx_word' id='word_1_964' title='bbox 2321 5213 2478 5266; x_wconf 90' lang='lat' dir='ltr'><strong>editis</strong></span> <span class='ocrx_word' id='word_1_965' title='bbox 2507 5213 2599 5265; x_wconf 85' lang='grc' dir='ltr'><strong>καί</strong></span> <span class='ocrx_word' id='word_1_966' title='bbox 2631 5214 2797 5283; x_wconf 85' lang='lat' dir='ltr'><strong>deest.</strong></span> <span class='ocrx_word' id='word_1_967' title='bbox 2831 5213 2947 5268; x_wconf 83' lang='lat' dir='ltr'><strong>Mox</strong></span> <span class='ocrx_word' id='word_1_968' title='bbox 2981 5212 3227 5283; x_wconf 82' lang='lat' dir='ltr'><strong>Seguer.,</strong></span> <span class='ocrx_word' id='word_1_969' title='bbox 3255 5212 3288 5283; x_wconf 86' lang='grc' dir='ltr'>ἢ</span> <span class='ocrx_word' id='word_1_970' title='bbox 3319 5213 3409 5266; x_wconf 68' lang='grc' dir='ltr'><strong>ἐπὶ</strong></span> <span class='ocrx_word' id='word_1_971' title='bbox 3445 5213 3588 5275; x_wconf 83' lang='grc' dir='ltr'>Νῶε,</span> <span class='ocrx_word' id='word_1_972' title='bbox 3615 5212 3648 5282; x_wconf 80' lang='grc' dir='ltr'>ἢ</span> 
     </span>
    </p>
   </div>
   <div class='ocr_carea' id='block_1_119' title="bbox 2103 5281 3646 5345">
    <p class='ocr_par' dir='ltr' id='par_1_119' title="bbox 2103 5281 3646 5345">
     <span class='ocr_line' id='line_1_122' title="bbox 2103 5281 3646 5345; baseline 0 -11"><span class='ocrx_word' id='word_1_973' title='bbox 2103 5283 2193 5334; x_wconf 71' lang='grc' dir='ltr'>ἐπὶ</span> <span class='ocrx_word' id='word_1_974' title='bbox 2221 5284 2515 5345; x_wconf 79' lang='grc' dir='ltr'>Μωῦσέως.</span> <span class='ocrx_word' id='word_1_975' title='bbox 2559 5281 2869 5337; x_wconf 87' lang='lat' dir='ltr'><strong>Goblerian.</strong></span> <span class='ocrx_word' id='word_1_976' title='bbox 2896 5292 2950 5337; x_wconf 92' lang='lat' dir='ltr'><strong>et</strong></span> <span class='ocrx_word' id='word_1_977' title='bbox 2979 5281 3120 5339; x_wconf 41' lang='lat' dir='ltr'><strong>Fel&#39;c.</strong></span> <span class='ocrx_word' id='word_1_978' title='bbox 3154 5285 3203 5344; x_wconf 91' lang='grc'>1,</span> <span class='ocrx_word' id='word_1_979' title='bbox 3246 5281 3341 5336; x_wconf 72' lang='grc' dir='ltr'>καὶ</span> <span class='ocrx_word' id='word_1_980' title='bbox 3381 5283 3472 5336; x_wconf 79' lang='grc' dir='ltr'><strong>ἐπὶ</strong></span> <span class='ocrx_word' id='word_1_981' title='bbox 3504 5281 3646 5341; x_wconf 73' lang='grc' dir='ltr'>Νῶε,</span> 
     </span>
    </p>
   </div>
   <div class='ocr_carea' id='block_1_120' title="bbox 2098 5350 3654 5436">
    <p class='ocr_par' dir='ltr' id='par_1_120' title="bbox 2098 5350 3654 5436">
     <span class='ocr_line' id='line_1_123' title="bbox 2098 5350 3654 5436; baseline 0.002 -34"><span class='ocrx_word' id='word_1_982' title='bbox 2098 5351 2258 5436; x_wconf 43' lang='grc' dir='ltr'><strong>ἢβπὶ</strong></span> <span class='ocrx_word' id='word_1_983' title='bbox 2303 5351 2596 5415; x_wconf 82' lang='grc' dir='ltr'><strong>Μωῦσέως.</strong></span> <span class='ocrx_word' id='word_1_984' title='bbox 2625 5350 2788 5418; x_wconf 87' lang='lat' dir='ltr'><strong>Editi,</strong></span> <span class='ocrx_word' id='word_1_985' title='bbox 2827 5352 2920 5406; x_wconf 82' lang='grc' dir='ltr'><strong>καὶ</strong></span> <span class='ocrx_word' id='word_1_986' title='bbox 2954 5354 3046 5406; x_wconf 76' lang='grc' dir='ltr'>ἐπὶ</span> <span class='ocrx_word' id='word_1_987' title='bbox 3098 5351 3220 5408; x_wconf 85' lang='grc' dir='ltr'>Νῶε</span> <span class='ocrx_word' id='word_1_988' title='bbox 3266 5352 3357 5405; x_wconf 84' lang='grc' dir='ltr'><strong>ἐπί</strong></span> <span class='ocrx_word' id='word_1_989' title='bbox 3384 5370 3443 5410; x_wconf 78' lang='grc' dir='ltr'><strong>τε</strong></span> <span class='ocrx_word' id='word_1_990' title='bbox 3491 5352 3654 5408; x_wconf 75' lang='grc' dir='ltr'><strong>Μωῦσ-</strong></span> 
     </span>
    </p>
   </div>
   <div class='ocr_carea' id='block_1_121' title="bbox 2101 5438 2254 5484">
    <p class='ocr_par' dir='ltr' id='par_1_121' title="bbox 2101 5438 2254 5484">
     <span class='ocr_line' id='line_1_124' title="bbox 2101 5438 2254 5484; baseline 0.007 -11"><span class='ocrx_word' id='word_1_991' title='bbox 2101 5438 2254 5484; x_wconf 87' lang='grc' dir='ltr'>σεως.</span> 
     </span>
    </p>
   </div>
   <div class='ocr_carea' id='block_1_122' title="bbox 2169 5489 2918 5562">
    <p class='ocr_par' dir='ltr' id='par_1_122' title="bbox 2169 5489 2918 5562">
     <span class='ocr_line' id='line_1_125' title="bbox 2169 5489 2918 5562; baseline 0 -18"><span class='ocrx_word' id='word_1_992' title='bbox 2169 5491 2280 5562; x_wconf 61' lang='grc'>(21)</span> <span class='ocrx_word' id='word_1_993' title='bbox 2311 5489 2466 5562; x_wconf 86' lang='lat' dir='ltr'><strong>_Felc.</strong></span> <span class='ocrx_word' id='word_1_994' title='bbox 2497 5489 2549 5557; x_wconf 81' lang='grc'><strong>5,</strong></span> <span class='ocrx_word' id='word_1_995' title='bbox 2574 5490 2644 5562; x_wconf 78' lang='grc' dir='ltr'>τὰ</span> <span class='ocrx_word' id='word_1_996' title='bbox 2666 5491 2918 5562; x_wconf 56' lang='grc' dir='ltr'>γεννητὼ</span> 
     </span>
    </p>
   </div>
   <div class='ocr_carea' id='block_1_123' title="bbox 2174 5557 3648 5630">
    <p class='ocr_par' dir='ltr' id='par_1_123' title="bbox 2174 5557 3648 5630">
     <span class='ocr_line' id='line_1_126' title="bbox 2174 5557 3648 5630; baseline -0.001 -18"><span class='ocrx_word' id='word_1_997' title='bbox 2174 5557 2546 5630; x_wconf 65' lang='lat' dir='ltr'><strong>(2&#39;2)Seguer.,</strong></span> <span class='ocrx_word' id='word_1_998' title='bbox 2581 5557 2888 5616; x_wconf 52' lang='lat' dir='ltr'><strong>Goblcrfet</strong></span> <span class='ocrx_word' id='word_1_999' title='bbox 2914 5559 3057 5616; x_wconf 83' lang='lat' dir='ltr'><strong>Felc.</strong></span> <span class='ocrx_word' id='word_1_1000' title='bbox 3084 5560 3138 5621; x_wconf 87' lang='lat' dir='ltr'><strong>.l.</strong></span> <span class='ocrx_word' id='word_1_1001' title='bbox 3171 5560 3281 5614; x_wconf 82' lang='grc' dir='ltr'>ἀλλ’</span> <span class='ocrx_word' id='word_1_1002' title='bbox 3307 5560 3493 5630; x_wconf 75' lang='grc' dir='ltr'>ἀΐδιος.</span> <span class='ocrx_word' id='word_1_1003' title='bbox 3528 5557 3648 5630; x_wconf 59' lang='lat' dir='ltr'><strong>Mox</strong></span> 
     </span>
    </p>
   </div>
   <div class='ocr_carea' id='block_1_124' title="bbox 2103 5578 3651 5711">
    <p class='ocr_par' dir='ltr' id='par_1_124' title="bbox 2103 5578 3651 5711">
     <span class='ocr_line' id='line_1_127' title="bbox 2103 5578 3648 5686; baseline -0.002 -72"><span class='ocrx_word' id='word_1_1004' title='bbox 2103 5630 2135 5641; x_wconf 55' lang='grc' dir='ltr'>η</span> <span class='ocrx_word' id='word_1_1005' title='bbox 2174 5578 2546 5686; x_wconf 49' lang='grc' dir='ltr'><strong>εζηδεῗῖετη</strong></span> <span class='ocrx_word' id='word_1_1006' title='bbox 2581 5578 2799 5616; x_wconf 69' lang='grc' dir='ltr'>ιιουιον.</span> <span class='ocrx_word' id='word_1_1007' title='bbox 2833 5578 2888 5616; x_wconf 84' lang='lat' dir='ltr'><strong>et</strong></span> <span class='ocrx_word' id='word_1_1008' title='bbox 2914 5578 3057 5616; x_wconf 77' lang='lat' dir='ltr'><strong>relc.</strong></span> <span class='ocrx_word' id='word_1_1009' title='bbox 3084 5578 3138 5621; x_wconf 83' lang='lat' dir='ltr'><strong>.l,</strong></span> <span class='ocrx_word' id='word_1_1010' title='bbox 3171 5578 3280 5614; x_wconf 62' lang='grc' dir='ltr'>αλκ</span> <span class='ocrx_word' id='word_1_1011' title='bbox 3307 5578 3493 5622; x_wconf 83' lang='grc' dir='ltr'>αιοιος.</span> <span class='ocrx_word' id='word_1_1012' title='bbox 3528 5578 3648 5613; x_wconf 78' lang='lat' dir='ltr'><strong>mox</strong></span> 
     </span>
     <span class='ocr_line' id='line_1_128' title="bbox 2103 5626 3651 5711; baseline -0.001 -28"><span class='ocrx_word' id='word_1_1013' title='bbox 2103 5631 2262 5711; x_wconf 65' lang='lat' dir='ltr'><strong>tldem</strong></span> <span class='ocrx_word' id='word_1_1014' title='bbox 2299 5642 2352 5711; x_wconf 63' lang='lat' dir='ltr'><strong>et</strong></span> <span class='ocrx_word' id='word_1_1015' title='bbox 2429 5633 2593 5711; x_wconf 54' lang='lat' dir='ltr'><strong>fusili&quot;</strong></span> <span class='ocrx_word' id='word_1_1016' title='bbox 2633 5633 2843 5711; x_wconf 51' lang='lat' dir='ltr'><strong>Anglic:</strong></span> <span class='ocrx_word' id='word_1_1017' title='bbox 2867 5641 2920 5711; x_wconf 77' lang='lat' dir='ltr'><strong>et</strong></span> <span class='ocrx_word' id='word_1_1018' title='bbox 2952 5631 3094 5711; x_wconf 54' lang='lat' dir='ltr'><strong>Felc.</strong></span> <span class='ocrx_word' id='word_1_1019' title='bbox 3120 5630 3172 5694; x_wconf 79' lang='grc'><strong>5,</strong></span> <span class='ocrx_word' id='word_1_1020' title='bbox 3210 5630 3301 5686; x_wconf 80' lang='grc' dir='ltr'><strong>τοῦ</strong></span> <span class='ocrx_word' id='word_1_1021' title='bbox 3333 5629 3537 5700; x_wconf 80' lang='grc' dir='ltr'>Πατρὸς</span> <span class='ocrx_word' id='word_1_1022' title='bbox 3563 5626 3651 5684; x_wconf 81' lang='grc' dir='ltr'>ἀεί</span> 
     </span>
    </p>
   </div>
   <div class='ocr_carea' id='block_1_125' title="bbox 2100 5700 3208 5760">
    <p class='ocr_par' dir='ltr' id='par_1_125' title="bbox 2100 5700 3208 5760">
     <span class='ocr_line' id='line_1_129' title="bbox 2100 5700 3208 5760; baseline 0.004 -8"><span class='ocrx_word' id='word_1_1023' title='bbox 2100 5701 2264 5754; x_wconf 69' lang='grc' dir='ltr'>ἐστιν.</span> <span class='ocrx_word' id='word_1_1024' title='bbox 2302 5700 2360 5755; x_wconf 83' lang='grc' dir='ltr'>ιιι</span> <span class='ocrx_word' id='word_1_1025' title='bbox 2394 5701 2513 5760; x_wconf 86' lang='lat' dir='ltr'><strong>aliis</strong></span> <span class='ocrx_word' id='word_1_1026' title='bbox 2537 5712 2591 5759; x_wconf 86' lang='lat' dir='ltr'><strong>et</strong></span> <span class='ocrx_word' id='word_1_1027' title='bbox 2622 5700 2780 5760; x_wconf 83' lang='lat' dir='ltr'><strong>editis</strong></span> <span class='ocrx_word' id='word_1_1028' title='bbox 2808 5701 2893 5755; x_wconf 76' lang='lat' dir='ltr'><strong>dei</strong></span> <span class='ocrx_word' id='word_1_1029' title='bbox 2921 5701 3208 5757; x_wconf 85' lang='lat' dir='ltr'><strong>omittitur.</strong></span> 
     </span>
    </p>
   </div>
   <div class='ocr_carea' id='block_1_126' title="bbox 2887 4865 3650 5005">
    <p class='ocr_par' dir='ltr' id='par_1_126' title="bbox 2887 4865 3650 5005">
     <span class='ocr_line' id='line_1_130' title="bbox 2887 4865 3650 5005; baseline 0 -17"><span class='ocrx_word' id='word_1_1030' title='bbox 2887 4865 3215 4998; x_wconf 46' lang='lat' dir='ltr'><strong>Tigipidem,</strong></span> <span class='ocrx_word' id='word_1_1031' title='bbox 3239 4933 3374 5005; x_wconf 76' lang='grc' dir='ltr'>αὕτη</span> <span class='ocrx_word' id='word_1_1032' title='bbox 3399 4935 3432 5005; x_wconf 77' lang='grc' dir='ltr'>ἡ</span> <span class='ocrx_word' id='word_1_1033' title='bbox 3458 4933 3650 5004; x_wconf 86' lang='grc' dir='ltr'>τόλμα.</span> 
     </span>
    </p>
   </div>
  </div>
