3972 6224
328 350 374 403 15
1451 348 1705 405 ORATIO
1742 351 1761 403 I
1792 352 2068 406 CONTRA
2104 353 2420 408 ARIANOS.
3466 366 3532 418 71

329 468 413 522 κᾶν
440 470 663 540 μηδέπω
689 472 911 545 ὑπάρχῃ
943 471 1077 541 (25),
1126 470 1225 523 οὐκ
1260 470 1471 524 ἐλαττοῖ
1500 472 1588 524 τὸν
1623 474 1869 544 ποιητήν·

1977 474 2176 541 prium,
2210 472 2352 541 quod
2383 471 2520 526 idem
2548 480 2603 525 et
2627 469 2862 527 Verbum
2897 480 2951 526 et
2989 472 3261 542 Sapientia
3289 474 3405 544 ejus
3433 490 3534 529 est.

327 564 421 633 εχει
451 563 557 634 γὰρ
589 563 650 616 τὸ
680 563 937 617 δύνασθαι
968 564 1336 634 δημιουργεῖν,
1393 565 1479 617 ὅτε
1521 564 1783 634 βούλεται·
1818 566 1878 617 τὸ

321 656 369 709 δὲ
393 656 652 728 γέννημα,
688 656 783 709 ὲάν
816 657 888 727 μὴ
917 656 1000 709 ἀεὶ⁵
1047 658 1178 725 συνῇ
1213 654 1342 725 ,(24)
1372 656 1449 727 τῷ
1499 657 1689 727 Πατρὶ,
1725 658 1877 711 ἐλάτ-

324 764 460 817 τωμα
478 746 578 816 τῆς
599 747 932 817 τελειότητος
953 746 1054 815 τῆς
1095 746 1282 810 οὐσίας
1328 747 1487 799 αὐτοῦ
1528 749 1690 801 ἐστιν.
1718 749 1878 802 Ὅθεν

326 839 379 892 τὰ
414 840 509 909 μὲν
533 838 829 908 ποιήματα,
866 839 953 891 ὅτε
1006 836 1289 909 ἠθέλησεν,
1346 838 1748 910 ὲδημιουργήθη
1781 839 1867 893 διά

324 930 398 982 τοῦ
420 930 593 996 Λόγου
618 929 781 982 αὐτοῦ
816 929 950 999 (25)·
979 932 1007 982 ό
1038 930 1093 982 δὲ
1127 930 1255 993 Υἱός
1287 930 1374 983 ἀεί
1410 932 1555 983 ἐστιν
1595 931 1723 983 τδιον
1758 932 1879 999 γέν-

322 1038 449 1090 νημα
480 1019 578 1089 τῆς
616 1020 707 1075 τοῦ
739 1020 947 1092 Πατρὺς
976 1020 1179 1083 οὐσίας.

384 1198 464 1254 30.
505 1198 689 1253 Ταῦτα
726 1200 853 1263 τοὺς
889 1199 986 1270 μὲν
1034 1201 1255 1263 πιστοὺς
1311 1200 1607 1272 εὐφραίνει,
1657 1202 1781 1265 τοὺς
1821 1202 1876 1255 δὲ

324 1292 613 1362 ιίρετικούς
641 1290 799 1343 λυπεῖ
830 1289 1123 1360 βλέποντας
1149 1292 1545 1362 ἀναιρουμένην
1574 1291 1751 1345 αὐτῶν
1776 1293 1874 1363 τὴν

323 1386 527 1455 αἵρεσιν·
560 1383 653 1436 καὶ
710 1383 818 1453 γάρ
846 1384 1071 1453 κάκείνη
1114 1384 1275 1437 πάλιν
1306 1384 1484 1437 αὐτῶν
1529 1388 1561 1455 ἡ
1612 1384 1877 1456 ἐρώτησις

322 1476 367 1525 ὲν
392 1472 465 1543 τῷ
503 1471 699 1541 λέγειν,
734 1473 790 1525 ἒν
814 1474 874 1526 τὸ
905 1474 1273 1545 ἀγέννητον,ἢ
1303 1474 1431 1540 δύο;
1471 1477 1570 1529 οὐκ
1600 1476 1762 1546 ὀρθὴν
1783 1474 1876 1529 αὐ-

322 1566 413 1619 τῶν
463 1565 699 1619 δείκνυσι
754 1566 851 1635 τὴν
900 1566 1171 1633 διάνοιαν,
1226 1568 1339 1621 ἀλλ’
1380 1568 1617 1622 ὕποπτον
1665 1570 1757 1622 καί¹
1788 1569 1875 1621 δό-

319 1662 396 1709 λου
427 1658 647 1728 μεστήν.
674 1656 751 1712 Οὐ
774 1658 881 1730 γὰρ
903 1659 995 1711 ἐπὶ
1021 1661 1152 1729 τιμῇ
1180 1658 1274 1713 τοῦ
1307 1660 1517 1730 [ἰατρὸς
1542 1659 1712 1724 οὕτως
1744 1661 1878 1731 ὲρω-

320 1747 485 1809 τῶσιν,
548 1749 661 1802 ἀλλ’
700 1750 793 1803 ἐπὶ
829 1749 1020 1820 ἀτιμία
1065 1750 1159 1802 τοῦ
1232 1750 1424 1818 Λόγου.
1458 1753 1554 1803 Ἂν
1598 1749 1726 1819 γοῦν
1774 1768 1873 1815 τις,

1978 565 2245 619 Cancrum
2276 580 2362 620 res
2405 574 2620 632 creatze,
2648 566 2771 619 licet
2804 565 3043 619 nondum
3077 567 3369 633 exsistant,
3401 569 3536 623 nihil

1980 668 2156 712 tamen
2191 673 2289 712 suo
2317 658 2607 713 detrahunt
2636 657 2892 723 eﬂ‘ectori,
2920 674 3040 712 cum
3067 674 3160 713 eas
3188 674 3285 729 pro
3318 675 3416 715 sua
3442 676 3513 715 vo

1979 746 2186 800 Iuntate
2229 748 2401 817 possit
2433 748 2731 816 producere
2762 766 2776 802 :
2826 758 2881 801 at
2911 748 3055 803 fetus
3089 747 3193 802 nisi
3224 763 3435 818 semper
3463 749 3536 803 si-

1981 838 2091 891 mul
2125 838 2196 891 sit
2224 853 2347 892 cum
2387 837 2565 903 Patre,
2598 838 2945 909 perfectionis
2966 840 3086 908 ejus
3116 848 3323 893 naturae
3348 857 3537 909 seque-

1980 939 2128 985 retur
2164 931 2489 985 imminutio.
2518 930 2654 987 Hinc
2688 947 2849 1001 opera
2883 934 3101 1003 quidem
3122 975 3137 1000 ,
3174 949 3296 988 cum
3324 934 3534 996 voluit,

1979 1039 2073 1092 per
2111 1038 2268 1077 suum
2314 1025 2567 1093 produxit
2617 1022 2895 1080 Verbum:
2950 1024 3124 1081 Filius
3161 1040 3291 1081 vero
3326 1024 3536 1097 semper

1977 1122 2063 1167 est
2104 1114 2358 1182 proprius
2395 1123 2602 1169 natura;
2638 1114 2799 1170 fetus.

2050 1204 2139 1258 50.
2177 1203 2239 1258 Et
2283 1205 2397 1259 Iiaac
2426 1206 2642 1275 quidem
2686 1206 2933 1263 fidelibus
2977 1209 3215 1264 laetitiam
3242 1250 3257 1276 ,
3293 1210 3535 1265 dolorem

1980 1296 2199 1365 pariunt
2252 1296 2543 1364 hmreticis,
2594 1298 2793 1368 quippe
2824 1300 2918 1369 qui
2959 1310 3284 1370 prostratam
3321 1303 3536 1372 penitus

1979 1404 2133 1442 suam
2176 1388 2396 1443 videant
2442 1389 2710 1445 haeresim.
2740 1389 2872 1445 Nam
2902 1392 3007 1447 alia
3042 1393 3156 1449 hate
3202 1393 3415 1448 illorum
3456 1396 3535 1450 in-

1979 1479 2290 1549 terrogatio,
2324 1494 2395 1533 an
2432 1495 2599 1534 unum
2627 1481 2699 1536 sit
2729 1497 2834 1536 non
2866 1480 3070 1537 factum
3102 1486 3185 1538 vel
3214 1486 3345 1548 duo,
3373 1500 3537 1555 argu-

1979 1580 2162 1626 mento
2204 1580 2285 1626 est
2340 1587 2448 1626 non
2488 1584 2690 1629 rectam
2740 1590 2861 1629 esse
2897 1573 3110 1630 illorum
3150 1588 3407 1641 mentem,
3442 1579 3536 1633 sed

1978 1670 2281 1731 suspectam
2304 1677 2425 1718 esse
2452 1673 2509 1719 et
2532 1664 2656 1720 dolo
2685 1665 2917 1735 plenam.
2948 1666 3064 1721 Non
3095 1668 3239 1722 enim
3272 1670 3334 1722 ad
3365 1668 3538 1725 Patris

1980 1750 2268 1816 honorem,
2303 1752 2396 1807 sed
2445 1754 2509 1807 ad
2543 1752 2703 1808 Verbi
2736 1756 2970 1811 dedecus
3016 1758 3118 1812 ista
3167 1757 3534 1813 sciscitantur.

316 1838 511 1906 ἀγνοῶν
537 1840 635 1911 τὴν
671 1841 1003 1913 πανουργίαν
1056 1841 1270 1905 αὐτῶν,
1315 1842 1695 1913 ἀποκρίνηται,
1730 1842 1788 1895 ἓν
1816 1842 1871 1896 τὸ

1980 1843 2162 1915 Itaque
2204 1845 2251 1901 si
2291 1846 2417 1917 quis
2446 1847 2661 1901 illorum
2689 1848 2904 1903 artiﬁcii
2964 1850 3183 1920 ignarus
3219 1866 3385 1904 unum
3417 1866 3536 1905 esse

316 1930 563 2000 ἀγένητον
598 1931 729 2003 (26),
767 1933 929 1996 εὐθὺς
955 1932 1045 1986 τὸν
1073 1934 1281 1986 ὲαυτῶν
1311 1933 1386 1987 ἱὸν
1416 1933 1668 2005 ἑξεμοῦσι
1698 1935 1881 2004 λέγον-

320 2040 413 2085 τες·
436 2024 643 2077 Οὐκοῦν
662 2026 690 2077 ὁ
722 2025 847 2089 Υἱὸς
865 2024 973 2078 τῶν
1020 2026 1262 2098 γενητῶν
1294 2028 1442 2090 ἐστι,
1476 2026 1569 2080 καὶ
1601 2026 1780 2091 καλῶς
1804 2029 1879 2079 εἱ-

314 2117 573 2187 ρὴκαμεν,
630 2118 742 2170 Οὐκ
777 2112 877 2188 ἦν,
930 2118 1058 2189 πρὶν
1102 2118 1357 2189 γεννηθῇ.
1409 2120 1593 2173 Πάντα
1637 2119 1746 2191 γάρ
1776 2137 1878 2188 φυ-

315 2212 440 2282 ρῶσι
475 2212 588 2282 (27)
641 2213 736 2265 καὶ
786 2211 1048 2275 κυκῶσιν,
1080 2213 1167 2267 ἵνα
1200 2215 1356 2284 μόνον
1410 2213 1739 2285 διαστήσωσι
1787 2214 1878 2266 τὸν

312 2304 473 2372 Λόγον
526 2304 634 2357 ἀπὸ
693 2302 787 2357 τοῦ
838 2304 1049 2375 Πατρὺς
1110 2306 1204 2357 καὶ
1251 2305 1342 2357 τὸν
1386 2305 1713 2376 δημιουργὸν
1768 2306 1878 2358 τῶν

312 2395 437 2448 ὅλων
468 2395 579 2467 (28)
607 2398 718 2459 τοῖς
751 2397 1016 2467 ποιήμασι
1043 2394 1501 2467 συναριθμήσωσι.
1529 2396 1748 2467 Πρῶτον
1781 2396 1878 2467 μὲν

311 2482 393 2540 οὖν
415 2488 507 2540 καὶ
558 2487 698 2540 κατὰ
750 2487 908 2540 τοῦτο
959 2486 1354 2556 καταγνώσειὶκ
1410 2489 1546 2540 εἰσιν
1603 2487 1760 2553 άξιοι,
1794 2488 1874 2540 ὅτι

314 2579 640 2651 μεμφόμενοι
678 2582 790 2643 τοῖς
823 2583 879 2633 ὲν
926 2580 1126 2650 Νικαίᾳ
1184 2579 1523 2633 συνελθοῦσιν
1562 2573 1877 2643 ἐπισκόποις

308 2670 377 2734 ὡς
398 2671 666 2741 ἀγράφοις
693 2672 1054 2744 χρησαμένοις
1106 2671 1302 2735 λέξεσι,
1333 2670 1509 2724 καίτοι
1546 2672 1618 2742 μὴ
1674 2671 1877 2743 δυσφή-

312 2779 451 2833 μοις,
485 2762 598 2816 ἀλλ’
629 2765 715 2815 ἐπ’
744 2763 1017 2835 ἀναιρέσει
1047 2762 1147 2832 τῆς
1189 2760 1440 2825 ἀσεϐείας
1490 2762 1668 2815 αὐτῶν
1693 2763 1877 2833 κειμέ-

308 2872 421 2918 ναις
454 2854 589 2926 (29),
642 2856 1019 2927 ηὐτομόλησαν
1049 2857 1128 2918 είς
1158 2853 1256 2925 τὴν
1296 2853 1466 2927 αὐτὴν
1510 2855 1685 2909 αἰτίαν
1722 2856 1873 2909 αὐτοὶ

312 2944 366 3008 ἐξ
396 2944 660 3014 ἀγράφων
687 2945 1065 3017 φθεγγόμενοι,
1101 2945 1195 2998 καὶ
1244 2945 1579 3010 ἐπινοοῦντες
1611 2946 1875 3019 λοιδορίας

309 3037 444 3091 κατά
469 3039 562 3092 τοῦ
594 3038 820 3109 Κυρίου,
847 3038 920 3110 μὴ
958 3036 1337 3106 γινώσκοντες,
1372 3037 1511 3109 μήτε
1561 3038 1598 3092 ἃ
1633 3038 1871 3108 λέγουσι,

308 3133 442 3203 μήτε
502 3131 633 3201 περὶ
681 3130 841 3183 τίνων
899 3129 1347 3183 διαϐεϐαιοῦνται.
1420 3130 1873 3201 Ἑρωτησάτωσαν

1985 1952 2092 1990 non
2126 1935 2325 1993 factum
2359 1938 2720 2009 responderit,
2751 1942 2931 1996 statim
2962 1958 3123 1998 suum
3158 1958 3424 1998 venenum
3453 1944 3537 2000 bis

1980 2030 2160 2086 verbis
2210 2030 2530 2086 effundunt:
2574 2030 2714 2103 Ergo
2759 2032 2930 2091 Filius
2976 2049 3007 2089 e
3049 2035 3212 2090 rebus
3247 2036 3406 2092 factis
3433 2045 3535 2098 est.

1984 2129 2233 2191 recteque
2262 2121 2641 2177 contendimus
2672 2138 2781 2178 non
2811 2123 2983 2180 fuisse
3020 2132 3307 2196 antequam
3342 2143 3533 2181 nasce-

1980 2222 2147 2266 retur.
2184 2211 2379 2268 Omnia
2428 2215 2573 2269 cnim
2605 2217 2931 2271 conturbant
2959 2226 3011 2272 et
3046 2218 3293 2283 miscent,
3326 2233 3392 2273 co
3420 2226 3537 2272 tan-

1978 2313 2091 2359 tum
2120 2306 2304 2360 animo
2345 2315 2404 2361 ut
2432 2305 2669 2361 Verbum
2699 2307 3011 2380 disjungant
3041 2325 3069 2364 a
3100 2309 3260 2364 Patre
3283 2351 3298 2377 ,
3330 2318 3383 2365 et
3421 2325 3537 2364 om-

1978 2395 2131 2449 nium
2202 2394 2450 2465 opitIcem
2518 2396 2657 2450 inter
2701 2411 2862 2466 opera
2916 2406 3218 2452 numerent.
3269 2396 3411 2453 Sane
3461 2394 3537 2453 illi

1976 2488 2139 2540 etiam
2188 2486 2390 2542 idcirco
2416 2487 2767 2541 damnatione
2799 2488 2945 2558 digni
2988 2487 3211 2553 fuerint,
3235 2490 3379 2559 quod
3409 2505 3531 2543 cum

1976 2578 2246 2650 episcopis
2266 2579 2461 2635 Nicaea:
2488 2578 2825 2649 congregatis
2861 2580 3076 2635 crimini
3102 2580 3231 2635 dent
3260 2582 3536 2635 vocabulis

1976 2684 2083 2722 non
2135 2668 2350 2738 scriptis
2394 2683 2524 2723 usos
2575 2684 2735 2736 esse,
2777 2670 2991 2723 tametsi
3040 2685 3146 2723 non
3198 2668 3396 2740 impiis,
3444 2672 3535 2724 sed

1977 2761 2156 2831 potius
2181 2761 2246 2817 ad
2277 2761 2490 2816 illorum
2521 2762 2847 2832 impietatem
2871 2762 3214 2817 evertendam
3256 2762 3536 2827 aptissime

1975 2854 2186 2924 positis,
2211 2855 2311 2925 ipsi
2342 2869 2441 2911 sua
2470 2864 2664 2927 sponte
2701 2855 2942 2911 eamdem
2978 2870 3084 2910 non
3116 2855 3361 2911 dubitent
3407 2854 3535 2911 subo

1975 2944 2055 2999 ire
2095 2945 2552 3011 criminationem,
2582 2946 2709 3001 dum
2762 2962 2923 3003 voces
2964 2962 3071 3002 non
3101 2949 3332 3016 scriptas
3374 2962 3534 3001 usur-

1977 3041 2129 3103 pant,
2158 3034 2511 3106 conviciaque
2553 3036 2862 3107 excogitant
2914 3035 3179 3092 adversus
3218 3035 3531 3099 Dominum,

1977 3140 2078 3181 nec
2105 3141 2167 3181 ea
2196 3135 2532 3197 cognoscunt
2562 3141 2684 3199 quae
2733 3126 2834 3197 ipsi
2879 3128 3067 3183 dicunt
3094 3136 3149 3183 et
3197 3137 3529 3183 asseverant.

304 3223 432 3291 γοῦν
460 3224 747 3294 Ἕλληνας,
779 3225 907 3293 παρ’
939 3216 1013 3275 ὦν
1064 3223 1318 3295 ἥκουσαν
1349 3223 1411 3277 οὐ
1453 3223 1562 3297 γάρ
1601 3224 1709 3278 τῶν
1735 3225 1871 3298 Γρα-

1975 3217 2307 3289 lnterrogent
2334 3220 2514 3290 itaque
2541 3221 2785 3291 gentiles,
2818 3235 2850 3274 a
2881 3220 3079 3289 quibus
3108 3219 3414 3289 hujusmodi
3447 3220 3533 3273 di-

304 3315 437 3383 φῶν,
468 3315 583 3369 ἀλλ’
608 3315 830 3369 ἐκείνων
858 3316 1002 3369 ἐστὶν
1027 3314 1235 3388 εὕρεμα
1260 3316 1393 3387 (50)·
1432 3318 1517 3371 ἵνα
1548 3317 1871 3384 ἀκούσαντες

1978 3310 2158 3367 dicere
2186 3310 2473 3366 dictionem
2523 3314 2647 3382 (nec
2684 3312 2827 3367 enim
2870 3312 3294 3382 Scripturarnm,
3336 3310 3431 3367 sed
3464 3312 3530 3364 il—

303 3408 445 3460 πόσα
478 3407 853 3478 σημαινόμενα
900 3408 932 3478 ἡ
965 3407 1106 3472 λέξις
1148 3407 1282 3478 ἔχει.
1315 3408 1574 3479 μάθωσιν,
1611 3411 1692 3463 ὅτι
1730 3411 1871 3473 οὐδὲ,

304 3499 429 3569 περὶ
452 3492 529 3552 ῶν
568 3497 818 3566 λέγουσιν
866 3498 1001 3569 (51),
1052 3499 1366 3553 ἐπίστανται
1412 3500 1592 3564 καλῶς
1640 3503 1869 3573 ἐρωτᾷν.

301 3590 471 3660 Κάγὼ
503 3592 614 3663 γὰρ
639 3591 705 3644 δι’
730 3592 926 3651 αὐτοὺς
962 3592 1240 3665 ἐπυθόμην
1260 3592 1509 3663 λέγεσθαι
1530 3594 1789 3664 ἀγένητον
1813 3595 1873 3647 τδ

306 3682 528 3751 μηδέπω
562 3681 659 3751 μὲν
691 3682 999 3754 γενόμενον,
1029 3683 1323 3754 δυνάμενον
1374 3684 1429 3737 δὲ
1474 3684 1745 3752 γενέσθαι,
1797 3686 1872 3748 ὡς

300 3771 361 3825 τὺ
389 3770 545 3837 ξύλον
573 3772 636 3825 τὸ
661 3772 827 3842 μήπω
862 3773 959 3843 μὲν
982 3776 1289 3845 γενόμενον,
1319 3774 1610 3846 δυνάμενον
1636 3776 1692 3829 δὲ
1720 3777 1874 3844 γενέ-

302 3862 424 3917 σθαι
451 3863 680 3933 σκάφος.
715 3864 824 3918 Καὶ
856 3860 1011 3928 αὖθις
1055 3865 1316 3936 ἀγένητον
1378 3865 1630 3934 λέγεσθαι
1656 3866 1765 3937 (52)
1818 3867 1877 3921 τὸ

305 3957 439 4026 μήτε
466 3955 777 4025 γενόμενον,
818 3958 955 4027 μήτε
980 3956 1273 4028 δυνάμενον
1318 3956 1572 4026 γενέσθαι
1617 3958 1766 4021 ποτὲ,
1800 3958 1876 4021 ὼς

301 4044 362 4098 τὸ
389 4045 652 4116 τρίγωνον
682 4046 1040 4117 τετράγωνον,
1075 4050 1170 4102 καὶ
1195 4051 1223 4102 ὁ
1280 4049 1465 4119 ἄρτιος
1495 4049 1726 4120 ἀριθμὸς
1764 4050 1873 4119 (55)

301 4132 573 4202 περιττός.
599 4131 735 4187 Οὗτε
778 4136 886 4204 γάρ
915 4135 976 4188 τὸ
1012 4136 1271 4207 τρίγωνον
1294 4137 1482 4206 γέγονέ
1516 4155 1645 4191 ποτε
1678 4139 1872 4210 τετρά-

301 4240 492 4293 γωνον,
527 4222 649 4277 οὐτε
682 4224 878 4293 γένοιτ’
897 4226 960 4279 ἄν
1012 4245 1163 4280 ποτε*
1197 4229 1310 4281 ἀλλ’
1339 4227 1461 4282 οὔτε
1512 4231 1540 4282 ὁ
1572 4230 1751 4300 ἄρτιος
1781 4231 1871 4298 γέ-

298 4316 423 4383 γονέ
448 4333 579 4369 ποτε
604 4316 875 4386 περιττὸς,
908 4318 1030 4372 οὐτε
1084 4320 1279 4389 γένοιτ’
1313 4322 1377 4375 ἀν
1430 4338 1559 4374 ποτε
1594 4323 1862 4393 περιττός.

302 4407 608 4475 Λέγεταιᾶ
637 4408 795 4463 πάλιν
824 4410 1086 4481 ἀγένητον
1136 4411 1244 4483 (54)
1284 4412 1345 4466 τὸ
1368 4413 1607 4484 ὑπάρχον
1634 4413 1752 4483 μὲν,
1789 4414 1863 4483 μὴ

373 4608 483 4693 (2?)
522 4608 616 4693 §i°
643 4608 869 4693 ἓθευετ-
897 4620 951 4693 st,
979 4611 1111 4693 “es:
1160 4609 1297 4693 mni
1330 4626 1479 4693 γετου
1498 4612 1765 4693 ,ὑπάρχειτ

644 4678 867 4762 Seguer.
889 4678 1313 4762 A-tedi'tiet-alii,
1336 4682 1525 4762 tavit?)
1552 4678 1717 4762 συνῆν
1751 4683 1855 4762 ἀεί.

369 4748 484 4828 (25)
524 4749 619 4804 Sic
653 4748 880 4821 Seguer.
914 4752 984 4806 At
1023 4753 1092 4807 ab
1126 4752 1249 4808 aliis
1288 4762 1341 4808 et
1377 4748 1538 4807 editis
1570 4748 1725 4808 abest
1761 4754 1846 4806 αὐ-

298 4833 482 4959 τοῖέϐ)
514 4885 615 4963 Sic
643 4887 825 4945 Basili.
856 4897 911 4945 et
941 4892 1151 4963 Anglic.
1193 4891 1276 4963 At;
1294 4892 1383 4947 alii
1423 4902 1478 4947 et
1515 4891 1667 4963 editi,
1702 4890 1861 4961 ἀγέν-

295 4956 475 5033 νητον.
514 4956 647 5033 Vide
676 4976 818 5033 qua);
839 4976 1004 5033 supra
1031 4956 1167 5033 pag.
1215 4960 1338 5027 165,
1374 4978 1529 5033 num.
1562 4962 1615 5026 7,
1650 4956 1760 5033 bac
1795 4964 1863 5017 de

293 5043 360 5169 εξ
383 5029 763 5151 dissggimus.
787 5028 955 5089 Paulo
982 5028 1275 5104 post'Felc.
1306 5034 1362 5099 5,
1392 5035 1422 5087 ὁ
1451 5032 1577 5096 Υἱὸς
1608 5030 1714 5087 τῶν
1738 5049 1860 5101 γεν-

365 5115 471 5150 των
602 5115 639 5151 ι.

366 5167 771 5266 (ἓῖζξεςυετη
796 5164 1046 5238 φύρουσι.
1077 5168 1152 5226 Ib.
1179 5170 1344 5238 idem,
1372 5172 1528 5229 Gobl.
1556 5183 1610 5230 et
1636 5173 1780 5229 Felc.
1809 5172 1861 5235 1,

292 5252 567 5290 κυκουσιν.

296 5377 331 5389 ,,
370 5308 481 5389 (ξε)
502 5306 615 5389 “Sic
637 5305 975 5389 ,δυσμείλιιᾷ
1010 5316 1072 5361 ut
1102 5316 1158 5362 et
1188 5308 1316 5389 legit
1355 5307 1621 5366 Nannius.
1655 5309 1712 5365 In
1742 5312 1858 5368 edi-

293 5375 588 5433 tis‘et'aliis
619 5375 771 5433 deest
792 5376 901 5431 τῶν
929 5375 1086 5430 ὅλων.

368 5446 481 5518 (29)
523 5446 615 5502 Sic
649 5447 874 5518 Seguer.
902 5448 1114 5513 Anglic.
1143 5448 1448 5513 Goblerian.
1484 5460 1537 5506 et
1571 5449 1713 5507 Felc.
1745 5453 1769 5506 1
1807 5463 1859 5507 et

290 5515 344 5570 5.
390 5518 455 5572 At
481 5518 613 5588 editi
645 5517 1228 5588 ιμοηᾱοεεηκειμένοιᾼς.

322 5556 616 5672 λὲὄῗὲἶὲ
647 5556 1288 5659 ξβὲἶὲῗιῖἔέῗῖῗὲἒὶο.
1323 5590 1346 5644 ι
1376 5600 1430 5646 et
1459 5591 1510 5646 5.
1536 5589 1677 5647 Editi
1707 5607 1857 5656 vero,

289 5671 756 5811 ξομες.
791 5725 1014 5811 (ἰοὺιεδζζ
1043 5738 1097 5811 et
1126 5728 1287 5811 F_elc._
1310 5730 1361 5795 I,
1396 5730 1662 5811 θέλουσιν.
1690 5727 1859 5811 Paulo

292 5795 419 5866 post
444 5795 685 5855 iidem'et
715 5795 849 5867 Reg.
880 5813 945 5852 ac
976 5796 1117 5854 Felc.
1150 5800 1202 5861 5,
1231 5800 1481 5868 λέγεσθαι
1507 5804 1602 5873 μὲν
1628 5803 1857 5872 ἀγέννη-

619 5891 890 5950 Parnm.
918 5889 1034 5954 Gn.
1069 5892 1296 5953 XXVI.

1978 3400 2154 3457 lorum
2185 3416 2290 3458 vox
2318 3403 2422 3458 ista
2463 3414 2826 3458 commentum
2857 3402 3001 3475 est),
3034 3412 3092 3458 ut
3118 3403 3282 3458 variis
3315 3403 3433 3470 ejus
3459 3401 3532 3455 si-

1977 3493 2414 3564 gniﬁcationibus
2441 3493 2641 3548 auditis
2684 3492 2985 3561 intelligant
3013 3507 3071 3547 se
3101 3508 3167 3547 ne
3195 3492 3261 3547 de
3297 3493 3381 3547 his
3412 3494 3534 3561 qui-

1975 3587 2121 3653 dem,
2143 3586 2211 3641 de
2239 3586 2437 3656 quibus
2461 3586 2756 3649 disserunt,
2789 3596 2931 3641 recte
2972 3584 3132 3656 35.3
3160 3600 3322 3641 nosse
3364 3584 3531 3638 inter-

1977 3691 2185 3746 rogare.
2237 3676 2348 3745 Ego
2396 3678 2539 3731 enim
2571 3688 2788 3748 propter
2834 3677 2953 3733 illos
2985 3678 3148 3733 didici
3175 3693 3281 3733 non
3326 3675 3529 3731 factum

1972 3770 2079 3825 dici
2127 3772 2271 3840 quod
2302 3772 2541 3825 nondum
2593 3769 2794 3825 factum
2826 3779 2927 3835 est,
2967 3769 3060 3823 sed
3089 3770 3203 3823 lieri
3244 3776 3441 3839 potest,
3469 3779 3529 3824 ut

1968 3862 2197 3933 lignum,
2247 3863 2391 3931 quod
2440 3862 2658 3933 quidem
2688 3860 2926 3916 nondum
2962 3861 3161 3930 scapha
3192 3860 3527 3924 estfactum,

1969 3955 2063 4010 sed
2112 3954 2228 4010 ﬁeri
2271 3964 2465 4024 potest.
2513 3954 2725 4010 Rursus
2768 3970 2876 4010 non
2913 3953 3114 4008 factum
3161 3962 3360 4009 vocant
3382 3956 3525 4024 quod

1970 4060 2148 4116 neque
2187 4044 2390 4100 factum
2424 4056 2506 4101 est
2560 4061 2735 4116 neque
2789 4061 3025 4116 unquam
3080 4045 3194 4099 ﬁeri
3245 4053 3440 4115 potest,
3471 4054 3527 4101 ut

1973 4135 2276 4206 triangulus
2305 4136 2745 4206 quadrangulus,
2806 4144 2863 4191 et
2898 4151 3158 4191 numerus
3203 4151 3302 4206 par
3331 4136 3527 4207 impar.

1970 4225 2081 4283 Nec
2101 4226 2245 4281 enim
2273 4228 2573 4297 triangulus
2597 4227 2998 4297 quadrangulus
3024 4242 3262 4297 unquam
3289 4225 3410 4293 fuit,
3438 4236 3526 4281 aut

1971 4335 2209 4389 unquam
2236 4318 2455 4374 futurus
2481 4328 2564 4375 est
2589 4337 2601 4373 :
2638 4333 2736 4373 nec
2762 4319 2886 4374 item
2915 4334 3175 4373 numerus
3197 4334 3296 4389 par
3318 4318 3420 4373 fuit
3446 4318 3527 4372 vel

1966 4410 2073 4466 erit
2098 4426 2335 4481 unquam
2387 4412 2580 4481 impar.
2610 4411 2877 4467 Praeterea
2928 4410 3128 4465 dicitur
3174 4425 3282 4465 non
3328 4408 3525 4466 factum

1898 4594 1943 4649 Ῑ)
1966 4628 2075 4664 τον.
2110 4610 2163 4664 1η
2196 4608 2417 4679 Seguer.
2444 4608 2595 4663 deest
2619 4608 2736 4679 μέν.
2765 4608 2869 4661 Alii
2892 4617 3069 4663 autem
3102 4618 3155 4663 et
3186 4608 3351 4663 editio
3371 4610 3522 4666 Com-

1965 4681 2115 4744 mel.,
2158 4678 2411 4747 λέγεσθαι
2458 4679 2556 4750 μὲν
2588 4678 2896 4751 ἀγέννητον.
2933 4679 3064 4735 Ibid.
3103 4680 3442 4751 Segueriau.,
3468 4681 3522 4733 τὶ

2049 4768 2153 4804 πω.

1968 4752 2153 4890 μήὲἓ)
2190 4819 2531 4890 Seguerian.,
2566 4819 2734 4891 ξύλων
2769 4821 2935 4891 μήπω
2969 4820 3068 4891 μεν
3092 4819 3375 4891 γενόμενον
3398 4820 3518 4872 σκά-

1965 4909 2084 4961 φος,
2113 4889 2407 4962 δυνάμενον
2434 4891 2490 4944 δὲ
2509 4889 2981 4962 τοῦτο-γενέσθαι.
3004 4890 3158 4962 Reg.,
3185 4889 3339 4962 ξύλον
3363 4893 3522 4962 μήπω

1968 4958 2067 5086 ἓν
2098 4958 2386 5044 γενόμενον
2420 4961 2644 5041 σκάφος,
2673 4960 2966 5041 δυνάμενον
2998 4961 3054 5013 δὲ
3085 4958 3355 5027 γενέσθαι.
3389 4958 3521 5013 Ibid.

2040 5047 2287 5086 nuenan.
2341 5030 2528 5084 Basnlt.
2570 5030 2851 5086 Anglican.
2896 5028 3029 5086 Reg.
3064 5038 3117 5083 et
3153 5027 3297 5081 Felc.
3348 5027 3402 5086 5,
3434 5031 3519 5081 καὶ

2077 5027 2287 5086 ucriah.
2341 5027 3297 5101 Basili.'Anin_can._Reg.ret_FeJc.
3348 5027 3519 5101 5,_zal

2083 5120 2149 5159 ιν.
2180 5102 2285 5155 Alii
2314 5108 2367 5155 et
2394 5101 2520 5154 editi
2554 5096 2848 5163 καὶάὖθις.
2880 5096 3012 5154 Item
3046 5098 3175 5152 ibid.
3206 5096 3521 5167 Seguerian.

1968 5170 2100 5252 Reg.
2128 5182 2181 5227 et
2213 5170 2357 5252 Felc.
2378 5170 2445 5252 _5,
2473 5170 2787 5252 ἀγέννητονἱ
2810 5169 2987 5252 Editio
3019 5167 3299 5252 Commel;
3311 5177 3366 5222 et
3412 5168 3521 5252 alii,

1966 5236 2247 5312 ἀγῖνητον.
2278 5241 2495 5312 Addunt
2522 5236 2877 5312 iteLn'ibidem
2899 5238 3227 5312 Seguerian.
3259 5236 3388 5312 Reg.
3424 5237 3518 5312 Ba-

1966 5306 2171 5367 siliens.
2203 5311 2484 5381 Anglican.
2518 5322 2572 5366 et
2593 5309 2737 5365 Felc.
2767 5309 2819 5372 5,
2855 5306 3126 5377 λέγεσθαι,
3152 5307 3296 5378 quod
3325 5306 3381 5363 iii
3411 5309 3518 5364 edi-

1965 5382 2034 5437 tis
2062 5390 2116 5435 et
2148 5382 2271 5437 aliis
2298 5381 2468 5435 deest.

2038 5452 2149 5523 (55)
2187 5450 2278 5506 Sic
2312 5450 2513 5523 Regius
2550 5446 3083 5523 codex._Editi_vero
3114 5457 3167 5523 et
3201 5447 3315 5512 alii,
3352 5445 3431 5523 ᾡς
3463 5447 3516 5523 τί

1964 5516 2234 5606 τρίγοινον,
2252 5523 2344 5601 κα)
2368 5516 2418 5574 δ’
2429 5520 2612 5606 ἄρτιος
2635 5517 2884 5606 ἀριθμός.
2901 5516 3049 5606 ΫΟὐτε
3073 5519 3201 5606 γάρ,
3225 5529 3328 5606 etc.
3352 5517 3517 5606 Panic

1965 5588 2089 5661 post
2117 5588 2479 5661 Seguerian.,’
2502 5589 2622 5661 οὐδὲ
2660 5592 2689 5661 ό
2729 5588 3025 5661 ἄρτιος...ε
3056 5588 3180 5661 οὐδέ
3208 5590 3400 5659 γένοιτ’
3434 5589 3510 5643 ἄν.

2036 5661 2149 5733 (54)
2191 5656 2525 5733 Seguerian._
2546 5656 2852 5733 Go_blerian.
2885 5671 2949 5733 et
2978 5657 3125 5733 Felc.
3160 5656 3516 5733 1,’ἀγένητον,

1965 5741 2021 5788 et
2045 5726 2194 5854 magi,
2234 5726 2307 5803 μὴ
2335 5726 2579 5800 γενηθέν.
2607 5728 2749 5785 Editi
2776 5736 2831 5784 et
2863 5728 2977 5799 alii,
3016 5726 3309 5802 ἀγέννητον
3349 5726 3403 5785 et
3446 5729 3515 5801 pi.

1966 5819 2125 5854 stn
2192 5820 2239 5854 ν.

1966 5819 2239 5872 γεννηυεν.

3241 5892 3279 5950 3
