3972 6224
321 317 395 374 75
893 316 949 370 S.
991 317 1363 374 ATIIANASII
1402 319 1551 374 OPP.
1593 320 1772 377 PARS
1813 325 1855 376 l.
1895 353 1964 363 —-
2006 322 2378 378 HISTORICA
2412 324 2498 378 ET
2540 323 2956 380 DOGMATICA.
3495 323 3563 381 76

321 435 470 506 quod
492 433 707 505 quidem
737 431 971 500 exsistit,
995 434 1088 489 sed
1115 449 1181 489 ex
1210 435 1361 490 nullo
1385 444 1469 491 est
1490 445 1698 504 natum,
1724 437 1882 492 nemi-

1998 440 2223 511 γενηθὲν
2245 440 2300 492 δὲ
2326 440 2388 494 ἐκ
2416 458 2579 504 τινος,
2620 440 2752 511 μηδὲ
2777 439 2914 501 ὅλως
2935 437 3055 507 ἕχον
3088 438 3278 492 ἐαυτοῦ
3312 456 3435 494 τινα
3461 457 3568 495 πα-

321 543 555 598 uemque
587 542 811 596 prorsus
852 527 936 582 sui
968 536 1174 597 patrem
1227 529 1409 584 habet.
1456 530 1702 585 Asterius
1752 545 1882 599 quo-

1991 531 2143 602 τέρα.
2163 530 2472 600 Προσέθηκε
2507 530 2563 582 δέ
2598 532 2688 582 καὶ
2716 533 2743 583 6
2776 529 3078 600 πανοῦργος
3111 531 3366 601 σοφιστὴς
3391 531 3570 586 Ἀστέ-

324 635 451 690 quc,
483 618 726 688 sophista
777 618 1103 674 vaferrimus
1135 627 1187 673 et
1235 620 1456 677 haeresis
1503 631 1784 691 patronus,
1835 622 1882 675 in

1997 637 2125 690 ριος,
2156 623 2184 672 ὁ
2219 622 2310 673 καὶ
2330 622 2426 691 τῆς
2462 621 2722 692 αἱρέσεως
2761 621 3077 690 συνήγορος,
3111 620 3168 672 ὲν
3195 619 3270 690 τῷ
3306 620 3416 691 ἰδίῳ
3436 639 3565 677 συν·
3621 685 3625 689 ι

323 709 544 779 pr0prio
571 708 834 777 opusculo
867 709 1074 763 addidit
1104 725 1212 764 non
1245 709 1446 766 factum
1494 728 1613 768 esse
1661 712 1714 766 id
1745 712 1882 782 quod

1995 713 2281 782 ταγματίῳ
2318 711 2428 778 (55)
2461 713 2654 780 λέγων,
2679 711 2940 782 ἀγένητον
2976 705 3190 764 εἶναιτὸ
3216 711 3288 782 μὴ
3323 713 3565 784 ποιηθὲν,

323 815 431 854 non
463 808 548 856 est
574 799 799 868 factum,
836 802 929 857 sed
961 803 1105 871 quod
1143 817 1357 872 semper
1383 812 1484 859 est.
1533 804 1718 874 Itaque
1754 820 1882 874 quo-

1992 803 2103 856 ἀλλ”
2137 805 2223 856 ἀεὶ
2249 804 2327 856 ὃν.
2363 804 2516 856 Κατά
2537 807 2683 856 ποῖον
2714 800 2804 858 οὖν
2827 803 3220 875 σημαινόμενον
3272 804 3449 857 νοοῦσι
3510 804 3572 856 τὸ

322 907 449 945 nam
496 906 661 946 sensu
703 907 894 947 vocem
927 909 1034 947 non
1082 893 1209 948 facti
1267 896 1626 966 intelligerent
1669 911 1882 952 necesse

1993 896 2271 966 ἀγένητον,
2306 895 2409 947 ἔδει
2433 897 2817 966 προστιθέντας
2855 897 3050 958 αὐτούς
3099 897 3328 966 ἐρωτᾷν,
3356 895 3442 948 ἵνα
3475 902 3567 949 καὶ

319 991 438 1036 erat
483 997 599 1050 eos,
638 984 1044 1053 interrogando,
1095 987 1400 1055 explicare,
1450 997 1508 1041 ut
1543 986 1794 1042 videlicet
1844 991 1890 1044 is

321 1074 416 1144 qui
456 1073 914 1145 interrogabatur,
939 1077 1038 1130 rite
1059 1087 1240 1147 posset
1265 1079 1610 1147 respondere.

394 1256 483 1311 5t.
501 1255 658 1322 Quod
683 1257 728 1311 si
745 1271 802 1312 se
823 1267 965 1312 recte
981 1267 1172 1328 putant
1197 1258 1530 1330 interrogare
1549 1275 1674 1315 cum
1698 1261 1852 1315 aiunt
1874 1280 1888 1315 :

328 1348 578 1405 Unumne
605 1361 688 1406 est
721 1368 827 1406 non
857 1351 1080 1417 factum,
1108 1370 1176 1408 an
1200 1354 1346 1409 duo?
1385 1354 1620 1424 primum
1649 1354 1890 1424 quidem,

320 1451 382 1497 ut
410 1443 688 1514 imperiti,
728 1446 963 1500 audituri
1001 1456 1129 1502 sunt
1177 1456 1232 1502 et
1277 1448 1445 1502 multa
1487 1455 1540 1502 et
1571 1448 1702 1502 nihil
1722 1463 1843 1503 esse
1875 1467 1888 1502 ε

319 1535 555 1606 plurima
581 1578 596 1603 ,
648 1537 868 1607 inquam
892 1579 906 1603 ,
955 1554 1078 1608 quae
1114 1554 1235 1594 esse
1284 1546 1552 1607 possunt;
1593 1538 1731 1592 nihil
1762 1551 1892 1593 vero

321 1627 471 1697 quod
503 1627 620 1682 fieri
666 1644 772 1683 non
813 1638 1010 1698 queat,
1041 1631 1502 1700 quemadmodum
1529 1629 1735 1685 dictum
1783 1639 1888 1686 est.

325 1720 430 1776 Sed
470 1722 539 1785 si,
568 1722 855 1778 utAsterio
884 1723 1106 1793 placuit,
1144 1738 1252 1777 non
1289 1723 1341 1777 id
1368 1720 1512 1793 quod
1547 1721 1750 1778 factum
1787 1731 1887 1787 est,

1993 991 2020 1042 6
2044 987 2391 1058 ἐρωτώμενος
2418 988 2591 1058 ὀρθῶς
2624 990 2998 1061 ἀποκρίνηται.

2062 1266 2150 1320 51.
2188 1266 2247 1318 Εἰ
2273 1265 2329 1318 δὲ
2357 1266 2632 1336 νομίζουσι
2665 1261 2842 1326 καλῶς
2884 1262 3112 1334 ἐρωτᾷν,
3140 1262 3198 1314 ἐν
3231 1261 3308 1332 τῷ
3365 1260 3564 1328 λέγειν,

1999 1361 2093 1412 Ἓν
2113 1359 2170 1411 τὸ
2204 1358 2462 1428 ἀγένητον
2486 1357 2619 1429 (56),
2648 1355 2680 1426 ἢ
2705 1355 2825 1421 δύο;
2853 1355 3172 1408 ἀκούσονται
3201 1353 3412 1424 πρῶτον
3445 1354 3563 1422 μὲν,

1993 1453 2066 1516 ὡς
2100 1451 2349 1522 ἀμαθεῖς,
2373 1449 2544 1502 πολλά
2563 1465 2620 1501 τε
2645 1443 2782 1500 εἷναι
2809 1447 2903 1501 καὶ
2922 1446 3094 1510 οὐδὲν,
3125 1445 3351 1498 πλεῖστα
3380 1445 3476 1516 μὲν
3497 1443 3568 1498 τὰ

1991 1544 2260 1616 δυνάμενα
2285 1543 2553 1610 γενέσθαι,
2593 1541 2741 1594 οὐδὲν
2769 1539 2902 1592 δὲτὸ
2939 1539 3012 1610 μὴ
3041 1539 3354 1610 δυνάμενον,
3378 1536 3567 1611 ῶσπερ

1992 1636 2226 1708 εἴρηται.
2250 1637 2311 1688 Εἰ
2332 1635 2407 1700 δὲ,
2431 1632 2778 1703 ὡςἈστερίῳ
2806 1633 2970 1702 ἤρεσε
2987 1631 3120 1700 (57),
3142 1632 3200 1684 τὸ
3220 1630 3294 1703 μὴ
3333 1631 3563 1700 ποίημα,

1993 1729 2105 1782 ἀλλ’
2120 1729 2207 1782 ἀεὶ
2236 1727 2293 1780 ὃν
2324 1726 2585 1797 ἀγένητον
2611 1723 2767 1786 εἶναι,
2786 1724 2955 1785 οὕτως
2984 1723 3276 1795 ἐρωτῶσιν·
3297 1723 3568 1777 ἀκουέτω-

321 1810 415 1864 sed
457 1810 598 1880 quod
630 1790 972 1881 semperest,
1005 1827 1111 1866 non
1146 1811 1349 1868 factum
1386 1790 1538 1880 esse,
1569 1813 1648 1868 sic
1679 1812 1752 1879 illi
1788 1815 1882 1868 hoc

1995 1833 2090 1869 σαν
2120 1816 2216 1886 οὺχ
2243 1790 2404 1879 ἅπαξ,
2439 1790 2572 1868 ἀλλά
2621 1813 2898 1876 πολλάκις,
2935 1790 3028 1865 ὅτι-
3061 1814 3154 1866 καὶ
3208 1816 3236 1867 6
3268 1813 3396 1877 Υἱὸς
3424 1812 3567 1866 οὕτω

322 1918 484 1958 sensu
521 1903 888 1974 interrogant;
923 1904 1146 1958 audiant
1170 1919 1269 1959 nec
1309 1905 1478 1960 semel
1524 1905 1619 1959 sed
1667 1904 1888 1973 saepius,

322 1992 515 2048 Filium
547 1995 848 2049 secundum
877 1995 1039 2049 hanc.
1064 1994 1513 2065 significationem
1543 2011 1648 2049 non
1684 1994 1888 2049 factum

318 2099 477 2154 posse
513 2084 644 2139 dici.
679 2083 925 2153 Namque
977 2099 1077 2138 nec
1126 2093 1210 2140 est
1245 2101 1310 2139 ex
1349 2086 1511 2140 rebus
1534 2083 1693 2139 factis
1719 2126 1734 2152 ,
1793 2100 1891 2140 nec

316 2192 476 2246 opus,
512 2178 606 2230 sed
656 2190 870 2244 semper
901 2190 1008 2229 una
1047 2191 1170 2230 cum
1218 2175 1377 2231 Patre
1415 2186 1516 2242 est,
1549 2179 1624 2232 uti
1646 2177 1757 2246 jam
1790 2175 1892 2231 fuit

316 2269 625 2337 probatum,
649 2268 863 2322 etiamsi
889 2269 1069 2323 varias
1092 2268 1166 2322 illi
1199 2267 1404 2325 formas
1429 2269 1678 2336 induant,
1707 2278 1765 2325 ut
1789 2271 1889 2324 im-

314 2360 404 2428 pia
433 2359 548 2414 haec
570 2359 832 2414 adversus
863 2359 1151 2415 Dominum
1174 2362 1384 2430 possint
1411 2359 1655 2431 proferre
1682 2361 1842 2417 verba
1872 2380 1886 2416 :

317 2450 398 2504 Ex
447 2451 617 2506 nihilo
649 2461 770 2506 est:
807 2462 880 2511 et.
913 2450 1031 2508 Non
1081 2464 1198 2507 erat
1228 2463 1518 2522 antequam
1553 2463 1885 2509 nasceretur.

323 2541 480 2610 Quod
511 2544 556 2598 si
586 2544 735 2598 omni
781 2559 846 2598 ex
893 2553 1043 2614 parte
1067 2546 1294 2615 explosi,
1327 2547 1543 2600 demum
1585 2546 1756 2600 velint
1798 2547 1888 2601 illa

312 2649 450 2689 voce
494 2636 790 2706 significari
839 2635 894 2691 id
915 2676 930 2700 ,
963 2637 1106 2704 quod
1152 2638 1378 2691 exsistat
1407 2636 1650 2706 quidem,
1683 2652 1791 2691 non
1819 2637 1890 2693 sit

317 2735 498 2780 autem
528 2743 594 2780 cx
624 2727 808 2796 aliquo
833 2738 1034 2796 ortum,
1059 2743 1234 2798 neque
1264 2727 1350 2782 sui
1383 2727 1554 2796 ipsius
1577 2727 1771 2782 habeat
1795 2745 1890 2798 pa-

319 2827 495 2885 trem;
525 2820 974 2888 respondebimus
1003 2837 1128 2875 eum
1167 2836 1328 2889 quem
1363 2821 1469 2874 hoc
1509 2821 1671 2875 modo
1721 2821 1890 2891 signi.

315 2912 500 2976 ticant,
534 2926 700 2964 unum
732 2927 795 2965 ac
840 2913 1018 2966 solum
1072 2928 1192 2968 esse
1236 2927 1344 2966 non
1381 2911 1584 2967 factum
1627 2913 1882 2967 Patrem:

314 3018 424 3072 quo
456 3003 675 3072 quidem
716 3020 981 3074 responso
1015 3006 1186 3059 nihilo
1217 3005 1390 3076 magis
1415 3014 1542 3060 sunt
1570 3003 1882 3074 profecturi.

1991 1905 2131 1960 κατά
2153 1905 2355 1974 ταύτην
2381 1903 2476 1974 τὴν
2524 1904 2747 1974 ἐκδοχὴν
2775 1904 3036 1974 ἀγένητος
3093 1903 3202 1974 (58)
3233 1903 3298 1956 ἂν
3327 1903 3563 1975 λεχθείη.

1992 1997 2124 2050 Οὖτε
2161 2006 2270 2069 γὰρ
2297 1997 2402 2050 τῶν
2427 1996 2691 2068 γενητῶν,
2724 1995 2846 2048 οὔτε
2885 1996 3094 2066 ποίημά
3122 1999 3288 2058 ἐστιν,
3311 1994 3446 2049 ἀλλά
3473 1997 3568 2048 καὶ

1991 2091 2176 2154 ἀῖδίως
2208 2089 2418 2142 σύνεστι
2444 2088 2522 2160 τῷ
2547 2088 2743 2160 Πατρὶ,
2767 2086 2954 2159 ῶσπερ
3014 2087 3105 2140 καὶ
3139 2087 3240 2157 ἤδη
3273 2087 3562 2148 δέδεικται,

1990 2183 2093 2236 κᾶν
2124 2181 2381 2244 πολλάκις
2414 2179 2875 2250 μεταϐάλλωνται,
2928 2178 3014 2231 ἵνα
3078 2177 3237 2249 μόνον
3298 2176 3437 2231 κατά
3469 2176 3565 2229 τοῦ

1989 2275 2193 2347 Κυρίου
2222 2274 2472 2342 λέγωσιν,
2542 2270 2631 2336 Ἐξ
2674 2271 2775 2324 οὐκ
2803 2271 2970 2324 ὄντων
3022 2269 3158 2335 ἐστὶ,
3185 2271 3298 2334 καὶ,
3337 2270 3450 2322 Οὐκ
3473 2265 3564 2340 ἦν,

1990 2371 2120 2442 πρὶν
2143 2369 2393 2440 γεννηθῇ.
2435 2367 2658 2422 Πάντων
2707 2368 2770 2438 δὴ
2801 2364 2893 2420 οὖν
2922 2365 3298 2429 ἐκπίπτοντες,
3339 2362 3432 2415 ἐάν
3473 2363 3562 2415 καὶ

1990 2464 2164 2517 ἐκεῖνο
2198 2462 2307 2534 (59)
2339 2461 2604 2532 θελήσωσι
2637 2459 2819 2512 λοιπὸν
2863 2458 3070 2529 ἐρωτᾷν
3117 2455 3258 2510 κατά
3293 2455 3354 2508 τὸ
3386 2454 3564 2524 ὑπάρ-

1990 2573 2082 2626 χον
2118 2555 2238 2625 μέν,
2274 2555 2410 2624 μήτε
2438 2554 2494 2606 δὲ
2537 2551 2793 2622 γεννηθὲν
2835 2551 2896 2604 ἔκ
2928 2569 3091 2614 τινος,
3128 2550 3260 2621 μήτε
3295 2548 3415 2620 ἔχον
3441 2549 3562 2602 ἐαυ-

1989 2647 2080 2701 τοῦ
2115 2646 2353 2718 πατέρα·
2386 2645 2704 2699 ἀκούσονται
2729 2643 2825 2714 μὲν
2851 2643 2945 2696 καὶ
2979 2643 3105 2711 παρ’
3135 2644 3167 2712 ἡ
3178 2640 3292 2712 μῶν
3314 2640 3405 2692 τὸν
3423 2639 3565 2693 οὕτω

1991 2738 2383 2809 σημαινόμενον
2409 2736 2503 2787 ’ένα
2527 2735 2620 2788 καὶ
2655 2733 2813 2804 μόνον
2845 2733 3104 2802 ἀγένητον
3159 2729 3267 2801 (40)
3297 2725 3434 2783 εἶναι
3474 2729 3562 2782 τὸν

1989 2830 2226 2900 Πατέρα,
2258 2829 2409 2882 οὐδὲν
2443 2828 2499 2881 δὲ
2526 2827 2684 2880 πλέον
2714 2826 2922 2890 ἕξουσιν
2953 2825 3126 2878 ἐκτοῦ
3149 2824 3372 2878 τοιαῦτα
3401 2823 3560 2877 ἀκού-

1951 2985 1954 2988 ,
1990 2939 2069 2976 ειν
2091 2920 2304 2985 αὐτούς.
2341 2920 2474 2972 Οὑδέ
2505 2919 2612 2991 γὰρ
2669 2918 2728 2972 τὸ
2786 2917 2956 2981 οὕτως
3013 2916 3271 2987 ἀγένητον
3315 2914 3562 2984 λέγεσθαι

1990 3013 2080 3066 τὸν
2106 3012 2236 3065 Θεὸν
2259 3011 2499 3065 δείκνυσι
2521 3009 2746 3078 γενητὸν
2780 3008 2890 3077 (41)
2931 3003 3069 3061 εἶναι
3111 3007 3202 3060 τὸν
3236 3006 3382 3069 Υἱὸν,
3403 3005 3562 3076 δήλου

309 3093 425 3150 Nec
469 3096 612 3151 enim
660 3112 726 3151 ex
772 3112 876 3162 eo,
935 3099 1080 3167 quod
1145 3097 1286 3154 Deus
1346 3099 1447 3153 hac
1509 3099 1724 3154 ratione
1775 3115 1882 3153 non

1991 3105 2139 3168 ὄντος
2167 3102 2307 3157 κατὰ
2359 3101 2458 3166 τὰς
2510 3101 2915 3174 προειρημένας
2978 3097 3277 3162 ἀποδείξεις
3323 3096 3560 3150 τοιοῦτον

315 3186 492 3243 factus
519 3189 751 3254 dicatur,
801 3189 1046 3260 sequitur
1084 3188 1288 3245 factum
1319 3206 1441 3246 esse
1492 3189 1714 3259 Filium,
1759 3207 1884 3246 cum

316 3293 383 3332 ex
428 3280 800 3348 superioribus
852 3281 1184 3349 argumentis
1245 3283 1450 3336 clarum
1503 3283 1575 3336 sit
1623 3282 1732 3336 tale
1761 3297 1883 3337 esse

316 3369 578 3436 Verbum,
606 3372 786 3442 qualis
835 3380 921 3426 est
973 3374 1066 3442 qui
1117 3374 1294 3442 ipsum
1348 3373 1554 3444 genuit.
1617 3372 1884 3438 Quocirca

317 3464 528 3518 etiamsi
575 3462 716 3519 Deus
741 3465 812 3517 sit
848 3480 954 3519 non
992 3464 1193 3530 factus,
1227 3481 1335 3520 non
1371 3465 1574 3521 idcirco
1618 3467 1760 3521 facta
1791 3467 1883 3521 sed

318 3571 442 3611 vere
476 3557 652 3627 genita
685 3567 768 3612 est
812 3557 932 3627 ejus
973 3559 1175 3628 imago,
1232 3573 1354 3627 quae
1400 3559 1519 3627 ejus
1553 3567 1606 3614 et
1649 3557 1884 3614 Verbum

333 3657 390 3703 et
422 3648 696 3718 Sapientia
738 3659 840 3704 est.
875 3649 1057 3720 Ecqua
1083 3651 1228 3705 enim
1263 3650 1546 3704 intercedit
1591 3650 1887 3706 similitudo

321 3742 462 3798 inter
506 3759 620 3798 rem
665 3743 863 3797 factam
894 3753 947 3797 et
989 3757 1096 3795 non
1124 3741 1359 3796 factam?
1389 3739 1522 3795 Nam
1548 3742 1734 3796 eadem
1791 3758 1892 3798 sa:-

315 3835 439 3903 pius
472 3834 652 3889 dicere
686 3834 760 3887 nil
784 3849 947 3904 grave
975 3833 1244 3887 videatur.
1281 3831 1340 3886 Si
1365 3833 1511 3887 enim
1540 3833 1592 3888 id
1616 3833 1763 3903 quod
1801 3833 1885 3888 fa—

319 3935 465 3978 ctum
502 3935 606 3992 est,
631 3926 798 3980 velint
847 3925 1025 3980 simile
1053 3940 1174 3980 esse
1198 3925 1319 3995 ejus
1354 3925 1499 3995 quod
1542 3941 1651 3978 non
1683 3924 1883 3980 factum

314 4026 420 4083 ost,
452 4017 587 4071 adeo
612 4026 668 4068 ut
688 4017 784 4086 qui
819 4032 988 4070 unum
1012 4016 1225 4082 viderit,
1252 4017 1400 4072 aliud
1429 4031 1649 4087 quoque
1673 4016 1882 4084 videat;

317 4123 510 4177 parum
556 4112 779 4163 omnino
823 4109 1056 4164 abfuerit
1100 4111 1231 4179 quin
1262 4111 1448 4166 dicant
1495 4111 1548 4164 id
1581 4110 1730 4180 quod
1775 4125 1883 4164 non

394 4331 506 4404 (55)
539 4331 880 4404 Seguerian.,
909 4333 1308 4404 συνταγματίῳ.
1340 4333 1480 4388 Editi
1514 4343 1567 4388 et
1612 4333 1724 4404 alii,
1761 4348 1882 4385 συν-

305 4403 574 4475 τάγματι.
609 4403 745 4456 Ibid.
796 4403 1183 4494 Seguerianus,
1215 4403 1523 4460 Geblerian.
1560 4413 1614 4458 et
1644 4403 1788 4458 Felc.
1827 4409 1880 4468 1,

315 4475 470 4494 ηομ,
542 4474 793 4494 ,___,_______
846 4491 862 4494 _
1031 4475 1076 4494 _.
1153 4473 1199 4494 Α.
1271 4473 1478 4494 eum“
1543 4473 1648 4494 μη
1699 4473 1857 4494 ...Μ

307 4473 490 4545 λέγων
535 4474 793 4545 ἀγένητον
840 4473 979 4528 εἶναι
1025 4475 1085 4526 τὸ
1131 4473 1205 4545 μὴ
1259 4473 1500 4544 ποιηθὲν,
1536 4473 1648 4545 ἀλλξ
1692 4473 1800 4545 ἀῖδι

317 4544 460 4616 Editi
475 4553 528 4598 et
545 4543 843 4616 aliiquiwa
855 4543 1304 4616 ayévvncovieivat
1322 4543 1381 4596 τὸ
1404 4545 1476 4616 μὴ
1497 4543 1738 4614 ποιηθὲν,
1756 4543 1884 4616 Δἀλλ’

313 4616 405 4669 ἀεὶ
434 4613 515 4668 ὗν.
549 4613 682 4686 ibid.
714 4613 1121 4686 SeguerianJet
1145 4615 1299 4686 Reg.,
1331 4613 1474 4686 κατά
1510 4613 1656 4686 ποῖον
1683 4613 1882 4686 τοίνυν.

316 4686 483 4750 Editi,
515 4684 658 4738 κατά
686 4681 836 4737 ποῖόν
863 4681 976 4738 οὖν.
1011 4687 1139 4738 Ιιεηι
1167 4681 1482 4755 Ségueriau.
1524 4684 1883 4755 ἱιιίαηςνοοῦσι

315 4756 378 4810 τὸ
429 4756 712 4826 ἀγένητον.
761 4755 928 4826 Editi,
960 4755 1146 4826 νοοῦσι
1194 4754 1253 4810 τὸ
1302 4754 1612 4826 ἀγέννητον.
1660 4754 1804 4810 Felc.
1851 4755 1885 4808 5

315 4824 608 4897 ibid.,_€6_ei
637 4825 1119 4897 προσποιηθέντας.

389 4895 501 4967 (56)
543 4894 905 4967 Βεειιειίιιιιη⁷
922 4895 1203 4967 ἀγένητον.
1229 4894 1371 4967 Editi
1394 4896 1703 4967 ἀγέννητον.

388 4965 499 5038 (57)
542 4965 634 5038 Sic
669 4980 801 5038 mss.
836 4976 1026 5038 praeter
1049 4965 1194 5038 Felc.
1217 4966 1273 5029 2,
1304 4969 1418 5038 qui,
1449 4976 1506 5020 ut
1538 4965 1689 5038 editi,
1723 4981 1879 5038 men.

314 5035 646 5126 953.93”?
689 5035 1048 5126 71.393511?"
1065 5035 1878 5126 -.δίκξξῗτῖῗηυὲῖ,ἓξὲηίίῗῗὲῖὲο

313 5105 670 5176 ᾼηείἰεειιυε,
713 5101 1024 5161 Goblerian.
1056 5115 1112 5176 et
1151 5101 1294 5176 Felc.
1328 5109 1377 5168 1,
1427 5107 1689 5176 ἀγένητον
1719 5101 1877 5158 εἶναι.

313 5173 455 5248 Editi
487 5173 677 5248 etalii,
697 5177 1002 5248 ,ἀγέννητον
1029 5173 1190 5230 εἶναι.
1227 5175 1396 5230 Paulo
1421 5173 1542 5247 pust
1565 5173 1878 5247 Anglican,

312 5245 447 5299 ἀλλά
472 5247 566 5297 κα).
596 5247 871 5312 πολλάκις.

387 5315 520 5388 (⁸58)
542 5317 1194 5388 δεςιιετὶυιιυεηῐὶεείιιε,
1244 5317 1580 5377 Basiliensis,
1626 5317 1878 5388 Anglica-

311 5386 438 5451 nus,
484 5386 798 5456 Goblerian.
835 5400 888 5442 et
933 5386 1244 5443 Felckman.
1298 5393 1347 5451 l,
1382 5389 1663 5456 ἀγένητος.
1712 5386 1877 5449 Editi,

313 5455 784 5529 dtyévvntog._Mox
810 5457 957 5514 Felc.
993 5459 1045 5522 5,
1082 5459 1191 5512 τῶν
1221 5455 1511 5529 γεννητῶν.
1544 5455 1649 5510 Alii
1678 5467 1732 5511 et
1762 5457 1879 5511 edi-

313 5529 388 5582 tio
411 5527 700 5598 Cpinniel.,
727 5529 983 5598 γενητῶν.

379 5597 495 5667 (59)
537 5596 788 5667 Seguer.,
820 5595 939 5651 κατ’
969 5601 1161 5652 ἐκεῖνο.
1188 5599 1357 5654 Paulo
1380 5607 1501 5668 post
1530 5595 1687 5667 Reg.,
1725 5612 1880 5666 γενη-

307 5666 488 5741 θεν-εκ
521 5666 682 5741 τινος.
726 5669 828 5741 Alii
857 5678 909 5722 et
935 5673 1087 5726 editi.
1121 5666 1400 5741 γεννηθένζ
1510 5736 1546 5741 _
1586 5666 1622 5741 _'
1687 5695 1694 5741 _-

380 5739 489 5805 (40)
518 5739 744 5808 Seguer.
765 5737 926 5797 Basil.
955 5735 1166 5810 Anglic.
1189 5735 1406 5795 Gobler.
1429 5747 1481 5794 et
1509 5736 1652 5794 Felc.
1681 5737 1732 5806 1,
1759 5735 1880 5803 ἀγέ-

1993 3186 2131 3245 εῖναι
2163 3191 2254 3243 τὸν
2286 3189 2477 3258 Λόγον,
2511 3185 2621 3252 οἷός
2646 3191 2791 3241 ἐστιν
2823 3190 2850 3241 6
2904 3189 3170 3257 γεννήσας
3221 3187 3398 3240 αὐτόν.
3424 3187 3553 3240 06y.-

1993 3282 2086 3336 οὖν
2138 3284 2186 3336 εί
2215 3282 2481 3352 ἀγένητος
2510 3281 2625 3351 (42)
2654 3282 2682 3333 ὁ
2719 3279 2869 3343 Θεὸς,
2910 3279 2970 3332 οὗ
3004 3278 3223 3350 γενητὴ,
3283 3277 3418 3332 ἀλλά
3442 3279 3554 3346 γένο

1992 3376 2140 3447 νημά
2167 3377 2310 3428 ἐστιν
2337 3377 2370 3443 ή
2393 3373 2582 3426 τούτου
2607 3370 2790 3438 εἰκὼν,
2824 3373 2946 3441 ἥτις
2976 3371 3120 3424 ἐστὶν
3146 3372 3173 3422 ὁ
3207 3371 3375 3439 Λόγος
3395 3369 3560 3422 αὐτεῦ

1991 3468 2084 3521 καὶ
2114 3468 2147 3536 ἡ
2183 3465 2368 3535 Σοφία.
2394 3464 2528 3517 Ποία
2555 3464 2661 3533 γὰρ
2681 3464 2944 3534 ἐμφέρεια
2971 3463 3048 3534 τῷ
3077 3463 3287 3533 γενητῷ
3304 3461 3411 3533 (45)
3425 3461 3558 3532 πρὸς

1991 3559 2051 3611 τὸ
2079 3558 2338 3627 ἀγένητον
2357 3574 2370 3622 ;
2390 3556 2556 3609 Πάλιν
2583 3556 2689 3626 γὰρ
2703 3555 2771 3608 τὰ
2797 3555 2938 3608 αὐτὰ
2961 3554 3138 3623 λέγειν
3161 3555 3259 3606 οὐκ
3285 3552 3556 3623 ὀκνητέον·

1993 3651 2114 3703 ἐπεὶ
2141 3651 2188 3702 εί
2209 3650 2391 3719 ὅμοιον
2421 3648 2480 3700 τὸ
2513 3647 2738 3718 γενητὸν
2783 3646 2858 3717 τῷ
2891 3648 3141 3717 ἀγενήτῳ
3173 3643 3435 3707 θέλουσιν,
3485 3643 3560 3707 ὡς

1993 3742 2083 3795 τὸν
2113 3740 2324 3813 ὁρῶντα
2354 3739 2510 3792 τοῦτο
2569 3740 2789 3809 βλέπειν
2843 3742 3036 3804 ἐκεῖνο,
3070 3740 3130 3792 οὐ
3185 3738 3399 3811 μακράν
3423 3740 3558 3792 εἰσιν

1992 3833 2184 3897 εἰπεῖν,
2203 3833 2284 3885 ὅτι
2319 3830 2492 3884 καὶτὸ
2524 3831 2784 3902 ἀγένητον
2811 3830 2920 3900 (44)
2948 3831 3042 3883 καὶ
3073 3831 3386 3901 κτισμάτων
3414 3830 3558 3882 ἐστὶν

1992 3925 2172 3993 εἰκὼν,
2199 3927 2292 3979 καὶ
2322 3926 2504 3980 λοιπὸν
2538 3926 2811 3997 πέφυρται
2846 3927 3022 3979 πάντα
3073 3928 3202 3997 παρ’
3233 3927 3435 3989 αὐτοῖς,
3468 3940 3555 3991 γε·

1991 4018 2165 4089 νητῶν
2193 4018 2300 4089 (45)
2331 4020 2427 4089 μὲν
2455 4017 2701 4084 ἐξίσωσις
2735 4025 2870 4086 πρὸς
2898 4017 2957 4068 τὸ
2982 4016 3262 4086 ἀγένητον,
3293 4015 3556 4085 ἀγενήτου

1989 4109 2045 4161 δὲ
2107 4108 2421 4178 καθαίρεσις
2491 4109 2852 4178 μετρουμένου
2916 4109 3050 4179 πρὸς
3110 4108 3178 4160 τά
3245 4109 3556 4177 ποιήματα,

1990 4348 2169 4400 νητον,
2201 4331 2288 4388 hic
2318 4339 2372 4386 et
2399 4346 2548 4388 mox.
2575 4331 2682 4386 Alii
2713 4347 2842 4388 vero
2872 4341 2926 4387 et
2954 4332 3105 4394 editi,
3135 4330 3446 4400 ἀγέννητον.

2062 4403 2174 4474 (4i)
2195 4401 2374 4474 iReg.,
2405 4403 2681 4474 γεννητόν.
2709 4403 2847 4457 Editi
2877 4410 2930 4474 et.
2959 4403 3069 4467 alii,
3098 4402 3341 4474 γενητόν.

1259 4453 1522 4544 gladii:
1536 4453 1666 4544 ἀῇῗ
1692 4453 1880 4544 idem}:

2057 4453 2171 4543 (is;
2194 4453 2846 4542 assuetas;dignas;
2867 4453 3083 4544 causa
3095 4453 3337 4544 ἐρέεις.
3358 4471 3411 4544 li,
3437 4471 3553 4541 ἀγέ-

1987 4540 2164 4630 γητος.
2176 4544 2294 4630 ﬁlii
2325 4553 2379 4625 et
2407 4540 2898 4630 editi,_6*{é:1vnzoq.
2925 4541 3064 4630 'lbid.
3094 4540 3237 4596 Felc.
3264 4543 3318 4606 5,
3343 4543 3401 4594 οὐ
3429 4540 3552 4610 γεν-

1986 4611 2149 4739 νητὲἒέ
2174 4612 2363 4736 Οιξειριεὶ
2389 4624 2448 4737 Et
2472 4615 2641 4722 editi;
2655 4613 2716 4666 οὐ
2746 4611 2969 4736 γενηῖεὰή.
3056 4682 3162 4736 Ἠᾱ
3265 4691 3284 4735 ι
3327 4680 3370 4734 Β
3443 4683 3454 4695 .

1986 4689 2122 4808 mi.
2152 4686 2213 4807 ἷεδ
2246 4699 2558 4808 ἓγῖνντξτῑῒ.
2581 4697 3554 4808 iiiié‘fiiiassiﬁ'ui.Euganea?!

1993 4752 2122 4827 πρὸς
2152 4752 2213 4807 τὸ
2230 4752 2558 4827 ἀγέννητον.
2589 4752 2786 4827 caeteri
2809 4767 2947 4827 mss.
2973 4768 3095 4807 cum
3122 4752 3375 4827 editione
3389 4752 3553 4808 Com-

1986 4821 2134 4889 m'e|.,
2185 4825 2263 4893 τῷ
2295 4821 2504 4894 γενητῷ
2558 4823 2692 4946 πρὸς
2741 4823 2801 4874 τὸ
2852 4821 3131 4894 ἀγένητον.
3173 4821 3298 4875 Mox
3344 4823 3550 4905 Segne:

1986 4896 2148 4946 rian..
2196 4897 2315 4946 ἐπεὶ
2359 4897 2560 4946 ὅμοιον.
2631 4893 2737 4946 bid.
2782 4891 2925 4946 Felc.
2963 4894 3016 4946 5.
3061 4893 3122 4944 τὸ
3175 4892 3427 4946 γεννητὸν
3474 4910 3550 4946 τω

1985 4896 2148 4961 riam,
2196 4891 2326 4965 ἐπεὶ
2359 4891 2560 4965 ὅμοιον.
2604 4891 2737 4948 lbid.
2781 4891 3022 4965 Felc.},
3061 4893 3122 4944 τὸ
3175 4891 3438 4965 γεννητὸν
3474 4893 3552 4964 τῷ

1983 4967 2284 5035 ἀγεννήτῳ.
2317 4961 2473 5032 Reg“
2505 4964 2566 5016 τὸ
2612 4963 2835 5035 γενητὸν
2883 4961 2960 5035 τῷ
3003 4963 3298 5035 ἀγεννήτῳ.
3348 4961 3551 5035 Aliiet

1983 5032 2149 5091 editio
2174 5032 2466 5097 Commel.,
2499 5035 2558 5087 τὸ
2589 5032 2816 5104 γενητὸν
2844 5032 2921 5102 τῷ
2953 5032 3395 5104 ἀγενήτῳςιιεηι
3452 5032 3553 5104 ibi-

1983 5107 2105 5182 dem
2142 5105 2366 5182 Seguer.
2414 5101 2724 5182 ngleri:inl
2764 5114 2824 5182 et
2871 5101 3011 5182 Felc.
3064 5101 3553 5182 1,6pdivraL-goﬁro

1985 5175 2200 5246 βλέπειν
2220 5171 2420 5228 ἐκεῖνο.
2467 5175 2608 5229 Editi
2639 5183 2693 5228 et
2730 5175 2841 5238 alii,
2872 5175 3082 5246 ὁρῶντα
3109 5171 3299 5226 τοῦτον
3334 5171 3550 5242 βλέπειν

1983 5249 2208 5298 ἐκεῖνον.

2053 5264 2408 5386 ῗῖἰὸνίἶεείυε
2453 5314 2621 5386 codex
2655 5323 2710 5368 et
2736 5311 2881 5369 Felc.
2926 5315 2979 5381 5,
3007 5304 3319 5386 ἀγέννητον.
3351 5312 3456 5367 Alii
3497 5322 3552 5386 et

1983 5381 2468 5449 editio'Cotﬁmel”
2515 5385 2966 5455 ἀγένητονηίὺίό.
3009 5381 3100 5439 καί
3146 5381 3272 5440 ante
3319 5381 3551 5452 κτισμά-

1981 5473 2102 5536 των.
2118 5457 2346 5536 il‘eestiti
2373 5454 2686 5536 Segueriau.
2717 5465 2771 5510 et
2795 5454 2937 5536 RegL

2055 5526 2167 5596 (45)
2207 5523 2517 5596 Εεὶειίιηιιή.
2576 5526 2626 5589 5,
2683 5523 2960 5596 γεννητοῦ.
3017 5525 3211 5596 caeteri
3241 5535 3322 5596 iet
3380 5523 3550 5596 editio

1938 5600 1940 5602 ⁷
1980 5592 2269 5660 Commel.,
2307 5595 2566 5666 γενητῶν.
2609 5592 2742 5650 Ibid.
2789 5592 2921 5665 Reg.
2963 5606 3016 5650 et
3056 5595 3200 5649 Felc.
3237 5595 3290 5660 5,
3322 5594 3456 5666 πρὸς
3477 5592 3553 5666 ⁸τὸ

1980 5666 2295 5738 ἀγέννητον,
2321 5662 2623 5738 ’ἀγέννητον
2665 5667 2720 5738 δὲ
2753 5662 3086 5738 καθαίρεσις.
3126 5667 3228 5738 Alii
3267 5662 3389 5738 curii
3427 5662 3549 5718 edi-

1982 5736 2127 5792 tione
2153 5733 2442 5806 Commel.,
2476 5733 2611 5810 πρὸς
2639 5737 2698 5789 τὸ
2740 5733 3019 5807 ἀγένητον,
3050 5737 3311 5805 ἀγενήτου
3335 5733 3415 5796 δέ,
3439 5741 3550 5791 etc.
