3972 6224
378 353 444 406 79
933 349 993 409 S.
1029 347 1401 404 ATHANASH
1436 347 1586 405 OPP.
1629 347 1809 404 PARS
1847 349 1886 403 l.
1927 379 1995 388 —
2034 344 2399 402 HISTORICA
2438 345 2524 402 ET
2563 346 2982 406 DOGMATICA.
3513 345 3582 398 80

371 478 474 534 est,
500 477 575 534 et,
605 469 1046 540 Aliquando-non
1082 467 1202 524 fuit.
1240 467 1482 539 Namque
1512 468 1820 540 bujusmodi
1844 483 1923 523 vo

2037 483 2184 528 ποτε,
2214 467 2561 538 σημαίνωσινο
2589 469 2645 520 έν
2670 465 2776 540 γὰρ
2815 464 3023 528 τούτοις
3077 463 3143 516 τὰ
3167 461 3367 534 γενητὰ
3395 462 3488 514 καὶ
3519 461 3588 514 τὰ

371 563 526 618 cibus
553 577 640 617 res
667 561 822 618 facta
845 573 898 618 et
925 570 1118 617 creatae
1151 561 1474 617 indicantur.

439 655 531 713 35.
587 653 729 710 Sane
755 655 801 710 si
845 655 928 710 his
957 670 1076 725 quae
1103 663 1442 726 propugnant
1486 652 1835 719 confiderent,
1864 665 1928 706 ea

371 744 485 815 ipsa
517 753 699 801 essent
723 747 1022 811 retinenda,
1051 761 1151 801 nec
1182 747 1358 800 varias
1392 760 1527 815 opus
1555 753 1696 800 esset
1725 742 1929 797 iormas

371 850 670 892 assumere.
707 835 907 892 Verum
940 837 994 892 id
1044 836 1268 892 minime
1295 837 1504 902 volunt,
1538 850 1701 904 seque
1745 832 1928 888 omnia

372 927 530 984 facile
565 943 725 1000 posse
752 929 1103 994 arbitrantur,
1137 929 1182 983 si
1208 910 1412 982 'haeresi
1443 927 1544 980 hoc
1582 924 1798 979 nomine
1835 937 1929 978 co-

373 1026 593 1090 operta,
628 1019 948 1074 vocabulum
984 1035 1090 1072 non
1139 1019 1262 1072 facti
1295 1017 1606 1086 objecerint.
1653 1013 1756 1069 Sed
1782 1015 1926 1069 enim

375 1111 490 1166 haec
517 1109 632 1180 ipsa
658 1125 764 1164 non
792 1109 918 1166 facti
944 1111 1108 1165 dictio
1146 1123 1486 1179 nequaquam
1519 1108 1584 1161 ad
1614 1105 1810 1159 Filium
1841 1121 1926 1160 re-

373 1200 566 1268 fertur,
599 1200 861 1272 quidquid
894 1201 968 1255 illi
995 1210 1182 1256 contra
1208 1197 1559 1269 obganniant.
1595 1196 1688 1252 sed
1735 1199 1800 1250 ad
1840 1210 1926 1250 res

371 1291 576 1350 factas:
611 1293 767 1362 cujus
799 1291 1016 1362 quidem
1041 1291 1116 1345 rei
1144 1289 1271 1359 quid
1309 1289 1484 1344 simile
1520 1288 1698 1341 videre
1741 1293 1826 1340 est
1872 1283 1924 1339 in

370 1381 492 1438 istis
536 1381 795 1447 vocibus,
824 1379 1198 1450 Omnipotens,
1238 1386 1311 1443 et,
1348 1376 1609 1431 Dominus
1643 1375 1923 1430 virtutum.

367 1473 506 1531 Nam
543 1475 590 1532 si
614 1473 776 1531 Pater
821 1477 1004 1530 omnia
1035 1490 1130 1546 per
1169 1471 1404 1527 Verbum
1437 1470 1490 1524 iu
1522 1484 1618 1525 sua
1665 1475 1927 1538 potestate

371 1566 554 1633 habet,
585 1567 848 1638 gubernat
888 1575 943 1621 et
985 1564 1163 1635 regit;
1211 1564 1258 1618 si
1299 1561 1488 1618 eodem
1539 1557 1715 1614 Patris
1757 1571 1926 1626 regno

368 1657 571 1728 potitur
593 1656 786 1721 Filius,
827 1657 1188 1725 omnibusque
1238 1654 1464 1722 imperat
1505 1660 1563 1705 ut
1602 1649 1833 1704 Verbum
1873 1658 1926 1704 et

370 1748 549 1819 imago
563 1749 722 1821 345
744 1748 949 1804 Patris:
975 1746 1322 1803 manifestum
1340 1753 1424 1799 est
1446 1758 1619 1812 neque
1640 1743 1743 1798 hoc
1764 1741 1924 1796 modo

2028 558 2296 628 κτίσματα
2321 557 2686 628 σημαίνονται.

2095 649 2184 703 55.
2220 647 2363 701 Ἔδει
2395 645 2508 714 οὖν,
2538 649 2692 719 εἴπερ
2725 645 3015 719 θαρῤοὖσιν
3062 640 3144 708 οἷς
3192 643 3429 712 λέγουσι,
3467 658 3588 695 του-

2025 757 2136 803 τοις
2158 741 2250 794 καὶ
2273 740 2567 811 ἐπιμένειν,
2591 741 2684 794 καὶ
2742 739 2815 810 μὴ
2845 738 3096 800 ποικίλως
3128 737 3432 807 μεταποιεῖν
3465 736 3588 787 ὲαυ⁵

2026 832 2169 896 τούς.
2231 831 2371 885 Ἀλλ’
2432 833 2493 886 ού
2544 831 2758 884 θέλουσι
2819 829 2952 900 (55),
3008 827 3313 898 νομίζοντες
3351 824 3587 897 εὐχερῶς

2027 924 2239 978 ἅπαντα
2261 923 2536 984 δύνασθαι.
2585 923 2677 976 ὲάν
2705 922 2782 993 τῷ
2827 922 3044 992 ὀνόματι
3088 917 3260 988 τούτῳ
3298 917 3587 980 σκέποντες

2025 1015 2122 1088 τὴν
2155 1016 2364 1088 αἵρεσιν
2391 1015 2766 1088 προϐάλωνται
2792 1014 2852 1067 τὸ
2876 1015 3155 1083 ἀγένητον·
3208 1012 3302 1065 καὶ
3347 1011 3454 1084 γὰρ
3493 1013 3587 1065 καὶ

2026 1109 2155 1162 αὐτὸ
2173 1109 2234 1163 τὸ
2258 1107 2354 1162 τοῦ
2383 1109 2642 1179 ἀγενήτου
2676 1107 2925 1172 λεξείδιον
2949 1107 3009 1159 ού
3030 1106 3163 1179 πρὸς
3194 1106 3284 1158 τὸν
3315 1105 3442 1158 Υίὸν
3476 1103 3589 1174 ἔχει

2024 1199 2122 1271 τὴν
2151 1200 2442 1272 σημασίαν,
2469 1198 2569 1253 κᾶν
2602 1193 2744 1252 οὗτοι
2780 1197 3118 1266 γογγύζωσιν
3146 1196 3276 1267 (56),
3295 1195 3426 1250 ἀλλά
3453 1194 3587 1265 πρὸς

2025 1291 2092 1344 τὰ
2122 1291 2342 1362 γενητάο
2375 1289 2468 1344 καὶ
2488 1291 2670 1360 ὅμοιον
2690 1288 2754 1343 ἄν
2777 1306 2860 1352 τις
2893 1289 2991 1342 ῐδοι
3031 1287 3218 1342 τούτου
3253 1289 3334 1349 τὸ,
3381 1287 3584 1340 Παντο-

2028 1381 2266 1453 κράτωρ,
2301 1381 2495 1444 καὶτὸ,
2529 1379 2730 1452 Κύριος
2765 1379 2871 1433 τῶν
2923 1379 3226 1450 δυνάμεων.
3255 1379 3317 1431 Εἰ
3347 1376 3452 1447 γὰρ
3478 1375 3587 1430 τῶν

2026 1473 2239 1526 πάντων
2264 1473 2293 1525 6
2314 1471 2500 1543 Πατὴρ
2525 1471 2612 1525 διὰ
2638 1470 2729 1524 τοῦ
2758 1472 2929 1545 Λόγρυ
2966 1473 3174 1544 κρατεῖ,
3203 1471 3296 1524 καὶ
3323 1467 3584 1541 κυριεύει,

2025 1564 2120 1617 καὶ
2140 1564 2241 1636 τὴν
2267 1563 2540 1634 βασιλείαν
2565 1563 2677 1635 (57)
2724 1561 2818 1616 τοῦ
2850 1563 3060 1635 Πατρὸς
3088 1561 3350 1632 βασιλεύει
3377 1562 3405 1613 ό
3436 1559 3584 1625 Υίὸς,

2025 1655 2116 1708 καὶ
2137 1655 2196 1707 τὸ
2226 1654 2425 1726 κράτος
2463 1654 2679 1708 πάντων
2709 1654 2842 1725 ἕχει,
2875 1653 2949 1718 ὡς
2993 1654 3161 1722 Λόγος
3187 1654 3281 1706 καὶ
3321 1651 3395 1716 ὡς
3421 1648 3586 1705 εἰκὼν

2023 1746 2116 1800 τοῦ
2145 1745 2375 1816 Πατρός
2434 1744 2650 1816 εὕδηλον
2701 1745 2775 1809 ὡς
2810 1745 2929 1799 οὐδὲ
2971 1738 3072 1798 ὧδε
3118 1746 3231 1806 τοῖς
3280 1743 3411 1796 πᾶσι
3461 1757 3588 1796 συν-

367 1838 563 1896 Filium
615 1840 756 1896 inter
808 1855 894 1896 res
943 1854 1129 1895 omnes
1185 1835 1472 1902 collocari,
1528 1849 1704 1904 neque
1751 1831 1920 1889 Deum

2024 1834 2325 1908 ἀριθμεῖται
2351 1837 2380 1888 6
2402 1835 2549 1898 Υἱὸς,
2579 1834 2699 1888 ούδὲ
2730 1835 2798 1888 δι’
2827 1833 2986 1888 αὑτὸν
3035 1833 3252 1902 λέγεται
3275 1831 3590 1904 Παντοκρά-

367 1940 586 2002 propter
643 1931 857 2001 ipsum,
902 1929 1335 2000 Omnipotcntem
1393 1937 1444 1981 et
1489 1925 1774 1982 Dominum
1827 1938 1925 1994 ap-

368 2024 577 2095 pellari,
595 2024 689 2080 sed
719 2031 936 2094 propter
957 2037 1044 2077 res
1069 2036 1164 2091 per
1183 2019 1376 2074 Filium
1404 2018 1592 2084 factas,
1607 2017 1804 2088 quibus
1829 2031 1924 2086 per

371 2113 606 2172 Verbum
634 2123 688 2170 et
722 2115 952 2184 imperat
981 2121 1034 2168 et
1077 2111 1408 2168 dominatur.
1463 2108 1726 2164 Similiter
1761 2107 1923 2178 igitur

367 2223 467 2262 nec
492 2223 595 2262 vox
623 2220 732 2262 non
781 2205 907 2260 facti
959 2205 1025 2259 ad
1066 2203 1261 2258 Filium
1309 2202 1562 2268 refertur,
1600 2200 1691 2256 sed
1724 2201 1790 2255 ad
1837 2215 1922 2255 res

366 2317 463 2371 per
489 2299 685 2356 Filium
720 2299 890 2356 factas
926 2317 940 2354 :
977 2299 1138 2369 idque
1173 2313 1282 2352 non
1312 2297 1602 2352 immerito.
1641 2293 1750 2349 Nec
1777 2293 1921 2348 enim

372 2389 518 2446 Deus
541 2403 721 2444 rerum
755 2387 1020 2444 factarum
1051 2395 1136 2443 est
1181 2386 1397 2452 similis,
1430 2386 1522 2442 sed
1551 2400 1738 2441 earum
1769 2399 1923 2439 crea-

367 2485 454 2535 tor
481 2494 576 2551 per
600 2478 796 2533 Filium
824 2487 878 2534 et
907 2477 1126 2534 effector
1151 2487 1253 2532 est.
1290 2476 1461 2532 Porro
1493 2485 1552 2530 ut
1591 2477 1706 2531 haec
1733 2474 1920 2541 dictio,

366 2586 476 2626 non
501 2570 722 2634 factum,
748 2570 814 2625 ad
834 2585 920 2626 res
945 2569 1115 2626 factas
1138 2569 1414 2624 referenda
1439 2578 1542 2636 est,
1567 2569 1640 2624 ita
1668 2584 1770 2623 vox
1796 2569 1920 2632 ista,

365 2659 545 2727 Pater,
596 2661 663 2716 ad
689 2659 887 2715 Filium
939 2659 1186 2714 refertur.
1221 2657 1358 2714 Hinc
1385 2660 1478 2730 qui
1507 2661 1672 2715 Deum
1700 2659 1917 2714 effecto-

364 2765 504 2818 rem,
532 2750 782 2820 0pilieem
822 2760 875 2805 et
908 2766 1016 2805 non
1061 2749 1262 2806 factum
1308 2749 1559 2820 appellat,
1595 2764 1681 2804 res
1711 2759 1920 2804 creatas

365 2847 420 2894 et
470 2837 642 2895 factas
688 2840 945 2910 perspicit
988 2851 1040 2895 et
1086 2840 1378 2912 intelligit:
1415 2840 1506 2909 qui
1541 2847 1721 2893 autem
1754 2839 1919 2894 Deum

365 2925 578 2984 Patrem
609 2940 788 2997 vocat,
830 2932 1010 2986 statim
1043 2931 1238 2986 Filium
1286 2931 1521 3002 concipit
1573 2939 1628 2985 et
1657 2929 1918 3000 agnoscit.

368 3020 633 3090 Quocirca
665 3022 798 3077 mira
824 3023 1063 3093 profecto
1090 3024 1337 3079 videatur
1364 3023 1581 3078 illorum
1611 3021 1665 3076 in
1705 3021 1921 3091 pr0pria

368 3113 645 3184 impietate
677 3114 998 3184 pervicacia.
1045 3113 1178 3170 Nam
1207 3115 1455 3186 quamvis
1505 3131 1606 3170 vox
1639 3130 1746 3170 non
1794 3112 1918 3169 facti

368 3218 576 3262 rectum
599 3222 758 3278 quem
787 3223 949 3278 supra
976 3184 1460 3264 diximttssensum
1484 3209 1700 3274 habeat,
1729 3209 1920 3279 pieque
1948 3184 1990 3240 (ἶ

366 3299 541 3368 possit
570 3300 821 3370 usurpari
853 3318 866 3355 :
901 3300 1000 3365 illi,
1031 3309 1091 3356 ut
1123 3317 1236 3357 sua:
1267 3303 1674 3372 patrocinentur
1703 3301 1916 3366 haeresi,

366 3389 552 3445 eadem
585 3405 716 3446 voce
735 3391 801 3445 ad
827 3391 944 3447 Filii
975 3394 1357 3449 contumeliam
1398 3395 1713 3450 abutuntur.
1745 3391 1920 3449 Nimi-

365 3495 487 3534 rum
518 3495 625 3535 non
654 3481 897 3551 legerunt
926 3497 1049 3537 eum
1079 3483 1172 3553 qui
1198 3482 1393 3537 Filium
1427 3484 1678 3548 honorat,
1703 3482 1917 3539 Patrem

367 3587 588 3642 quoque
621 3571 912 3638 honorare,
941 3582 994 3628 et
1017 3574 1111 3645 qui
1146 3573 1341 3631 Filium
1369 3575 1566 3647 injuria
1602 3577 1781 3637 allicit.
1815 3577 1912 3634 Pa-

369 3672 504 3718 trem
531 3662 783 3718 similiter
815 3663 1002 3720 eadem
1051 3665 1261 3722 allicere
1295 3666 1492 3738 injuria
1521 3668 1588 3724 ".
1633 3667 1922 3725 Enimvero

367 3756 413 3812 si
451 3755 622 3828 gloria
661 3765 715 3811 et
747 3756 921 3812 honor
943 3755 1117 3813 Patris
1147 3757 1254 3814 illis
1283 3774 1427 3814 cura:
1453 3758 1667 3827 fuisset,
1697 3761 1921 3817 debuis-

367 3856 490 3903 sent
510 3848 713 3919 potius,
739 3849 884 3919 quod
907 3857 959 3904 et
982 3849 1594 3906 convenientiusfuisset
1611 3858 1666 3906 et
1683 3853 1920 3922 dignius,

366 3937 602 4007 Patrem,
632 3939 802 3996 Deum
833 3956 1129 4012 agnoscere
1159 3951 1213 3996 et
1252 3942 1448 4008 dicere,
1474 3959 1638 4015 quam
1668 3960 1792 4000 eum
1820 3945 1923 4001 hoc

370 4029 588 4086 nomine
619 4030 879 4086 indicare.
921 4030 1054 4086 Nam
1081 4048 1203 4088 cum
1233 4031 1400 4088 Deum
1453 4050 1561 4088 non
1593 4033 1796 4089 factum
1825 4049 1922 4104 ap-

368 4120 588 4190 pellant,
613 4135 760 4189 eum,
785 4124 1241 4193 quemadmodum
1278 4125 1410 4191 dixi,
1456 4142 1525 4181 ex
1551 4125 1714 4182 factis
1745 4127 1923 4197 operi-

437 4235 484 4268 "
513 4233 670 4290 Joan.
697 4251 753 4302 v,
781 4235 872 4292 25.

439 4344 554 4418 (55)
593 4344 684 4400 Sic
713 4345 933 4418 Seguer.
962 4348 1116 4418 Gobl.
1153 4358 1209 4404 et
1237 4349 1380 4405 Felc.
1415 4349 1464 4403 ι.
1492 4348 1560 4404 At
1581 4348 1708 4404 editi
1731 4356 1779 4404 et
1804 4347 1916 4418 alii,

367 4414 698 4496 μελήσουσιν.
723 4414 896 4496 Paulo
923 4428 1050 4496 post
1068 4417 1206 4496 _Re_g.
1229 4420 1399 4496 _Basil.
1427 4419 1660 4490 Anglic,
1690 4417 1921 4496 προὸάὶς

368 4484 580 4560 λωνται.
643 4484 978 4560 Reg.uibid'.,
1035 4489 1093 4542 τὸ
1143 4484 1451 4560 ἀγέννητον,
1501 4484 1557 4543 ἐι
1613 4484 1760 4552 πηοί,
1822 4487 1918 4542 τοῦ

368 4503 580 4538 Αωνται.
643 4503 775 4609 ιιοὲ
826 4503 978 4549 iutu.,
1035 4503 1093 4542 το
1143 4503 1451 4560 αγεννητον,
1501 4503 1557 4543 et
1613 4505 1760 4552 mox,
1822 4505 1918 4542 του

367 4555 707 4636 ἀγεννῄτουλ
771 4557 865 4610 diti
896 4563 1030 4636 Vero
1075 4569 1128 4636 e_t
1155 4561 1270 4636 alii,
1298 4559 1578 4636 ἀγένητον,
1608 4568 1680 4636 et,
1718 4560 1920 4636 ἀγενή-

365 4623 644 4716 ’Ξξὶυκὲἑδὶφ
675 4623 896 4716 539,?!-
923 4630 1023 4716 ἐξφῖ
1055 4623 1674 4716 γίῗιρίέεριληαέῖδὲδέοὲέ
1693 4623 1922 4716 “si-335*:

368 4695 458 4776 sil;
494 4694 648 4778 item,
683 4694 894 4778 Anglic:
922 4694 1253 4778 Regfﬂolll.
1282 4699 1424 4778 Felc.
1458 4699 1483 4753 1
1524 4708 1579 4754 et
1605 4698 1659 4764 5,
1705 4699 1837 4753 αὐτὸ
1861 4698 1922 4752 τὸ

365 4763 491 4838 τοῦ,
506 4762 673 4838 βάὶιί,
706 4762 800 4819 καῖ
831 4766 938 4838 γὰρ
971 4762 1100 4838 αύτὸ
1125 4767 1282 4822 τοῦτο
1308 4770 1422 4822 τοῦ.

439 4834 552 4908 (56)
593 4837 816 4908 Seguer.
846 4834 1224 4906 γογγύζουσιν.
1264 4840 1399 4894 Ibid.
1429 4837 1560 4908 Reg.
1587 4847 1641 4892 et
1678 4837 1822 4892 Felc.
1865 4838 1918 4904 5,

367 4904 503 4959 ἀλλὰ
712 4904 782 4959 τὰ
794 4904 1212 4989 ἠγεννητάεὶΑίξὶ
1252 4921 1306 4964 et
1338 4910 1486 4989 editi,
1512 4904 1653 4989 ἀλλά
1693 4908 1829 4979 πρὸς
1853 4908 1923 4989 τὰ

368 4973 762 5057 μήτέ-,βίος
792 4973 1014 5057 Segugr.
1052 4977 1215 5057 Basil.
1255 4989 1308 5034 et
1333 4981 1572 5057 Anglic:
1609 4973 1922 5057 ﬂuvios:de-

369 5043 500 5127 τωρζ
536 5043 676 5100 Editi
708 5053 763 5100 et
793 5043 904 5111 alii,
937 5048 1334 5122 Παντόκρατορ.
1376 5043 1508 5104 Ibid.
1539 5048 1790 5118 Seguer.,
1827 5043 1921 5102 καὶ

370 5111 591 5163 Κύριος.
627 5115 784 5163 Gobl.
825 5127 878 5163 et
913 5115 1057 5163 Felc-
1095 5121 1144 5163 t-
1178 5119 1272 5163 καὶ
1315 5118 1502 5163 Κύριε-
1542 5117 1680 5163 Editi
1723 5130 1776 5163 at
1804 5119 1916 5163 alii-

371 5115 591 5183 Κύριος,
627 5115 784 5170 Gobl.
825 5127 878 5172 et
912 5115 1057 5172 Felc.
1095 5115 1503 5190 1,’καὶ’Κύριε.
1539 5115 1682 5174 Editl
1723 5130 1776 5175 et
1804 5119 1918 5186 alii,

371 5181 552 5254 milia
574 5183 763 5254 Ιςύριε.
1294 5253 1329 5254 ί
1519 5235 1522 5238 ~

427 5249 558 5332 ⁸(5Ἰ)
601 5249 1249 5332 Si'e_Seguer.‘tx‘obl._et
1291 5253 1435 5332 licio.
1486 5256 1535 5308 l.
1583 5257 1652 5310 At
1695 5257 1822 5312 editi
1865 5264 1921 5332 et

371 5319 461 5395 alii
494 5319 580 5395 hic
619 5319 950 5395 addunt'_xat
977 5323 1265 5393 βασιλεύει.
1293 5322 1468 5395 Paulo
1501 5336 1623 5395 post
1659 5343 1788 5382 mss.
1826 5327 1918 5380 καὶ

453 5389 674 5476 κράτος,
709 5390 764 5476 In
788 5393 945 5448 editis
973 5389 1064 5448 καί
1093 5399 1261 5451 deest.
1292 5392 1413 5448 Mos
1442 5389 1690 5474 segnem,
1713 5395 1788 5460 ὡς
1815 5397 1918 5451 Δό-

371 5474 484 5527 γος.
516 5462 591 5522 ὡς
627 5462 807 5514 εἰκών.
910 5524 936 5527 _
1520 5462 1538 5465 ⁷
1608 5469 1612 5474 ’

445 5527 561 5608 (58)
603 5527 823 5608 §_egue_r.
847 5571 861 5594 ,
899 5524 974 5585 ὧν
1013 5535 1106 5608 καί
1139 5533 1540 5608 κρατεῖηΕόίιί
1581 5544 1634 5590 et
1683 5529 1918 5608 a_lii,itbv

370 5599 577 5722 κιρατετ.
610 5597 730 5652 Md:
765 5598 894 5670 Reg.
928 5613 980 5656 et
1014 5597 1249 5659 Felckin.
1281 5605 1334 5669 5,
1360 5605 1668 5676 ἀγέννητον.
1697 5597 1836 5660 Ειιῐιὶ
1864 5614 1918 5660 et

370 5685 399 5723 a
423 5684 480 5723 ιι.
508 5668 785 5723 ἀγένητον.

446 5686 480 5731 ι,
508 5685 785 5738 αγενητον.

443 5739 554 5810 (59)
583 5738 804 5809 Seguer.
838 5739 1055 5795 Gobler.
1081 5751 1133 5796 et
1163 5741 1393 5796 Felckm.
1422 5745 1472 5812 1,
1499 5745 1564 5800 δι’
1598 5742 1745 5801 Υίοῦ.
1771 5745 1910 5800 Editi

2019 1943 2134 1998 τωρ
2159 1927 2251 1980 καὶ
2277 1925 2499 2000 Κύριος,
2524 1926 2659 1980 άλλά
2695 1926 2783 1981 διὰ
2828 1926 2897 1980 τά
2942 1926 3009 1979 δι’
3033 1925 3160 1979 Υίοῦ
3195 1925 3478 1996 γενόμενα,
3508 1917 3584 1980 ὧν

2021 2018 2112 2070 καὶ
2137 2021 2326 2090 κρατεῖ
2350 2017 2461 2087 (58)
2491 2019 2584 2072 καὶ
2615 2017 2856 2089 κυριεύει
2884 2019 2971 2072 διὰ
2991 2015 3085 2070 τοῦ
3115 2017 3309 2085 Λόγου.
3357 2016 3466 2068 Καὶ⁵
3521 2015 3584 2069 τὸ

2021 2111 2276 2184 ἀγένητον
2297 2112 2402 2182 ἀρα
2427 2111 2487 2163 οὐ
2504 2110 2590 2165 διὰ
2616 2110 2707 2164 τὸν
2731 2110 2879 2173 Υίὸν,
2894 2108 3027 2162 ἀλλά
3051 2107 3137 2162 διά
3157 2107 3226 2161 τὰ
3244 2108 3310 2161 δι’
3329 2104 3456 2160 Υίοῦ
3475 2106 3583 2177 (59)

2021 2203 2287 2272 γενόμενα
2321 2201 2661 2273 σημαίνεται*
2699 2201 2793 2258 καὶ
2820 2200 3019 2265 καλῶς,
3045 2201 3125 2254 δτι
3175 2201 3273 2252 οὐκ
3320 2199 3463 2252 ἐστιν
3508 2199 3585 2262 ὡς

2020 2292 2089 2346 τὰ
2117 2291 2319 2364 γενητὰ
2348 2294 2376 2344 6
2399 2292 2550 2356 Θεὸς,
2584 2291 2718 2345 ἀλλὰ
2745 2291 2838 2346 καὶ
2866 2291 3066 2344 τούτων
3109 2291 3328 2362 κτίστης
3356 2290 3443 2343 διὰ
3487 2288 3582 2342 τοῦ

2022 2384 2150 2438 Υίοῦ
2175 2384 2269 2438 καὶ
2295 2384 2622 2455 δημιουργός
2679 2385 2843 2438 ἐστιν.
2877 2384 3083 2450 Ὥσπερ
3113 2383 3168 2436 δὲ
3197 2383 3257 2436 τὸ
3303 2382 3579 2454 ἀγένητον.

2022 2476 2157 2546 πρὸς
2186 2476 2253 2530 τὰ.
2272 2476 2473 2547 γενητὰ
2505 2475 2614 2546 (60)
2651 2475 2990 2546 σημαίνεται,
3021 2474 3193 2538 οὕτως
3236 2476 3332 2528 καὶ
3374 2475 3434 2526 τὸ
3468 2474 3581 2527 Πα-

2020 2566 2124 2638 τὴρ
2154 2567 2444 2640 δηλωτικόν
2475 2569 2588 2620 ἐστι
2619 2567 2712 2620 τοῦ
2734 2567 2884 2620 Υίοῦ·
2917 2567 3011 2620 καὶ
3041 2569 3070 2620 ὁ
3101 2566 3197 2637 μὲν
3233 2564 3456 2636 ποιητὴν
3489 2565 3584 2618 καὶ

2020 2659 2346 2731 δημιουργὸν
2377 2660 2470 2712 καὶ
2501 2659 2758 2730 ἀγένητον
2788 2658 2898 2728 (61)
2923 2658 3199 2729 ὀνομάζων
3228 2658 3321 2710 τὸν
3349 2656 3481 2709 Θεὸν
3509 2655 3584 2711 τὰ

2021 2751 2294 2821 κτίσματα
2329 2751 2421 2804 καὶ
2448 2749 2516 2803 τά
2541 2749 2742 2821 γενητὰ
2771 2748 2956 2821 βλέπει
2978 2750 3072 2802 καὶ
3100 2747 3516 2818 καταλαμϐάνειο
3549 2748 3584 2803 6

2022 2841 2080 2895 δὲ
2105 2841 2193 2894 τὸν
2217 2840 2348 2893 Θεὸν
2389 2839 2609 2910 Πατέρα
2629 2837 2826 2903 καλῶν,
2861 2838 3020 2902 εὐθὺς
3051 2837 3141 2892 τὸν
3182 2836 3307 2889 Υίὸν
3341 2838 3449 2888 νοεῖ
3488 2834 3583 2890 καὶ

2022 2930 2233 3002 θεωρεῖ.
2265 2931 2354 2984 Διὸ
2385 2932 2478 2985 καὶ
2525 2931 2853 3002 Θαυμάσειεν
2887 2929 2950 2984 ἄν
3001 2947 3084 2992 τις
3131 2927 3308 2981 αὐτῶν
3349 2927 3456 2999 (62)
3482 2927 3582 2998 τὴν

2021 3024 2105 3076 ἐπ’
2138 3023 2356 3093 ἀσεϐείᾳ
2386 3022 2730 3092 φιλονεικίαν,
2763 3023 2864 3086 ὅτι,
2884 3020 3059 3075 καίτοι
3088 3021 3180 3075 καὶ
3198 3019 3291 3074 τοῦ
3319 3019 3577 3091 ὀνόματος

2022 3115 2114 3170 τοῦ
2144 3117 2403 3189 ἀγενήτου
2432 3115 2599 3189 καλὴν
2631 3114 2840 3188 ἔχοντος
2882 3115 2980 3188 τὴν
3026 3117 3424 3188 ποοειρημένην
3467 3116 3581 3169 διά-

2022 3228 2188 3276 νοιαν,
2230 3211 2324 3264 καὶ
2376 3209 2669 3280 δυναμένου
2729 3209 2844 3280 μετ’
2876 3208 3150 3272 εὐσεϐείας
3201 3207 3577 3279 ὀνομάζεσθαι,

2024 3303 2176 3356 αὐτοὶ
2204 3301 2343 3354 κατά
2371 3301 2468 3372 τὴν
2500 3301 2632 3354 ἰδίαν
2657 3300 2864 3372 αἵρεσιν
2892 3300 3249 3371 προφέρουσιν
3275 3302 3358 3352 ἐπ’
3387 3301 3580 3372 ἀτιμία

2022 3395 2115 3448 τοῦ
2142 3392 2292 3456 Υίοῦ,
2323 3393 2421 3445 οὐκ
2469 3392 2788 3461 ἀναγνόντες
2811 3392 2891 3445 ὅτι
2913 3393 2941 3443 6
2971 3390 3144 3461 τιμῶν
3167 3390 3258 3444 τὸν
3288 3390 3414 3446 Υίὸν
3441 3393 3576 3462 τιμᾷ

2024 3485 2114 3537 τὸν
2139 3485 2375 3557 Πατέρα,
2407 3486 2498 3539 καὶ
2527 3487 2555 3538 ὁ
2577 3484 2666 3538 τὸν
2703 3483 2833 3537 Υἰὸν
2887 3483 3161 3554 ἀτιμάζων
3191 3483 3442 3555 ἀτιμάζει
3488 3485 3581 3540 τὸν

2023 3575 2258 3648 Πατέρα.
2291 3577 2352 3630 Et
2379 3576 2488 3648 γὰρ
2514 3575 2648 3638 ὅλως
2670 3576 2852 3639 αὐτοῖς
2901 3575 3174 3644 εὐφημίας
3225 3575 3319 3628 καὶ
3357 3576 3453 3646 τῆς
3497 3577 3577 3640 είς

2022 3669 2114 3722 τὸν
2133 3669 2347 3740 Πατέρα
2373 3669 2536 3740 τιμῆς
2562 3667 2770 3739 ἔμελεν,
2803 3667 2908 3720 ἔδει
2939 3665 3154 3737 μᾶλλον,
3172 3667 3266 3720 καὶ
3289 3666 3445 3720 τοῦτο
3464 3665 3578 3738 (65)

2023 3759 2230 3830 βέλτιον
2259 3761 2352 3816 καὶ
2382 3761 2561 3832 μεῖζον
2581 3756 2668 3832 ἦν,
2711 3759 2926 3832 Πατέρα
2957 3759 3049 3812 τὸν
3096 3758 3225 3812 Θεὸν
3279 3759 3470 3813 εἰδέναι
3514 3773 3577 3812 τι

2021 3853 2116 3907 καὶ
2142 3852 2318 3922 λέγειν
2347 3852 2560 3916 αὐτοὺς,
2595 3852 2628 3922 ἢ
2656 3851 2876 3915 ἐκείνως
2907 3849 3190 3923 ὀνομάζειν
3247 3851 3426 3904 αὐτόν.
3469 3848 3573 3903 A6-

2020 3961 2206 4014 γοντες
2237 3945 2334 4015 μὲν
2359 3943 2466 4016 γὰρ
2511 3945 2704 3998 ἐκεῖνοι
2741 3943 2832 3997 τὸν
2872 3942 3004 3998 Θεὸν
3049 3943 3306 4012 ἀγένητον
3340 3941 3471 4013 (64),
3509 3941 3575 3996 ἐκ

2021 4034 2129 4088 τῶν
2155 4035 2457 4105 γενομένων
2475 4033 2651 4106 ἔργων
2678 4035 2858 4096 αὑτὸν,
2886 4034 3133 4105 καθάπερ
3161 4035 3392 4106 εἴρηται,
3421 4050 3574 4104 ποιη-

2019 4126 2118 4196 τὴν
2147 4125 2304 4196 μόνον
2330 4125 2422 4178 καὶ
2467 4124 2790 4196 δημιουργὸν
2847 4123 3081 4194 λέγουσι,
3125 4123 3448 4195 νομίζοντες,
3491 4123 3571 4176 ὄτι

2022 4360 2076 4432 et
2096 4351 2210 4432 alii,
2236 4349 2324 4432 διά
2357 4349 2526 4432 Ἰησοῢ
2550 4349 2803 4432 Χριστοῦε
2831 4350 3052 4432 ξςευθγε
3080 4349 3231 4413 ibid.,
3256 4347 3349 4402 καὶ
3370 4348 3567 4432 γρᾶες.

2024 4420 2080 4474 1η
2115 4421 2234 4476 aliis
2264 4430 2316 4474 et
2344 4419 2502 4476 editis
2534 4419 2682 4476 deest
2709 4421 2817 4474 καί.
2845 4419 2962 4490 Mos
2999 4419 3161 4482 idem,
3194 4420 3394 4490 γενητά
3417 4419 3562 4485 Θεός.

1950 4475 1994 4534 Β
2022 4489 2161 4546 Editi
2191 4475 2384 4560 etalii,
2411 4490 2610 4560 γενητά
2637 4475 2666 4544 6
2697 4491 2846 4553 Θεός.
2883 4489 3037 4558 Reg.,
3069 4475 3318 4560 γεννητάί

2098 4559 2378 4633 (σοῌίεεο
2422 4557 2476 4616 ει
2500 4557 2740 4633 Eelckm-
2774 4561 2826 4624 5.
2856 4557 3145 4633 ἀγέννητον
3183 4559 3316 4629 πρὸς
3346 4557 3568 4633 τάχει·

2022 4627 2351 4702 νητά.Ἐ(1ἰιῖ
2380 4639 2433 4684 et
2464 4631 2589 4693 alii,
2624 4631 2882 4701 ἀγένητον
2908 4627 3050 4698 πρὸς
3080 4629 3146 4681 τὰ
3184 4627 3400 4696 γενττά.
3434 4627 3564 4682 Ibid.

2025 4699 2270 4754 Semen.
2303 4700 2356 4754 δὲ
2388 4699 2447 4752 τὸ
2478 4699 2735 4754 ἀγένητον
2754 4739 2768 4754 .
2800 4709 2852 4753 et
2877 4714 3029 4754 mox.
3071 4699 3240 4754 οὕτως
3267 4669 3327 4750 τὸ
3358 4699 3564 4754 Πατήρ.

2025 4699 2270 4782 Sé-guer.,
2303 4700 2356 4754 δὲ
2388 4699 2447 4752 τὸ
2478 4699 2735 4771 ἀγένητον
2754 4699 2852 4759 ,ει
2877 4714 3029 4762 mox,
3071 4699 3240 4760 οὕτως
3267 4699 3327 4750 τὸ
3358 4699 3564 4770 Πατήρ.

2021 4767 3391 4858 Εάιιξίεκδξάγέγητεγι,ςξρθῖωςλξξὲῖέἔαῖῦρ;--

2094 4841 2202 4910 (6t)
2245 4838 2373 4911 Reg.
2408 4838 2461 4894 et
2489 4838 2723 4895 Felcltm.
2759 4839 2812 4901 5,
2849 4838 3167 4910 ἀγέννητον,
3190 4847 3242 4890 et
3271 4852 3414 4898 mox,
3445 4853 3570 4906 7w-

2022 4910 2175 4979 νητά.
2225 4909 2382 4979 Editii
2406 4917 2458 4963 et
2505 4910 2615 4974 alii,
2667 4907 2968 4979 ἀγένητον,
3010 4917 3063 4961 et
3108 4906 3326 4979 γενητά.
3366 4907 3564 4962 Ibidem

2021 4978 2319 5060 Gob’lfr.het
2346 4978 2579 5060 Felckm:
2611 4981 2662 5060 1“,
2693 4978 3016 5060 δημιουργὸν
3037 4978 3339 5060 ¹ὀνομάζωνζ
3404 5047 3416 5058 ⁸

2093 5049 2203 5119 (62)
2247 5048 2468 5118 Seguer.
2517 5048 2694 5102 αὐτῶν
2736 5045 2953 5100 omittit.
2999 5045 3151 5101 ldem'
3193 5056 3247 5101 et
3296 5045 3459 5100 Basil.
3513 5055 3569 5100 et

2020 5119 2252 5200 Anglic"
2288 5120 2381 5200 ,ἐπ’
2416 5118 2657 5200 ἀσεϐείᾳ.
2682 5115 2845 5200 “Editi
2872 5116 3307 5200 ,‘énjﬁeﬁ'stac.
3342 5114 3562 5200 ξορρεξτ.

2021 5185 2175 5254 ibid.,
2210 5188 2382 5240 καίτοι
2412 5189 2504 5241 κα)⁵
2538 5185 2650 5240 τοῦ.
2682 5185 2822 5241 Editi
2853 5196 2908 5241 et
2935 5187 3047 5254 alii,
3083 5185 3396 5240 καίτοιτοῦ.
3421 5185 3562 5239 Ibid.

2019 5257 2240 5346 litiget
2277 5256 2510 5312 Felckm.
2556 5256 2609 5325 5,
2642 5256 2954 5329 ἀγεννήτου.
2999 5255 3139 5311 Editi
3176 5264 3231 5312 et
3273 5255 3400 5322 alii,
3433 5256 3561 5324 ἀγε-

2019 5344 2195 5394 νητου.

2069 5391 2198 5466 (65)
2258 5395 2504 5466 Seguer.,
2549 5395 2654 5450 ἔδει
2701 5395 2898 5467 μᾶλλον
2941 5396 3031 5457 δὲ,
3081 5394 3174 5449 καὶ
3219 5393 3395 5450 τοῦτο.
3441 5391 3567 5449 Mox

2018 5481 2219 5546 omnes
2250 5481 2382 5546 mss:
2412 5477 2601 5546 praeter
2649 5465 2881 5546 Felckm.
2922 5466 2971 5546 2_
3000 5463 3226 5546 habent,
3269 5464 3567 5546 mtuebam;

2048 5549 2297 5607 νομαςειν
2324 5549 2503 5602 αυτόν,
2531 5552 2651 5607 qua:
2682 5549 2880 5592 absunt
2922 5549 2991 5591 ab
3037 5549 3273 5590 editione
3299 5549 3562 5589 Lommet.

2017 5533 2503 5659 ἒῖοιμεῄξὶπὶαὲτόν,
2531 5552 2651 5607 quae
2682 5537 2880 5592 absunt
2922 5536 2991 5591 ab
3037 5535 3273 5590 editione
3291 5533 3543 5589 'Commel

2025 5645 2069 5658 ν’
2089 5645 2454 5744 (sifti'éigfln
2484 5673 2719 5730 Felrltm.
2751 5675 2804 5744 5,
2850 5675 3160 5746 ἀγέννητον.
3189 5673 3291 5729 Alii
3323 5681 3375 5729 et
3399 5670 3567 5732 editio

2025 5743 2308 5799 Cummel..
2343 5745 2618 5799 ἀγένητον.

2071 5761 2283 5801 untuIeI.
2295 5786 2308 5810 ,
2343 5761 2618 5816 αγενητον.
