3972 6224
372 301 432 357 8|
1452 300 1719 360 ORATIO
1755 301 1774 357 Ι
1813 302 2090 360 CONTRA
2127 304 2446 363 ANANOS.
3521 306 3592 360 83

375 421 463 475 καὶ
491 418 584 474 τὸν
611 419 781 489 Λόγον
808 421 1018 493 ποίημα
1048 425 1111 476 lx
1146 422 1333 477 τούτου
1364 425 1643 494 σημαίνειν
1689 422 1928 480 δύνανται

2042 426 2143 483 bus
2173 427 2478 483 etl‘ectorem
2516 427 2776 504 duntaxat
2802 436 2856 484 et
2883 427 3129 500 opiﬁcem
3159 433 3373 493 vocant,
3399 427 3502 480 rati
3532 443 3591 481 se

375 511 510 566 κατὰ
531 510 631 582 τὴν
666 512 802 566 ίδίαν
829 513 1036 586 ήδονίγνο
1061 518 1090 569 6
1125 515 1181 569 δὲ
1211 515 1300 569 τὸν
1329 515 1460 569 Θεὸν
1499 516 1717 589 Πατέρα
1747 515 1936 584 λέγων,

373 605 436 657 lx
456 602 552 658 106
585 604 716 658 Υῑοῦ
746 606 932 662 τοῦτον
961 607 1234 679 σημαίνει,
1266 609 1365 662 οὐκ
1392 608 1618 677 ἀγνοῶν,
1667 611 1772 674 ὅτι,
1810 608 1939 662 Υίοῦ

373 695 540 760 όντος,
575 698 633 762 ἐξ
677 697 922 770 ἀνάγκης
969 699 1056 752 διὰ
1099 699 1192 753 τοῦ
1227 700 1356 754 Υίοῦ
1415 701 1482 755 τά
1512 703 1712 773 γενητὰ
1761 699 1940 755 πάντα

373 786 615 858 ἐκτίσθη.
647 790 758 842 Καὶ
782 785 923 844 οὗτοι
954 788 1053 860 μὲν
1075 791 1336 861 ἀγένητον
1385 791 1493 862 (65)
1530 792 1796 862 λέγοντες,
1848 792 1942 861 μό-

374 895 460 932 νον
487 880 554 933 ὲκ
578 879 685 934 τῶν
704 880 879 952 ἔργων
909 881 1262 952 σημαίνουσιν
1300 883 1483 947 αὐτὸν,
1511 885 1604 938 καὶ
1652 885 1750 938 οὐκ
1789 887 1938 940 ἴσασι

376 973 465 1023 καὶ
494 972 649 1025 αὐτοὶ
677 973 768 1025 τὸν
799 973 944 1038 Υἱδν,
989 971 1176 1045 ὥσπερ
1231 974 1508 1046 Ἕλληνες·
1554 979 1582 1030 ὁ
1613 977 1670 1031 δὲ
1717 977 1941 1048 Πατέρα

375 1057 544 1127 λέγων
570 1061 660 1115 τὸν
686 1061 817 1115 Θεὸν
848 1064 912 1115 ὲκ
929 1062 1023 1116 τοῦ
1047 1063 1220 1132 Λόγου
1257 1066 1508 1136 σημαίνει
1535 1066 1740 1121 τοῦτον.
1769 1068 1940 1132 Εἰδὼς

376 1149 428 1202 δὲ
481 1151 572 1202 τὸν
625 1152 794 1220 Λόγον
828 1152 959 1224 (66),
1006 1149 1144 1208 οἶδεν
1205 1156 1366 1210 αὐτὸν
1411 1158 1737 1230 δημιουργὸν
1783 1159 1931 1222 ὄντα,

376 1243 464 1295 καὶ
513 1243 919 1314 καταλαμϐάνει
989 1245 1070 1298 ὅτι
1120 1245 1186 1300 δι’
1258 1246 1420 1301 αὑτοῦ
1479 1249 1548 1301 τὰ
1603 1249 1776 1304 πάντα
1838 1252 1923 1320 γέ·

375 1349 543 1402 γονεν.

441 1518 527 1572 54.
564 1519 775 1574 Οὐκοῦν
830 1520 1208 1593 εὐσεϐέστερον
1235 1523 1328 1576 καὶ
1387 1522 1580 1594 ἀληθὲς
1601 1521 1666 1577 ἂν
1692 1522 1777 1594 εἴη
1803 1523 1934 1593 μᾶλ-

373 1610 456 1664 λον
479 1610 570 1663 τὸν
601 1611 734 1664 Θεὸν
757 1612 822 1664 ὲκ
853 1610 946 1664 τοῦ
975 1612 1104 1665 Υίοῦ
1133 1613 1412 1684 σημαίνειν
1465 1615 1558 1668 καὶ
1601 1614 1821 1686 Πατέρα
1847 1613 1934 1668 λέ-

371 1719 502 1771 γειν,
528 1702 560 1773 ἢ
589 1703 654 1756 ὲκ
689 1705 863 1774 μόνων
896 1704 1004 1758 τῶν
1032 1704 1207 1776 ἔργων
1255 1705 1537 1776 ὀνομάζειν
1569 1704 1676 1777 (67)
1704 1705 1797 1760 καὶ
1842 1706 1930 1758 λέ-

369 1811 480 1863 γειν
507 1794 668 1846 αὑτὸν
701 1795 981 1867 ἀγένητον.
1017 1796 1186 1850 Τοῦτο
1221 1797 1316 1866 μὲν
1347 1797 1454 1868 γὰρ
1493 1797 1651 1868 μόνον
1685 1796 1929 1862 ἕκαστον,
1963 1783 2004 1837 Β

369 1884 616 1955 καθάπερ
647 1881 820 1950 εἷπον,
852 1888 946 1939 καὶ
975 1890 1125 1958 κοινῇ
1159 1889 1332 1942 πάντα
1357 1887 1426 1942 τὰ
1451 1889 1514 1942 ὲκ
1534 1888 1626 1942 τοῦ
1659 1887 1931 1959 βουλήμα-

367 1994 452 2040 τος
479 1973 570 2030 τοῦ
594 1977 730 2031 Θεοῦ
755 1977 844 2030 διὰ
873 1978 966 2032 τοῦ
994 1979 1166 2047 Λόγου
1193 1981 1457 2050 γενόμενα
1489 1979 1622 2052 ἔργα
1655 1981 1926 2051 σημαίνει·

366 2067 422 2122 τὺ
467 2068 524 2121 δὲ
574 2069 765 2140 Πατὴρ
796 2068 908 2141 (68)
942 2070 1028 2140 ἐφ’
1072 2068 1202 2123 Υίοῦ
1268 2071 1424 2141 μόνον
1470 2071 1791 2141 σημαίνεται
1839 2071 1933 2124 καὶ

364 2159 595 2214 ἴσταται.
634 2161 782 2232 Ὀσῳ
810 2161 867 2215 δὲ
913 2163 942 2214 ὁ
992 2161 1162 2231 Λόγος
1209 2162 1318 2215 τῶν
1372 2162 1624 2233 γενητῶν,
1661 2163 1928 2234 διαφέρει,

364 2252 595 2324 τοσούτῳ
622 2254 717 2305 καὶ
747 2253 927 2307 πλεῖον
972 2253 1035 2308 τὺ
1079 2254 1256 2324 λέγειν
1283 2255 1374 2308 τὸν
1408 2254 1539 2309 Θεὸν
1572 2256 1790 2328 Πατέρα
1835 2256 1930 2309 τοῦ

363 2343 536 2412 λέγειν
558 2344 820 2414 ἀγένητον
875 2343 985 2416 (69)
1035 2346 1278 2418 διαφέροι
1321 2347 1406 2401 ἄν.
1435 2348 1545 2401 Καὶ
1613 2346 1721 2418 γὰρ
1774 2346 1932 2400 τοῦτο

365 2433 460 2504 μὲν
487 2435 768 2504 ἄγραπτον
791 2434 888 2502 καὶ
919 2434 1157 2490 ὕποπτον
1220 2436 1316 2492 ᾶτε
1369 2437 1616 2507 ποικίλην
1657 2437 1777 2508 ἔχον
1815 2438 1930 2490 ἐστὶ

361 2526 456 2596 τὴν
489 2526 786 2597 σημασίαν,
811 2525 1063 2581 ὥστετοῦ
1097 2528 1447 2602 ἐρωτωμένου
1473 2530 1600 2602 περὶ
1651 2527 1816 2582 αὐτοῦ
1850 2529 1930 2593 είς

362 2615 528 2669 πολλὰ
583 2617 680 2688 τὴν
729 2617 966 2672 διάνοιαν
1025 2619 1432 2690 περιφέρεσθαι’
1513 2620 1574 2673 τὸ
1629 2617 1686 2674 δὲ
1742 2619 1929 2692 Πατὴρ

360 2707 560 2761 ἁπλοῦν
588 2709 681 2761 καὶ
709 2708 1001 2780 ἔγγραφον,
1029 2711 1122 2763 καὶ
1150 2710 1526 2782 ἀληθέστερον,
1548 2713 1642 2766 καὶ
1667 2715 1929 2783 σημαῖνον

365 2798 518 2868 μόνον
549 2797 662 2868 (70)
687 2799 778 2851 τὸν
806 2799 932 2853 Υίόν
957 2802 1092 2853 ἐστι.
1121 2801 1230 2854 Καὶ
1257 2801 1315 2854 τὸ
1351 2802 1448 2871 μὲν
1481 2802 1762 2872 ἀγένητον,
1799 2803 1926 2874 παρ’

372 2891 638 2960 Ἐλλήνων
667 2890 895 2963 εὓρηται
918 2891 1026 2945 τῶν
1054 2891 1126 2965 μὴ
1154 2893 1526 2961 γινωσκόντων
1569 2893 1660 2946 τὸν
1694 2895 1840 2947 Υἱόν*
1867 2894 1929 2948 τὸ

359 2979 411 3034 δὲ
442 2981 634 3052 Πατὴρ
665 2981 815 3054 παρὰ
858 2983 952 3037 106
980 2985 1183 3056 Κυρίου
1210 2986 1242 3055 ἡ
1253 2983 1369 3055 μῶν
1422 2984 1531 3057 (7i)
1565 2983 1805 3056 ἐγνώσθη
1836 2985 1929 3039 καὶ

363 3075 828 3171 flammam-Kal.
879 3075 988 3171 γάρ
1016 3077 1172 3141 εἰδὼς
1207 3079 1368 3143 αὐτὸς
1417 3080 1562 3143 τίνος
1593 3081 1739 3133 ἐστὶν
1777 3080 1924 3145 Υἱὸς,
1954 3109 2000 3171 c

360 3164 558 3235 ἔλεγεν·
603 3167 743 3236 Ἐγὼ
774 3168 841 3221 ἐν
876 3167 956 3233 τῷ
1014 3169 1197 3237 Πατρὶ
1223 3170 1343 3236 ,καί
1393 3174 1424 3225 ὁ
1477 3170 1680 3240 Πατὴρ
1710 3171 1768 3224 ἐν
1797 3173 1928 3240 ἐμοί

360 3256 481 3311 ἐστι
511 3258 646 3328 (72)·
683 3260 807 3323 καὶ,
847 3259 912 3313 '0
933 3259 1202 3329 ἑωρακὼς
1233 3262 1337 3332 ἐμὲ
1364 3262 1580 3332 ἑώρακε
1609 3263 1716 3318 τὸν
1752 3264 1934 3319 Πατέ-

359 3367 449 3417 ραο
472 3352 584 3416 καὶ,
603 3351 752 3422 Ἐγὼ
783 3353 881 3406 καί
911 3356 944 3408 ὁ
972 3355 1173 3423 Πατὴρ
1200 3355 1269 3409 ἓν
1295 3357 1480 3426 ἐσμεν
1501 3356 1634 3428 (75).
1669 3358 1762 3411 καὶ
1783 3359 1933 3412 οὐδα-

363 3439 460 3509 μοῦ
492 3442 743 3510 φαίνεται
779 3442 872 3497 τὸν
927 3444 1144 3517 Πατέρα
1203 3446 1381 3499 καλῶν
1439 3447 1698 3517 ἀγένητον
1749 3448 1927 3512 αὑτός·

360 3529 487 3584 ἀλλὰ
511 3532 607 3584 καὶ
639 3534 788 3602 ἡμᾶς
807 3531 1055 3604 εὔχεσθαι
1078 3534 1336 3588 διδάσκων
1363 3537 1461 3589 οὐκ
1482 3532 1651 3590 εἶπεν·
1680 3537 1842 3592 Ὅταν
1873 3539 1930 3592 δὲ

362 3619 718 3692 προσεύχεσθε
754 3623 865 3692 (74)
927 3623 1132 3692 λέγετε,
1179 3624 1279 3678 Θεὲ
1327 3625 1555 3696 ἀγένητε
1580 3642 1593 3656 ·
1629 3625 1765 3679 ἀλλὰ
1798 3627 1930 3698 μᾶλ-

363 3709 444 3763 λον
467 3711 602 3780 (75)·
640 3714 827 3766 Ὅταν
874 3712 943 3766 δὲ
985 3716 1412 3784 προσεύχεσθε,
1460 3716 1684 3786 λέγετε,
1739 3718 1928 3784 Πάτερ

364 3800 540 3869 ἡμῶν,
593 3805 628 3857 ὁ
664 3803 734 3857 ἐν
775 3803 898 3870 τοῖς
936 3805 1234 3873 οὐρανοῖς.
1283 3806 1393 3860 Καὶ
1434 3807 1494 3860 τὸ
1549 3808 1835 3878 κεφάλαιον
1863 3810 1919 3862 δὲ

361 3889 454 3959 τῆς
493 3892 728 3955 πίστεως
767 3893 922 3964 ἡμῶν
971 3896 1051 3959 είς
1100 3895 1255 3949 10610
1305 3897 1596 3950 συντείνειν
1654 3898 1878 3969 ἠθέλησε
1901 3939 1914 3958 .

363 3981 614 4046 κελεύσας
643 3985 788 4054 ἡμᾶς
815 3985 1162 4056 βαπτίζεσθαι
1208 3989 1308 4042 οὐκ
1335 3991 1413 4052 εἰς
1443 3988 1614 4060 ὄνομα
1635 3990 1914 4060 ἀγενήτου,

2041 534 2199 589 posse
2223 520 2346 575 inde
2371 535 2469 590 pro
2498 535 2594 576 sua
2645 521 2866 577 libidine
2917 521 3143 575 innuere
3190 517 3429 574 Verbum
3455 530 3593 585 opus

2037 621 2092 668 et
2113 626 2224 666 rem
2255 609 2450 666 factam
2480 625 2621 666 esse.
2653 610 2756 677 Qui
2784 618 2961 664 autem
2990 607 3180 674 Deum,
3209 607 3420 662 Patrem
3454 622 3595 660 nuu-

2038 711 2223 772 cupat,
2249 717 2372 756 eum
2405 717 2470 755 ex
2501 700 2640 755 Filio
2668 701 2974 772 signiﬁcat,
3006 713 3112 754 non
3155 699 3376 767 ignarus
3424 696 3591 766 quod,

2039 803 2161 843 cum
2195 797 2339 843 esset
2369 787 2560 852 Filius,
2592 804 2676 843 res
2696 787 2849 843 facta:
2873 801 3083 849 omnes,
3108 800 3202 855 per
3229 784 3474 840 eumdem
3503 781 3594 839 Fi-

2040 878 2170 932 lium
2203 877 2512 934 necessario
2549 877 2773 933 fuerunt
2820 886 3034 932 creatae.
3067 875 3242 946 Atque
3271 875 3346 929 illi
3372 875 3590 944 quidem

2037 984 2160 1024 cum
2192 969 2360 1024 Deum
2405 984 2512 1024 non
2559 969 2759 1025 factum
2793 969 3013 1036 dicunt,
3045 984 3168 1024 eum
3209 982 3276 1022 ex
3305 966 3438 1022 solis
3463 979 3592 1035 ope-

2039 1062 2188 1116 ribus
2225 1063 2488 1123 indieant,
2525 1077 2624 1118 nec
2668 1062 2808 1133 ipsi,
2852 1062 2995 1116 haud
3041 1076 3199 1116 secus
3245 1075 3308 1115 ac
3341 1058 3591 1132 gentiles.

2041 1153 2236 1208 Filium
2275 1163 2599 1224 agnoscunt.
2631 1153 2700 1210 At
2729 1155 2822 1224 qui
2855 1153 3022 1210 Deum
3051 1152 3226 1208 Patris
3259 1151 3478 1207 nomine
3509 1151 3590 1205 in-

2039 1244 2223 1312 signit,
2278 1244 2430 1299 illum
2482 1259 2548 1299 ex
2578 1241 2757 1299 Verbo
2815 1243 3100 1314 signiﬁcat.
3137 1242 3364 1314 Cognito
3410 1249 3590 1296 autem

2040 1335 2236 1402 Verbo,
2273 1337 2448 1406 ipsum
2477 1351 2696 1406 quoque
2741 1337 2983 1407 agnoscit
3009 1320 3128 1392 esse
3162 1335 3428 1404 opiﬁcem,
3473 1348 3592 1390 om-

2035 1430 2234 1499 niaque
2261 1445 2356 1499 per
2384 1429 2560 1499 ipsum
2596 1427 2733 1485 facta
2758 1443 2878 1484 esse
2908 1428 3170 1499 intelligit.

2105 1525 2193 1582 '54.
2220 1526 2481 1593 Quocirca
2506 1526 2687 1596 pietati
2730 1535 2783 1582 et
2816 1527 3026 1581 veritati
3057 1526 3226 1597 magis
3263 1524 3425 1582 fuerit
3455 1539 3592 1579 cou-

2036 1630 2382 1684 sentaneum,
2438 1616 2605 1672 Deum
2657 1633 2722 1672 ex
2769 1617 2905 1672 Filio
2950 1617 3230 1672 nominare
3271 1615 3592 1686 Patremque

2034 1710 2323 1782 appellare,
2347 1723 2507 1780 quam
2532 1723 2597 1763 ex
2619 1707 2748 1762 solis
2760 1708 3014 1776 cperibus
3043 1722 3166 1763 eum
3193 1707 3497 1778 signiﬁcare
3524 1719 3592 1760 ac

2033 1818 2138 1857 nou
2166 1801 2368 1855 factum
2399 1799 2598 1855 dicere.
2624 1795 2737 1853 Hoc
2765 1799 2909 1854 enim
2940 1813 3134 1853 nomen
3153 1798 3232 1852 vel
3253 1797 3588 1867 singulatim.

2033 1901 2093 1948 ut.
2125 1891 2262 1957 dixi,
2302 1890 2386 1945 vel
2427 1889 2723 1957 generatim
2781 1889 2963 1943 omnia
3014 1888 3354 1944 solummodo
3395 1877 3588 1956 opera,

2031 2001 2154 2055 qua:
2183 2000 2250 2040 ex
2277 1983 2369 2038 Dei
2400 1981 2676 2037 voluntate
2698 1996 2792 2050 per
2829 1978 3062 2035 Verbum
3095 1978 3234 2034 facta
3261 1986 3410 2044 sunt,
3425 1977 3592 2047 signi-

2032 2078 2175 2134 ﬁcat.
2227 2077 2288 2130 At
2325 2073 2502 2130 Patris
2536 2087 2735 2128 nomen
2785 2073 2852 2125 ad
2894 2072 3071 2126 solum
3105 2068 3302 2124 Filium
3346 2068 3588 2138 respicit,

2029 2179 2192 2239 atque
2239 2167 2296 2221 in
2339 2181 2405 2221 eo
2446 2165 2609 2221 sistit.
2652 2162 2924 2230 Quantum
2955 2177 3118 2232 porro
3145 2159 3478 2216 discriminis
3509 2168 3590 2212 est

2032 2256 2268 2313 Verbum
2303 2257 2447 2312 inter
2502 2263 2557 2310 et
2587 2269 2677 2309 res
2731 2253 2922 2316 factas,
2965 2253 3038 2307 ita
3070 2251 3237 2315 aliud,
3272 2251 3382 2306 imo
3435 2251 3591 2319 longe

2029 2349 2208 2422 majus
2237 2348 2443 2420 aliquid
2473 2356 2556 2404 est
2587 2345 2780 2410 Deum,
2810 2343 3024 2399 Patrem
3076 2343 3343 2415 appellare
3363 2383 3378 2409 ,
3425 2357 3587 2412 quam

2030 2457 2137 2496 non
2197 2441 2398 2496 factum
2451 2439 2650 2494 dicere.
2706 2436 2833 2492 Haec
2887 2436 3030 2492 enim
3094 2434 3259 2491 dictio
3315 2432 3371 2488 in
3418 2431 3589 2488 sacris

2031 2529 2325 2600 Scripturis
2342 2545 2450 2585 non
2473 2537 2672 2594 exstat,
2691 2536 3125 2598 suspectamque,
3151 2533 3335 2594 utpote
3360 2523 3588 2590 variam,

2029 2624 2192 2679 habet
2212 2621 2689 2692 signiﬁcationem,
2712 2621 2784 2673 ita
2812 2628 2869 2672 ut
2905 2616 3309 2687 interpretantis
3346 2615 3589 2670 animum

2028 2711 2296 2766 distrahat
2339 2709 2694 2779 multiplicem
2749 2707 2804 2761 in
2853 2721 3097 2762 sensum.
3148 2706 3216 2759 At
3269 2719 3373 2760 vox
3412 2702 3590 2758 Patris

2029 2803 2254 2873 simplex
2288 2810 2370 2857 est
2397 2809 2560 2872 atque
2586 2800 2638 2854 in
2674 2798 2874 2854 divinis
2903 2797 3200 2868 Scripturis
3223 2795 3444 2861 usitata,
3469 2810 3590 2849 ma-

2028 2894 2220 2963 gisque
2257 2892 2472 2946 veritati
2501 2891 2775 2962 congruit,
2802 2901 2857 2945 et
2881 2888 3077 2944 Filium
3122 2888 3387 2943 duntaxat
3414 2886 3576 2955 signi-

2027 2988 2172 3042 ﬁcat.
2199 2985 2400 3042 Deinde
2428 2985 2755 3039 vocabulum
2784 2999 2892 3039 non
2924 2982 3050 3037 facti
3097 2997 3126 3036 a
3154 2980 3467 3052 gentilibus,
3493 2977 3586 3049 qui

2031 3077 2226 3133 Filium
2259 3076 2424 3149 346
2447 3077 2717 3148 ignorant.
2745 3087 2830 3132 est
2854 3076 3217 3145 excogitatum
3245 3091 3258 3128 :
3294 3071 3471 3127 Patris
3492 3088 3588 3126 au-

2030 3179 2139 3226 tem
2169 3169 2494 3225 vocabulum
2521 3167 2589 3223 ab
2625 3169 2746 3238 ipso
2774 3167 3002 3223 Domino
3027 3174 3214 3222 nostro
3232 3175 3315 3220 est
3343 3165 3584 3234 agnitum

2027 3271 2084 3318 et
2110 3261 2360 3317 beneﬁcii
2405 3260 2527 3317 loco
2571 3261 2730 3316 nobis
2769 3275 3111 3315 concessum.
3159 3256 3440 3327 Siquidem
3470 3256 3586 3326 ipse

2028 3369 2138 3409 non
2163 3355 2385 3424 ignarus
2405 3352 2563 3424 cujus
2589 3360 2707 3407 erat
2731 3352 2922 3418 Filius,
2941 3351 3152 3406 aiebat:
3184 3349 3294 3421 Ego
3317 3350 3371 3403 in
3400 3347 3581 3412 Patre,

2026 3453 2077 3498 et
2106 3441 2270 3497 Pater
2307 3444 2360 3496 in
2391 3460 2473 3496 me
2520 3452 2597 3497 est
2629 3443 2676 3475 '°
2711 3463 2724 3499 :
2755 3451 2827 3507 et,
2858 3443 2960 3507 Qui
3000 3442 3132 3496 vidit
3183 3458 3284 3506 me,
3315 3439 3446 3494 vidit
3479 3437 3588 3491 Pa-

2027 3545 2160 3591 trem
2180 3535 2225 3567 ⁸¹
2257 3551 2272 3588 :
2309 3543 2380 3601 et,
2415 3533 2526 3606 Ego
2558 3544 2607 3589 et
2630 3534 2797 3588 Pater
2821 3551 2982 3588 unum
3003 3550 3186 3588 sumus
3208 3533 3273 3588 ³³.
3305 3529 3586 3601 Nusquam

2025 3637 2204 3682 autem
2232 3627 2348 3697 ipse
2367 3624 2604 3693 Patrem,
2628 3641 2736 3681 non
2764 3625 2972 3681 factum'
2997 3625 3227 3696 appellat
3261 3643 3275 3678 :
3311 3637 3410 3678 nec
3459 3635 3582 3676 cum

2024 3731 2125 3772 nos
2152 3731 2312 3772 orare
2353 3716 2580 3783 docuit,
2621 3716 2759 3771 dixit
2785 3734 2799 3770 :
2834 3717 2972 3772 Cum
3003 3729 3133 3769 vero
3161 3713 3353 3776 oratis,
3387 3709 3549 3764 dicite
3569 3749 3584 3774 ,

2027 3806 2171 3862 Deus
2196 3823 2305 3862 non
2333 3806 2506 3874 facte;
2538 3808 2630 3863 sed
2657 3807 2858 3876 potius,
2892 3807 3024 3861 Cum
3052 3821 3167 3860 vero
3195 3802 3584 3867 oratis,dicit¢,

2031 3894 2191 3949 Pater
2219 3905 2413 3962 noster,
2437 3900 2527 3966 qui
2553 3913 2604 3950 es
2633 3898 2688 3950 in
2714 3895 2855 3949 caelis
2876 3897 2943 3948 ⁸³.
2993 3895 3070 3948 Eo
3103 3895 3267 3949 etiam
3311 3909 3580 3949 summam

2026 3995 2225 4043 nostra
2262 3985 2384 4042 ﬁdei
2412 3987 2679 4057 pertinere
2707 3987 2899 4052 voluit,
2928 4002 3051 4044 cum
3082 4001 3184 4042 nos
3219 3985 3387 4058 jussit
3409 3985 3586 4056 bapti-

427 4122 471 4154 ⁸⁶
489 4121 649 4183 Joan.
683 4139 793 4188 xlv,
824 4123 913 4182 l0.
985 4125 1029 4159 ⁸⁸
1052 4126 1186 4180 Ibid.
1208 4126 1259 4182 9.
1334 4127 1380 4158 "
1406 4124 1564 4181 Joan.
1607 4143 1661 4193 x,
1685 4127 1774 4184 30.
1849 4129 1896 4160 ⁸³
1921 4127 2112 4184 Matth.
2145 4142 2225 4194 τι,
2248 4125 2321 4195 9;
2354 4125 2488 4182 Luc.
2525 4143 2601 4192 xi,
2631 4127 2687 4184 2.

429 4262 540 4334 (65)
564 4261 802 4334 Felckm.
839 4263 891 4334 _5,
919 4263 1230 4334 ἀγέννητον.
1264 4266 1333 4320 At
1361 4266 1450 4320 alii
1487 4275 1540 4321 et
1569 4267 1734 4321 editio
1755 4266 1918 4322 Com-

364 4331 506 4403 mel.,
530 4332 812 4403 durem—mu.
840 4331 977 4388 Ibid.
1008 4331 1230 4403 Seguer.
1265 4334 1480 4390 Gobler.
1515 4345 1566 4390 et
1595 4335 1828 4390 Felckm.
1864 4339 1914 4402 1,

2095 4267 2210 4339 (71)
2251 4267 2322 4322 Se
2360 4281 2476 4321 uer.
2511 4266 2771 4336 omittitf]
2828 4265 2914 4318 ”’ν.
2960 4263 3128 4320 Paulo
3158 4273 3280 4334 post
3310 4266 3456 4319 idem
3491 4266 3585 4320 Se-

2096 4354 2174 4390 er.
2201 4283 2364 4390 Basiﬁ
2407 4335 2537 4390 Rea.
2567 4347 2620 4390 et
2653 4284 2889 4390 Felcm.
2919 4336 2971 4390 5.
3001 4335 3144 4390 τίνος
3177 4335 3321 4388 ἐστὶν
3349 4335 3494 4390 Υἱός.
3525 4337 3583 4390 in

2023 4335 2382 4408 guer.'Basil.i
2407 4335 2537 4408 Reg.
2567 4347 2620 4390 et
2653 4335 2889 4408 Felekm.
2919 4336 2971 4402 5,
3001 4335 3144 4399 τίνος
3177 4335 3321 4388 ἐστὶν
3349 4335 3494 4399 Υἱός.
3525 4337 3583 4392 In

363 4402 615 4490 άγένητον
647 4401 915 4473 λέγοντες.
957 4401 1102 4459 Editi
1126 4406 1306 4459 et-alii
1326 4446 1342 4471 ,
1368 4406 1628 4478 ἀγένητον
1659 4403 1799 4460 εἶναι
1831 4405 1919 4460 λέ-

2032 4401 2230 4490 ΞΙὶξΞΛει
2253 4407 2417 4490 editis
2449 4401 2604 4490 deest
2629 4407 2795 4490 ἐστίν.

364 4489 561 4540 γοντες.

431 4542 537 4611 (66)
583 4541 805 4610 Seguer.
839 4541 1057 4597 Gobler.
1093 4551 1147 4597 et
1173 4541 1411 4599 Felckm.
1452 4546 1504 4608 1,
1545 4544 1700 4609 εἰδὼς
1727 4546 1782 4599 δὲ
1825 4546 1914 4599 τὸν

363 4612 542 4683 Λόγον,
585 4611 724 4683 [illiti
747 4623 800 4667 et
823 4614 934 4675 alii,
971 4612 1125 4676 εἰδὼς
1155 4613 1210 4667 δὲ
1240 4615 1335 4667 καὶ
1365 4615 1456 4668 τὸν
1488 4616 1678 4683 Λόγον.

429 4682 539 4754 (67)
584 4681 1063 4754 δέκεσθε-,ίϐοὺιεικ
1110 4693 1164 4737 et
1201 4683 1438 4739 Felckm.
1491 4686 1515 4739 1
1547 4681 1585 4746 ,“
1612 4684 1913 4754 σημαίνειν.

363 4750 494 4826 ξίιιξιὶ
522 4750 596 4807 ἐι
637 4750 1108 4826 αιίἰ-,υρνομάζειψ
1145 4754 1278 4826 ᾼΜοχ
1313 4755 1444 4826 Reg.
1485 4750 1807 4826 etrFel'cltmi.
1861 4757 1914 4820 5,

362 4821 670 4899 ἐγέννητον.
714 4823 821 4899 gilii
849 4821 909 4899 et
934 4823 1101 4899 editio
1131 4821 1431 4899 Commelf,
1462 4825 1722 4899 &y_évr110v
1780 4825 1914 4899 Ibid.

362 4889 604 4972 Segnei'._,
650 4889 808 4972 10610
854 4894 952 4972 μὲν
995 4894 1103 4965 γὰρ
1135 4896 1229 4948 καὶ
1282 4889 1462 4966 μόνον.
1512 4889 1656 4949 Editi
1693 4903 1748 4950 et
1791 4895 1915 4959 alii,

359 4961 510 5033 τοῦτο
543 4963 642 5033 μὲν
662 4961 772 5033 γᾲρ
809 4961 991 5033 μόνοντ

425 5031 553 5102 (68)
576 5031 667 5086 Sic
700 5031 922 5100 Seguer.
960 5032 1175 5102 Goliler.
1203 5042 1252 5087 et
1285 5033 1522 5089 Felckm.
1549 5035 1599 5088 1.
1650 5035 1719 5087 At
1744 5034 1834 5088 alii
1865 5044 1920 5088 et

359 5102 500 5174 editi,
523 5103 586 5154 τὸ
619 5103 674 5155 δὲ
707 5103 944 5174 Πατέρα.
981 5101 1114 5157 Ibid.
1148 5103 1414 5174 ‘Seguerq
1460 5105 1544 5174 ἐφ’
1569 5104 1698 5174 Υίοῦ
1734 5104 1914 5174 μόνου.

359 5172 522 5244 Paulo
553 5171 965 5244 post_Seguer.,
1003 5171 1261 5244 τοσούτω
1292 5175 1387 5228 καὶ
1415 5171 1575 5229 πλέον
1599 5173 1676 5244 τῷ
1716 5171 1914 5244 λέγειν.

359 5241 652 5312 ῦοὺιετηει
679 5240 916 5312 Felekm.
949 5243 999 5306 1,
1035 5240 1285 5296 τοσοῦτον
1313 5245 1406 5297 καὶ
1439 5244 1600 5299 πλέον
1624 5240 1685 5296 τὸ
1716 5240 1914 5312 λέγειν.

424 5311 540 5385 (69)
577 5311 708 5381 Reg.
735 5321 805 5385 _et
832 5311 1075 5385 Felckm.
1129 5315 1183 5385 εξ,
1206 5315 1538 5385 Ᾱᾲγέννητον.
1570 5311 1913 5385 ϐαδιεῖ-ἰευῐη

357 5382 478 5453 edit.
493 5383 793 5453 gComm‘elq
819 5381 1100 5453 ἀγένητον.
1141 5381 1284 5437 Ibid.
1315 5381 1531 5440 Gobler.
1565 5396 1618 5438 et
1645 5383 1824 5439 Felck.
1860 5385 1913 5447 1,

355 5450 622 5525 διαφέρει.
686 5450 856 5525 Paulo
906 5450 1026 5521 post
1080 5453 1395 5525 Seguerian.
1424 5495 1439 5521 ,
1486 5454 1584 5508 ἆτε
1643 5453 1912 5524 ποικίλην.

359 5517 524 5585 Εάίἰὶ,’
543 5523 636 5575 καὶ
663 5517 933 5592 ποικίλην.

421 5592 528 5664 (7D)
569 5592 750 5664 Μόνον
777 5590 932 5664 deest
974 5591 1026 5645 in
1042 5590 1289 5664 AiSeguerA.
1330 5592 1452 5650 Mox
1497 5594 1628 5651 ibid.
1679 5593 1812 5664 Reg.
1862 5601 1916 5648 et

358 5656 583 5733 Peli-kin.
612 5661 667 5725 5,
698 5661 1009 5733 ἀγέννητον.
1041 5656 1219 5717 Εάἱῖὶο
1248 5661 1506 5721 Commcl.
1543 5673 1597 5721 et
1631 5665 1719 5720 alii
1755 5656 1910 5729 nisa,

356 5727 625 5801 ἀγένητον.

2095 4477 2208 4548 (72)
2253 4475 2473 4548 Seguer.
2507 4473 2727 4548 Goblerﬁ.
2759 4489 2812 4548 et
2847 4473 3084 4529 Felckm.
3126 4475 3179 4540 1,
3211 4477 3268 4528 ὲν
3292 4473 3413 4544 ἐμοι
3444 4489 3580 4532 εστι.

2017 4546 2073 4602 1η
2103 4545 2225 4605 aliis
2253 4557 2305 4601 et
2327 4545 2486 4601 editis
2517 4545 2670 4601 deest
2697 4547 2834 4598 ὲστε.

2091 4618 2204 4688 (75)
2247 4617 2337 4672 Sic
2384 4614 2607 4688 Seguer.
2639 4615 2771 4688 Reg.
2810 4612 3240 4688 Qasil.__Felckm.
3280 4614 3314 4668 5
3339 4623 3395 4669 et
3418 4615 3582 4688 editio

2015 4683 2279 4742 Commel.
2312 4695 2373 4740 ut
2400 4683 2806 4740 etNannius'et
2826 4683 3166 4738 Omnibonus
3190 4684 3449 4752 legerant.
3473 4685 3578 4740 Alii

2015 4767 2070 4812 et
2098 4757 2226 4811 editi
2250 4755 2527 4817 omittunt,
2553 4756 2647 4826 ita).
2686 4753 2920 4826 οὐδαμοῦ
2956 4756 3205 4826 φαίνεται
3244 4753 3344 4826 τὸνΔ
3365 4754 3584 4826 Πατέρα

2017 4826 2194 4881 καλῶν
2226 4827 2486 4896 ἀγένητον
2519 4825 2700 4889 αὐτὸς.
2729 4823 2920 4896 Reg,
2963 4825 3284 4896 ἀγέννητον,
3318 4823 3584 4896 iidemque

2017 4913 2140 5020 cgm
2173 4894 2396 4968 Seguer.
2419 4935 2433 4960 ,
2481 4895 2574 4951 τὸν
2599 4894 2856 4967 Πατέρα(
2876 4894 3011 4950 Nam
3044 4897 3113 4949 ab
3143 4894 3265 4948 aliis
3297 4895 3449 4949 deest
3473 4903 3578 4950 art.

2017 4985 2044 5019 τ
2077 4987 2125 5020 ν.

2014 4985 2125 5021 τον.

2087 5038 2204 5108 (74)
2221 5035 2561 5108 SieSeguer.
2595 5035 2895 5108 Gobler._et
2921 5033 3158 5108 Felckm.
3188 5034 3240 5088 1.
3254 5031 3388 5108 ﬁlii,
3413 5049 3581 5108 προστ

2016 5101 2265 5178 εύῂησθε.
2313 5101 2446 5162 1ὺίόῖ
2498 5107 2761 5178 Seguer.,
2810 5105 2909 5178 Θεέ
2952 5105 3200 5178 ἀγένητε.
3251 5101 3424 5178 Reg.,
3458 5101 3579 5178 ’Θεέ

2017 5175 2295 5248 ἀγέννητε.
2320 5188 2546 5247 uterque
2577 5175 2795 5248 omisso_
2813 5177 2853 5248 6_
2878 5176 2938 5248 έν
2971 5176 3082 5235 τοῖς
3108 5175 3365 5248 οὐρανοῖς
3383 5213 3403 5248 ,_
3430 5177 3577 5248 quod

2016 5242 2108 5301 alii
2136 5242 2343 5302 et'editi
2376 5242 2473 5302 hic'
2502 5248 2726 5301 addunt.
2757 5243 2972 5299 Gobler.
3015 5253 3068 5296 et
3106 5242 3345 5298 Felckm.
3382 5243 3408 5296 1
3433 5242 3462 5308 ,⁷
3482 5243 3582 5296 Θεὲ

2016 5316 2171 5388 ὴμῶν
2192 5317 2449 5388 γάγένητε.
2482 5314 2922 5388 Anglic.,_[ldt1ep
2945 5312 3098 5388 '1)va
3130 5312 3388 5388 dyév31_e._
3404 5313 3582 5388 Editio

2014 5382 2144 5510 ita?
2175 5382 2439 5442 Commel.
2469 5393 2524 5440 et
2561 5382 2653 5440 alii
2674 5425 2688 5448 ,
2723 5382 2928 5451 λέγετε,
2964 5382 3217 5455 ἀγένητε.
3248 5382 3485 5439 Felckm.
3525 5382 3579 5445 5,

2051 5473 2086 5510 γ
2118 5474 2298 5510 ννητε.

2118 5474 2298 5510 ννητε.

2051 5473 2602 5595 γῗῖἕῗτὲἱο.εθεηετ.
2650 5523 2714 5576 At
2759 5522 2852 5595 alii
2899 5532 2953 5577 et
2997 5524 3160 5595 editi,
3211 5522 3368 5595 ἀλλὰ,
3397 5523 3582 5595 Πάτερ

2017 5591 2204 5667 ἡμῶν,
2243 5603 2349 5667 etc.
2372 5591 2565 5667 “95qu
2591 5602 2737 5667 post
2762 5591 2983 5667 _Seguer.
3018 5603 3070 5648 et
3114 5593 3280 5667 Reg._,
3311 5592 3540 5662 ἠθέλησε
3563 5628 3578 5654 ,

2017 5661 2293 5728 κελεύσας.
2325 5664 2428 5718 Alii
2461 5671 2514 5718 et
2540 5661 2689 5728 editi,
2720 5661 2981 5734 ἠθέλησεν
3011 5667 3070 5718 οὐ
3102 5661 3379 5726 κελεύσας.
