3972 6224
371 266 499 323 85‘

936 264 993 321 S.
1035 264 1407 322 ATllANASll
1446 266 1596 324 OPP.
1635 267 1814 327 PARS
1850 269 1892 324 1.
1931 302 2003 314 --
2038 268 2406 326 HISTORICA
2440 269 2526 325 ΕΤ
2568 268 2980 327 DOGMATICA.

3521 271 3589 328 84

370 384 485 438 zari
512 398 621 440 non
648 380 704 437 in
727 382 947 438 nomine
970 382 1095 439 facti
1124 394 1177 440 et
1215 402 1321 442 non
1359 386 1508 468 facti,
1557 405 1732 458 neque
1751 391 1804 444 in
1828 405 1929 443 no-

2038 392 2123 442 καὶ
2142 389 2372 460 γενητοῦ
2400 388 2534 461 (76),
2556 390 2677 442 οὐδὲ
2699 391 2777 452 εἰς
2791 388 2958 458 ὔνομα
2988 383 3201 441 κτῑστου
3243 385 3336 440 καὶ
3366 385 3594 457 κτίσμα-

371 477 517 531 mine
534 476 800 531 creatoris
821 485 877 531 et
899 477 977 531 rei
1000 487 1214 542 creatae,
1240 481 1331 535 sed
1362 481 1418 535 in
1447 482 1663 536 nomine
1680 480 1854 537 Patris
1876 491 1930 537 et

369 562 491 618 Filii
520 573 574 619 et
607 564 846 634 Spiritus
875 566 1049 620 sancti
1083 568 1149 620 ⁸⁸.
1190 568 1300 625 Nos
1322 570 1465 625 enim
1491 609 1506 635 ,
1541 571 1633 641 qui
1673 572 1815 626 inter
1843 587 1929 628 res

370 657 544 714 factas
569 674 972 727 numeremur,
1004 660 1077 735 ita
1124 661 1344 731 initiati,
1371 665 1483 735 jam
1517 663 1779 719 eﬂicimur
1810 664 1926 730 lilii,

365 758 422 804 et
450 765 571 804 eum
597 749 775 806 Patris
805 766 1000 807 nomen
1021 755 1460 822 pronuntiamus,
1492 771 1560 811 ex
1589 757 1693 810 hoc
1714 756 1930 810 nomine

369 839 605 897 Verbum
647 858 865 913 quoque
915 847 1058 913 quod
1099 846 1154 900 in
1190 844 1349 901 Patre
1390 858 1511 911 est,
1562 847 1925 917 agnoscimus.

368 930 581 987 Vanum
617 933 801 1003 itaque
823 934 1037 989 illorum
1068 945 1319 990 conatum
1350 950 1472 992 esse
1489 937 1542 991 in
1572 937 1675 992 hac
1695 936 1930 992 dictione

367 1040 474 1079 non
500 1024 625 1080 facti
669 1026 993 1092 adhibenda,
1023 1041 1255 1097 eamque
1304 1029 1435 1083 nihil
1493 1040 1688 1099 praeter
1724 1044 1927 1085 meram

367 1117 599 1188 speciem
629 1119 854 1185 habere,
874 1120 1157 1189 probatum
1184 1121 1484 1176 luculenter
1508 1131 1608 1176 est.

434 1208 524 1262 55.
558 1206 677 1262 Jam
710 1208 777 1263 de
804 1224 870 1264 eo
894 1211 1035 1278 quod
1058 1211 1134 1265 illi
1162 1211 1462 1281 inquirunt,
1482 1222 1662 1266 utrum
1694 1212 1926 1268 Verbum

363 1300 438 1355 sit
470 1302 752 1366 mutabile,
795 1318 1257 1372 supervacaneum
1283 1312 1368 1359 est
1411 1304 1707 1373 disputare.
1742 1303 1927 1374 Siqui-

365 1392 488 1447 dem
517 1394 651 1448 satis
677 1395 902 1449 omnino
926 1394 1111 1458 l‘uerit,
1141 1396 1185 1451 si
1214 1411 1336 1465 qua:
1358 1396 1426 1450 ab
1443 1397 1520 1450 eis
1541 1395 1797 1451 dicuntur
1815 1396 1930 1467 ipse

365 1483 700 1550 exscribens,
733 1501 894 1555 quam
928 1486 1093 1557 impia
1124 1487 1195 1542 sit
1225 1487 1439 1542 illorum
1465 1491 1740 1544 temeritas
1756 1500 1930 1545 osten-

365 1574 519 1630 dero.
571 1574 695 1631 Haec
729 1578 875 1632 enim
902 1586 1177 1649 suntquae
1224 1579 1505 1649 nugatorie
1546 1580 1880 1650 interrogant
1910 1600 1924 1637 :

371 1686 391 1718 ‹
430 1667 569 1723 Num
608 1669 780 1727 libero
823 1671 1082 1740 praeditus
1111 1680 1195 1726 est
1239 1672 1486 1738 arbitrio,
1532 1673 1617 1726 vel
1667 1674 1812 1728 non?
1845 1674 1926 1728 An

367 1762 642 1818 voluntate
676 1778 776 1834 pro
809 1764 893 1819 sui
939 1763 1149 1817 arbitrii
1184 1763 1434 1818 libertate
1475 1764 1650 1819 bonus
1675 1774 1780 1831 est,
1804 1765 1925 1820 etsi

367 1849 495 1904 velit
524 1859 703 1920 potest
730 1857 955 1918 mutari,
979 1867 1102 1907 cum
1136 1852 1381 1907 mutabili
1430 1854 1503 1908 sit
1553 1863 1746 1909 natura
1779 1874 1791 1909 :
1820 1856 1926 1922 vel,

367 1950 424 1995 ut
450 1941 588 2012 lapis
630 1951 686 1998 et
704 1943 933 2015 lignum,
964 1944 1189 1998 liberam
1217 1959 1321 1998 non
1342 1945 1504 1999 habet
1523 1946 1849 2001 voluntatem
1873 1948 1927 2000 in

368 2041 655 2106 utramque
681 2044 888 2104 partem
913 2050 972 2089 se
994 2035 1244 2091 movendi
1270 2044 1325 2091 et
1346 2038 1632 2109 vergendi?
1664 2057 1683 2090 ι
1718 2038 1793 2093 Ea
1824 2039 1932 2094 uti-

370 2143 473 2197 que
497 2139 550 2182 et
571 2125 753 2182 dicere
778 2133 833 2181 et
855 2128 1060 2182 sentire
1091 2128 1328 2182 alienum
1371 2142 1480 2182 non
1507 2136 1590 2185 est
1618 2130 1686 2184 ab
1714 2131 1928 2185 illorum

372 2219 586 2275 haeresi.
625 2219 763 2274 Cum
817 2219 962 2273 enim
1006 2218 1175 2274 Deum
1205 2236 1235 2276 e
1284 2223 1454 2278 nihilo
1478 2232 1727 2277 exortum
1749 2235 1803 2278 et
1837 2223 1930 2278 Fi-

371 2310 501 2364 lium
532 2318 777 2365 creatum
813 2309 919 2366 sibi
969 2310 1259 2379 ﬁnxerint,
1303 2329 1409 2367 non
1439 2313 1712 2368 immerito
1740 2315 1932 2385 hujus-

371 2401 514 2456 modi
541 2416 875 2472 usurpavere
919 2416 1080 2457 voces
1131 2418 1255 2474 qua:
1296 2403 1460 2459 rebus
1506 2405 1703 2460 creatis
1736 2421 1932 2462 conve-

372 2494 538 2549 niant.
562 2493 1012 2565 Quandoquidem
1038 2510 1164 2550 vero
1193 2496 1327 2566 ipsi,
1363 2497 1418 2551 in
1447 2497 1929 2567 disputationibus,

372 2601 508 2656 quas
547 2602 671 2640 cum
731 2585 983 2642 Ecclesiae
1026 2588 1157 2644 viris
1190 2589 1420 2655 habent,
1474 2606 1676 2660 eosque
1716 2608 1839 2646 cum
1867 2592 1933 2646 de

373 2691 500 2731 vero
529 2685 581 2730 et
608 2677 723 2731 solo
752 2675 932 2732 Patris
968 2675 1146 2731 Verbo
1175 2676 1504 2734 disserentes
1529 2680 1780 2746 audiunt,
1805 2681 1932 2736 talia

373 2783 481 2822 non
506 2776 761 2821 verentur
789 2769 856 2821 de
877 2783 943 2822 eo
966 2768 1137 2837 loqui,
1167 2769 1317 2838 quid,
1347 2785 1549 2839 quaeso,
1571 2771 1660 2825 illa
1689 2772 1934 2827 doctrina

373 2859 640 2929 impurius
667 2858 836 2912 videri
868 2859 1071 2928 possit?
1101 2860 1235 2926 Quis
1263 2862 1307 2914 si
1338 2861 1460 2916 illos
1485 2862 1568 2917 vel
1602 2871 1808 2917 tantum
1835 2879 1933 2918 au-

373 2945 556 3009 dierit,
590 2944 805 3000 etiamsi
835 2946 1209 3003 contradicere
1235 2965 1345 3003 non
1382 2950 1578 3015 valeat,
1611 2968 1718 3006 non
1750 2954 1933 3008 statim

2029 498 2138 544 τος.
2173 481 2286 534 ἀλλ’
2318 483 2396 544 εἰς
2421 481 2590 552 ὄνομα
2611 481 2820 551 Πατρὸς
2845 480 2938 532 καὶ
2962 476 3109 542 Υἱοῦ,
3133 477 3227 532 καὶ
3248 478 3400 546 ἁγίου
3425 478 3595 531 Πνεύ-

2030 590 2218 643 ματος.
2250 574 2410 629 Οὕτω
2447 575 2554 648 γὰρ
2586 574 2945 645 τελειούμενοι
2973 572 3067 626 καὶ
3090 574 3249 643 ἡμεὲς
3267 574 3332 625 ὲκ
3366 573 3594 642 ποιημάη

2025 681 2132 717 των
2154 663 2321 728 ὄντες,
2372 663 2755 735 υἱοποιούμεθα
2804 662 3008 727 λοιπὸν,
3041 661 3216 717 καὶτὸ
3243 660 3337 714 τοῦ
3383 662 3593 732 Πατρὺς

2025 754 2082 808 δὲ
2112 756 2281 826 ὄνομα
2316 756 2583 826 λέγοντες,
2617 754 3042 825 ἐπιγινώσκομεν
3092 757 3155 808 ὲκ
3214 754 3306 808 τοῦ
3333 755 3592 825 ὀνόματος

2026 846 2214 900 τούτου
2266 849 2476 902 καὶτὸν
2501 851 2557 902 ὲν
2584 848 2733 918 αὐτῷ
2787 847 2864 919 τῷ
2896 848 3070 920 Πατρὶ
3121 848 3307 917 Λόγον.
3351 849 3592 911 Μάταιος

2026 941 2133 1013 ἄρα
2164 942 2257 994 καὶ
2299 943 2332 1011 ή
2391 941 2517 1012 περὶ
2543 942 2641 1010 τῆς
2674 938 2765 992 τοῦ
2818 941 3081 1010 ἀγενήτου
3114 938 3224 1009 (77)
3253 939 3443 1004 λέξεως
3466 941 3589 992 ἐπι-

2027 1029 2271 1101 χείρησις
2320 1030 2495 1085 αὐτῶν
2526 1030 2810 1095 δέδεικται,
2836 1030 2931 1083 καὶ
2964 1029 3126 1100 μηδὲν
3182 1027 3360 1084 πλεῖον
3396 1028 3593 1100 ἔχουσα

2026 1121 2059 1191 ἢ
2085 1122 2248 1193 μόνην
2276 1122 2591 1191 φαντασίαν.
2920 1148 2924 1152 Α

2097 1213 2184 1267 55.
2212 1213 2347 1284 Περ)⁴
2366 1213 2422 1266 δὲ
2454 1212 2545 1266 τοῦ
2569 1213 2746 1281 λέγειν
2773 1213 2967 1277 αὐτοὺς
2994 1213 3042 1265 εἰ
3063 1211 3290 1284 τρεπτός
3315 1210 3424 1282 (78)
3445 1212 3595 1266 ἐστιν

2027 1307 2056 1358 ό
2080 1305 2269 1372 Λόγος,
2303 1304 2549 1377 περιττόν
2598 1306 2713 1357 ἐστι
2768 1305 2894 1375 περὶ
2947 1303 3135 1356 τούτου
3186 1303 3383 1373 ζητεῖν·
3433 1302 3597 1373 ἀρκεῖ

2027 1397 2153 1468 γὰρ,
2181 1397 2275 1451 καὶ
2298 1396 2453 1468 μόνον
2481 1396 2829 1467 ὲγγράψαντά
2859 1413 2924 1466 με
2961 1395 3029 1448 τὰ
3072 1397 3200 1467 παρ’
3234 1393 3409 1449 αὐτῶν
3436 1391 3594 1463 λεγό-

2031 1508 2185 1560 μενα,
2210 1489 2377 1553 δεῖξαι
2409 1490 2470 1542 τὸ
2499 1488 2763 1559 τολμηρὸν
2799 1487 2899 1557 τῆς
2940 1487 3191 1550 ἀσεϐείας
3215 1486 3409 1541 αὐτῶν.
3435 1486 3595 1540 Ἔστι

2028 1581 2134 1652 γὰρ
2167 1581 2340 1635 ταῦτα
2368 1580 2403 1634 ἃ
2429 1580 2503 1642 ὼς
2534 1578 2844 1649 ἐρωτῶντες
2874 1577 3202 1649 φλυαροῦσιν
3229 1594 3243 1609 ·
3275 1595 3294 1627 ι
3328 1574 3597 1642 Αὑτεξού-

2032 1672 2142 1735 σιός
2180 1674 2326 1725 ἐστιν
2357 1670 2390 1740 ἢ
2426 1672 2525 1724 οὑκ
2553 1669 2695 1735 Em;
2717 1669 3035 1741 Προαιρέσει
3058 1669 3199 1722 κατὰ
3229 1668 3289 1720 τὸ
3315 1667 3425 1739 (79)
3458 1669 3595 1721 αύτ-

2030 1762 2268 1830 ε¹ξούσιον
2327 1762 2488 1825 καλός
2518 1764 2654 1821 ἐστι,
2687 1762 2781 1814 καὶ
2809 1760 3046 1825 δύναται,
3089 1759 3182 1813 ὲὰν
3213 1759 3433 1831 θελήσῃ,
3458 1776 3598 1830 τρα-

2029 1856 2218 1927 πῆναι,
2246 1856 2482 1927 τρεπτῆς
2503 1853 2577 1905 ὣν
2601 1853 2832 1922 φύσεωςο
2858 1852 2889 1922 ἢ
2913 1853 2987 1916 ὡς
3008 1852 3150 1915 λίθος
3165 1852 3259 1904 καὶ⁹
3287 1850 3437 1915 ξύλον
3455 1849 3596 1920 (80),

2029 1948 2128 2001 οὐκ
2160 1946 2273 2017 ἔχει
2304 1945 2403 2016 τὴν
2430 1944 2743 2016 προαίρεσιν
2785 1943 3070 2015 ἐλευθέραν
3128 1945 3208 2006 εἰς
3237 1942 3299 1995 τὸ
3330 1941 3599 1995 κινεῖσθαι

2028 2038 2123 2091 καὶ
2158 2037 2342 2109 ῥέπειν
2375 2039 2455 2099 εἰς
2501 2036 2765 2106 ἑκάτερα;
2799 2054 2816 2085 ι
2842 2033 2950 2103 Τῆς
2983 2034 3079 2103 μὲν
3094 2027 3186 2085 οὖν
3209 2033 3470 2102 αἱρέσεως
3498 2032 3602 2087 αὑ-

2028 2131 2136 2185 τῶν
2166 2131 2265 2184 οὐκ
2294 2129 2567 2200 ἀλλότριόν
2605 2129 2720 2180 ἐστι
2774 2127 2992 2180 τοιαῦτα
3040 2126 3215 2193 λέγειν
3236 2143 3297 2178 τε
3344 2127 3436 2178 καὶ
3465 2141 3602 2195 φρο-

2029 2227 2161 2278 νεῖν’
2197 2223 2344 2290 ἅπαξ
2400 2222 2507 2293 γὰρ
2561 2219 2867 2283 πλάσαντες
2916 2221 3128 2282 ἑαυτοῖς
3184 2217 3244 2282 ἐξ
3274 2218 3374 2271 οὐκ
3428 2217 3599 2270 ὅντων

2030 2315 2160 2369 Θεὸν
2192 2317 2287 2369 καὶ
2333 2315 2547 2368 κτιστὸν
2590 2314 2717 2369 Υἱὺν
2739 2353 2754 2376 ,
2807 2309 3112 2372 ἀκολούθως
3169 2310 3244 2372 ὡς
3290 2307 3600 2379 ἁρμόζοντα

2032 2408 2288 2479 κτίσματι
2310 2407 2379 2459 τὰ
2411 2406 2519 2478 (81)
2543 2404 2764 2458 τοιαῦτα
2794 2403 2886 2457 καὶ
2919 2400 3201 2466 συνέλεξαν
3231 2401 3443 2481 ἑαυτοῖς
3494 2399 3599 2470 ῥή-

2035 2515 2198 2570 ματα·
2230 2497 2412 2568 ἐπειδὴ
2445 2498 2501 2550 δὲ
2531 2496 2666 2567 πρὸς
2695 2494 2821 2557 τοὺς
2851 2493 2959 2546 ἀπὸ
2987 2492 3083 2563 τῆς
3141 2490 3459 2561 Ἐκκλησίας
3482 2489 3603 2544 δια-

2035 2592 2347 2664 μαχόμενοι,
2382 2591 2475 2643 καὶ
2504 2587 2790 2649 ἀκούοντες
2812 2583 2940 2655 παρ’
2972 2582 3148 2637 αὐτῶν
3176 2582 3304 2651 περὶ
3346 2578 3437 2632 τοῦ
3466 2579 3607 2650 άλη-

2033 2683 2176 2737 θινοῦ
2209 2685 2302 2737 καὶ
2324 2682 2483 2753 μόνου
2514 2680 2687 2748 Λόγου
2722 2677 2814 2731 τοῦ
2840 2676 3070 2748 Πατρὸς,
3097 2673 3316 2727 τοιαῦτα
3351 2673 3478 2744 περὶ
3498 2671 3604 2725 αὐ-

2031 2775 2127 2829 τοῦ
2152 2771 2481 2844 φθέγγεσθαι
2532 2770 2793 2839 τολμῶσι,
2839 2768 2923 2831 τίς
2973 2766 3161 2820 τούτου
3194 2763 3285 2818 τοῦ
3334 2763 3607 2834 δόγματος

2038 2864 2370 2938 μιαρώτερον
2386 2863 2451 2918 ἂν
2470 2863 2567 2917 ἴδοι
2587 2862 2709 2928 ;Τίς
2729 2860 2930 2914 τούτων
2951 2859 3046 2914 καὶ
3068 2858 3223 2929 μόνον
3238 2855 3449 2910 ἀκούων
3466 2856 3605 2927 (82),

2034 2956 2137 3010 κᾶν
2175 2956 2248 3027 μὴ
2282 2954 2578 3023 ἀντιλέγειν
2608 2952 2851 3023 δύνηται,
2884 2950 2944 3003 οὺ
3007 2949 3345 3019 ταράττεται,
3386 2947 3478 3000 καὶ
3505 2946 3607 3017 τὴν

374 3037 740 3106 perturbetur,
770 3053 1039 3109 auresque
1087 3056 1196 3095 non
1237 3042 1504 3107 obstruat,
1527 3043 1684 3099 novis
1709 3045 1793 3100 his
1821 3061 1934 3100 me-

2038 3045 2203 3117 ἁκοὴν
2235 3043 2564 3106 ἀποκλείσει,
2601 3039 2936 3111 ξενιζόμενος
2984 3041 3069 3109 ἐφ’
3093 3032 3173 3101 οἷς
3197 3037 3392 3091 ὲκεῑνοί
3415 3053 3475 3089 τε
3504 3035 3606 3088 λα-

375 3129 478 3183 rito
512 3130 801 3198 perculsus
830 3130 1109 3186 vocabulis
1137 3147 1259 3202 qua:
1283 3141 1336 3186 et
1361 3133 1437 3187 illi
1464 3144 1729 3203 usurpant
1751 3147 1804 3191 et
1820 3137 1935 3207 ipse

2038 3139 2206 3203 λοῦσι,
2240 3138 2335 3193 καὶ
2366 3137 2529 3200 αὐτὸς
2556 3135 2757 3189 καινῶν
2781 3133 2891 3205 (85)
2917 3132 3101 3187 ἀκούει
3142 3131 3418 3203 ῥημάτων,
3454 3129 3608 3200 ἐχόν-

375 3219 543 3286 audit,
568 3236 797 3291 quaeque
825 3221 941 3291 ipsa
962 3237 1028 3276 ex
1053 3238 1112 3278 se
1133 3223 1219 3278 vel
1242 3225 1417 3280 solum
1454 3226 1661 3290 prolata
1688 3238 1930 3297 apertam

302 3335 307 3338 ι
376 3310 666 3381 praeferunt
692 3312 1118 3382 blasphemiam?
1147 3312 1284 3369 Nam
1325 3316 1371 3371 si
1419 3316 1652 3372 Verbum
1695 3319 1828 3373 verti
1883 3328 1937 3374 et

377 3403 572 3456 mutari
606 3414 800 3472 potest,
834 3405 946 3471 ubi,
975 3420 1182 3475 quaeso,
1213 3406 1394 3472 stabit,
1434 3408 1678 3476 qualisve
1708 3410 1827 3479 ejus
1855 3411 1937 3463 in-

376 3496 636 3549 crementi
662 3496 785 3550 linis
820 3495 1037 3551 futurus
1069 3497 1192 3552 est?
1222 3498 1305 3552 vel
1353 3499 1625 3568 quomodo
1661 3502 1938 3558 mutabilis

376 3586 700 3642 immutabili
722 3589 922 3658 poterit
944 3604 1065 3646 esse
1089 3590 1323 3646 similis?
1362 3592 1646 3657 Quomodo
1681 3593 1811 3646 item
1843 3593 1937 3662 qui

378 3680 694 3735 mutabilem
727 3681 942 3750 viderit,
974 3682 1366 3739 immutabilem
1400 3699 1456 3738 se
1482 3684 1679 3739 vidisse
1706 3686 1939 3740 arbitra-

378 3769 638 3825 hitur?lu
662 3788 900 3841 quonam
932 3783 1110 3829 autem
1155 3775 1275 3844 ejus
1315 3784 1459 3830 statu
1509 3775 1707 3846 poterit
1756 3778 1811 3829 in
1847 3775 1939 3829 illo

379 3863 551 3918 videri
581 3862 783 3919 Pater?
829 3865 990 3920 Certe
1041 3865 1208 3935 liquet
1235 3869 1380 3937 quod
1430 3883 1591 3923 nemo
1634 3883 1846 3936 semper
1883 3867 1941 3921 in

380 3953 473 4008 illo
501 3952 717 4009 Patrem
748 3966 831 4013 est
863 3959 1080 4013 visurus
1103 3999 1118 4025 ,
1145 3974 1271 4013 cum
1302 3974 1515 4029 semper
1562 3968 1801 4014 mutetur
1850 3957 1941 4011 Fi-

382 4045 488 4101 lius
522 4048 909 4120 mutabilisque
938 4052 1009 4106 sit
1037 4061 1263 4106 naturae.
1300 4050 1545 4120 Namque
1588 4052 1745 4106 Pater
1779 4051 1941 4124 347

383 4140 738 4197 immutabilis
761 4151 843 4198 est
863 4143 1151 4212 omnisque
1168 4160 1360 4213 expers
1387 4144 1780 4212 conversionis,
1800 4161 1944 4199 sem-

384 4245 587 4309 perque
614 4242 669 4287 et
701 4233 840 4288 idem
887 4244 942 4291 et
968 4235 1157 4293 eodem
1185 4234 1347 4290 modo
1384 4246 1485 4290 est.
1528 4234 1631 4290 Sed
1664 4237 1709 4291 si
1749 4235 1942 4302 Filius,

455 4386 501 4420 "
537 4387 727 4450 Matth.
764 4405 957 4458 xxviii,
993 4390 1079 4451 19.

2029 3249 2136 3285 των
2166 3229 2386 3285 αὐτόθεν
2408 3230 2501 3282 καὶ
2531 3229 2626 3281 ἀπ’
2664 3226 2833 3297 αὐτῆς
2876 3225 2975 3295 τῆς
2997 3224 3274 3297 προφορᾶς
3310 3221 3408 3292 τὴν
3443 3220 3610 3291 βλασ-

2033 3322 2275 3393 φημίαν;
2321 3321 2383 3373 Εἰ
2423 3319 2530 3390 γὰρ
2561 3317 2791 3388 τρεπτὸς
2842 3317 2933 3370 καὶ
2984 3313 3356 3386 ἀλλοιούμενός
3380 3316 3527 3367 ἐστιν
3577 3315 3613 3370 ὁ

2033 3416 2223 3482 Λόγος,
2257 3417 2347 3467 ποῖ
2368 3412 2478 3483 (84)
2535 3412 2643 3481 ἄρα
2672 3411 2952 3480 στήσεται,
3006 3408 3101 3461 καὶ
3144 3409 3294 3460 ποῖον
3324 3404 3488 3459 αὑτοῦ
3541 3403 3615 3460 τὸ

2039 3506 2188 3568 τέλος
2210 3504 2360 3556 ἔσται
2378 3502 2477 3572 τῆς
2495 3502 2785 3563 ἐπιδόσεως
2804 3516 2819 3564 ;
2849 3499 2882 3571 ἢ
2913 3497 3029 3560 πῶς
3048 3499 3229 3568 ὅμοιος
3257 3495 3335 3567 τῷ
3352 3495 3613 3567 ἀτρέπτῳ

2040 3597 2069 3648 ὁ
2115 3594 2344 3666 τρεπτὸς
2389 3589 2524 3646 εἶναι
2555 3592 2870 3662 δυνήσεται;
2921 3588 3046 3651 Πῶς
3089 3589 3145 3642 δὲ
3196 3590 3224 3641 ὁ
3266 3587 3358 3641 τὸν
3378 3587 3613 3659 τρεπτὸν

2043 3684 2318 3757 ἑωρακὼς,
2366 3684 2665 3754 ἑωρακέναι
2720 3681 2810 3735 τὸν
2854 3680 3116 3753 ἄτρεπτον
3166 3679 3471 3750 νομίσειεν;
3519 3679 3614 3731 Ἐν

2046 3777 2175 3849 ποίᾳ
2200 3777 2255 3829 δὲ
2282 3778 2390 3848 ἄρα
2422 3776 2515 3830 ἐὰν
2538 3775 2761 3845 γένηται
2791 3773 3139 3836 καταστάσει,
3186 3770 3472 3843 δυνήσεταί
3525 3787 3615 3834 τις

2045 3870 2135 3923 τὸν
2162 3868 2379 3940 Πατέρα
2411 3869 2467 3921 ὲν
2525 3865 2673 3937 αὐτῷ
2731 3865 2984 3936 βλέπειν;
3031 3864 3186 3936 δῆλον
3230 3864 3358 3935 γὰρ,
3389 3863 3463 3926 ὡς
3510 3862 3615 3916 οὐκ

2048 3963 2134 4016 άεί
2161 3978 2240 4025 τις
2270 3961 2457 4031 ὄψεται
2488 3961 2548 4013 ὲν
2576 3959 2723 4030 αύτῷ
2747 3958 2836 4011 τὸν
2889 3958 3127 4029 Πατέρα,
3170 3955 3258 4010 διὰ
3284 3955 3344 4009 τὸ
3373 3955 3458 4009 ἀεὶ
3487 3953 3614 4025 τρέ-

2049 4053 2244 4107 πεσθαι
2279 4052 2370 4105 τὸν
2400 4051 2547 4113 Υἱὸν,
2576 4050 2671 4111 καὶ
2723 4048 3108 4119 ἀλλοιουμένης
3156 4047 3317 4101 αὐτὸν
3348 4042 3482 4099 εἶναι
3512 4044 3614 4114 φύ-

2051 4161 2206 4206 σεως.
2248 4144 2305 4196 '0
2336 4142 2432 4213 μὲν
2458 4141 2566 4212 γὰρ
2597 4142 2785 4212 Πατὴρ
2813 4140 3078 4212 ἄτρεπτος
3108 4139 3200 4192 καὶ
3237 4136 3611 4198 ἀναλλοίωτος,

2025 4265 2029 4269 ν
2054 4236 2147 4298 καὶ
2176 4236 2262 4289 ἀεὶ
2290 4235 2385 4289 καὶ
2411 4233 2669 4307 ὡσαύτως
2702 4233 2812 4305 (85)
2843 4232 2975 4308 ἔχει,
3005 4231 3098 4285 καὶ
3129 4234 3158 4285 ὁ
3188 4229 3348 4292 αὐτὸς
3371 4229 3550 4282 ἐστιν’
3581 4229 3614 4280 ὁ

459 4568 572 4643 (76)
614 4570 746 4641 Reg.
788 4579 843 4625 et
888 4571 1177 4643 Felclgmqr
1201 4570 1493 4642 ἁγεννήτου
1523 4569 1629 4643 Δκαὶ
1672 4568 1931 4643 γεννητοῦ

2110 4571 2240 4643 ,(80)
2285 4570 2375 4628 Sic
2401 4570 2631 4643 Siegtuer.
2653 4580 2707 4643 et
2727 4568 2886 4643 editi,
2912 4575 3071 4635 atque
3090 4565 3164 4643 ita
3201 4563 3326 4643 legit
3349 4560 3610 4643 Nannius.

386 4640 598 4727 angue.
628 4640 1070 4727 itein‘ycwqcog.
1100 4642 1206 4727 Alii
1247 4640 1451 4727 ver‘oet
1473 4640 1955 4727 editionClo'mmeL,

385 4712 647 4782 ἁγενήτου
694 4709 1075 4783 καὶγενήτοῦ,
1137 4710 1259 4765 Mox
1313 4711 1559 4776 Seguer.,
1588 4709 1838 4790 .Gohler.
1905 4720 1959 4766 et

389 4782 624 4859 Eelcltut.
669 4782 720 4859 1,
753 4780 970 4859 κτίστου
1008 4782 1102 4836 καὶ
1146 4780 1601 4859 κτίσματοςηιιὺι
1632 4778 1959 4859 Goblfr.”ct

388 4852 626 4913 Felckm.
666 4852 692 4906 1
728 4851 1161 4907 circumﬂectunt
1194 4849 1439 4907 ultimam
1486 4849 1539 4902 in
1573 4849 1812 4902 κτιστοῠ.
1853 4850 1954 4906 Sed

387 4924 605 4991 perinde
652 4933 775 4988 est,
823 4938 949 4976 nam
998 4932 1292 4991 utrumque
1336 4920 1593 4991 scribitur
1634 4921 1853 4990 κτιστής
1903 4930 1958 4975 et

388 4990 630 5069 animi.
660 4994 768 5049 Alii
796 4992 1030 5069 et__editi,
1069 4992 1322 5069 ἀκτίστου
1351 4991 1444 5069 καὶ
1477 4990 1791 5069 κτξσματος,
1868 5058 1902 5069 η

462 5058 731 5135 (77)'Reg.
761 5073 816 5119 et
844 5062 1084 5135 Felckm.
1120 5062 1175 5129 5,
1193 5058 1717 5135 gysvvqrou.__At'alii
1747 5068 1800 5113 et
1819 5058 1949 5135 edit.

389 5129 699 5205 cornuiel.,'
712 5134 996 5205 ἀγενήτου.
1031 5132 1151 5187 Mox
1188 5129 1410 5205 Seguer'.
1435 5171 1450 5192 .
1480 5130 1741 5205 δέδεικται
1792 5129 1952 5205 μηδὲν

390 5166 678 5195 υυιιιιιιῡιο,
712 5166 996 5205 upupa...
1031 5166 1151 5187 tum.
1188 5166 1410 5199 υσθυε..
1435 5171 1450 5192 ,
1480 5166 1741 5183 “mu...”
1792 5166 1951 5200 ru...”

389 5201 549 5274 πλέον
575 5200 770 5274 έχουσα
793 5204 826 5274 ἢ
853 5204 1012 5274 μόνον
1033 5203 1350 5274 φαντασξαν.
1369 5201 1563 5259 Caneri
1584 5216 1711 5274 vero
1725 5208 1779 5253 et
1799 5166 1952 5263 editi,

391 5269 674 5343 καὶμηδῷ
703 5269 884 5343 τελεῖον
915 5269 1114 5342 ἐκουάα
1137 5272 1170 5343 ἢ
1196 5272 1361 5343 stiva?
1384 5269 1702 5343 φαντασίαν-

452 5340 573 5411 .(78)
601 5340 691 5399 Sic
712 5340 1171 5411 Seguer.'Gobler.
1202 5340 1439 5399 Felckm.
1471 5341 1523 5411 1,
1554 5350 1612 5411 ut
1634 5350 1688 5393 et
1707 5340 1953 5409 legerunt

390 5409 732 5538 gmuibonus
753 5409 808 5466 et
828 5411 1094 5468 Nannius.
1121 5412 1225 5465 Alii
1243 5420 1298 5466 et
1317 5411 1468 5475 editi,
1490 5409 1778 5482 ἄτρεπτος,
1801 5425 1945 5462 men.

424 5495 539 5536 ose.

424 5495 539 5536 058.

458 5550 572 5621 (79)
604 5550 694 5621 Sic
717 5548 937 5621 seguer.
968 5550 1185 5606 Gobler.
1210 5560 1262 5621 et
1294 5550 1530 5606 Felckm.
1562 5551 1625 5621 1.
1640 5548 1951 5621 Alii_autem

390 5631 441 5683 et
466 5617 673 5690 editi,ﬂ
707 5617 877 5684 οὖξΠ
948 5639 1003 5672 αι
1044 5622 1156 5673 έσει
1180 5617 1273 5673 οὖν
1306 5622 1447 5677 κατὰ
1467 5622 1543 5680 τό.
1580 5619 1701 5677 Mox
1730 5618 1944 5676 Goblet‘.

391 5701 439 5742 et
466 5690 699 5742 Felt-km.
730 5693 778 5742 1.
808 5638 984 5742 καξέύ
1008 5638 1244 5742 δύναται.

926 5709 984 5743 0U

391 5701 439 5751 ιιι
466 5690 699 5751 Felckm.
730 5693 778 5753 1,
808 5690 901 5744 καὶ
926 5692 984 5743 οὐ
1008 5690 1244 5742 δύναται.

2058 4631 2161 4696 Αιῖἱ
2184 4683 2199 4704 ,
2225 4631 2307 4706 ’ὡς
2360 4631 2523 4704 ἄνθὸς
2555 4642 2649 4694 καὶ
2679 4639 2832 4706 ξύλον
2852 4631 2877 4702 ,⁷
2900 4646 2959 4690 ut
2986 4631 3055 4706 ἰιι
3083 4631 3419 4706 Οιᾲηηίῠοιιιιε
3464 4631 3610 4706 legit.

2058 4701 2231 4782 Paulo
2263 4701 2384 4782 post
2416 4701 2638 4781 Seguer.
2669 4701 2893 4782 ςοωωι.
2927 4704 3254 4782 etFeli-km.
3304 4703 3327 4755 1
3365 4712 3418 4755 et
3461 4701 3524 4765 5,
3559 4710 3616 4755 et

2060 4772 2279 4850 Regius;
2312 4784 2405 4853 καὶ
2428 4772 2632 4853 ῥέπειν,
2666 4780 2803 4853 Editi
2833 4787 2885 4853 et
2910 4778 3021 4853 alii,
3049 4775 3140 4853 καὶ
3162 4772 3401 4853 τρέπειν.

2074 4890 2084 4905 .
2130 4840 2239 4924 (81)
2267 4840 2276 4848 ’
2303 4840 2902 4924 Segiier._cdt_o_mittit.
2950 4845 3128 4924 Paulo
3174 4840 3296 4924 post
3330 4840 3445 4905 ,καὶ
3490 4846 3616 4894 ante

2059 4914 2342 4994 ἀκούοντες
2366 4914 2516 4976 deest
2545 4922 2596 4974 in
2626 4920 2840 4994 Gobler.
2872 4925 2923 4994 et
2950 4915 3186 4994 Falx-km.
3346 4982 3380 4994 η

2131 4993 2241 5063 (82)
2287 4980 3000 5063 segnem,Audvovudtxodwv.
3035 4985 3198 5040 Basil.
3225 4980 3610 5063 §nglic..fleg.

2057 5073 2111 5117 et
2137 5054 2455 5125 Fel'ckmfl‘i,
2496 5054 2690 5130 μόνων,
2724 5059 2992 5130 iidemque
3019 5072 3142 5110 cum
3175 5054 3332 5110 editis
3360 5054 3613 5106 omittunt

2057 5132 2287 5190 ἀκούων.
2316 5128 2539 5201 Seguei'.
2576 5128 2980 5201 ibid-513%“?
3091 5194 3105 5201 ,
3163 5195 3176 5201 _
3253 5196 3275 5201 _
3374 5191 3391 5201 .
3443 5191 3459 5201 .
3507 5189 3532 5201 -

2132 5202 2243 5273 (85)
2267 5191 2727 5273 ὃθειῖενεϐοὺίθν.
2752 5209 2805 5251 et
2829 5196 3062 5273 Fe_l_ck_m.
3082 5194 3134 5273 1,
3161 5191 3614 5273 ὲῃεῖνοιῆλαλούσι,

2057 5262 2571 5345 καὶᾼαύτὸςνκενῶν.
2602 5269 2856 5345 βοείων..
2894 5267 3025 5345 ibid.
3070 5262 3535 5345 ἁκούωνηϐεεξιρτί
3566 5271 3619 5314 et

2056 5343 2204 5406 editi,
2229 5333 2421 5395 ἐκεῖνοί
2446 5357 2504 5393 τε
2532 5333 2751 5392 λαλοῦσι
2775 5338 2869 5395 καὶ
2900 5334 3058 5398 αὐτὸς
3083 5333 3280 5388 καινῶν
3299 5333 3512 5406 ἐκούει.

2135 5399 2243 5484 (Sil)
2273 5413 2362 5467 Sic
2386 5412 2607 5484 Segne-r.
2634 5409 2766 5484 Reg.
2785 5408 2949 5462 Basnl.
2981 5405 3188 5475 Anglic.
3217 5412 3271 5457 et
3297 5401 3535 5456 Felckni.
3561 5399 3616 5456 5.

2057 5482 2250 5555 At‘alii
2278 5492 2333 5555 et
2365 5482 2516 5545 editi,
2554 5482 2729 5555 FOFQV.
2901 5546 2940 5555 _
2975 5547 2987 5555 _
3083 5547 3097 5555 _
3229 5543 3241 5555 ι
3314 5542 3325 5555 ⁸
3366 5541 3379 5555 ‘
3457 5540 3470 5555 '
3572 5538 3586 5554 ο

2072 5600 2079 5605 .
2127 5554 2240 5623 (δὸ)
2271 5541 2510 5623 δεευετζ
2544 5550 2763 5605 Goliler.
2796 5556 2851 5603 et
2901 5546 3045 5602 Fclc.
3079 5547 3129 5609 1,
3160 5543 3252 5600 καὶ
3302 5541 3388 5597 ἀεὶ
3442 5541 3615 5592 ὠσαύο

2056 5641 2179 5686 τως.
