3972 6224
393 303 462 358 85
1460 308 1716 364 ORATIO
1759 307 1778 362 1
1815 307 2092 364 CONTRA
2132 311 2444 371 ARIANOS.
3534 319 3604 378 80

392 415 446 468 δὲ
485 413 606 477 Tib;
635 413 684 468 εί
721 417 837 470 κατ’
869 418 1108 482 ὲκεινους
1139 419 1388 490 τρεπτὸς,
1423 421 1516 474 καὶ
1553 423 1652 476 οὐκ
1676 423 1760 476 ἀεὶ
1791 423 1819 474 6
1851 424 1948 476 αὑ-

2056 433 2109 479 ut
2153 429 2416 496 sentiunt,
2446 437 2536 485 est
2564 431 2874 498 mutabilis,
2917 447 3018 488 nec
3057 447 3268 504 semper
3299 433 3472 503 idem,
3508 439 3602 494 sed

390 507 496 570 τὸς,
529 507 642 560 ἀλλ’
677 509 764 560 ἀεὶ
794 509 1174 580 ἀλλοιουμένης
1201 511 1410 580 φύσεώς
1443 515 1577 578 ἐστι,
1623 515 1738 578 πῶς
1770 519 1797 569 6
1839 534 1948 569 τοι-

389 597 539 661 οὗτος
568 597 730 652 εἰκὼν
757 599 852 652 τοῦ
889 601 1096 672 Πατρὺς
1127 597 1264 657 εἶναι
1296 604 1534 669 δύναται,
1593 608 1690 660 οὐκ
1719 607 1856 677 ἔχων
1886 607 1947 660 τὺ

387 691 564 759 ὅμοιον
593 691 694 760 τῆς
727 692 1015 762 ἀτρεψίας;
1063 695 1184 760 Πῶς
1215 695 1272 750 δὲ
1301 697 1394 750 καὶ
1423 697 1558 761 ὅλως
1594 699 1649 751 ὲν
1677 699 1754 770 τῷ
1779 701 1948 770 Πατρί

387 783 550 846 ἐστιν,
585 783 880 852 ἀμφίϐολον
903 785 1040 856 ἔχων
1081 789 1176 860 τὴν
1203 789 1516 860 προαίρεσιν
1544 789 1648 856 (86)
1677 807 1689 856 ;
1723 791 1872 862 Τάχα
1895 791 1949 844 δὲ

389 873 480 926 καὶ
502 875 734 946 στρεπτός
762 877 855 940 ὣν,
891 879 983 931 καὶ
1035 879 1155 933 καθ’
1182 880 1392 952 ἡμέραν
1434 883 1769 950 προκόπτων,
1799 881 1950 936 οὔπω

387 963 588 1029 τέλειός
616 967 781 1021 ἐστιν.
839 969 974 1022 Ἀλλ’
1018 972 1050 1042 ὴ
1087 972 1183 1042 μὲν
1237 973 1458 1046 τοιαύτη
1509 973 1614 1026 τῶν
1661 975 1948 1045 ’Λρειανῶν

391 1057 617 1126 οἰχέσθω
649 1059 835 1128 μανία,
867 1062 898 1131 ἡ
931 1061 984 1114 δὲ
1009 1062 1232 1133 ἀλήθεια
1258 1064 1539 1136 λαμπέτω,
1577 1065 1665 1118 καὶ
1691 1065 1949 1118 δεικνύτω

391 1148 606 1212 τούτους
657 1153 1152 1223 παραφρονοῦντας.
1211 1157 1334 1221 Πῶς
1379 1157 1486 1230 γὰρ
1531 1159 1588 1211 οὐ
1649 1158 1870 1222 τέλειος,
1921 1161 1950 1212 6

389 1242 496 1304 ἴσος
521 1240 640 1313 Θεῷ
662 1243 774 1316 (87)
801 1262 814 1309 ;
842 1247 910 1297 Ἦ
939 1245 1054 1312 πῶς
1083 1249 1181 1302 οὐκ
1207 1250 1490 1320 ἄτρεπτος,
1519 1255 1546 1304 6
1575 1253 1708 1322 μετά
1732 1254 1824 1306 τοῦ
1841 1255 1950 1306 Πα-

387 1335 508 1403 τρὸς
536 1333 592 1386 ἓν
617 1333 712 1399 ὢν,
737 1337 828 1389 καὶ
861 1339 956 1409 τῆς
984 1341 1169 1403 οὐσίας
1199 1341 1326 1404 ἴδιος
1351 1341 1424 1394 ὢν
1457 1343 1582 1406 Υἱὸς
1609 1341 1770 1396 αὑτοῦ
1793 1359 1806 1409 ;
1839 1345 1948 1416 Τῆς

387 1423 440 1475 δὲ
467 1425 654 1488 οὐσίας
685 1427 778 1478 τοῦ
815 1429 1022 1500 Πατρὸς
1051 1430 1212 1502 οὔσης
1237 1433 1524 1504 ἀτρέπτου,
1565 1433 1828 1504 ἄτρεπτον
1883 1434 1948 1488 ἂν

389 1513 468 1581 εἰη
504 1516 596 1567 καὶ
620 1515 682 1568 τὸ
705 1515 762 1582 ἐξ
781 1519 948 1588 αὐτῆς
970 1521 1098 1574 ἴδιον
1123 1522 1382 1592 γέννημα.
1402 1525 1462 1577 Εἰ
1479 1523 1540 1578 ,δὲ
1571 1523 1757 1578 τούτου
1782 1524 1950 1588 οὕτως

389 1604 536 1667 ὄντος
562 1605 694 1676 (88),
739 1608 832 1660 τοῦ
876 1611 1048 1680 Λόγου
1095 1615 1297 1686 τροπὴν
1339 1615 1780 1684 καταψεύδονται,
1814 1635 1948 1688 μαν-

391 1693 692 1751 θανέτωσαν
717 1699 818 1752 ποῦ
845 1701 1047 1756 τούτων
1072 1706 1099 1756 6
1117 1705 1270 1773 λόγος
1291 1707 1603 1760 κινδυνεύει’
1633 1710 1696 1761 ὲκ
1719 1709 1827 1778 γὰρ
1855 1709 1946 1761 τοῦ

389 1787 596 1858 καρποῦ
631 1791 724 1843 καὶ
755 1791 814 1844 τὸ
858 1793 1068 1865 δένδρον
1093 1797 1523 1865 ἐπιγινώσκεται·
1559 1801 1646 1854 διὰ
1670 1801 1826 1854 τοῦτο
1854 1804 1948 1856 καὶ

387 1878 416 1930 ὁ
440 1877 548 1950 (89)
569 1881 828 1952 ἑωρακὼς
867 1886 958 1938 τὸν
987 1885 1110 1938 Υἱὸν
1158 1887 1365 1958 ἑώρακε
1400 1890 1491 1942 τὸν
1525 1891 1762 1962 Πατέρα,
1793 1892 1890 1944 καὶ,
1915 1895 1948 1963 ὴ

389 1971 480 2026 τοῦ
509 1973 637 2026 Υίοῦ
669 1975 870 2042 γνῶσις
888 1977 1084 2045 γνῶσίς
1107 1979 1220 2031 ἐστι
1249 1980 1342 2033 τοῦ
1371 1981 1598 2054 Πατρός.

461 2152 544 2209 36.
572 2155 778 2208 Οὐκοῦν
809 2157 1160 2222 ἀναλλοίωτος
1188 2161 1220 2229 ἡ
1241 2159 1400 2214 εἰκὼν
1421 2159 1512 2212 τοῦ
1535 2139 1798 2230 ἀτρέπτου
1816 2163 1948 2216 Θεοῦ

391 2245 456 2300 ἂν
483 2249 591 2318 εἴη·
634 2249 862 2316 Ἰησοῦς
899 2249 1002 2322 γὰρ
1030 2250 1299 2319 Χριστὸς,
1325 2251 1463 2319 χθὲς
1513 2253 1608 2305 καὶ
1630 2253 1892 2322 σήμερον
1917 2257 1949 2307 ό

389 2339 566 2403 αὐτὸς
595 2339 690 2392 καὶ
718 2344 804 2407 εἰς
823 2342 962 2408 τοὺς
992 2341 1223 2408 αἰῶνας.
1274 2343 1382 2396 Καὶ
1413 2345 1440 2395 6
1485 2345 1580 2414 μὲν
1623 2344 1784 2397 Δαυῒδ
1811 2345 1944 2414 ψάλ-

391 2429 490 2482 λων
522 2429 634 2501 (90)
667 2433 791 2502 περὶ
814 2433 974 2486 αὐτοῦ
1011 2451 1160 2504 φησι’
1199 2434 1307 2488 Kal
1345 2435 1424 2488 σὺ
1455 2436 1580 2488 κατ’
1611 2437 1820 2506 ἀρχὰς,
1841 2439 1950 2491 Κύ-

384 2539 490 2588 ριε,
525 2521 639 2590 τὴν·
666 2523 780 2592 γῆν
798 2525 1210 2593 ἐθεμελίωσας,
1263 2527 1358 2580 καὶ
1401 2527 1542 2596 ἔργα
1583 2527 1701 2580 τῶν
1741 2527 1952 2598 χειρῶν

391 2614 500 2665 σού
524 2617 680 2666 εἰσιν
715 2620 768 2667 οἱ
793 2618 1052 2684 οὐρανοί.
1100 2618 1278 2672 Αὐτοὶ
1327 2619 1708 2672 ἀπολοῦνται·
1752 2622 1830 2674 σὺ
1883 2621 1952 2674 δὲ

391 2703 702 2773 διαμένεις,
731 2707 826 2758 καὶ
858 2707 1077 2774 πάντες
1123 2710 1203 2774 ὡς
1241 2709 1467 2778 ἱμάτιον
1505 2712 1951 2777 παλαιωθήσον-

395 2811 504 2858 ται,
537 2797 634 2849 καὶ
672 2799 812 2851 ὡσεὶ
853 2803 1230 2866 περιϐόλαιον
1291 2801 1510 2867 ἑλίξεις
1566 2801 1803 2867 αὐτοὺς,
1853 2804 1951 2856 καὶ

395 2888 837 2957 ἀλλαγήσονται
870 2893 1000 2961 (91).
1040 2893 1122 2946 Σὺ
1151 2891 1217 2945 δὲ
1258 2896 1289 2946 ό
1317 2891 1496 2958 αὐτὸς
1529 2890 1602 2962 εἴ,
1627 2895 1725 2947 καὶ
1749 2893 1819 2948 τὰ
1845 2895 1950 2962 ἔτη

393 2999 504 3036 σου
547 2985 658 3036 οὐκ
709 2985 1118 3052 ἐκλείψουσιν.
1186 2985 1243 3034 '0
1275 2983 1332 3036 δὲ
1384 2985 1588 3056 Κύριος
1627 2987 1787 3049 αὐτὸς
1825 2988 1951 3058 περὶ

2048 519 2167 588 ejus
2187 530 2392 576 natura:
2421 537 2540 590 quae
2577 537 2790 592 semper
2835 531 3107 578 mutetur:
3149 525 3242 595 qui
3283 527 3394 582 lieni
3429 537 3605 598 potest

2049 623 2108 666 ut
2130 612 2219 666 ille
2247 613 2317 668 sit
2347 613 2523 684 imago
2551 613 2746 679 Patris,
2779 617 2869 685 qui
2895 617 3126 672 similem
3151 633 3257 672 non
3291 618 3604 674 habeatim-

2049 703 2626 760 mutabilitatem?lmo
2660 708 2935 774 quomodo
2969 708 3023 762 in
3050 707 3206 764 Patre
3230 726 3350 766 esse
3381 713 3605 766 omnino

2046 797 2239 863 possit,
2268 796 2359 865 qui
2389 797 2638 866 ambigua
2671 807 2753 852 est
2795 799 3108 854 voluntate?
3133 800 3296 856 Forte
3320 817 3448 858 vero
3478 818 3601 858 cum

2049 879 2120 935 sit
2141 882 2436 945 mutabilis,
2474 893 2528 936 et
2559 884 2784 954 singulis
2813 885 3004 942 diebus
3035 887 3304 957 proilciat,
3331 887 3605 958 perfectus

2049 968 2286 1022 nondum
2317 979 2420 1024 est.
2458 969 2558 1026 Sed
2583 973 2756 1026 valeat
2785 983 2892 1028 tam
2925 975 3150 1031 insanus
3171 977 3494 1032 Arianorum
3519 995 3605 1032 er-

2047 1071 2164 1122 ror,
2203 1055 2512 1128 fulgeatque
2535 1061 2756 1127 veritas,
2791 1079 2911 1133 quae
2939 1073 2993 1118 et
3034 1081 3128 1120 eos
3152 1066 3394 1136 desipere
3423 1067 3600 1137 palam

2049 1151 2316 1205 ostendat.
2357 1149 2458 1216 Qui
2492 1153 2635 1206 enim
2661 1153 2772 1208 ﬁeri
2799 1164 2975 1224 potest
2995 1164 3055 1211 ut
3090 1157 3178 1214 ille
3201 1157 3471 1228 perfectus
3496 1175 3602 1212 non

2049 1241 2140 1306 sit,
2168 1243 2260 1312 qui
2287 1244 2508 1312 aequalis
2539 1243 2646 1298 Deo
2675 1247 2796 1300 est?
2827 1246 2932 1302 Aut
2956 1250 3227 1318 quomodo
3250 1249 3600 1304 immutabilis

2049 1343 2288 1400 nonest,
2329 1337 2420 1404 qui
2445 1352 2612 1390 unum
2645 1353 2766 1392 cum
2799 1339 2959 1394 Patre
3003 1349 3104 1403 est,
3130 1341 3356 1410 ejusque
3395 1350 3602 1395 natura:

2047 1427 2299 1496 proprius
2322 1437 2406 1482 est
2431 1427 2602 1483 Filius
2617 1431 2640 1483 ?
2655 1433 2790 1487 Cum
2811 1433 2972 1502 igitur
2990 1433 3162 1488 Patris
3179 1443 3370 1489 natura
3395 1433 3465 1488 sit
3499 1433 3602 1487 im—

2049 1519 2347 1586 mutabilis,
2375 1537 2481 1576 non
2508 1523 2730 1578 dubium
2753 1534 2835 1580 est
2853 1525 2982 1594 quin
3013 1525 3366 1582 immutabilis
3383 1543 3604 1598 quoque

2049 1607 2120 1660 sit
2155 1609 2406 1677 proprius
2453 1610 2544 1679 qui
2574 1627 2638 1665 ex
2672 1627 2734 1666 ea
2759 1613 2999 1668 exoritur
3046 1612 3201 1668 fetus.
3221 1615 3349 1680 Qua:
3379 1629 3502 1669 cum
3529 1616 3603 1670 ita

2052 1699 2182 1763 sint,
2203 1701 2248 1754 si
2271 1699 2510 1756 Verbum
2535 1703 2795 1757 mutabile
2815 1719 2934 1758 esse
2963 1713 3190 1773 pergant
3209 1705 3344 1760 l'also
3379 1719 3602 1762 conten-

2049 1793 2197 1860 dere,
2227 1792 2445 1846 videant
2479 1801 2742 1863 quantum
2773 1793 2843 1848 sit
2863 1794 2914 1847 in
2945 1795 3212 1866 ejusmodi
3233 1811 3481 1852 sermone
3511 1815 3604 1868 pe-

2049 1886 2304 1940 riculum.
2331 1883 2576 1954 Namque
2599 1901 2662 1940 ex
2685 1884 2860 1940 fructu
2885 1889 3046 1940 arbor
3063 1887 3406 1958 cognoscitur
3437 1907 3450 1942 :
3477 1889 3604 1943 hinc

2049 1975 2143 2045 qui
2187 1976 2319 2029 vidit
2375 1974 2571 2030 Filium
2593 2015 2608 2041 ,
2653 1977 2787 2030 vidit
2818 1976 3032 2031 Patrem
3065 1977 3134 2044 ⁸⁸,
3169 1987 3222 2032 et
3253 1977 3372 2033 Filii
3418 1979 3603 2050 cogni-

2052 2068 2147 2129 tio,
2185 2066 2358 2122 Patris
2390 2076 2473 2122 est
2501 2067 2763 2137 cognitio.

2119 2157 2208 2212 56.
2227 2157 2569 2229 Quapropter
2586 2158 2938 2214 immutabilis
2955 2157 3048 2214 Dei
3073 2159 3270 2230 imago,
3294 2161 3604 2215 immutabi-

2049 2249 2116 2305 lis
2141 2266 2358 2319 quoque
2407 2252 2522 2320 ipsa
2581 2251 2652 2306 sit
2703 2265 2926 2306 necesse
2969 2259 3076 2306 est.
3124 2250 3403 2320 Siquidem
3449 2251 3604 2306 Iesus

2051 2343 2313 2406 Christus,
2345 2344 2456 2398 heri
2486 2355 2532 2398 et
2574 2344 2726 2396 hodie
2755 2343 2892 2396 idem
2937 2351 2984 2396 et
3009 2345 3065 2396 in
3099 2343 3294 2398 secula
3332 2343 3397 2395 “.
3431 2341 3505 2396 De
3543 2358 3605 2396 eo

2051 2431 2215 2488 David
2237 2435 2396 2488 etiam
2422 2435 2500 2489 sic
2535 2435 2742 2504 psallit:
2769 2433 2836 2488 Et
2871 2444 2946 2498 ιιι,
2971 2434 3206 2500 Domine,
3235 2435 3387 2488 initio
3411 2443 3606 2486 terram

2052 2527 2309 2594 fundasti,
2337 2537 2385 2580 et
2419 2543 2576 2594 opera
2613 2525 2864 2579 manuum
2911 2535 3122 2578 tuarum
3164 2533 3284 2578 sunt
3320 2523 3454 2578 creti.
3493 2521 3604 2593 Ipsi

2051 2617 2289 2687 peribunt
2319 2633 2336 2670 :
2368 2629 2424 2671 tu
2456 2629 2630 2672 autem
2659 2635 2928 2687 permanes
2949 2659 2962 2682 ,
3003 2627 3050 2671 et
3081 2634 3254 2671 omnes
3295 2617 3428 2670 sicut
3452 2618 3605 2669 uesti-

2053 2721 2282 2764 mentum
2316 2722 2653 2774 veterascent,
2681 2721 2730 2765 et
2758 2711 2892 2762 sicut
2934 2711 3184 2762 amictum
3219 2708 3384 2762 volves
3423 2724 3532 2772 eos,
3557 2714 3605 2759 et

2053 2799 2413 2854 mutabuntur.
2452 2799 2528 2851 Tu
2560 2809 2733 2852 autem
2765 2799 2899 2852 idem
2937 2815 3010 2863 es,
3039 2807 3088 2851 et
3119 2799 3246 2852 anni
3281 2799 3357 2851 tui
3384 2813 3488 2851 non
3517 2799 3609 2850 de—

2053 2890 2226 2958 ﬁcient
2255 2889 2321 2943 ⁸⁷.
2347 2889 2464 2957 Ipse
2485 2903 2648 2958 porro
2679 2888 2940 2944 Dominus
2965 2889 3031 2942 de
3061 2889 3239 2956 seipso
3265 2902 3361 2957 per
3377 2888 3610 2958 prophe-

2053 2989 2166 3034 tam
2193 2979 2268 3034 ait
2299 2999 2311 3034 :
2359 2980 2533 3034 Videte
2581 2997 2684 3045 me,
2728 2981 2893 3033 videte
2921 2980 3056 3049 quod
3097 2995 3188 3048 ego
3213 2995 3346 3038 sum,
3381 2987 3456 3044 et,
3487 2977 3610 3030 Non

393 3075 580 3128 ἑαυτοῦ
634 3075 720 3128 διὰ
749 3075 841 3128 τοῦ
891 3078 1164 3146 προφήτου
1205 3075 1369 3144 λέγει·
1427 3078 1604 3130 Ἰδετέ
1645 3095 1739 3146 με,
1803 3077 1951 3132 ἴδετε

2057 3079 2286 3124 mutatus
2335 3087 2448 3124 sum
2478 3071 2541 3125 ⁸⁸.
2588 3069 2720 3124 Nam
2757 3071 2882 3125 licet
2923 3071 3006 3124 bis
3045 3070 3257 3124 Patrem
3317 3069 3610 3140 significari

393 3165 476 3220 ὅτι
500 3165 614 3237 ἐγώ
649 3169 783 3237 εἰμι,
819 3169 930 3232 καὶ,
975 3169 1094 3222 Οὐκ
1113 3167 1536 3238 ἡλλοίωμαι.Εἰ
1569 3169 1676 3240 γὰρ
1704 3170 1796 3223 καὶ
1828 3171 1952 3240 περὶ

390 3261 480 3316 τοῦ
513 3263 722 3334 Πατρὸς
749 3263 966 3318 δύναται
987 3263 1160 3332 λέγειν
1187 3282 1270 3326 τις
1312 3260 1444 3317 εἶναι
1486 3263 1639 3316 τοῦτο
1664 3265 1723 3316 τὸ
1753 3281 1950 3334 σημαι-

391 3353 609 3426 νόμενον
638 3355 768 3426 (9‘2),
797 3356 930 3409 ἀλλά
963 3357 1055 3410 καὶ
1112 3357 1201 3409 τὸν
1235 3357 1358 3410 Υἱὺν
1416 3357 1637 3427 ἁρμόζει
1677 3356 1832 3410 τοῦτο
1871 3356 1954 3409 λέ-

391 3463 524 3514 γειν,
555 3447 636 3500 ὅτι
672 3446 901 3518 μάλιστα
926 3447 1212 3518 γενόμενος
1244 3447 1523 3518 ἄνθρωπος
1571 3447 1807 3500 δείκνυσι
1856 3448 1952 3518 τὴν

391 3538 688 3608 ταύτότητα
738 3540 832 3592 καὶ
880 3540 939 3591 τὸ
980 3539 1242 3610 ἄτρεπτον
1287 3537 1477 3591 ἑαυτοῦ
1513 3541 1624 3602 τοῖς
1677 3539 1952 3610 νομίζουσι

393 3625 476 3678 διὰ
506 3626 605 3697 τὴν
637 3627 812 3697 σάρκα
841 3627 1158 3696 ἠλλοιῶσθαι
1185 3627 1293 3700 (95)
1346 3628 1524 3690 αὐτὸν,
1567 3629 1660 3682 καὶ
1688 3628 1870 3699 ἕτερόν
1902 3647 1954 3681 τι

397 3717 735 3788 γεγενῆσθαι.
775 3718 1218 3791 ’Λξιοπιστὸτεροι
1271 3719 1326 3772 δὲ
1381 3721 1429 3772 οἱ
1464 3720 1606 3788 ἅγιοι
1638 3721 1730 3774 καὶ
1760 3719 1954 3790 μᾶλλον

396 3812 422 3861 6
445 3808 645 3882 Κύριος
669 3810 768 3879 τῆς
789 3810 896 3862 τῶν
923 3809 1132 3863 ἀσεϐῶν
1165 3810 1468 3874 κακονοίας.
1503 3810 1612 3864 Καὶ
1655 3812 1765 3881 γὰρ
1815 3811 1954 3864 κατά

397 3899 453 3951 τὸ
479 3899 764 3970 εἰρημένον
820 3901 1145 3971 ἀνάγνωσμα
1196 3899 1304 3972 (94)
1351 3900 1451 3970 τῆς
1498 3900 1786 3971 ὑμνῳδίας,
1817 3901 1955 3955 πάν-

397 4007 500 4043 των
533 3990 641 4042 τῶν
667 3991 909 4062 γενητῶν
940 3993 1033 4045 καὶ
1070 3995 1247 4064 πάσης
1281 3993 1380 4064 τῆς
1426 3991 1674 4055 κτίσεως,
1731 3993 1818 4046 διὰ
1857 3995 1955 4064 τῆς

400 4081 620 4152 οὐρανοῦ
676 4083 768 4134 καὶ
807 4082 907 4152 γῆς
955 4083 1244 4154 σημασίας,
1265 4083 1500 4155 τρεπτὴν
1523 4082 1616 4138 καὶ
1663 4082 1956 4154 ἀλλοιωτὴν

401 4175 646 4246 ἡΓραφὴ
677 4175 774 4245 τὴν
825 4174 982 4242 φύσιν
1033 4174 1282 4243 λέγουσα,
1313 4177 1406 4228 καὶ
1448 4176 1538 4230 τὸν
1581 4176 1704 4229 Υἱὸν
1738 4174 1957 4239 ὑπεξαί-

403 4281 566 4333 ρουσα
586 4265 694 4334 (95)
721 4265 942 4329 τούτων,
974 4265 1211 4318 δείκνυσι
1244 4267 1485 4338 μηδόλως
1539 4266 1762 4336 γενητὸν
1795 4265 1955 4320 αὐτὸν

401 4350 550 4422 εἶναι,
577 4354 712 4409 ἀλλά
769 4357 861 4409 καὶ
927 4357 1120 4426 μᾶλλον
1147 4357 1305 4410 αὑτὸν
1361 4356 1668 4410 ἀλλοιοῦντα
1701 4357 1767 4410 τὰ
1799 4355 1951 4418 ἄλλα,

2059 3163 2231 3232 possit
2272 3163 2395 3232 quis
2451 3163 2812 3233 respondere;
2864 3163 3048 3218 eadem
3083 3171 3262 3216 tamen
3321 3161 3374 3216 in
3414 3159 3612 3216 Filium

2059 3257 2260 3325 optime
2285 3255 2572 3326 quadrent,
2614 3263 2882 3326 quatenus
2909 3255 3115 3310 scilicet
3143 3254 3305 3309 homo
3344 3253 3520 3309 factus
3553 3267 3613 3308 se

2059 3347 2308 3402 eumdem
2337 3361 2548 3416 semper
2573 3357 2627 3401 et
2665 3346 3054 3400 immutabilem
3085 3359 3205 3400 esse
3249 3345 3318 3400 iis
3354 3343 3610 3409 ostendit,

2058 3439 2149 3510 qui
2179 3439 2354 3508 ipsum
2388 3438 2458 3491 ob
2483 3453 2699 3492 carnem
2735 3446 3000 3492 mutatum
3027 3445 3080 3490 et
3100 3435 3244 3490 aliud
3270 3435 3469 3490 factum
3495 3449 3615 3490 esse

2061 3533 2368 3580 autumant.
2409 3525 2565 3580 Certe
2597 3525 2698 3578 viri
2737 3527 2914 3581 sancti
2938 3535 2991 3579 et
3021 3526 3136 3595 ipse
3171 3524 3432 3580 Dominus
3458 3525 3616 3594 longe

2061 3619 2164 3674 ﬁde
2180 3619 2451 3688 digniores
2475 3627 2601 3673 sunt
2624 3633 2788 3688 quam
2810 3617 3098 3686 impiorum
3127 3613 3612 3685 perversitas.Cum

2059 3710 2204 3763 enim
2239 3707 2516 3778 Scriptura
2555 3709 2607 3762 in
2637 3707 2870 3777 psalmo,
2913 3707 3068 3776 cujus
3107 3705 3270 3758 verba
3307 3704 3617 3770 retulimus,

2059 3817 2242 3856 rerum
2283 3801 2526 3856 omnium
2567 3800 2832 3854 factarum
2868 3807 2923 3854 et
2962 3805 3289 3860 creatarum,
3327 3810 3448 3864 qua:
3492 3791 3620 3850 cmi!

2061 3901 2114 3948 et
2143 3901 2297 3946 terrae
2327 3892 2545 3947 nomine
2567 3889 3116 3959 comprehenduntur,
3151 3885 3462 3940 mutabilem
3497 3900 3619 3940 esse

2061 3981 2288 4038 ail'irmet
2319 3993 2587 4048 naturam,
2611 3981 2918 4051 Filiumque
2937 3996 3002 4036 ex
3025 3979 3130 4034 illis
3151 3981 3372 4041 eximat,
3395 3979 3619 4048 apertis-

2061 4076 2198 4130 sime
2223 4073 2463 4128 declarat
2490 4087 2614 4127 eum
2640 4072 2789 4126 nullo
2825 4072 2983 4126 modo
3010 4071 3208 4125 factum
3235 4085 3374 4134 esse,
3403 4070 3496 4124 sed
3529 4083 3620 4138 po-

2063 4167 2173 4221 tius
2200 4166 2381 4222 omnia
2410 4165 2478 4220 ab
2510 4165 2602 4219 illo
2649 4163 2944 4228 immutari,
2987 4163 3164 4232 ipsum
3198 4176 3323 4216 vero
3361 4175 3468 4216 non
3497 4175 3618 4215 mu-

2064 4258 2164 4311 tari
2198 4257 2356 4312 docet
2385 4258 2533 4312 hisce
2565 4255 2764 4318 verbis,
2799 4254 2876 4308 Tu
2907 4264 3078 4308 autem
3123 4253 3258 4306 idem
3301 4269 3386 4318 es,
3419 4259 3466 4304 et
3493 4250 3619 4308 anni

2064 4351 2143 4403 tui
2178 4365 2278 4403 non
2307 4350 2566 4413 deﬁcient.
2615 4347 2681 4402 Et
2721 4347 2916 4402 merito
2971 4347 3209 4418 quidem.
3259 4343 3502 4414 Namque
3532 4357 3618 4398 res

401 4449 486 4501 καὶ
521 4449 594 4519 μὴ
637 4448 1012 4519 ἀλλοιούμενον
1058 4449 1218 4502 αὐτὸν
1259 4449 1524 4514 διδάσκει,
1579 4450 1647 4502 δι’
1677 4444 1750 4504 ὧν
1803 4465 1951 4518 φησι·

2061 4445 2235 4512 factae,
2263 4459 2386 4500 cum
2419 4443 2526 4498 sint
2558 4459 2621 4498 ex
2653 4442 2824 4497 nihilo
2849 4481 2866 4510 ,
2909 4455 3012 4496 nec
3051 4439 3253 4494 fuerint
3305 4437 3618 4508 priusquam

471 4653 514 4684 ⁸³
548 4651 704 4706 Joan.
751 4667 861 4716 xiv,
901 4651 953 4704 9.
1029 4651 1076 4682 “
1115 4649 1277 4730 llebr.
1321 4667 1442 4716 xm,
1485 4651 1537 4705 8.
1612 4651 1656 4683 ⁸⁷
1691 4649 1835 4705 Psal.
1875 4666 1949 4714 οι,

2059 4645 2166 4702 -28,
2241 4647 2287 4679 ⁸⁸
2323 4645 2480 4702 Deut.
2517 4660 2690 4726 sxxii,
2729 4644 2829 4712 59;
2873 4641 3100 4697 Malacb.
3127 4637 3258 4704 ιιι,6

2070 4845 2546 4919 Seguer._Basili._
2568 4844 2698 4914 Reg.
2735 4843 2974 4919 _Anglic.,
3014 4837 3323 4919 ἐαυτοῦ-διὰ
3357 4833 3452 4916 τοῦ
3489 4851 3626 4919 προ-

2068 4906 2256 4998 φηῖξου.
2293 4917 2470 4971 Editio
2509 4906 2772 4970 Cominel.
2794 4906 3044 4976 ,Ἑαυτοῦ
3071 4907 3164 4996 τοῦ
3208 4906 3300 4994 διὰ.
3341 4906 3432 4958 τοῦ
3454 4946 3466 4967 ,
3516 4913 3620 4959 etc.

2067 4989 2203 5042 Ibid.
2252 4986 2472 5055 Seguer.
2509 4985 2726 5040 Gobler.
2754 4994 2806 5038 et
2841 4983 2984 5036 Felc.
3031 4979 3090 5040 1,
3152 4976 3292 5029 ιδετέ
3329 4991 3394 5045 με
3416 5015 3429 5040 ,
3464 4973 3624 5038 ἴδετε,

2066 5058 2166 5111 ὅτι.
2201 5059 2304 5110 Alii
2341 5067 2394 5113 et
2424 5057 2572 5120 editi,
2603 5055 2738 5106 ἴδετέ
2773 5070 2861 5120 με,
2886 5055 2984 5105 ὅτι.

2139 5127 2249 5194 (9‘2)
2283 5127 2374 5181 Sic
2405 5115 2793 5196 θεμέλιοιιῂ
2823 5115 2973 5196 vero,
3011 5133 3167 5169 τουτο
3209 5115 3624 5186 σημαινόμενον.
3697 5181 3702 5186 _

2138 5192 2250 5268 (95)
2287 5192 2532 5268 ὃεςιιοιὶ,
2569 5192 2925 5268 ἀλλοιοῦσθαι.

2138 5253 2255 5340 (94)
2289 5253 2644 5340 ῘΛιῗάγνωσμα
2677 5265 2838 5340 abest
2872 5277 2901 5340 ιι
2936 5259 3243 5340 G_obler.__et
3283 5253 3523 5336 Felckln.
3575 5254 3625 5306 1.

470 4851 580 4922 (86)
610 4851 835 4922 Seguer.
869 4851 1086 4922 Gobler.
1110 4859 1167 4922 et
1191 4849 1335 4922 Felc.
1373 4851 1424 4922 1,
1457 4849 1682 4922 αἵρεσιν.

467 4919 576 4992 (87)
614 4919 836 4992 Segiier.
867 4921 998 4990 Reg.
1025 4930 1078 4992 et
1109 4919 1315 4992 Rasili.,
1343 4923 1371 4974 6
1403 4920 1487 4974 ἴσα
1519 4919 1654 4992 Θεῷ.

465 4988 580 5073 (88)
615 4988 712 5047 Sic
749 4988 1081 5073 _Seguer_..At
1119 4990 1502 5073 Ba‘siliens.'et_
1535 4989 1766 5073 Anglic-3,

403 5057 490 5115 τοῦ
535 5057 704 5126 ὅντως
748 5057 897 5124 ὄντος
931 5062 1124 5126 Λόγου.
1171 5060 1384 5114 Gobler.
1413 5060 1557 5113 Felc.
1585 5057 1690 5112 l'et
1713 5059 1766 5119 5,
1807 5059 1868 5110 Et
1903 5057 1959 5110 δὲ

405 5133 537 5186 τοῦθ’
563 5133 736 5196 οὕτως
765 5131 854 5184 τοῦ
892 5132 1081 5198 Λόγου.
1113 5127 1242 5200 Reg.
1281 5133 1342 5182 Et
1379 5131 1433 5183 δὲ
1477 5128 1569 5181 τοῦ
1610 5127 1752 5200 τοῦθ’
1790 5127 1960 5190 οὕτως

403 5201 560 5264 ὅντως
590 5203 686 5255 τοῦ
713 5201 904 5270 Λόγου.
935 5200 1094 5262 Editi,
1125 5198 1274 5253 Εἰδὲ
1301 5201 1395 5254 τοῦ
1423 5199 1570 5270 δντος
1595 5198 1785 5270 Λόγου.

471 5273 580 5336 (89)
613 5273 704 5326 Sic
744 5265 968 5340 Stiguer.
998 5270 1104 5322 Alii
1153 5285 1280 5324 vero
1326 5281 1378 5325 et
1419 5269 1573 5331 editi,
1613 5265 1951 5336 γινώσκεται,

2067 5338 2116 5342 __
2138 5265 2256 5342 (94)
2289 5265 2644 5342 ΪΛνάγνωσμα
2677 5265 2838 5342 abest
2872 5277 2901 5342 ιι
2936 5265 3243 5342 (ξοιιιοιχὲει
3284 5265 3460 5342 ινοιοιι]

402 5327 610 5396 καὶάδιγά
635 5342 794 5396 τοῦτο
819 5327 871 5394 6.
1335 5407 1338 5408 ν
1561 5327 1590 5374 ἠ
1625 5327 1637 5336 ’
1668 5405 1682 5408 Α
1737 5407 1783 5408 ,ί
1900 5327 1951 5408 ,-

2067 5327 2186 5392 Mox
2217 5327 2361 5408 Felc.
2389 5327 2446 5408 5;
2475 5327 3070 5408 γεννητῶν.“(]ωιειίί“ςιι
3103 5327 3228 5408 editi
3260 5327 3542 5408 γενητῶν...

467 5395 842 5482 (90)ΠΨάλλων
887 5419 943 5466 et
991 5423 1119 5463 mox
1158 5409 1250 5461 καὶ
1283 5407 1344 5462 σύ
1389 5409 1541 5462 abest
1584 5423 1612 5460 a
1653 5405 1869 5462 Gobler.
1897 5407 1951 5469 let

2064 5479 2075 5482 _
2111 5408 2248 5482 ,(95)
2283 5407 2372 5461 Sic
2415 5395 2637 5482 ξυιυριί
2675 5409 2727 5455 ει
2759 5397 3195 5482 menmium?!
3239 5395 3630 5482 maiust???

399 5462 648 5537 reita":
895 5462 938 5466 ’“
1015 5462 1020 5463 ί
1897 5462 1907 5469 ’

2064 5462 2315 5544 λέγουσα,
2345 5475 2438 5528 καὶ
2478 5462 2680 5544 τούτων
2696 5469 2817 5544 ’τόν
2843 5462 2970 5544 Τίον
2998 5462 3379 5544 ὑπε-ξαίροῦσα.
3413 5462 3630 5544 ’Πιίόοιη

466 5531 872 5621 mss.
905 5563 1094 5621 omnes
1157 5547 1262 5621 Sed
1303 5548 1356 5621 in
1396 5547 1821 5621 editisdesunt,
1865 5547 1960 5600 καὶ
2069 5531 2660 5621 Sparten-{Reg._Basili.
2687 5539 2996 5621 Ooblerian.
3021 5531 3630 5621 Ρ816.”ξ“815ἐ;ζξὶιητὲν

397 5603 924 5694 aaéi‘éza'éistiatat
955 5619 1148 5694 ἑλίξεις
1173 5617 1388 5694 αὐτοὺς,
1413 5619 1520 5694 ’και
1548 5603 1959 5694 ἀλλαγήσονται.
2068 5603 2226 5694 αὐὶίδν
2260 5603 2426 5694 silvai:
2451 5614 2514 5694 Et
2539 5623 2684 5694 me},
2710 5608 3018 5694 ἀλλοιοῦντα
3049 5609 3117 5662 τὰ
3161 5605 3312 5663 ἀλλα.
3349 5603 3511 5667 Etliti,
3543 5617 3632 5670 γε-

397 5694 596 5746 ibidem
641 5677 862 5747 Cobler.
914 5700 967 5744 et
1009 5677 1188 5743 F'eh-le
1235 5689 1297 5750 ι,
1348 5677 1715 5755 ἐκλείψουσιν,
1740 5677 1848 5740 ’και
1895 5687 1951 5739 δι’

398 5761 577 5792 amt“...
612 5761 899 5792 -n-...t.."..
930 5759 1086 5792 mn...
1119 5759 1298 5792 ramnr'u-
1335 5757 1492 5792 Ἰλτιμς
1543 5768 1624 5792 nln
1673 5757 1800 5792 Imm
1831 5757 1935 5792 ειιῑιι

2069 5687 2224 5758 νητὸν
2246 5681 2402 5748 εἶναι,
2441 5693 2514 5748 et,
2549 5677 2860 5732 ἀλλοιοῦντα
2883 5678 3036 5734 ἄλλα.

396 5761 578 5831 ἑτέρου
611 5761 899 5832 προφήτου
930 5759 1086 5813 πάλιν
1119 5759 1298 5829 φησίν·
1335 5757 1516 5822 Ἴδετε,
1543 5768 1644 5812 ctc.
1673 5757 1800 5812 Item
1829 5757 1951 5810 ibid.

2122 5757 2125 5758 ξ
3664 5803 3800 5914 μί,

3682 5895 3718 5910 ra

3663 5907 3718 5970 ἰ

3671 5989 3694 6032 ι

3645 6047 3686 6110 ἑ.
