3972 6224
366 234 433 285 87
927 237 984 290 S.
1024 235 1389 292 ATHANASll
1422 237 1566 294 OPP.
1615 237 1790 293 PARS
1829 237 1868 294 l.
1917 270 1978 278 —
2017 237 2380 297 HISTORICA
2418 239 2505 296 ΕΤ
2547 239 2962 296 DOGMATICA.
3501 235 3571 291 88

366 355 519 410 facta:
545 364 690 419 sunt,
723 370 946 424 prorsus
976 358 1100 424 quia
1139 357 1270 426 ipsa:
1299 359 1434 414 llunt
1462 375 1584 414 cum
1612 369 1767 415 antea
1808 374 1910 413 non

2018 360 2100 413 Σὺ
2121 359 2187 414 δὲ
2215 364 2248 415 ό
2271 361 2449 428 αὐτὸς
2468 357 2539 425 εἴ,
2564 361 2661 416 καί
2692 360 2764 413 τὰ
2791 358 2896 426 ἐτη
2922 372 3036 412 σου
3062 357 3170 410 οὐκ
3199 354 3569 422 ἐπιλείψουσι.

365 457 566 512 essent,
606 447 730 500 hinc
781 447 1025 502 mutabili
1058 459 1187 504 sunt
1241 459 1454 504 natura.
1498 451 1568 504 At
1610 450 1780 505 Filius
1822 449 1917 518 qui

364 548 446 592 est
473 554 535 592 ex
561 537 740 604 Patre,
763 538 986 609 ejusque
1013 548 1214 596 naturae
1244 542 1496 612 proprius
1520 551 1623 606 est,
1663 542 1918 596 mutatio-

367 630 450 682 nis
476 637 529 682 et
559 629 929 685 conversionis
959 639 1042 685 est
1067 645 1280 700 expers,
1304 647 1410 685 non
1443 633 1600 687 aliter
1620 646 1780 700 quam
1805 631 1918 700 ipse

367 719 541 775 Pater.
578 719 688 775 Nec
709 721 850 776 enim
888 721 968 777 fas
1006 730 1089 778 est
1127 723 1308 779 dicere
1357 740 1420 779 ex
1454 732 1646 778 natura
1673 723 1920 777 immuta-

366 814 456 868 bili
485 814 742 868 mutabile
779 812 1014 869 Verbum
1054 824 1108 870 et
1147 817 1459 871 mutabilem
1490 815 1807 884 sapientiam
1838 815 1916 885 gi-

364 908 475 978 gni.
510 905 797 973 Quomodo
827 907 971 960 enim
1005 906 1240 962 Verbum
1274 921 1394 962 esse
1433 907 1627 976 possit,
1657 905 1703 960 si
1738 916 1918 961 muta-

366 1001 469 1054 bile
494 999 614 1054 est?
639 998 720 1053 vel
753 998 1027 1068 quomodo
1075 999 1128 1053 id
1158 1000 1304 1068 quod
1351 1005 1610 1062 mutatur,
1653 998 1915 1068 sapientia

365 1105 482 1144 esse
504 1089 706 1158 queat?
727 1087 839 1144 Nisi
867 1088 1005 1144 forte
1040 1089 1202 1144 velint
1241 1090 1320 1144 sic
1365 1103 1476 1142 rem
1510 1104 1568 1143 se
1609 1088 1825 1156 habere,
1857 1097 1919 1143 ut

365 1180 612 1234 accidens
638 1188 720 1236 est
763 1180 816 1234 in
865 1181 1198 1246 substantia,
1250 1179 1323 1235 ita
1359 1180 1566 1236 scilicet
1615 1190 1674 1234 ut
1711 1181 1764 1234 in
1804 1181 1917 1250 pri-

363 1283 485 1327 vata
516 1271 695 1340 aliqua
718 1271 1017 1326 substantia
1050 1271 1296 1339 quaedam
1321 1271 1492 1340 gratia
1517 1271 1775 1326 acciderit
1809 1273 1916 1326 vir-

363 1357 602 1435 tutisque
629 1363 867 1431 habitus,
891 1363 984 1434 qui
1034 1364 1135 1418 hac
1182 1364 1392 1417 ratione
1425 1361 1660 1416 Verbum
1687 1406 1700 1429 ,
1744 1361 1914 1418 Filius

362 1465 414 1510 et
442 1453 715 1524 Sapientia
745 1455 815 1510 sit
843 1454 1172 1523 appellatus,
1200 1453 1295 1523 qui
1338 1452 1565 1524 proinde
1604 1455 1915 1510 decrescere

362 1544 532 1616 possit
558 1555 610 1601 et
638 1561 902 1600 crescere.
935 1543 1100 1616 348
1129 1546 1235 1599 Ista
1259 1545 1425 1610 enim,
1453 1552 1614 1616 prout
1651 1546 1912 1612 sentiunt,

361 1638 559 1706 saepius
589 1635 929 1707 respondere.
978 1634 1174 1690 Verum
1202 1651 1265 1690 ea
1301 1651 1408 1691 non
1442 1644 1530 1692 est
1577 1637 1914 1693 Christiano-

2017 453 2126 505 Καὶ
2152 452 2372 516 εἰκότως
2393 469 2476 521 γε·
2507 451 2576 504 τὰ
2603 452 2699 522 μὲν
2728 450 2835 521 γὰρ
2881 446 3080 517 γενητὰ
3135 445 3243 516 (96)
3277 444 3332 512 ἐξ
3354 444 3451 497 οὐκ
3487 443 3574 494 ὅν-

2014 557 2121 594 των
2151 537 2297 603 ὄντα,
2330 541 2423 593 καὶ
2445 539 2543 592 οὐκ
2571 538 2696 592 ὅντα
2728 538 2854 607 πρὶν
2884 535 3126 607 γένηται,
3175 534 3308 598 ὅλως
3356 533 3434 586 ὅτι
3475 531 3573 583 οὐκ

2016 629 2142 682 ὄντα
2167 631 2390 698 γίνεται,
2412 629 2793 700 ἀλλοιουμένην
2815 628 2926 699 ἔχει
2956 627 3051 698 τὴν
3081 626 3259 697 φύσιν·
3277 628 3303 679 ό
3333 625 3388 679 δὲ
3421 623 3567 705 Υἱὸς,

2015 721 2079 772 ὲκ
2107 719 2199 774 τοῦ
2227 721 2433 786 Πατρδς
2457 719 2550 783 ὢν,
2582 720 2675 774 κα)⁸
2703 719 2800 791 τῆς
2822 719 3005 784 οὐσίας
3053 717 3214 773 αὐτοῦ
3242 718 3388 782 ἴδιος,
3415 716 3573 770 ἀναλ-

2015 813 2230 878 λοίωτος
2254 815 2346 867 καὶ
2378 814 2644 886 ἄτρεπτός
2671 816 2836 877 ἐστιν,
2883 813 2958 876 ὼς
2990 812 3149 876 αὐτὸς
3177 814 3205 866 ὁ
3257 811 3463 882 Πατήρ.
3495 810 3569 862 Οὐ

2017 904 2124 975 γὰρ
2157 904 2312 975 θέμις
2345 906 2514 958 εἰπεῖν
2539 906 2602 957 ἐκ
2651 905 2750 975 τῆς
2807 903 2988 966 οὐσίας
3037 904 3134 974 τῆς
3165 901 3430 975 ἀτρέπτου
3459 899 3570 971 (97)

2013 995 2242 1067 τρεπτὸν
2268 995 2556 1064 γεννᾶσθαι
2588 996 2757 1064 Λόγον
2791 996 2882 1049 καὶ
2929 995 3308 1065 ἀλλοιουμένην
3361 992 3569 1063 σοφίαν.

2016 1086 2140 1150 Πῶς
2167 1087 2275 1157 γὰρ
2297 1086 2376 1140 ἔτι
2401 1087 2593 1154 Λόγος,
2623 1087 2671 1140 εί
2700 1088 2928 1158 τρεπτός
2963 1089 3140 1150 ὲστιν;
3171 1084 3203 1155 ἢ
3225 1084 3339 1147 πῶς
3363 1083 3438 1136 ἔτι
3485 1099 3576 1136 σο-

2016 1178 2112 1247 φία
2142 1176 2201 1230 τὸ
2230 1175 2634 1248 ἀλλοιούμενον;
2658 1179 2704 1231 εἰ
2736 1177 2808 1249 μὴ
2863 1177 2972 1248 ἄρα
3001 1177 3074 1239 ὡς
3106 1178 3163 1229 ὲν
3187 1175 3343 1247 οὐσίᾳ
3373 1175 3573 1246 συμϐε-

2015 1268 2200 1339 ϐηκὸς,
2248 1267 2416 1332 οὕτως
2466 1263 2604 1324 εἶναι
2636 1268 2895 1333 Θέλουσιν,
2931 1269 3006 1331 ὡς
3056 1269 3113 1320 ὲν
3175 1267 3442 1337 ἰδιαζούσῃ
3467 1266 3572 1319 τινὶ

2013 1359 2168 1430 οὐσίᾳ
2195 1359 2591 1432 συμϐεϐηκέναι
2618 1359 2734 1413 τινὰ
2777 1359 2934 1432 χάριν
2963 1360 3072 1430 (98)
3098 1359 3190 1413 καὶ
3221 1358 3328 1424 ἕξιν
3353 1358 3570 1430 ἀρετῆς,

2013 1451 2107 1503 καὶ
2143 1450 2434 1520 κεκλῆσθαι
2490 1450 2692 1522 ταύτην
2723 1450 2891 1516 οὕτως
2951 1451 3140 1520 Λόγον,
3177 1452 3271 1503 καὶ
3327 1450 3450 1502 Υἱὸν
3480 1450 3572 1502 καὶ

2015 1542 2230 1610 Σοφίαν,
2251 1541 2387 1594 ὥστε
2421 1543 2514 1595 καὶ
2542 1542 2884 1616 ἀφαιρεῖσθαι
2913 1545 3005 1596 καὶ
3033 1541 3410 1614 προστίθεσθαι
3437 1543 3570 1612 αὐτῇ

2013 1633 2288 1688 δύνασθαι.
2314 1632 2550 1688 Τοιαῦτα
2575 1635 2682 1707 γὰρ
2713 1635 3030 1708 φρονοῦντες
3073 1633 3327 1696 πολλάκις
3355 1634 3573 1704 εἰρήκα-

361 1745 480 1783 rum
511 1729 660 1784 ﬁdes.
697 1727 830 1783 Nam
864 1728 917 1781 id
952 1742 1058 1781 non
1099 1726 1333 1781 ostendit
1367 1742 1489 1782 vere
1518 1742 1637 1782 esse
1675 1726 1910 1783 Verbum

2018 1739 2119 1776 σιν.
2163 1724 2297 1775 Ἀλλ’
2319 1724 2415 1777 οὐκ
2465 1723 2578 1776 ἐστι
2611 1725 2948 1797 Χριστιανῶν
2981 1727 3014 1796 ἡ
3048 1725 3226 1787 πίστις
3278 1723 3436 1794 αὕτη.
3471 1721 3574 1775 Οὐ-

359 1829 413 1875 et
433 1819 628 1874 Filium
659 1818 782 1884 Dei,
821 1821 906 1874 vel
952 1818 1272 1887 sapientiam
1309 1833 1491 1872 veram
1532 1833 1652 1874 esse
1701 1821 1914 1889 sapien-

360 1912 511 1966 tiam.
536 1910 670 1966 Nam
694 1910 837 1980 quod
865 1917 1104 1963 mutatur
1126 1916 1179 1961 et
1204 1909 1553 1976 convertitur,
1584 1923 1684 1964 nec
1715 1908 1770 1962 in
1805 1924 1914 1963 uno

358 2011 412 2057 et
446 2003 632 2057 eodem
689 2010 999 2071 perseverat
1042 2010 1206 2067 statu,
1245 2001 1517 2072 quomodo
1551 2017 1741 2057 verum
1791 2018 1914 2059 esse

360 2093 576 2163 potest?
611 2093 772 2163 Atqui
801 2091 1060 2148 Dominus
1087 2093 1250 2158 dicit,
1298 2093 1410 2164 Ego
1451 2110 1565 2149 sum
1598 2095 1790 2148 veritas
1825 2095 1868 2127 ”
1895 2113 1910 2150 :

359 2194 488 2247 ergo
520 2179 566 2232 si
595 2179 706 2246 ipse
733 2177 995 2233 Dominus
1024 2179 1075 2233 id
1104 2180 1170 2235 de
1199 2196 1257 2236 se
1285 2190 1574 2246 asseverat,
1625 2191 1679 2237 et
1708 2198 1768 2238 se
1796 2183 1912 2254 ipse

359 2268 748 2323 immutabilem
801 2277 1028 2325 testatur
1075 2286 1214 2336 esse,
1261 2273 1508 2344 idemque
1536 2275 1915 2333 didiceruntet

358 2361 679 2416 conﬁrmant
709 2364 1019 2428 sancti,imo
1053 2365 1168 2435 ipsa
1187 2364 1277 2421 Dei
1295 2367 1557 2424 notiohoc
1573 2369 1756 2438 pietati
1782 2386 1915 2425 con-

359 2466 553 2506 sonum
601 2466 720 2506 esse
759 2452 957 2515 innuit,
989 2454 1152 2522 unde,
1200 2471 1420 2525 quaso.
1467 2457 1570 2512 ista
1620 2461 1910 2516 commenti

358 2551 489 2596 sunt
517 2539 700 2610 impii?
727 2540 978 2598 Profecto
1011 2543 1100 2598 illa
1123 2560 1190 2600 ex
1213 2545 1378 2602 corde
1401 2555 1661 2618 tanquam
1696 2563 1762 2606 ex
1785 2565 1912 2606 cor-

358 2633 608 2704 ruptioue
636 2641 982 2690 vomuerunt.

425 2812 513 2868 57.
537 2812 763 2879 Quando
800 2829 929 2869 vero
961 2813 1160 2870 divinis
1188 2816 1427 2873 oraculis
1455 2816 1772 2884 abutuntur,
1819 2835 1913 2875 ea-

359 2915 463 2969 que
489 2901 555 2955 ad
585 2917 738 2956 suam
764 2912 996 2957 mentem
1027 2903 1331 2960 adulterare
1353 2907 1480 2962 totis
1510 2908 1807 2963 moliuntur
1830 2910 1910 2963 vi-

2013 1813 2070 1867 δὲ
2099 1813 2208 1884 (99)
2234 1815 2341 1886 γὰρ
2369 1813 2523 1868 τοῦτο
2543 1814 2806 1868 δείκνυσιν
2828 1811 3142 1885 εἶναιΛόγον
3171 1816 3264 1868 καὶ
3285 1814 3411 1868 Υἱδν
3441 1814 3573 1886 ἀλη-

2015 1904 2120 1968 θῶς
2152 1905 2306 1969 Θεοῦ,
2345 1904 2468 1958 οὐτε
2492 1905 2588 1976 τὴν
2646 1905 2834 1974 σοφίαν
2859 1905 3031 1977 ἀληθῆ
3083 1906 3290 1974 σοφίαν.
3346 1904 3418 1958 Τδ
3464 1904 3573 1978 γὰρ

2012 1996 2340 2068 τρεπόμενον
2365 1996 2458 2050 καὶ
2503 1995 2894 2068 ἀλλοιούμενον,
2952 1997 3049 2068 οὐχ
3097 1999 3379 2068 ἱστάμενον
3407 1997 3462 2050 δὲ
3496 1997 3572 2069 (1)

2013 2086 2070 2138 ἐν
2097 2087 2176 2140 ἐνὶ
2207 2087 2299 2140 καὶ
2323 2086 2398 2158 τῷ
2423 2086 2588 2158 αὐτῷ,
2625 2088 2740 2152 πῶς
2771 2088 2988 2144 δύναται
3035 2085 3170 2143 εἶναι
3224 2089 3449 2160 ἀληθές;
3515 2090 3571 2143 Ὀ

2011 2179 2069 2232 δέ
2102 2196 2165 2248 γε
2196 2179 2396 2249 Κύριος
2425 2179 2590 2250 λέγει’
2631 2182 2776 2251 Ἐγώ
2815 2185 2929 2252 ειμι
2959 2183 2997 2250 ἡ
3027 2182 3290 2252 ἀλήθεια·
3317 2184 3364 2235 εί
3395 2181 3575 2235 τοίνυν

2011 2274 2040 2326 ὁ
2091 2272 2290 2342 Κύριος
2349 2271 2510 2336 αὐτὸς
2568 2274 2696 2344 περὶ
2748 2273 2939 2327 ἑαυτοῦ
2981 2273 3136 2327 τοῦτο
3185 2274 3352 2342 λέγει,
3400 2275 3491 2342 καὶ
3513 2273 3572 2325 τὸ

2013 2363 2276 2434 ἄτρεπτον
2307 2363 2498 2417 ἑαυτοῦ
2522 2364 2787 2418 δείκνυσιν
2819 2363 2914 2434 (2),
2940 2363 2990 2416 οἵ
3022 2381 3078 2416 τε
3133 2363 3273 2432 ἆγιοι
3314 2362 3571 2433 μαθόντες

2011 2455 2166 2508 τοῦτο
2196 2453 2578 2527 μαρτυροῦσιν,
2631 2453 2764 2508 ἀλλὰ
2793 2454 2900 2525 γὰρ
2933 2455 3024 2508 καὶ
3073 2454 3128 2506 αἱ
3174 2452 3299 2526 περὶ
3328 2452 3458 2506 Θεοῦ
3489 2452 3570 2505 έν-

2011 2563 2150 2601 νοιαι
2173 2545 2329 2599 τοῦτο
2356 2547 2529 2600 ἴσασιν
2562 2545 2800 2610 εὐσεϐὲς,
2830 2545 2993 2598 πόθεν
3017 2545 3167 2598 ταῦτ’
3189 2545 3483 2616 ἐπενόησαν
3521 2545 3571 2597 οί

2011 2638 2315 2704 δυσσεϐεἴςς
2357 2639 2487 2691 Ἀπὸ
2517 2638 2614 2710 μὲν
2635 2633 2726 2693 οὖν
2749 2638 2848 2708 τῆς
2874 2639 3100 2710 καρδίας
3138 2638 3213 2702 ὡς
3244 2639 3349 2692 ἀπὸ
3371 2637 3571 2709 φθορᾶς

2012 2727 2150 2783 αὐτὰ
2186 2729 2472 2800 ἐξὴμεσαν.

2079 2819 2166 2873 57.
2208 2819 2424 2890 Ἐπειδὴ
2451 2819 2526 2891 (⁸5)
2553 2819 2609 2874 δὲ
2643 2818 3061 2893 προφασίζονται
3115 2819 3183 2874 τὰ
3237 2819 3354 2874 θεῖα
3393 2818 3568 2886 λόγια,

2012 2910 2106 2964 καὶ
2133 2909 2404 2982 βιάζονται
2459 2912 2881 2984 παρεξηγεῖσθαι
2944 2913 3112 2966 ταῦτα
3161 2911 3297 2965 κατὰ
3319 2912 3410 2964 τὸν
3442 2911 3570 2964 ἴδιον

357 2990 540 3056 ribus;
566 3006 787 3045 necesse
814 3001 896 3046 est
921 2992 1026 3047 illis
1053 2992 1125 3047 ita
1157 2995 1506 3064 respondere,
1537 3005 1598 3052 ut
1619 2997 1910 3070 Scriptura:

2012 3001 2153 3065 νοῦν,
2180 3000 2468 3072 ἀναγκαῖον
2497 3004 2742 3057 τοσοῦτον
2773 3003 3166 3076 ἀποκρίνασθαι
3195 3002 3419 3064 τούτοις,
3449 3003 3570 3054 ὅσον

374 3079 693 3137 ιίηιιὶοοῐηιιε
727 3082 910 3150 verba,
956 3083 1242 3153 palamque
1281 3085 1541 3144 faciamus
1585 3105 1650 3145 ea
1692 3093 1907 3162 quidem

367 3180 502 3225 recte
533 3186 692 3241 posse
719 3173 959 3242 intelligi,
991 3175 1082 3229 sed
1127 3175 1246 3230 illos
1281 3191 1445 3246 prave
1485 3181 1702 3236 sentire.
1745 3182 1913 3239 Aiunt

359 3261 521 3331 igitur
549 3264 617 3317 ab
649 3265 908 3334 Apostolo
954 3267 1216 3336 scriptum
1246 3284 1366 3323 esse
1393 3289 1406 3325 :
1441 3270 1657 3341 Propter
1687 3274 1825 3344 quod
1861 3285 1910 3329 et

361 3354 498 3407 Deus
530 3355 780 3409 exultavit
803 3356 972 3422 illum,
997 3367 1046 3410 et
1078 3357 1290 3414 donavit
1333 3360 1414 3413 illi
1447 3378 1628 3417 nomen
1668 3365 1806 3434 quod
1834 3375 1910 3419 est

357 3463 514 3516 super
540 3463 687 3501 omne
711 3465 918 3514 nomen,
937 3459 992 3502 ut
1016 3451 1067 3504 in
1093 3453 1297 3505 nomine
1321 3451 1448 3506 Jesu
1480 3471 1627 3509 omne
1649 3473 1780 3526 genu
1815 3457 1911 3524 ﬂe-

357 3540 536 3584 ctatur
568 3532 882 3600 calestium,
917 3537 1241 3589 terrestrium
1291 3546 1339 3590 et
1374 3538 1698 3607 infernarum
1727 3541 1811 3606 9°;
1858 3551 1912 3596 et

356 3619 495 3688 apud
529 3619 726 3675 David:
748 3620 1031 3690 Propterea
1061 3625 1211 3678 unxit
1236 3634 1283 3678 te
1318 3625 1477 3692 Deus,
1497 3625 1634 3681 Deus
1659 3638 1778 3683 tuus
1799 3629 1910 3683 oleo

358 3707 558 3764 laetitia:
583 3726 693 3779 prce
727 3713 1052 3767 consortibus
1081 3717 1184 3769 tuis
1221 3716 1288 3770 9‘.
1344 3715 1543 3772 Deinde
1596 3729 1654 3773 ut
1691 3730 1907 3777 acutum

355 3800 559 3870 aliquid
597 3811 928 3857 assumunt:
979 3802 1035 3858 Si
1082 3805 1284 3860 idcirco
1334 3807 1603 3864 exaltatus
1650 3819 1752 3872 est,
1787 3829 1910 3882 gra-

356 3890 598 3958 tiamque
627 3892 833 3960 accepit
887 3901 940 3947 et
998 3903 1196 3949 unctus
1239 3905 1361 3961 est,
1412 3900 1712 3955 mercedem
1745 3901 1910 3971 igitur

355 3981 556 4049 recepit
581 3998 694 4035 suae
719 3984 1033 4040 voluntatis.
1066 3984 1219 4051 Quod
1252 3987 1297 4041 si
1333 3989 1603 4046 voluntate
1626 3992 1754 4063 egit,
1779 4010 1910 4050 sane

355 4071 633 4126 mutabilis
661 4082 746 4126 est
799 4086 1022 4130 naturae.
1057 4075 1182 4131 Haec
1237 4093 1342 4132 non
1391 4081 1563 4134 solum
1595 4083 1773 4139 dicere
1815 4085 1909 4141 sed

355 4162 517 4216 etiam
549 4163 786 4218 scribere
817 4167 932 4221 ausi
956 4177 1083 4221 sunt
1115 4168 1380 4225 Eusebius
1405 4182 1459 4227 et
1492 4173 1672 4239 Arius,
1697 4175 1910 4231 eadem-

355 4267 460 4323 que
485 4269 582 4324 per
608 4257 842 4310 medium
882 4256 1060 4312 forum
1101 4260 1375 4332 divulgare
1400 4280 1508 4319 non
1533 4256 1789 4321 verentur
1814 4283 1910 4322 eo-

2010 3093 2378 3164 ὲκδικῆσαιτὰ
2407 3095 2544 3166 ῥητὰ
2569 3096 2664 3148 καὶ
2716 3095 2882 3162 δεῖξαι
2933 3094 3102 3148 ταῦτα
3152 3094 3248 3165 μὲν
3296 3093 3370 3165 (4)
3406 3092 3569 3163 ὀρθὴν

2010 3182 2195 3254 ἔχοντα
2222 3185 2318 3256 τὴν
2347 3185 2601 3250 διάνοιαν,
2636 3186 2872 3248 ἐκείνους
2921 3185 2976 3238 δὲ
3006 3184 3188 3247 κακῶς
3220 3182 3565 3255 φρονοῦντας.

2009 3275 2144 3328 Φασὶ
2195 3277 2391 3342 τοίνυν,
2443 3278 2522 3330 ὅτι
2580 3277 2883 3349 γέγραπται
2943 3277 3091 3352 παρὰ
3149 3277 3248 3348 μὲν
3294 3277 3370 3348 τῷ
3415 3278 3567 3330 Ἀπο-

2012 3367 2179 3438 στόλῳ
2207 3367 2303 3440 (5)·
2339 3369 2432 3421 Διὸ
2469 3369 2565 3422 καὶ
2607 3372 2639 3423 ό
2679 3368 2821 3434 Θεὸς
2857 3368 3043 3422 αὐτὸν
3074 3368 3568 3438 ὐπερύψωὸνε,καί

2008 3457 2328 3526 ἐχαρίσατο
2366 3458 2524 3524 αὐτῷ
2565 3459 2834 3529 ὄνοματὸ
2858 3460 3009 3528 ὑπὲρ
3055 3459 3178 3515 πᾶν
3232 3461 3437 3530 ὄνομα,
3470 3463 3568 3515 ἵνα

2008 3548 2175 3614 ἐντῷ
2199 3550 2440 3619 ὀνόματι
2481 3551 2672 3618 Ἰησοῦ
2707 3551 2781 3623 (6)
2805 3549 2927 3606 πᾶν
2974 3553 3118 3622 γόνυ
3166 3550 3370 3621 κάμψῃ
3392 3552 3564 3606 ἐπου-

2002 3639 2225 3706 ρανίων
2255 3639 2350 3692 καί
2376 3640 2669 3710 ἐπιγείων,
2721 3643 2818 3696 καὶ
2863 3643 3282 3710 καταχθονίων
3336 3641 3484 3713 παρὰ
3511 3643 3566 3696 δὲ

2008 3729 2084 3799 τῷ
2111 3730 2288 3782 Δαυῖδ·
2318 3731 2417 3785 Διὰ
2447 3732 2617 3785 τοῦτο
2647 3732 2850 3802 ἐχρισέ
2882 3748 2954 3786 σε
2982 3737 3014 3786 ό
3040 3732 3200 3800 Θεὸς,
3232 3737 3265 3788 ό
3292 3735 3431 3799 Θεός
3454 3751 3565 3786 σου

2008 3817 2214 3871 ἔλαιον
2256 3819 2662 3888 ἀγαλλιάσεως
2710 3823 2867 3890 παρὰ
2917 3822 3056 3888 τοὺς
3101 3823 3392 3892 μετόχους
3429 3837 3564 3875 σου.

2009 3907 2142 3964 Εἶτα
2165 3911 2511 3983 ἐπιφέρουσιν
2530 3913 2604 3976 ὡς
2635 3913 2796 3982 σοφόν
2822 3931 2873 3966 τι
2902 3913 3168 3982 λέγοντες·
3199 3915 3261 3967 Εἰ
3283 3914 3369 3967 διὰ
3414 3913 3566 3966 τοῦτο

2009 3999 2215 4074 ὑψώοιη,
2250 4002 2344 4054 καὶ
2371 4001 2527 4073 χάριν
2560 4002 2738 4067 ἔλαϐε,
2772 4004 2866 4057 καὶ
2915 4003 3002 4056 διὰ
3059 4005 3213 4058 τοῦτο
3266 4005 3564 4076 κέχρισται,

2012 4092 2197 4162 μισθὸν
2221 4093 2318 4163 τῆς
2347 4094 2715 4165 προαιρέσεως
2759 4094 2934 4149 ἔλαϐε.
2975 4095 3293 4168 Προαιρέσει
3334 4096 3390 4149 δὲ
3425 4096 3563 4167 πρά-

2009 4185 2124 4250 ξας,
2159 4183 2397 4255 τρεπτῆς
2429 4185 2543 4237 ὲστι
2575 4185 2787 4250 πάντως
2843 4186 2917 4255 (7)
2977 4187 3204 4256 φύσεως.
3260 4186 3458 4251 Ταῦτα,
3501 4187 3563 4239 οὐ

2012 4272 2169 4341 μόνον
2199 4274 2390 4336 εἰπεῖν,
2420 4272 2554 4326 ἀλλὰ
2606 4275 2698 4327 καὶ
2731 4275 2933 4346 γράψαι
2977 4276 3364 4348 τετολμήκασιν
3394 4276 3564 4329 Εὐσέ-

424 4414 470 4447 ⁸⁹
505 4413 663 4469 Joan.
706 4432 816 4480 Juv,
856 4417 908 4471 6.
981 4421 1028 4451 ’°
1065 4419 1262 4490 Philip.
1303 4438 1365 4486 tl,
1404 4423 1577 4491 9,10.
1652 4427 1695 4458 ⁹¹
1733 4425 1876 4483 Psal.
1920 4447 2060 4497 thv,
2102 4431 2153 4485 8.

558 4593 700 4673 lielc:
734 4595 788 4661 5,
819 4597 1068 4673 γεννητα.
1097 4599 1284 4673 Alii_et
1303 4601 1452 4663 editi,
1481 4602 1702 4673 γενητὰ.

423 4664 536 4735 (97)
565 4664 804 4734 Gobler.,
834 4664 984 4722 ’Felc'.
1037 4669 1062 4722 1
1095 4677 1148 4724 et
1189 4669 1343 4740 Beg.,
1393 4664 1578 4736 οὐσίας
1596 4664 1701 4726 τῶν
1745 4674 1906 4744 ἀτρέ-

560 4802 650 4879 Sic
670 4821 808 4879 mss.
839 4821 1049 4879 omnes,
1080 4817 1272 4879 praeter
1298 4809 1442 4865 Felc.
1469 4811 1523 4870 Ξ.
1555 4810 1608 4863 in
1637 4827 1745 4879 quo
1772 4825 1825 4866 et
1855 4813 1906 4867 in

349 4877 508 4952 editis
546 4877 629 4952 sie
670 4876 882 4952 legitur,
913 4877 960 4928 εί
997 4876 1208 4952 Eii—ﬁgor.
1239 4879 1319 4952 ὡς
1357 4881 1413 4934 ὲν
1442 4881 1601 4952 οὐσίᾳ
1639 4876 1906 4952 συμϐεᾷη-

349 4894 508 4930 emus
546 4894 626 4930 Slc
671 4894 882 4946 tegItur,
913 4894 960 4928 ει
1037 4894 1069 4946 η
1103 4894 1208 4949 αρα
1239 4894 1315 4942 ως
1357 4894 1413 4934 εν
1442 4894 1601 4952 ουσιᾳ
1639 4898 1699 4933 συ
1749 4894 1905 4951 0501‘,-

349 4946 499 5030 κέναι
522 4945 643 5000 τινὰ
674 4949 851 5019 χάριν,
873 4955 978 5000 etc.
997 4894 1134 5002 ibid.
1167 4948 1469 5019 Anglican..
1496 4950 1588 5003 καὶ
1611 4899 1905 5022 ηκῗῆσθαι

580 5083 919 5152 Seguerian.,
957 5082 1115 5140 οὔτε.
1138 5086 1258 5141 Mox
1302 5088 1476 5152 idem,
1509 5087 1816 5145 Goblerian.
1851 5101 1904 5145 et

350 5151 726 5226 Felca‘LIiov
756 5156 969 5226 ἀληθῶς
1009 5156 1162 5212 Θεοῦ.
1195 5156 1298 5210 Alii
1334 5151 1469 5212 vero
1493 5169 1547 5213 et
1583 5159 1742 5222 editi,
1776 5160 1903 5214 Υίὸν

348 5222 697 5300 subdiu-19(1);
709 5222 892 5300 _856\}._
935 5226 1082 5300 lbid._
1111 5227 1331 5300 Seguer.
1367 5237 1435 5300 et?
1456 5227 1609 5296 Reg.,
1638 5227 1759 5300 οὐτε
1802 5230 1900 5300 τὴν

349 5291 537 5377 σοφίαν
570 5291 744 5377 dinei}
772 5297 1148 5377 cogiav._Editi
1185 5291 1235 5351 ἐι
1259 5299 1438 5351 caeteri
1473 5291 1627 5360 Ins'si,
1658 5297 1780 5350 οὔτε
1808 5291 1904 5370 τῆν

347 5363 660 5436 σοφίανλτὴν
693 5363 864 5436 ἀληθῆ
888 5367 1085 5434 σοφίαν.

357 5433 491 5518 ΜΨ
533 5431 871 5518 .S'c'gueriani,
909 5431 1190 5508 ἱστάμενόν
1217 5455 1297 5492 τε.
1327 5436 1446 5492 Mox
1487 5436 1626 5491 idem
1652 5445 1707 5491 et
1746 5436 1900 5510 Reg.,

373 5503 415 5554 Ο
443 5503 499 5554 δὲ
532 5503 748 5574 Κύριος.
1036 5503 1046 5508 ⁷
1827 5503 1853 5510 ⁷

417 5572 618 5648 (2)__Sic
648 5574 988 5648 Seguerian.,
1021 5574 1238 5648 Gobler.
1267 5584 1320 5631 et
1347 5574 1526 5648 Felrlt.
1555 5577 1899 5648 LAnglican.

347 5643 800 5714 \'ero,'A'cpe~.r'rov
826 5643 932 5714 γὰρ
960 5644 1112 5697 τοῦτο
1139 5644 1426 5700 δείκνυσιν.
1453 5646 1643 5702 Caeteri
1676 5643 1728 5702 ei
1750 5649 1899 5713 editi,

1937 4610 1982 4664 D
2009 4608 2271 4684 ᾄτρεπτον
2299 4607 2643 4684 αὐτοῦμτοῦτο
2661 4609 2967 4684 βείκνιδσιν.
2979 4609 3159 4684 Paulo
3176 4624 3294 4684 post
3316 4611 3560 4684 ὅρμοι-η

2010 4677 2144 4749 ἀλλὰ
2171 4679 2275 4749 γὰρ
2306 4680 2397 4731 καὶ
2425 4680 2504 4749 αἱ.
2535 4679 2674 4732 Editi
2700 4681 2894 4749 etgalti,
2919 4680 3053 4733 ἀλλὰ
3082 4677 3187 4733 καί
3207 4683 3284 4735 αί.

2081 4747 2155 4814 (5)
2180 4747 2387 4819 Anglic.
2411 4747 2627 4819 Gobler.
2656 4758 2707 4802 et
2732 4747 2873 4819 Felc.
2904 4749 2956 4813 1,
2982 4751 3120 4804 ἐπεί.
3157 4751 3286 4805 Ibid.
3315 4752 3561 4819 Seguer..

2010 4817 2431 4894 προφασίζονται
2476 4818 2546 4870 τὰ
2593 4817 2732 4873 θεῖα.
2773 4817 2912 4874 Editi
2958 4835 3079 4874 cum
3119 4821 3261 4888 aliis,
3304 4817 3562 4894 προφασί-

2009 4885 2189 4949 ζονται
2221 4887 2314 4940 καὶ
2342 4887 2480 4941 θεῖα.

2084 4956 2158 5030 (4)
2186 4955 2405 5030 Seguer.
2436 4957 2650 5030 Gobler.
2678 4967 2731 5012 et
2757 4957 2898 5030 Eelc.
2930 4959 2980 5030 1.
3012 4957 3080 5012 τὰ
3107 4958 3245 5030 ῥητὰ
3275 4961 3367 5014 καὶ
3394 4959 3561 5024 δεῖξαι

2009 5025 2179 5109 ταῦτα
2219 5027 2337 5107 μέν3
2370 5036 2475 5082 etc.
2510 5026 2615 5079 Alii
2645 5036 2698 5081 et
2733 5028 2883 5094 editi,
2917 5028 2986 5082 τὰ
3028 5025 3244 5100 ῥήματα
3275 5031 3370 5083 καὶ
3398 5030 3562 5094 δεῖξαι

2009 5112 2216 5158 τουτοις
2239 5114 2426 5151 ταυτα.

2072 5167 2154 5286 ἑξ)
2188 5166 2279 5221 Sic
2309 5165 2621 5237 Seguerian.
2647 5167 2716 5220 At
2741 5165 2833 5222 alii
2857 5175 2912 5223 et
2943 5166 3093 5233 editi,
3122 5168 3270 5238 παρὰ
3296 5169 3373 5226 τῶ
3411 5169 3561 5220 Ἀπο-

2119 5254 2193 5286 ευ).

2009 5250 2193 5288 στολω.

2097 5287 2159 5373 6)“
2183 5287 2333 5378 rete,
2372 5305 2427 5378 ξ,
2467 5303 2638 5378 Ἰησοῦ
2680 5305 2938 5378 Χριστοῦ.
2963 5305 3152 5378 ῌΡειιιο
3191 5316 3313 5362 nasi
3340 5306 3537 5364 Gobler

2003 5372 2149 5427 Felc.
2185 5375 2235 5437 1,
2257 5374 2343 5427 διὰ
2367 5373 2423 5426 δὲ
2448 5372 2538 5426 τοῦ
2567 5372 2749 5438 Δαυῖδζ
2777 5377 2862 5430 διὰ
2899 5375 3070 5429 τοῦτο.

2075 5443 2150 5512 (7)
2185 5443 2560 5514 Seguerianus,
2585 5445 2892 5500 Goblerian.
2925 5455 2977 5500 et
3020 5444 3160 5514 Felc.
3189 5446 3237 5505 1.
3271 5447 3386 5499 ἐστι
3418 5446 3558 5499 πάν-

2004 5511 2130 5586 τως,
2173 5523 2227 5586 et
2259 5511 2391 5567 'mox
2415 5553 2429 5576 ,
2459 5514 2592 5586 ἀλλὰ
2624 5517 2711 5586 κα)
2753 5515 2976 5586 γράψαι.
3015 5511 3153 5570 Editi
3194 5532 3321 5572 vero
3354 5525 3407 5572 et
3439 5515 3556 5581 alii,

2005 5584 2150 5635 ἐστιν
2172 5583 2356 5646 ὅντως,
2379 5593 2450 5648 et,
2476 5583 2609 5638 ἀλλὰ
2635 5585 2726 5637 καὶ
2757 5583 2974 5655 πρᾶξαι.
