3972 6224
264 350 320 405 89
1323 350 1582 408 omne
1621 351 1638 405 l
1672 351 1947 408 CONTRA
1985 352 2302 409 ARIANOS.
3385 346 3453 400 90

260 469 359 532 ϐιός
394 484 455 521 τε
483 468 573 522 καὶ
610 470 845 541 Ἄρειος,
882 472 974 528 καὶ
1001 474 1050 526 ol
1081 474 1173 527 ἀπ’
1204 472 1382 526 αὐτῶν
1414 474 1469 527 δὲ
1503 473 1679 527 λαλεῖν
1702 476 1793 528 οὐκ

1902 490 2020 529 rum
2060 476 2299 539 asseclac,
2330 492 2434 530 non
2462 473 2795 529 attendentes
2816 477 3075 541 quantam
3105 465 3343 520 redoleat
3372 468 3454 521 in-

257 560 456 614 όκνοῦσι
506 562 645 616 κατὰ
690 563 864 635 μέσην
918 566 1014 619 τὴν
1045 564 1249 635 ἀγορὰν
1291 564 1390 635 (8),
1422 565 1518 635 οὐχ
1567 566 1796 636 ὁρῶντες

256 655 371 725 ὅσην
398 656 646 725 μανίανσό
671 658 1025 726 λόγος-αὐτῶν
1048 662 1257 731 ἐχει.Εί
1276 660 1384 732 γὰρ
1403 660 1590 731 μισθὸν
1616 677 1800 733 προαι-

257 747 438 818 ρέσεως
461 747 649 801 ἔλαϐεν
674 750 707 804 ἃ
734 750 1035 822 ἐσχεν,.οὑκ
1064 753 1129 807 ἂν
1161 751 1405 823 ἐσχηκὼς
1438 752 1577 805 αὐτά
1624 753 1671 805 εί
1718 752 1794 821 (9)

254 839 317 909 μὴ
344 838 433 891 τοῦ
465 840 717 911 δεομένου
743 844 802 896 τὸ
826 843 982 916 ἔργον
1002 845 1318 910 ἐνεδείξατο*
1371 843 1431 909 ἐξ
1463 845 1661 915 ἀρετῆς
1690 845 1796 916 ἄρα

250 930 329 982 καὶ
359 929 687 998 βελτιώσεως
716 933 886 990 ταῦτα
910 936 1156 1007 ἐσχηκὼς
1190 936 1321 1007 (10),
1352 936 1573 999 εἰκότως
1606 935 1794 1007 ἐλέχθη

249 1020 320 1073 διὰ
345 1022 515 1075 ταῦτα
550 1025 642 1077 καὶ
670 1025 798 1089 Υἱὸς
824 1027 917 1080 καὶ
948 1026 1097 1092 Θεὸς,
1122 1029 1215 1082 καὶ
1245 1028 1343 1081 οὐκ
1376 1029 1521 1082 ἐστιν
1549 1030 1797 1100 ἀληθινὸς

250 1112 377 1176 Υἱός.
400 1113 473 1167 Τὸ
500 1114 598 1185 μὲν
624 1115 731 1188 γὰρ
755 1117 819 1171 ἐκ
847 1135 989 1182 τινος
1020 1119 1160 1173 κατά
1188 1120 1346 1189 φύσιν
1391 1119 1639 1193 ἀληθινόν
1680 1123 1795 1175 ἐστι

245 1204 492 1274 γέννημα,
524 1200 636 1270 οἷος
682 1203 751 1278 ἦν
791 1207 970 1263 Ἰσαάκ
1002 1209 1079 1280 τῷ
1134 1210 1399 1282 Ἀϐραὰμ,
1445 1212 1540 1265 καὶ
1598 1212 1793 1282 Ἰωσὴφ

243 1293 308 1384 τῇ)
348 1295 563 1360 Ἰακὼϐ,
589 1298 683 1353 καὶ
707 1300 768 1353 τὸ
790 1301 1128 1372 ἀπαύγασμα
1153 1302 1231 1373 τῷ
1256 1302 1406 1373 ἡλίῳ·
1442 1304 1491 1356 οἱ
1512 1303 1568 1356 δὲ
1588 1302 1645 1367 ἐξ
1664 1304 1794 1374 ἀρε-

245 1387 325 1456 τῆς
353 1387 444 1440 καὶ
470 1389 694 1461 χάριτος
720 1390 999 1462 λεγόμενοι
1030 1393 1188 1463 μόνον
1245 1394 1380 1446 εἰσὶν
1435 1393 1648 1464 ἔχοντες
1673 1395 1794 1447 ἀντὶ

241 1476 325 1547 τῆς
355 1476 571 1546 φύσεως
624 1478 724 1551 τὴν
769 1482 834 1533 ὲκ
889 1480 982 1534 τοῦ
1046 1482 1227 1535 λαϐεῖν
1260 1482 1439 1553 χάριν,
1502 1483 1595 1535 καὶ
1646 1483 1793 1535 ἄλλοι

243 1568 371 1637 παρὰ
405 1567 517 1639 (11)
548 1570 607 1623 τὸ
637 1569 785 1625 δοθὲν
814 1572 996 1637 αὐτοῖς
1015 1572 1184 1640 ὄντες,
1220 1569 1321 1627 οἷοί
1346 1576 1479 1628 εἰσιν
1506 1578 1556 1628 οἱ
1586 1577 1792 1647 ἀνθρω-

239 1674 313 1709 ποι
342 1660 388 1710 οἱ
411 1658 556 1712 κατὰ
579 1660 810 1733 μετοχὴν
834 1662 1057 1735 Πνεῦμα
1085 1662 1357 1730 λαϐόντες,
1402 1667 1529 1737 περὶ
1582 1660 1656 1721 ὧν
1700 1669 1793 1722 κα)⁵

238 1746 420 1817 [λεγεν-
467 1751 643 1817 meq
668 1752 964 1823 ἐγέννησα
991 1755 1089 1809 καί
1132 1756 1368 1825 ὕψωσα,
1399 1756 1568 1813 αὐτοὶ
1621 1757 1689 1812 δέ
1717 1775 1792 1827 με

234 1839 544 1907 ἠθέτησαν.
585 1810 800 1912 ’Ᾰμέλει
832 1810 953 1899 ἐπεὶ
997 1846 1070 1917 μὴ
1125 1810 1266 1901 χοῖτά
1318 1810 1643 1919 φόσινῆσαν
1825 1810 1865 1867 Β

234 1930 308 1983 διὰ
324 1931 477 1985 τοῦτο
509 1933 607 1985 καὶ
630 1936 949 2005 τραπέντων
980 1938 1157 1991 αὐτῶν
1183 1939 1429 2010 ἀφῃρέθη
1454 1940 1518 1991 τὸ
1547 1939 1788 2009 Πνεῦμα,

234 2022 312 2073 καὶ
334 2022 514 2094 άπεκη
526 2024 821 2095 ρύχθησαν·
850 2028 942 2080 καὶ
994 2028 1154 2082 πάλιν
1183 2028 1239 2080 δὲ
1282 2028 1668 2098 μετανοοῦντας
1697 2029 1793 2081 αὐ-

238 2115 338 2176 τοὺς
360 2113 595 2179 δέξεται,
628 2117 722 2170 καὶ
749 2118 922 2183 διδοὺς
944 2120 1005 2173 τὸ
1036 2120 1170 2189 φῶς,
1201 2119 1360 2174 πάλιν
1385 2121 1535 2183 υἱοὺς
1561 2119 1671 2191 (12)
1700 2137 1793 2173 κα-

234 2206 357 2260 λέσει
378 2209 407 2261 ό
430 2209 533 2261 καὶ
565 2210 706 2264 κατά
730 2212 828 2282 τὴν
855 2212 1029 2285 ἀρχὴν
1062 2213 1193 2277 Θεὸς
1224 2212 1366 2267 οὕτω
1392 2212 1490 2284 τὴν
1515 2212 1673 2283 χάριν
1697 2211 1793 2265 αὑ-

238 2302 327 2360 τοῖς
347 2298 620 2363 δεδωκώς.

289 2392 368 2445 58.
396 2394 461 2446 Εἰ
494 2393 680 2447 τοίνυν
715 2392 857 2448 οὕτω
880 2394 974 2449 καὶ
1015 2396 1105 2449 τὸν
1135 2395 1363 2465 Σωτῆρα
1408 2395 1625 2465 λέγουσι
1656 2395 1789 2466 (15),

233 2482 561 2554 δειχθήσεται
589 2483 724 2557 μήτε
778 2485 1047 2559 ἀληθινὸς,
1079 2494 1211 2559 μήτε
1247 2490 1398 2554 Θεὸς,
1466 2491 1605 2561 μήτε
1642 2490 1787 2554 Υἱὸς,

235 2576 352 2646 μήτε
390 2578 586 2649 ὅμοιος
607 2577 685 2649 τῷ
714 2579 910 2653 Πατρὶ,
943 2582 1078 2652 μήτε
1105 2581 1239 2645 ὅλως
1272 2581 1363 2634 τοῦ
1400 2578 1536 2635 εῖναι
1559 2584 1679 2636 κατ’
1705 2583 1794 2635 οὐ-

233 2668 338 2721 σίαν
368 2670 595 2742 Πατέρα
618 2671 756 2741 ἔχων
784 2672 875 2725 τὸν
899 2672 1051 2737 Θεὸν,
1085 2672 1220 2726 ἀλλὰ
1250 2673 1347 2744 τῆς
1377 2672 1622 2745 δοθείσης
1648 2673 1794 2744 αὐτῷ

238 2757 384 2829 μόνης
412 2760 662 2830 χάριτος,
696 2760 789 2814 τοῦ
817 2761 871 2814 δὲ
893 2756 1031 2843 εἶναι
1066 2763 1185 2815 κατ’
1228 2762 1411 2817 οὐσίαν
1439 2763 1660 2835 κτίστην
1704 2765 1793 2817 τὸν

230 2847 362 2913 Θεὸν,
395 2850 518 2903 καθ’
554 2853 843 2922 ὁμοιότητα
870 2852 976 2905 τῶν
1008 2854 1243 2918 πάντων,
1277 2852 1432 2925 ἔχων.
1462 2854 1708 2918 Τοιοῦτος
1738 2854 1794 2907 δὲ

230 2938 313 3003 ὢν,
341 2936 445 2995 οἷον
470 2939 625 2995 οὗτοι
658 2943 768 3012 (14)
815 2943 1051 3012 λέγουσι,
1090 2946 1382 3015 φανήσεται
1423 2945 1619 3015 μᾶλλον
1662 2945 1792 3016 μηδὲ

230 3031 279 3097 ἐξ
308 3034 475 3105 ἀρχῆς
496 3033 754 3104 ἐσχηκὼς
780 3035 839 3088 τὸ
860 3034 1029 3107 ὄνομα
1054 3036 1199 3099 Υἱὸς,
1235 3036 1288 3089 εἴ
1312 3054 1376 3105 γε
1398 3036 1553 3091 τοῦτο
1571 3037 1677 3091 τῶν
1706 3036 1794 3110 ἔρ-

1899 566 2110 621 saniam
2137 567 2402 638 ejusmodi
2433 566 2647 619 illorum
2689 576 2891 619 sermo.
2929 558 3061 613 Nam
3105 559 3150 612 si
3193 558 3308 628 ipsa
3334 570 3456 627 qua

1898 659 2088 713 habuit
2129 674 2337 713 merces
2366 668 2449 712 est
2505 674 2617 712 sua:
2657 654 2972 717 voluntatis,
2994 667 3167 721 eaque
3212 665 3317 704 non
3356 650 3456 703 ha-

1897 752 2102 807 buisset
2148 752 2251 806 nisi
2304 750 2597 821 indigentis
2652 764 2789 818 opus
2834 746 3226 801 exhibuisset:
3289 742 3455 812 igitur

1896 843 2023 913 quia
2055 842 2124 898 ob
2146 859 2299 897 suam
2331 844 2585 896 virtutem
2634 841 2866 909 vitaeque
2915 835 3326 892 sanctimoniam
3363 833 3451 888 illa

1895 945 1978 990 est
2012 945 2357 1000 consecutus,
2400 942 2685 1003 eapmpter
2708 942 2761 987 et
2795 930 2963 985 Filius
2994 938 3047 985 et
3077 928 3219 981 Dens
3260 925 3451 979 merito

1895 1027 2074 1083 dictus
2102 1037 2205 1093 est,
2237 1043 2344 1082 non
2376 1039 2552 1081 autem
2583 1041 2741 1081 verus
2767 1035 2851 1080 est
2890 1021 3080 1076 Filius.
3112 1019 3264 1086 Quod
3303 1017 3447 1073 enim

1892 1127 2051 1173 estex
2073 1118 2254 1188 aliquo
2276 1118 2573 1173 secundum
2594 1126 2860 1180 naturam,
2878 1129 3039 1169 verus
3056 1120 3139 1168 est
3170 1110 3328 1164 (etus.
3360 1106 3452 1162 Sic

1894 1208 2047 1265 lsaac
2089 1209 2339 1275 Abrahae,
2377 1208 2575 1277 Joseph
2601 1207 2806 1272 Jacobi,
2835 1214 2889 1262 et
2920 1204 3175 1275 splendor
3207 1201 3339 1259 solis
3367 1207 3454 1255 est

1894 1298 2053 1353 fetus.
2091 1297 2195 1364 Qui
2222 1315 2347 1352 vero
2384 1300 2453 1352 ob
2482 1299 2737 1351 virtutem
2775 1305 2829 1351 et
2854 1296 3083 1367 gratiam
3127 1309 3321 1347 nomen
3355 1294 3450 1347 lilii

1892 1398 2321 1459 consequuntur,
2354 1404 2461 1443 non
2495 1400 2687 1443 natura
2726 1389 2817 1443 sed
2868 1386 3243 1441 tantummodo
3278 1385 3451 1455 gratia

1894 1483 2035 1537 hanc
2068 1497 2323 1551 accepere
2364 1481 2700 1550 dignitatem,
2734 1478 2934 1547 aliique
2974 1478 3197 1532 omnino
3226 1485 3351 1531 sunt
3381 1475 3451 1531 ab

1892 1588 1957 1629 eo
1988 1574 2130 1645 quod
2153 1573 2287 1643 ipsis
2316 1572 2472 1626 datur
2506 1589 2519 1625 :
2566 1570 2873 1641 eujnsmodi
2908 1577 3035 1624 sunt
3072 1568 3318 1623 homines
3353 1567 3448 1637 qui

1895 1663 2128 1734 Spiritus
2144 1666 2312 1719 sancti
2342 1663 2627 1733 participes
2658 1662 2784 1716 facti
2815 1668 2962 1726 sunt,
2985 1661 3050 1715 de
3066 1660 3263 1730 quibus
3283 1658 3447 1713 etiam

1892 1756 2040 1821 dicit,
2070 1754 2238 1809 Filios
2269 1755 2421 1825 genui
2450 1763 2498 1808 et
2530 1752 2782 1817 exaltari,
2807 1752 2909 1820 ipsi
2938 1760 3113 1805 autem
3142 1767 3222 1805 me
3244 1751 3449 1820 repule-

1894 1861 2014 1905 runt
2040 1854 2132 1905 ⁹¹·.
2176 1851 2331 1907 Certe
2360 1851 2485 1921 quia
2518 1867 2623 1906 non
2644 1860 2835 1905 natura
2854 1850 2945 1904 filii
2964 1859 3137 1914 erant,
3161 1849 3365 1904 idcirco
3392 1850 3447 1903 in

1891 1943 2043 2014 pejus
2073 1944 2294 1998 mutatis
2320 1944 2535 1999 ablatus
2562 1954 2644 1997 est
2669 1942 2925 2012 Spiritus,
2951 1952 3003 1997 et
3031 1941 3265 1996 abdicati
3288 1950 3445 2007 sunt;

1890 2051 2029 2103 quos
2060 2045 2239 2089 tamen
2280 2035 2442 2098 idem,
2495 2036 2588 2106 qui
2636 2034 2791 2089 initio
2826 2034 2932 2089 illis
2981 2034 3291 2103 hujusmodi
3327 2048 3452 2103 gra-

1892 2126 2019 2179 tiam
2045 2126 2270 2195 largitus
2289 2135 2373 2180 est
2407 2124 2569 2191 Deus,
2593 2127 2914 2195 pcenitentes
2946 2125 3138 2180 iterum
3164 2125 3447 2195 suscipiet,

1890 2217 2115 2287 luceque
2136 2216 2405 2288 impertita
2439 2232 2631 2273 rursus
2657 2218 2799 2273 ﬁlios
2826 2233 2922 2273 eos
2956 2216 3270 2287 appellabit.

1959 2399 2047 2455 '58.
2078 2400 2233 2467 Quod
2259 2400 2302 2455 si
2338 2400 2454 2455 haec
2477 2400 2693 2455 illorum
2716 2409 2797 2454 est
2830 2400 2897 2454 de
2923 2397 3203 2452 Salvatore
3232 2407 3450 2452 sentcno

1890 2492 1985 2557 tia,
2002 2502 2259 2564 sequetur
2278 2508 2401 2548 eum
2428 2508 2603 2562 neque
2632 2507 2816 2547 verum
2840 2490 3030 2557 Deum,
3060 2506 3235 2559 neque
3259 2505 3445 2543 verum

1890 2584 2108 2651 Filium,
2137 2601 2310 2655 neque
2331 2583 2509 2640 Patris
2540 2600 2663 2639 esse
2708 2583 2975 2650 similem;
3010 2598 3111 2637 nec
3141 2581 3329 2644 Deum,
3364 2581 3445 2636 sui

1889 2675 2063 2745 ipsius
2096 2674 2393 2730 secundum
2445 2671 2803 2728 substantiam
2854 2670 3067 2725 Patrem
3109 2670 3323 2732 habere,
3352 2670 3443 2723 sed

1891 2768 2061 2824 solius
2086 2768 2189 2823 sibi
2218 2781 2489 2822 concessa:
2514 2764 2729 2836 gratiae:
2763 2779 2826 2817 ac
2851 2762 3084 2831 denique
3111 2761 3275 2814 Deum
3296 2775 3446 2814 crea-

1891 2869 2062 2914 torem
2094 2859 2179 2914 sui
2215 2859 2387 2929 ipsius
2415 2860 2714 2912 secundum
2743 2855 3103 2911 substantiam
3124 2894 3138 2917 ,
3170 2852 3328 2908 sicuti
3360 2866 3447 2907 res

1891 2951 2025 3006 alias
2056 2966 2267 3016 omnes,
2305 2949 2525 3003 habere.
2570 2947 2725 3013 Quod
2759 2947 2803 3001 si
2836 2947 2908 3001 sit
2964 2945 3254 3015 ejusmodi,
3287 2952 3345 2998 ut
3370 2944 3446 2998 illi

1890 3043 2095 3109 volunt,
2130 3042 2252 3096 inde
2275 3041 2481 3097 clarum
2501 3040 2606 3093 erit
2629 3054 2752 3092 eum
2776 3039 2843 3093 ab
2870 3038 3025 3092 initio
3056 3052 3162 3091 non
3194 3036 3448 3091 habuisse

229 3140 325 3191 γων
356 3125 594 3180 ἔπαθλον
624 3126 749 3198 ἔσχε
771 3128 863 3181 καὶ
913 3129 1216 3199 προκοπῆς,
1270 3129 1369 3181 οὐκ
1411 3128 1577 3200 ἄλλης
1615 3130 1647 3199 ἢ
1692 3129 1790 3198 τῆς

1896 3133 2013 3189 Filii
2052 3149 2269 3197 nomen,
2307 3129 2469 3203 349
2516 3130 2560 3185 si
2602 3130 2856 3184 nimirum
2889 3130 2939 3183 id
2978 3129 3213 3183 nominis
3240 3128 3315 3180 illi
3346 3128 3447 3180 tri-

229 3216 303 3269 ὄτε
329 3218 559 3286 γέγονεν
584 3218 886 3290 ἄνθρωπος,
922 3220 1014 3272 καὶ
1040 3221 1138 3290 τὴν
1188 3219 1283 3272 τοῦ
1339 3219 1522 3272 δούλου
1580 3218 1788 3290 μορφὴν

228 3310 435 3363 ἀνέλαϐε
467 3311 616 3381 (15).
672 3311 803 3364 Τότε
831 3312 940 3382 γάρ
968 3312 1135 3374 ἐστιν,
1201 3312 1288 3365 ὅτε
1325 3312 1604 3383 γενόμενος
1648 3312 1789 3381 ὑπή-

228 3417 333 3465 κοος
361 3404 521 3475 μέχρι
572 3402 822 3466 θανάτου,
854 3403 1237 3475 ὑπερυψῶσθαι
1264 3403 1496 3472 λέγεται,
1515 3402 1610 3456 κα)⁵
1634 3402 1791 3472 χάριν

228 3492 486 3565 είληιρέναι
548 3495 612 3547 τὸ
660 3494 849 3564 ὄνομα,
906 3495 1005 3547 ἵνα
1050 3494 1119 3546 ἐν
1164 3493 1245 3559 τῷ
1294 3495 1535 3563 ὀνόματι
1589 3492 1790 3561 Ἰησοῦ

228 3586 412 3655 κάμψῃ
453 3586 592 3641 πᾶν
640 3587 811 3652 γόνυ.
845 3585 910 3637 Τί
966 3581 1060 3639 οὖν
1104 3580 1172 3657 ἦν
1225 3583 1331 3657 πρὸ
1369 3585 1574 3648 τούτου,
1621 3587 1668 3638 εί
1697 3584 1790 3638 νῦν

226 3676 413 3750 ὑψώθη,
442 3680 543 3733 καὶ
575 3675 669 3730 νῦν
696 3676 897 3749 ἦρξατο
927 3677 1365 3749 προσκυνεῖσθαι,
1417 3678 1511 3729 κα)¹
1540 3675 1634 3729 νῦν
1666 3678 1792 3740 Υἱὸς

228 3766 325 3837 (16)
349 3768 576 3839 ἐλέχθη,
627 3768 716 3821 ὅτε
776 3767 995 3835 γέγονεν
1034 3765 1349 3836 ἀνθρωπος;
1404 3765 1652 3818 Φαίνεται
1683 3765 1789 3837 γάρ

227 3859 371 3929 μηδὲν
398 3858 710 3930 βελτιώσας
738 3858 899 3921 αὐτὸς
929 3858 1025 3929 τὴν
1049 3857 1245 3927 σάρκα,
1298 3856 1431 3910 ἀλλά
1461 3855 1657 3927 μᾶλλον
1690 3858 1789 3910 αὑ-

226 3950 379 4013 τὸςδΒ
409 3952 589 4021 αὐτῆς
644 3948 974 4019 βελτιωθεὶς,
1009 3948 1062 4001 ετ
1084 3965 1147 4017 γε
1174 3948 1315 4001 κατά
1358 3946 1456 4019 τὴν
1507 3947 1791 4001 κακόνοιαν

226 4043 385 4098 αὐτῶν
408 4046 535 4098 τότε
559 4042 756 4114 ὑψώθη
803 4044 897 4096 καὶ
921 4040 1045 4105 Υἱὸς
1072 4041 1286 4112 ἐλέχθη,
1312 4041 1400 4094 ὅτε
1454 4040 1673 4110 γέγονεν
1700 4041 1793 4094 ἄν·

227 4134 442 4205 θρωπος.
470 4138 540 4191 Τί
598 4131 697 4190 οὖν
729 4130 796 4206 ἦν
834 4134 940 4205 πρὸ
979 4133 1207 4199 τούτου;
1253 4132 1421 4186 Πάλιν
1462 4132 1571 4203 γὰρ
1600 4132 1794 4194 αὐτοὺς

224 4227 414 4299 ἐρωτᾷν
448 4228 699 4298 ἀνάγκη,
721 4226 809 4280 ἵνα
835 4225 925 4278 καὶ
948 4226 1008 4278 τὸ
1026 4225 1178 4288 τέλος
1208 4224 1307 4294 τῆς
1338 4224 1588 4288 ἀσεϐείας
1617 4222 1794 4277 αὐτῶν

225 4319 477 4393 θεωρηθῇ.
505 4322 574 4374 Εἰ
598 4320 711 4391 γάρ
739 4319 883 4372 ἐστιν
912 4320 939 4371 ό
970 4317 1171 4391 Κύριος
1228 4318 1381 4381 Θεὸς,
1422 4316 1569 4381 Υἱὸς,
1602 4316 1791 4385 Λόγος,

1890 3226 2079 3280 butum
2104 3224 2192 3289 sit,
2234 3232 2489 3292 tanquam
2522 3221 2781 3276 factorum
2812 3221 3004 3289 suique
3021 3220 3300 3289 praemium
3320 3233 3446 3287 pro-

1891 3330 2144 3387 gessus,
2183 3314 2275 3384 qui
2313 3314 2533 3384 quidem
2564 3312 2745 3366 nullus
2795 3309 2897 3363 fuit
2938 3310 3098 3374 alius,
3130 3324 3293 3379 quam
3324 3323 3449 3362 cum

1892 3405 2067 3459 factus
2116 3411 2201 3458 est
2242 3403 2406 3458 homo
2451 3409 2505 3457 et
2547 3400 2689 3457 servi
2741 3398 2972 3455 formam
3030 3399 3254 3468 accepit.
3298 3395 3451 3452 Tunc

1891 3497 2036 3551 enim
2069 3502 2173 3559 est,
2202 3510 2326 3550 cum
2364 3493 2541 3550 factus
2573 3492 2830 3548 obediens
2858 3505 3031 3559 usque
3086 3491 3152 3544 ad
3184 3497 3411 3543 mortem
3431 3529 3450 3554 ,

1890 3589 2165 3642 exaltatus
2203 3601 2325 3641 esse
2364 3594 2419 3641 et
2442 3586 2545 3641 huc
2579 3599 2776 3641 nomen
2815 3589 3075 3652 tanquam
3117 3580 3449 3651 singularem

1892 3680 2119 3749 gratiam
2152 3678 2425 3747 accepisse
2457 3677 2676 3742 dicitur,
2719 3685 2777 3729 at
2817 3675 2871 3728 in
2902 3674 3106 3727 nomine
3132 3670 3261 3725 Iesu
3303 3684 3451 3723 omne

1892 3786 2025 3840 gena
2080 3770 2326 3839 ﬂectatur
2357 3770 2423 3820 ".
2480 3767 2621 3834 Quid
2678 3780 2806 3834 ergo
2850 3763 2953 3819 fuit
2993 3770 3191 3826 antea,
3240 3761 3285 3813 si
3323 3768 3450 3811 tunc

1892 3859 2159 3914 exaltatus
2180 3869 2281 3922 est,
2313 3857 2582 3926 coepitque
2608 3852 2844 3918 adorari,
2872 3867 2935 3906 ac
2965 3849 3134 3904 Filius
3155 3854 3237 3903 est
3265 3844 3449 3916 appel-

1893 3948 2056 4013 latus,
2088 3962 2210 4002 cum
2242 3945 2417 4002 factus
2465 3944 2569 3999 fuit
2609 3942 2808 3998 homo?
2854 3939 3080 3994 Videtur
3106 3938 3251 3991 enim
3304 3934 3449 3989 nulla

1892 4042 1948 4095 in
1977 4055 2039 4095 re
2070 4054 2289 4094 carnem
2333 4037 2610 4091 meliorem
2651 4033 2970 4095 reddidisse,
3011 4029 3107 4085 sed
3145 4029 3321 4098 ipsum
3351 4042 3449 4097 po-

1896 4131 2006 4185 tius
2038 4145 2134 4200 per
2162 4143 2279 4183 eam
2308 4127 2585 4181 meliorem
2611 4124 2782 4177 fuisse
2821 4121 3091 4182 enectum,
3120 4118 3164 4173 si
3195 4117 3449 4171 nimirum

1895 4231 2045 4287 tunc,
2064 4228 2125 4275 ut
2143 4219 2307 4289 impie
2336 4225 2547 4288 putant,
2571 4215 2839 4270 exaltatus
2866 4221 2950 4267 est
2979 4221 3032 4265 et
3053 4210 3225 4264 Filius
3253 4207 3449 4268 dictus.

1895 4329 2019 4369 cum
2050 4310 2224 4367 factus
2251 4320 2335 4366 est
2364 4310 2547 4364 homo.
2568 4306 2709 4373 Quid
2743 4306 2907 4374 igitur
2943 4312 3060 4359 erat
3086 4300 3281 4355 antea?
3318 4296 3450 4353 Nam

223 4388 399 4486 οὐκ
516 4388 701 4467 ταῦτα
742 4412 848 4484 πρὸ
890 4410 980 4465 τοῦ
1012 4388 1235 4481 γένηται
1280 4410 1578 4481 ἄνθρωπος·
1608 4408 1642 4479 ἢ
1669 4407 1793 4461 ἄλλο

1899 4416 2121 4457 necesse
2146 4409 2231 4456 est
2252 4416 2347 4455 eos
2370 4398 2563 4453 iterum
2594 4397 2944 4465 interrogare,
2970 4402 3028 4447 ut
3049 4392 3208 4446 linem
3239 4388 3451 4443 illorum

223 4523 265 4559 τι
297 4478 539 4580 ἦνπαρὰ
588 4478 799 4569 ταῦτα,
822 4506 916 4558 καὶ
949 4478 1175 4575 ὕστερον
1228 4478 1432 4557 τούτοιν
1484 4502 1544 4566 ἐξ
1598 4478 1793 4572 ἀρετῆς

1900 4492 2191 4563 impietatis
2217 4490 2433 4545 tandem
2474 4488 2852 4558 inspiciamus.
2903 4483 2959 4538 Si
3003 4482 3147 4538 enim
3192 4478 3453 4534 Dominus

225 4601 487 4671 μετέσχεν,
523 4599 722 4669 ὥσπερ
742 4596 973 4668 εἴπαμεν
1003 4595 1133 4666 (17)·
1168 4594 1200 4664 ἢ
1228 4595 1289 4648 τὸ
1314 4595 1521 4666 ἕτερον,
1555 4595 1689 4666 ὅπερ
1715 4595 1794 4656 εἰς

223 4690 304 4755 τὰς
335 4693 559 4746 ἐκείνων
620 4687 860 4758 κεφαλὰς
914 4687 1144 4760 τραπείη
1170 4729 1185 4749 ,
1230 4686 1442 4754 ἀνάγκη
1487 4685 1666 4752 λέγειν
1698 4684 1795 4736 αὐ-

222 4785 351 4847 τοὺς,
386 4784 523 4855 μηδὲ
548 4778 695 4837 εἶναι
728 4780 834 4851 πρὸ
860 4780 1050 4833 τούτου
1085 4778 1268 4839 αὐτὸν,
1299 4776 1433 4829 άλλά
1454 4775 1515 4829 τὸ
1545 4775 1663 4828 ὅλον
1694 4774 1788 4829 ἄν-

224 4873 421 4945 θρωπον
450 4877 571 4947 (18)
601 4870 745 4928 εἶναι
780 4872 961 4943 φύσει,
994 4871 1087 4923 καὶ
1119 4869 1280 4941 μηδὲν
1315 4868 1495 4923 πλέον.
1537 4866 1673 4919 Ἀλλ’
1694 4866 1793 4918 οὐκ

223 4964 321 5021 ἐστι
350 4966 512 5022 τοῦτο
550 4966 659 5036 τῆς
702 4962 1046 5033 Ἑκκλησίας,
1078 4959 1171 5014 τοῦ
1193 4959 1250 5013 δὲ
1297 4958 1651 5031 Σαμοσατέως
1678 4956 1795 5010 ἐστὶ

190 5161 195 5176 ς
280 5111 341 5144 ⁹¹⁴
377 5112 484 5168 lsa.
528 5128 573 5177 ι,
602 5108 660 5163 2.
736 5108 780 5139 "
809 5105 1006 5176 Philip.
1032 5120 1093 5170 ιι,
1130 5104 1218 5159 10.

194 5236 199 5255 ³
284 5252 353 5322 (8)
384 5250 789 5322 Seguerianus,
823 5245 995 5318 μέσην
1015 5244 1114 5317 τὴν
1142 5244 1367 5316 ἀγοράν.
1393 5242 1539 5299 Editi
1585 5252 1639 5299 et
1680 5242 1793 5309 alii,

228 5320 379 5393 μέσην
402 5320 643 5393 ἀγοράν.

285 5354 782 5515 ἴείῗδέξῖινεῖῖῥηυε,
808 5386 947 5442 αὐτὰ
966 5381 1055 5458 ἦν.
1082 5384 1215 5440 lbid.
1239 5384 1392 5464 idem
1426 5399 1548 5437 cum
1573 5382 1789 5439 Gobler.

295 5461 433 5515 Felc.
506 5503 524 5515 .
556 5478 655 5514 του
684 5458 980 5515 διδομένου.
1011 5455 1141 5515 Reg.
1176 5472 1267 5507 του
1304 5453 1579 5515 ἐσομένου.

226 5472 269 5514 et
292 5453 433 5517 Felc.
455 5453 524 5527 ’1,
556 5459 655 5514 τοῦ
684 5453 1267 5529 διδομένουζΒ-ρςητοῦ
1304 5453 1579 5529 έσομένου,

285 5533 390 5602 (10)
443 5524 542 5587 Sic
598 5524 997 5600 Segner'ianus,
1042 5524 1390 5587 Basiliensis,
1435 5524 1788 5592 Anglicanus,

225 5597 525 5655 Goblerian.
562 5600 697 5655 Rea.
731 5609 786 5654 et
808 5596 949 5651 Felc.
977 5597 1029 5651 5.
1059 5595 1128 5649 At
1147 5593 1298 5655 editi,
1325 5593 1541 5655 ἔσχηκε.

510 5643 525 5656 .
564 5612 697 5659 lica.
731 5612 786 5654 ει
808 5612 949 5651 rete.
977 5612 1029 5651 ξ).
1059 5612 1128 5649 At
1147 5612 1298 5659 eum,
1325 5612 1541 5659 εσχηκε.

287 5610 525 5657 lblerian.
564 5610 697 5670 lteg.
731 5610 786 5654 et
808 5610 949 5651 r‘elc.
977 5610 1029 5651 5.
1059 5610 1128 5649 At
1147 5610 1298 5659 eum,
1325 5610 1541 5664 εσχηκε.

287 5672 391 5742 (11)
418 5672 747 5742 Goblerian.
775 5676 830 5721 et
871 5665 1019 5720 Felc.
1059 5666 1114 5742 _1,
1154 5663 1313 5742 περίᾷ
1329 5665 1496 5742 Paulo
1536 5660 1791 5742 postse-

228 5726 479 5815 arteriam,
527 5740 916 5815 οΞ--άνθριυποι¹
940 5726 1110 5815 κατά,
1129 5726 1341 5815 'elciﬂEt
1378 5726 1682 5803 moxfmp‘t
1719 5726 1791 5784 ὧν

229 5797 304 5864 ἶεὶ
331 5797 545 5877 ἔλεγεν.
581 5797 801 5865 Ειιιιὶἐῑ
833 5806 944 5871 alii,
978 5797 1099 5874 περὶ
1123 5797 1195 5856 ὧν
1235 5802 1436 5868 ἔλεγεν.

1898 4594 1979 4639 est
2004 4582 2167 4648 Deus,
2197 4580 2393 4645 Filius,
2428 4588 2483 4634 et
2510 4577 2747 4633 Verbum
2768 4618 2783 4642 ,
2828 4574 3071 4643 nihilque
3118 4571 3312 4625 horum
3340 4576 3452 4623 erat

1898 4675 2215 4744 priusquam
2243 4673 2405 4726 homo
2434 4670 2617 4724 ﬁeret:
2644 4668 2728 4721 vel
2758 4675 2903 4721 certe
2929 4662 3133 4734 aliquid
3170 4660 3316 4716 aliud
3339 4665 3451 4714 erat

1899 4773 2092 4835 prailer
2109 4763 2221 4829 illa,
2240 4775 2471 4831 quorum
2497 4766 2683 4829 postea
2706 4756 2776 4810 oh
2799 4756 3054 4810 virtutem
3078 4763 3161 4808 est
3186 4752 3452 4822 particeps

1898 4856 2138 4921 eii‘ectus,
2193 4854 2271 4908 uti
2298 4852 2578 4907 diximus;
2621 4849 2703 4903 vel
2748 4848 2924 4913 aliud,
2973 4844 3117 4917 quod
3152 4842 3366 4914 quidem
3398 4841 3450 4893 in

1899 4950 2142 5021 ipsorum
2185 4944 2437 5001 reciderit
2467 4942 2643 5012 capita
2664 4980 2679 5006 ,
2713 4941 2837 4995 illos
2876 4952 3100 4994 necesse
3139 4943 3222 4989 est
3253 4932 3450 4995 dicere,

1965 5234 2080 5300 (19.)
2108 5228 2495 5303 Seguerianus,
2520 5222 2668 5303 υίοὺς
2700 5218 2913 5281 αὐτούς.

1961 5292 2073 5377 (15)
2106 5292 2750 5377 ξθὲυθτίεηυεοὶέλρξλσις
2916 5365 2959 5377 Α.
3204 5352 3223 5377 ,

1960 5349 2071 5442 ξ
2107 5349 2887 5454 Seguerianus;qubleriap‘trs
2911 5365 2964 5409 et
2998 5352 3176 5454 Felfk.
3204 5352 3262 5454 1ἑ
3279 5349 3451 5406 αὐτοί.

1888 5422 2449 5505 Ειίὶιίὲιῖἧῖξοῦτοι.
2486 5422 2690 5505 ibidem
2732 5427 2927 5499 μᾶλλον
2964 5427 3115 5480 abest
3151 5440 3181 5478 a
3225 5422 3452 5494 Seguer.

1956 5515 2064 5586 (15)
2106 5501 2441 5586 ξεςιιετίβηο,
2475 5501 2813 5586 ἔλῇδςομεῌ
2881 5574 2926 5586 Α
2958 5564 3078 5586 ,ΜΔ
3142 5563 3162 5586 ι
3226 5563 3314 5586 ___‘
3354 5560 3413 5586 με

1967 5563 2503 5664 i_iiil)_Sec’gi|erin@s,
2532 5566 2841 5626 Goblerian.
2876 5574 2929 5621 et
2958 5564 3101 5620 Felc.
3141 5563 3191 5629 1,
3226 5563 3319 5618 καὶ
3354 5563 3452 5616 νῦν

1902 5645 2042 5718 Υἱός.
2060 5645 2235 5713 ἘιΙὶιῖ,
2262 5648 2356 5702 καὶ
2384 5645 2529 5718 ΥἱόςἼ

1967 5712 2079 5793 (17)
2122 5712 2459 5793 Segu_erian.,
2814 5791 2825 5793 Α

1969 5774 2081 5867 (10)
2123 5774 2223 5846 Sit?
2247 5774 2469 5856 Seguer.
2506 5779 2575 5835 At
2605 5774 2697 5831 alii
2723 5784 2778 5830 et
2803 5776 2952 5843 editi,
2976 5774 3280 5857 ἄνθρωπος.
