3972 6224
500 293 564 346 9|
1054 288 1108 343 S.
1152 291 1517 350 ATHANASII
1556 294 1706 352 OPP.
1749 294 1925 352 PARS
1961 294 2002 349 1.
2045 327 2115 336 -
2153 289 2521 347 HISTOBICA
2559 288 2645 344 ET
2685 288 3099 344 DOGMATICA.
3635 288 3705 343 92

496 422 619 464 eum
651 403 856 462 scilicet
884 419 1060 474 neque
1089 413 1249 459 antea
1284 407 1575 474 exstitisse,
1605 407 1700 462 sed
1735 416 1906 461 totum
1946 421 2046 460 na-

2164 405 2243 459 ια).
2281 404 2389 457 τῶν
2417 404 2513 458 νῦν
2548 404 2813 457 Ἰουδαίων
2858 403 2919 457 τὸ
2943 404 3210 475 φρόνημα.
3272 402 3370 458 Διὰ
3416 405 3468 458 τί
3504 401 3595 459 οὖν
3633 409 3708 463 τὰ

497 509 617 553 tura
658 498 931 552 hominem
966 496 1140 551 solum
1180 511 1321 562 esse,
1364 498 1609 567 nihilque
1662 498 1913 567 amplius.
1948 496 2049 550 Ve-

496 604 617 643 rum
648 589 762 642 haec
790 602 898 641 non
933 596 1017 641 est
1057 586 1304 642 Ecclesia:
1352 588 1616 654 doctrina,
1649 588 1743 644 sed
1795 587 2052 642 Samosa-

497 679 665 735 tensis
703 678 979 747 hujusque
1028 679 1288 747 temporis
1333 677 1665 734 Judaeorum.
1700 678 1835 733 Cum
1887 678 2052 748 igitur

493 772 684 826 eadem
708 779 869 839 atque
898 769 975 823 illi
1001 770 1254 835 sentiant,
1275 786 1374 825 cur
1402 787 1509 824 non
1538 781 1596 824 ut
1620 768 1789 824 Judaei
1820 768 2053 823 circum-

494 848 767 931 ciduntur,
797 864 891 920 sed
940 864 1062 920 ficte
1095 864 1456 920 Christianam
1508 864 1828 934 profitentur
1869 863 2049 927 ﬁdem,

495 968 548 1014 et
577 967 767 1014 contra
797 972 915 1013 eam
953 958 1269 1015 decertant?
1302 958 1435 1013 Nam
1484 957 1529 1013 si
1569 966 1727 1012 antea
1774 972 1881 1011 non
1913 965 2049 1025 erat,

497 1058 590 1104 aut
616 1050 687 1103 ita
722 1057 839 1103 erat
865 1058 926 1103 ut
953 1059 1137 1118 postea
1171 1051 1358 1104 melior
1387 1050 1459 1105 sit
1485 1048 1746 1111 redditus,
1779 1049 2053 1117 quomodo

495 1153 592 1209 per
617 1139 795 1207 ipsum
825 1136 967 1192 facta
1004 1147 1132 1192 sunt
1168 1139 1389 1193 omnia?
1418 1140 1512 1193 Vel
1550 1138 1593 1193 si
1628 1137 1898 1206 perfectus
1945 1154 2051 1192 non

497 1238 632 1294 erat,
670 1229 943 1299 quomodo
971 1231 1024 1283 in
1069 1232 1187 1300 ipso
1234 1232 1536 1286 oblectatur
1582 1230 1774 1284 Pater?
1802 1229 1856 1283 Si
1890 1244 2052 1298 porro

500 1318 616 1387 ipse
642 1318 835 1372 melior
860 1318 1084 1375 effectus
1108 1330 1210 1387 est,
1235 1319 1508 1390 quomodo
1546 1328 1699 1373 antea
1732 1333 1911 1372 coram
1948 1317 2053 1373 Pa-

500 1418 581 1463 tre
615 1409 927 1463 laetabatur?
959 1409 1243 1476 Praeterea,
1280 1412 1325 1465 si
1360 1419 1484 1480 post
1514 1418 1738 1465 mortem
1766 1409 1841 1463 illi
1867 1409 2054 1463 datum

499 1508 667 1555 estut
702 1501 1051 1566 adoreretur,
1093 1502 1366 1571 quomodo
1409 1501 1565 1554 illum
1618 1500 1961 1555 Abraliamus
2000 1500 2052 1552 in

500 1590 845 1646 tabernaculo
868 1592 913 1623 ”
929 1600 982 1646 et
1009 1592 1219 1661 Moyses
1242 1593 1298 1645 in
1324 1591 1461 1646 rubo
1489 1591 1536 1624 ⁹⁶
1574 1591 1828 1646 adorasse
1846 1605 2054 1645 memo-

501 1690 708 1747 rantur,
742 1691 814 1748 et,
839 1689 900 1736 ut
931 1684 1065 1737 vidit
1108 1683 1309 1747 Daniel,
1337 1683 1501 1737 millia
1518 1683 1751 1752 plurima
1777 1682 2056 1736 ministra-

2149 497 2372 551 ἐκείνων
2416 495 2757 566 φρονοῦντες,
2814 495 2933 565 οὐχ).
3000 495 3095 548 καὶ
3146 496 3221 559 ὼς
3270 496 3507 550 Ἰουδαῖοι
3553 516 3709 571 περι-

2148 588 2455 658 τέμνονται,
2527 586 2639 640 ἀλλ’
2682 585 3059 658 ὑποκρίνονται
3108 586 3198 638 τὸν
3263 587 3705 660 Χριστιανισμὸν,

2149 677 2244 730 καὶ
2290 677 2424 746 πρὸς
2467 675 2624 729 αὐτὸν
2669 674 2845 745 ἔχουσι
2898 674 2997 745 τὴν
3059 675 3267 745 μάχην;
3329 677 3390 729 Ei
3444 676 3552 747 γὰρ
3605 679 3707 733 οὐκ

2147 764 2236 840 ἦν,
2264 769 2296 839 ἢ
2321 764 2387 839 ἦν
2444 769 2560 839 μὲν,
2600 766 2890 838 ὲ6ελτιώθη
2910 768 2967 821 δὲ
3001 767 3246 839 ὕστερον,
3269 767 3384 831 πῶς
3441 769 3505 822 δι’
3543 771 3709 824 αὐτοῦ

2151 859 2340 929 γέγονε
2370 858 2437 912 τὰ
2462 859 2657 922 πάντα,
2702 858 2734 930 ῆ
2767 858 2881 921 πῶς
2938 860 2997 910 ὲν
3021 859 3214 925 τούτῳ,
3259 859 3309 913 εί
3350 876 3413 927 γε
3462 859 3572 928 (19)
3633 861 3710 932 μὴ

2149 949 2351 1013 τέλειος
2397 945 2485 1021 ἦν,
2538 949 2975 1021 προσέχαιρενό
3016 952 3239 1023 Πατήρ;
3297 953 3407 1004 Καὶ
3434 952 3592 1017 αὐτὸς
3626 954 3710 1018 δὲ,

2152 1044 2199 1097 εἰ
2229 1040 2323 1096 νῦν
2351 1041 2663 1113 ὲ6ελτιώθη,
2726 1042 2842 1106 πῶς
2891 1044 2997 1113 πρὸ
3041 1044 3228 1097 τούτου
3295 1045 3621 1116 ηὐφραίνετο
3651 1046 3714 1099 ἐν

2152 1133 2424 1205 προσώπῳ
2455 1133 2546 1188 τοῦ
2580 1133 2791 1203 Πατρός
2823 1134 2965 1204 (20);
2999 1135 3121 1200 Πῶς
3152 1136 3227 1199 δὲ,
3261 1139 3307 1190 εί
3340 1137 3477 1208 μετὰ
3496 1138 3587 1191 τὸν
3624 1137 3718 1192 θά-

2152 1242 2309 1281 νατον
2329 1226 2487 1278 ἔλαϐε
2520 1224 2580 1278 τὸ
2642 1225 3078 1296 προσκυνεῖσθαι,
3113 1227 3353 1295 φαίνεται
3391 1231 3420 1281 ὁ
3464 1228 3717 1299 Ἀϐραάμ

2154 1319 2315 1372 αὐτὸν
2342 1320 2400 1372 ὲν
2446 1321 2514 1389 τῇ
2565 1321 2734 1388 σκηνῇ
2787 1318 3103 1390 προσκυνῶν
3150 1322 3241 1374 καὶ
3284 1322 3487 1390 Μωσῆς
3538 1324 3594 1374 ὲν
3645 1323 3715 1392 τῇ

2155 1409 2329 1480 βάτῳ;
2358 1410 2468 1473 καὶ,
2504 1410 2581 1473 ὡς
2620 1407 2726 1464 εἶδε
2759 1410 2973 1481 Δανιὴλ,
3008 1410 3193 1482 μύριαι
3222 1412 3478 1482 μυριάδες
3510 1413 3601 1465 καὶ
3632 1410 3720 1482 χί-

2153 1500 2262 1552 λιαι
2292 1501 2525 1572 χιλιάδες
2552 1500 2920 1573 ἐλειτούργουν
2948 1501 3129 1571 αὺτῷ;
3159 1502 3280 1564 Πῶς
3304 1502 3380 1566 δὲ,
3411 1504 3457 1553 εί
3481 1501 3575 1554 νῦν
3595 1503 3717 1555 κατ’
3742 1552 3749 1559 .

2155 1590 2349 1653 αὐτοὺς
2382 1590 2505 1660 ἔσχε
2529 1589 2626 1661 τὴν
2653 1590 2949 1661 βελτίωσιν,
2979 1592 3077 1661 τῆς
3109 1591 3214 1661 πρὸ
3248 1592 3451 1662 κόσμου
3480 1592 3572 1644 καὶ
3601 1591 3718 1660 (2-1)

2153 1681 2252 1750 τῆς
2274 1681 2641 1753 ὑπερκοσμίου
2695 1680 2849 1751 δόξης
2877 1680 3073 1734 ἑαυτοῦ
3140 1682 3488 1753 μνημονεύων
3531 1681 3721 1750 ἔλεγεν

500 1772 631 1826 bant
653 1772 702 1826 ei
715 1773 795 1826 9'?
821 1771 876 1827 Si
896 1773 1023 1827 item
1040 1772 1333 1828 secundum
1366 1772 1487 1827 illos
1516 1772 1703 1826 melior
1728 1787 1869 1826 nunc
1884 1769 2055 1825 iactus

2164 1774 2313 1837 ιὺτὸς
2340 1775 2368 1826 ὁ
2396 1774 2543 1838 Υἱός·
2566 1774 2836 1838 Δόξασόν
2852 1792 2930 1844 με
2965 1774 3067 1837 σὺ,
3105 1773 3315 1841 Πάτερ,
3349 1772 3423 1841 τῇ
3473 1772 3644 1841 δόξῃ,
3678 1766 3723 1845 ᾗ

498 1867 601 1922 est,
627 1861 901 1930 quomodo
939 1862 1174 1916 cmlestis
1220 1861 1436 1929 gloriae,
1486 1876 1594 1930 qua
1632 1870 1756 1915 ante
1793 1860 2053 1914 mundum

500 1950 802 2016 fruebatur,
839 1968 1048 2006 memor
1074 1955 1188 2020 ipse
1227 1951 1399 2007 Filius
1428 1953 1660 2017 dicebat,
1694 1950 1945 2018 Gloriﬁca
1979 1967 2057 2005 me

502 2052 577 2108 tu,
614 2041 795 2108 Pater,
841 2042 1010 2109 gloria
1048 2059 1205 2110 quant
1252 2046 1392 2112 apud
1429 2051 1475 2096 te
1511 2043 1704 2109 habui,
1753 2044 2056 2111 priusquam

501 2132 724 2187 mundus
749 2146 881 2187 esset
909 2133 976 2187 θ’.
1018 2131 1171 2198 Quod
1200 2133 1244 2188 si
1274 2149 1439 2198 nunc,
1475 2146 1533 2186 ut
1556 2141 1763 2203 putant,
1786 2133 2053 2187 exaltatus

501 2226 602 2283 est,
633 2219 904 2286 quomodo
940 2229 1096 2274 antea
1120 2220 1395 2273 inclinavit
1426 2221 1580 2275 calas
1607 2232 1651 2274 et
1677 2221 1978 2285 descendit;
2001 2231 2054 2274 et

500 2306 699 2364 iterum
736 2329 749 2363 :
785 2309 939 2364 Dedit
968 2311 1277 2366 Altissimus
1310 2327 1479 2364 vocem
1508 2329 1654 2365 suam
1677 2312 1760 2366 ’7?
1788 2311 2052 2378 Quocirca

502 2400 550 2455 si
575 2400 734 2454 etiam
757 2402 1070 2471 priusquam
1104 2402 1254 2456 lieret
1274 2402 1528 2468 mundus,
1546 2403 1712 2472 gloria
1746 2403 1948 2471 potitus
1971 2410 2052 2457 est

501 2489 692 2556 Filius,
731 2501 785 2546 et
810 2491 1071 2548 Dominus
1096 2495 1279 2564 gloriae
1302 2504 1354 2549 et
1379 2495 1674 2549 altissimus
1701 2495 1820 2558 fuit,
1846 2505 2005 2564 atque
2026 2510 2056 2548 e

502 2581 653 2636 caelis
704 2581 1018 2650 descendit,
1067 2600 1385 2654 semperque
1437 2586 1742 2640 adorandus
1790 2595 1911 2641 est:
1947 2601 2054 2639 non

501 2687 632 2743 ergo
657 2682 942 2745 postquam
967 2675 1248 2732 descendit
1268 2677 1457 2732 melior
1485 2687 1570 2732 est
1596 2678 1835 2744 eﬂ'ectus,
1857 2679 1946 2733 sed
1968 2694 2060 2746 po-

504 2764 611 2818 tius
645 2779 708 2819 ea
737 2781 859 2834 quae
884 2766 1202 2836 indigebant
1231 2776 1290 2822 ut
1329 2769 1555 2823 meliora
1590 2769 1798 2831 ﬁerent.
1823 2769 2056 2825 reddidit

503 2855 749 2909 meliora.
773 2856 928 2923 Quod
969 2858 1015 2912 si
1040 2866 1098 2911 ut
1125 2873 1223 2913 nos
1254 2859 1505 2914 meliores
1551 2860 1796 2913 redderet
1825 2859 2051 2914 descen-

503 2943 616 3008 dit;
650 2959 757 2998 non
796 2945 958 3014 igitur
995 2947 1200 3014 praemii
1244 2946 1414 3000 instar
1457 2947 1664 3015 accepit
1694 2961 1890 2999 nomen
1921 2945 2045 3001 Filii

2154 1861 2322 1934 εἶχον
2344 1864 2456 1933 πρὸ
2478 1864 2582 1919 τοῦ
2606 1865 2712 1918 τὸν
2756 1867 2986 1936 κόσμον
3044 1861 3195 1919 εἶναι
3223 1865 3381 1932 παρὰ
3403 1865 3520 1918 σοι.
3549 1866 3611 1917 Ei
3659 1865 3722 1918 δὲ

2155 1955 2249 2010 νῦν
2280 1956 2464 2027 ὑψώθη
2491 1958 2611 2010 κατ’
2647 1958 2840 2021 αὐτοὺς
2870 1957 3003 2029 (22),
3038 1957 3155 2021 πῶς
3219 1956 3323 2028 πρὸ
3343 1955 3531 2009 τούτου
3555 1956 3724 2011 ἐκλι-

2154 2066 2260 2103 νεν
2296 2049 2590 2117 οὐρανοὺς
2611 2049 2707 2103 καὶ
2740 2049 2974 2118 κατέϐηο
3016 2050 3107 2103 καὶ
3169 2049 3347 2102 πάλιν·
3388 2047 3650 2102 Ἔδωκεν
3686 2049 3727 2104 ὁ

2158 2140 2451 2211 "roma;
2482 2141 2689 2210 φωνὴν
2712 2141 2941 2205 αὐτοῦ;
2990 2141 3199 2195 Οὐκοῦν
3246 2143 3293 2193 εί
3346 2140 3439 2193 καὶ
3488 2139 3593 2211 πρὸ
3619 2139 3723 2194 τοῦ

2153 2231 2243 2285 τὸν
2273 2231 2474 2302 κόσμον
2505 2232 2754 2301 γενέσθαι
2780 2233 2878 2303 τὴν
2900 2232 3050 2297 δόξαν
3081 2229 3223 2302 εἶχεν
3253 2232 3361 2303 (25)
3386 2234 3415 2286 ό
3449 2232 3592 2296 Υἱὸς,
3621 2232 3725 2285 καὶ

2156 2322 2356 2395 Κύριος
2381 2323 2479 2393 τῆς
2514 2322 2670 2393 δόξης
2693 2322 2913 2393 ὖψιστός
2938 2341 2995 2376 τε
3014 2319 3100 2395 ἦν,
3130 2324 3223 2377 καὶ
3247 2323 3305 2388 ἐξ
3334 2322 3558 2394 οὐρανοῦ
3590 2340 3724 2377 κατ·

2161 2415 2284 2486 ἐϐη,
2340 2415 2433 2468 καὶ
2480 2415 2565 2468 ἀεὶ
2600 2414 2966 2486 προσκυνητός
2999 2417 3164 2477 ἐστιν,
3204 2415 3302 2467 οὐκ
3341 2414 3448 2485 ἄρα
3479 2412 3725 2476 καταϐάς

2159 2501 2469 2574 ὲϐελτιὼθη,
2520 2502 2656 2557 ἀλλὰ
2717 2503 2912 2573 μᾶλλον
2940 2501 3254 2555 ὲὸελτίωσεν
3295 2501 3455 2564 αὐτὸς
3505 2500 3576 2554 τὰ
3599 2501 3723 2554 δεό-
3813 2526 3829 2536 -

2164 2610 2298 2664 μενα
2331 2592 2676 2664 βελτιώσεως*
2719 2595 2813 2648 καὶ
2839 2596 2884 2646 εί
2905 2594 2999 2646 τοῦ
3040 2592 3321 2663 βελτιῶσαι
3363 2593 3517 2664 χάριν
3547 2609 3724 2645 κατα-

2160 2684 2408 2754 ϐέϐηκεν,
2431 2687 2530 2738 οὐκ
2554 2685 2660 2755 ἄρα
2712 2684 2900 2754 μισθὸν
2930 2684 3053 2754 ἔσχε
3079 2685 3140 2737 τὸ
3180 2684 3429 2752 λέγεσθαι
3454 2684 3581 2746 Υἱὸς
3626 2683 3725 2737 καὶ

2158 2774 2287 2840 Θεὸς
2315 2777 2447 2848 (24),
2496 2777 2629 2830 ἀλλὰ
2688 2776 2884 2847 μᾶλλον
2932 2777 3090 2840 αὐτὸς
3140 2777 3444 2848 υίοποίησεν
3474 2776 3619 2846 ἡμᾶς
3643 2775 3727 2846 τῷ

2157 2860 2350 2934 Πατρὶ,
2388 2865 2482 2917 καὶ
2526 2864 2837 2934 ὲθεοποίησε
2897 2865 3021 2928 τοὺς
3064 2865 3376 2937 ἀνθρώπους
3431 2864 3727 2936 γενόμενος

2157 2951 2318 3016 αὐτὸς
2340 2953 2643 3026 ἄνθρωπος.

506 3046 561 3091 et
587 3036 676 3091 Dei
711 3036 847 3091 :sed
883 3036 998 3106 ipse
1034 3038 1216 3106 potius
1256 3036 1433 3094 eﬂecit
1462 3049 1519 3093 ut
1575 3054 1676 3095 nos
1705 3038 1791 3094 sui
1823 3037 2000 3093 Patris
2063 3040 2160 3095 filii
2225 3060 2492 3111 essemus,
2544 3057 2598 3102 et
2645 3047 2893 3103 homines
2957 3048 3087 3103 deos
3122 3047 3354 3103 reddidit
3378 3048 3570 3109 .factus
3604 3049 3727 3120 ipse

506 3131 692 3186 homo.

575 3226 662 3282 39.
691 3226 809 3282 Non
845 3228 1006 3298 igitur
1028 3243 1149 3283 cum
1181 3227 1346 3282 homo
1376 3237 1540 3294 esset,
1568 3226 1743 3283 factus
1769 3238 1850 3285 est
1872 3238 2056 3299 postea

2229 3232 2316 3286 '59.
2333 3232 2445 3285 Οὐκ
2463 3231 2569 3302 ἄρα
2592 3231 2872 3306 ἄνθρωπος
2884 3232 2992 3303 (25)
3006 3230 3100 3294 ὣν,
3114 3229 3238 3282 ὕστε
3247 3247 3338 3299 ρον
3359 3229 3547 3298 γέγονε
3564 3227 3720 3292 Θεός·

507 3318 686 3386 Deus;
713 3320 805 3374 sed
844 3329 1053 3385 contra,
1104 3334 1228 3373 cum
1256 3318 1397 3375 Deus
1438 3328 1619 3385 esset,
1669 3331 1855 3389 postea
1897 3322 2058 3378 homo

507 3409 683 3466 factus
715 3420 816 3475 est,
853 3428 961 3480 quo
987 3426 1088 3467 nos
1118 3412 1232 3482 ipse
1253 3413 1442 3482 potius
1482 3412 1614 3467 deos
1633 3411 1881 3466 elliceret.
1913 3413 2060 3468 Alio-

507 3502 636 3571 quin
681 3502 725 3557 si
760 3512 887 3557 tunc
920 3511 1147 3568 tantum,
1187 3520 1309 3559 cum
1360 3502 1536 3558 factus
1570 3512 1654 3558 est
1683 3503 1862 3569 homo,
1889 3502 2058 3558 Filius

505 3601 560 3648 et
593 3592 735 3648 Deus
762 3603 846 3649 est
886 3596 1185 3664 appellatus
1218 3614 1231 3650 :
1273 3596 1318 3650 si
1367 3596 1525 3658 item,
1573 3602 1860 3664 antequam
1910 3594 2061 3649 ﬁeret

506 3684 691 3748 homo,
718 3685 928 3753 priscos
962 3688 1191 3755 populos
1231 3686 1373 3750 Deus
1403 3685 1540 3738 tilios
1572 3685 1807 3749 vocavit,
1833 3694 1885 3739 et
1914 3684 2061 3757 Moy—

507 3789 619 3829 sem
665 3775 823 3829 deum
882 3778 1164 3831 constituit
1218 3776 1560 3839 Pharaonis,‘
1608 3777 1771 3846 idque
1828 3778 2063 3832 nominis

509 3867 691 3921 multis
723 3866 1003 3936 Scriptura
1031 3868 1311 3933 attribuit,
1344 3884 1468 3923 cum
1494 3869 1569 3921 ait
1601 3886 1614 3920 :
1666 3867 1807 3920 Deus
1839 3870 1982 3923 stetit
2010 3868 2065 3921 in

505 3974 771 4028 synagoya
799 3959 1016 4012 deorum
1046 3960 1090 3991 ⁸⁸
1119 3976 1134 4025 ;
1176 3969 1323 4029 patet
1361 3975 1485 4014 eum
1523 3968 1647 4029 post
1669 3959 1831 4029 350
1860 3960 1981 4014 illos
2012 3968 2066 4013 et

507 4045 703 4101 Filium
730 4057 783 4101 et
818 4048 987 4102 Deum
1026 4064 1149 4103 esse
1168 4050 1392 4104 dictum.
1421 4050 1703 4114 Quomodo
1730 4064 1859 4119 ergo
1885 4050 2065 4104 omnia

508 4151 604 4208 per
641 4139 817 4208 ipsum
855 4147 1035 4193 creata
1081 4149 1229 4203 sunt,
1255 4140 1477 4208 ipseque
1508 4149 1595 4194 est
1619 4149 1743 4193 ante
1774 4141 1958 4195 omnia
1984 4140 2066 4193 9"1

507 4228 615 4282 Aut
646 4230 916 4298 quomodo
950 4230 1192 4283 omnium
1239 4245 1420 4284 rerum
1454 4238 1760 4283 creatarum
1789 4230 2061 4298 primoge-

508 4318 655 4373 nitus
685 4326 769 4372 est
798 4319 836 4385 ί,
865 4318 956 4388 qui
980 4329 1103 4371 ante
1125 4335 1184 4374 se
1206 4320 1342 4374 alios
1372 4320 1551 4385 habet,
1582 4319 1747 4389 quiet
1779 4319 1873 4373 ﬁlii
1908 4332 1961 4374 et
1984 4322 2057 4375 dii

506 4409 635 4465 dicti
669 4410 807 4463 sint?
846 4409 1128 4475 Quomodo
1178 4424 1307 4464 vero
1351 4410 1508 4479 primi
1552 4410 1837 4480 participes
1898 4409 2055 4467 Verbi

2163 3322 2297 3376 άλλά
2321 3322 2451 3386 Θεὸς
2478 3322 2572 3386 ὢν,
2588 3322 2810 3392 ὕστερον
2832 3323 3053 3390 γέγονεν
3084 3320 3179 3375 ἄνθ
3188 3338 3384 3389 ρωπος,
3404 3321 3489 3373 ἵνα
3522 3319 3725 3389 μᾶλλον

2164 3415 2309 3484 ἡμᾶς
2358 3413 2665 3486 θεοποιήσῃ.
2710 3415 2859 3469 Ἐπεὶ
2907 3416 2989 3477 εί,
3036 3414 3124 3466 ὅτε
3152 3412 3371 3480 γέγονεν
3403 3411 3722 3482 ἄνθρωπος,

2163 3508 2284 3561 τότε
2313 3507 2440 3570 Υἱὸς
2475 3508 2569 3560 καὶ
2599 3506 2733 3570 Θεὸς
2760 3506 2975 3578 ἐλέχθη,
3019 3506 3126 3577 πρὸ
3160 3506 3216 3558 δὲ
3246 3504 3338 3558 τοῦ
3368 3505 3589 3574 γένηται
3625 3503 3725 3558 ἄν·

2165 3598 2396 3669 θρωπος,
2424 3598 2571 3660 υἱοὺς
2614 3597 2766 3665 ἔλεγε
2812 3598 2938 3660 τοὺς
2966 3598 3132 3651 πάλαι
3161 3597 3326 3660 λαοὺς
3351 3595 3461 3668 (26)
3494 3597 3524 3647 ὁ
3551 3595 3722 3659 Θεὸς,

2165 3687 2258 3740 καὶ
2288 3686 2494 3756 Maio-71v
2519 3686 2683 3742 ὲτίθει
2726 3686 2844 3740 θεὸν
2874 3686 2968 3739 τοῦ
2999 3685 3214 3759 Φαραὼ,
3243 3686 3337 3739 καὶ
3391 3685 3482 3738 ἐπὶ
3513 3683 3724 3738 πολλῶν

2166 3780 2200 3849 ἡ
2250 3779 2437 3850 Γραφή
2481 3796 2681 3849 φησιν,
2722 3779 2783 3832 '0
2817 3780 2957 3845 Θεὸς
2978 3779 3089 3850 (27)
3131 3777 3279 3845 ἔστη
3303 3777 3371 3830 ἐν
3400 3774 3726 3846 συναγωγῇ

2168 3868 2319 3925 θεῶν
2343 3887 2356 3899 ·
2393 3869 2546 3940 δῆλόν
2572 3871 2718 3924 ἐστιν
2748 3911 2765 3936 ,
2807 3870 2882 3932 ὡς
2919 3870 3033 3939 μετ’
3078 3868 3273 3931 αὐτοὺς
3315 3868 3408 3921 καὶ
3453 3866 3579 3929 Υίὸς
3628 3866 3726 3919 καὶ

2164 3960 2295 4024 Θεὸς
2324 3953 2479 4025 οὗτος
2518 3960 2733 4031 ἐλέχθη.
2775 3959 2897 4024 Πῶς
2933 3956 3025 4013 οὖν
3070 3959 3243 4013 πάντα
3280 3957 3345 4009 δι’
3381 3954 3577 4020 αὐτοῦ,
3626 3955 3725 4009 καὶ

2163 4051 2324 4114 αὐτός
2367 4052 2482 4105 ἐστι
2516 4050 2621 4122 πρὸ
2646 4051 2900 4115 πάντων;
2934 4050 3004 4103 Ἦ
3029 4049 3144 4113 πῶς
3170 4048 3504 4120 πρωτότοκος
3539 4046 3726 4115 πάσης

2162 4142 2259 4212 τῆς
2287 4142 2536 4207 κτίσεως,
2569 4142 2706 4211 ἔχων
2747 4142 2872 4204 τοὺς
2902 4140 3007 4212 πρὸ
3032 4138 3222 4193 ἑαυτοῦ
3274 4137 3384 4208 (28)
3426 4136 3725 4208 κληθέντας

2166 4234 2315 4297 υἱοὺς
2353 4235 2447 4287 καὶ
2487 4234 2674 4300 θεούς;
2701 4236 2826 4298 Πῶς
2848 4235 2906 4288 δὲ
2927 4237 2975 4287 oi
3005 4234 3216 4304 μέτοχοι
3247 4231 3445 4303 πρῶτοι
3484 4230 3545 4282 οὐ
3593 4245 3725 4300 μετ-

2165 4325 2344 4396 έχουσι
2385 4325 2581 4394 Λόγου;
2613 4327 2713 4381 οὐκ
2734 4325 2879 4379 ἔστιν
2912 4323 3114 4395 ἀληθὴς
3150 4322 3285 4395 αὕτη
3324 4320 3448 4386 δόξα
3476 4339 3491 4354 ·
3526 4321 3728 4392 παρεῦ-

2166 4417 2309 4486 ρεσίς
2355 4417 2466 4489 (29)
2516 4421 2631 4473 ἐστι
2680 4418 2789 4472 τῶν
2860 4416 2954 4472 νῦν
3001 4414 3385 4480 ίουδαῖζόντων.
3452 4406 3572 4477 Πῶς
3613 4414 3727 4488 γὰρ

570 4569 616 4601 ⁸³
638 4568 829 4624 Genes.
861 4586 1012 4623 xvm.
1076 4570 1121 4602 ⁸⁵
1150 4568 1317 4625 Exod.
1354 4584 1435 4622 ιιι.
1510 4569 1553 4601 ⁸⁵
1570 4569 1703 4626 Dan.
1730 4587 1827 4633 vn,
1856 4571 1936 4624 l0.
2014 4574 2056 4604 ἐ

2164 4590 2240 4628 m.
2272 4588 2403 4637 xvu,
2430 4570 2481 4627 5.
2557 4572 2600 4604 ⁹⁷
2628 4571 2769 4626 Psal.
2797 4569 3032 4635 “11,10,
3065 4569 3151 4621 14.
3221 4566 3421 4622 "Psal.
3450 4580 3637 4630 Lxxxl,
3667 4565 3720 4620 1.

504 4638 553 4673 ¹⁹
582 4637 737 4692 Joan.
773 4654 811 4705 ι,
858 4640 927 4707 5;
958 4639 1169 4696 Coloss.
1195 4657 1230 4704 ι,
1288 4641 1371 4705 16,
1434 4638 1518 4693 l7.

1593 4641 1608 4669 ¹
1643 4640 1852 4695 Coloss.
1905 4656 1943 4706 ι,
2000 4643 2085 4697 15.

549 4795 553 4799 ν
581 4728 690 4801 (19)
710 4720 821 4801 _Sic
848 4726 1229 4801 Seguerianus,
1258 4728 1589 4801 Basiliensis,
1621 4729 2058 4801 Anglicanﬂeg.
2095 4734 2137 4788 D
2164 4731 2303 4787 Editi
2332 4730 2526 4801 etgalii,
2560 4728 2781 4799 ὕψιστος
2810 4723 2897 4801 ἦνζ

510 4797 816 4855 Goblerian.
850 4809 904 4853 et
932 4797 1074 4853 Felc.
1106 4800 1129 4852 l
1168 4809 1219 4853 et
1254 4800 1308 4853 5.
1332 4798 1435 4851 Alii
1464 4815 1589 4852 vero
1623 4809 1675 4853 et
1701 4797 1864 4854 éditio
1893 4797 2058 4854 Coni-

505 4870 739 4938 ωσι,νεί
764 4867 857 4921 νῦν
883 4869 1106 4934 τέλειος.
1130 4867 1251 4922 Mox
1299 4869 1634 4938 Seguerian.,
1670 4871 1761 4922 καὶ
1785 4870 1942 4932 αὐτός
1975 4886 2055 4937 γε.

578 4937 689 5009 (20)
725 4938 1064 5009 Seguerian.,
1109 4937 1389 5007 προσώπῳ
1427 4938 1663 5009 Πατρός.
1712 4939 1871 5009 Idem,
1900 4940 2059 5008 paulo

506 5006 629 5078 poSt
657 5006 821 5062 αὐτὸν
841 5010 897 5062 ὲν
934 5013 999 5079 τῇ
1029 5006 1218 5079 σκηνῇ,
1254 5020 1313 5061 ut
1335 5006 1388 5062 et
1425 5006 1835 5078 legit'Nannius.
1859 5006 1915 5062 hi
1938 5010 2059 5065 aliis

507 5086 561 5132 et
584 5078 921 5148 editismdeest
951 5081 1007 5131 ὲν
1038 5080 1103 5148 τῇ
1129 5078 1322 5148 σκηνῇ.

579 5147 689 5218 (21)
742 5146 1229 5220 Segueria_n.,"_:tal
1262 5146 1625 5220 ὗπερκοσμίου
1666 5148 1823 5220 δόξης
1869 5150 2052 5204 αὑτοῦ.

509 5217 828 5288 ξιιεῳςιῐιοι,
864 5235 930 5288 με
960 5217 1047 5288 σὺ,
1064 5218 1281 5288 Πάτερ,
1312 5227 1370 5270 ut
1392 5227 1447 5270 et
1484 5217 1709 5274 habetur
1734 5217 1888 5274 λόει).
1920 5236 2052 5286 ινιι,

509 5285 563 5340 5.
587 5285 895 5358 _l_t‘.d_iti__vero
925 5296 979 5341 et
1005 5287 1118 5350 alii,
1166 5285 1239 5358 με
1262 5289 1458 5358 ΠάτερΣ

539 5353 701 5475 ὑθὲἒ
728 5355 1064 5423 Seguerian.,
1101 5353 1242 5411 εἰδὲ
1280 5356 1373 5410 καὶ
1405 5353 1519 5421 νῦν,
1553 5365 1607 5411 et
1654 5374 1801 5424 mox,
1851 5357 2056 5413 ἔκλινεν

575 5440 670 5475 οαν
701 5440 748 5475 ν.

508 5439 568 5476 ου
575 5439 748 5476 οανον.

575 5440 1117 5564 ἵὲἕῗὲθειιετίιιηυε,
1140 5497 1448 5553 Goblerian.
1477 5504 1532 5549 et
1563 5494 1869 5550 Felckman.
1905 5498 1957 5563 Ι,
1986 5494 2059 5550 εἷ-

659 5560 1022 5638 Ed_iti'et_alii,
1064 5565 1238 5638 ξσχεν.
1268 5566 1405 5638 ibid.
1435 5568 1685 5638 Δδεξειιειξη
1718 5566 1919 5638 Κύριος
1945 5560 2056 5638 ’τῆς

569 5633 683 5701 ξης.
711 5631 899 5705 Ceteri
930 5640 983 5705 et
1018 5631 1165 5705 editi,
1200 5636 1399 5705 Κύριος
1426 5631 1601 5705 δόξης.
1634 5634 1760 5689 Item
1793 5631 1922 5690 ibid.
1957 5631 2079 5705 ξεῖ-η

507 5706 820 5775 guerianus,
850 5700 1154 5759 Goblerian.
1208 5716 1262 5760 et
1290 5700 1452 5762 'Fclr.
1513 5700 1559 5772 l',
1611 5704 1826 5775 ὕψιστος
1862 5723 1917 5757 τε
1970 5702 2054 5773 ἦν.

2235 4802 2344 4872 (24)
2386 4793 2628 4872 εἰοιιιεέ.
2662 4793 2852 4872 praeter
2874 4795 3187 4872 Felckm:_?_,
3218 4794 3457 4872 quicum
3486 4793 3725 4848 editione

2164 4863 2429 4926 Geminei.
2466 4870 2646 4929 habet.
2664 4863 2875 4939 ’μισθὸν
2898 4866 3071 4939 ᾉέσχ-εν
3086 4866 3213 4927 Υἱὸς
3239 4863 3337 4918 καὶ
3359 4863 3510 4939 Θεός.

2234 4942 2344 5008 (25)
2383 4933 2718 5008 ὃθειιετίοηξ,
2748 4938 2821 4992 Οὐ
2851 4933 3283 5009 γὰρ’ἆνθρωπος,
3313 4943 3367 4987 et
3390 4933 3548 5002 paulo
3577 4939 3724 5001 post,

2164 5012 2285 5065 ἐπεὶ
2308 5013 2396 5064 ὅτε
2423 5010 2663 5078 γέγονεν.

2254 5061 2359 5150 an
2378 5061 2718 5150 Dasi'liensis,
2750 5075 3062 5150 ᾼηέξιῑςεειῃι.ζ
3099 5073 3377 5150 παλαιοὺς.
3394 5061 3577 5150 λαορς.

2254 5082 2344 5150 26)
2387 5082 2718 5141 Basiliensis,
2750 5082 3057 5141 Anglican..
3099 5082 3359 5134 παλαιοὺς
3398 5082 3577 5133 λαους.

2234 5082 2345 5222 (27)
2389 5147 2727 5222 §egueri_a_n._,
2754 5149 2787 5216 ὴ
2820 5146 3008 5222 Γραφῇ
3029 5144 3104 5222 ἐκ
3141 5159 3301 5222 φησιν
3320 5157 3334 5171 ’
3355 5143 3383 5194 ό
3405 5141 3555 5222 Θεός.
3586 5137 3720 5209 Reg.

2161 5210 2287 5275 iiein
2318 5210 2346 5272 ὁ
2386 5210 2537 5281 Θεός.
2574 5210 2721 5271 Ειιίιίί
2742 5210 2796 5285 ei
2823 5210 3007 5283 animi
3029 5210 3215 5285 Γρᾳφή
3247 5227 3397 5285 φησι,
3431 5210 3580 5285 Θεὸς.

2233 5290 2344 5361 (28)
2386 5279 2735 5361 δὶοεεευετ.
2761 5284 2960 5361 _At_al_ii_
2984 5279 3038 5339 et
3068 5279 3219 5345 editi,
3248 5279 3426 5353 πάσης
3470 5279 3723 5361 κτίσεως,

2161 5348 2297 5429 ἔχων
2325 5348 2455 5429 τορς
2482 5348 2614 5429 πρὸ’
2628 5353 2810 5429 αὑτοῦ.
2838 5354 3001 5429 _lbitl._
3026 5367 3213 5429 omnes
3246 5348 3405 5429 m_s_s_
3449 5349 3598 5429 υίοὺς
3628 5348 3726 5429 καὶἷ

2162 5418 2334 5493 θέούς.
2384 5418 2546 5491 Εᾶἰιί,
2584 5427 2731 5491 υἱοὺς
2769 5427 2862 5480 καὶ
2905 5423 3056 5479 Θεόν.
3104 5421 3236 5477 Item
3295 5420 3423 5475 ibid.
3473 5418 3723 5489 Seguer.,°

2160 5499 2436 5573 οεεέετολιῇ
2464 5496 2749 5573 πρέῖηοιο.
2900 5563 2948 5573 .-
3534 5556 3558 5573 ~

2242 5516 2436 5622 μετοέῑέ
2464 5516 2688 5568 πρωτοι.
2738 5566 2749 5577 .
3053 5563 3085 5575 η
3351 5559 3363 5571 ,
3394 5558 3435 5586 ’Ὦ
3534 5556 3596 5586 .-

2232 5569 2343 5640 (29)
2427 5566 2845 5640 ιομὸεευειυιαη.
2886 5563 2955 5618 At
2997 5562 3087 5618 alii
3121 5576 3243 5617 cum
3279 5559 3458 5624 editis,
3498 5574 3633 5626 αυυη
3689 5558 3723 5627 ἡ

2163 5636 2308 5705 δόξα,
2325 5636 2742 5712 παρεξεύρεσις.
