3972 6224
271 354 334 410 ss
932 338 935 341 “
1391 361 1659 421 ORATIO.
1686 367 1704 422 ι
1739 366 1833 424 co;

1939 369 2018 425 ΒΑ
2058 365 2377 432 ΔΒΙΑΝΟΞᾹ
3436 373 3506 438 οι

266 467 399 564 ὅλως
448 468 698 524 δύνανται
740 487 887 537 τινες
936 474 1230 544 ἐπιγνῶναι
1279 476 1499 550 Πατέρα
1526 480 1616 535 τδν
1657 484 1789 536 Θεόν
1820 501 1833 551 ;

1945 504 2052 543 non
2081 501 2209 546 sunt
2235 491 2564 562 participes?
2585 490 2723 548 Vera
2748 491 2991 563 proiecto
3014 507 3118 548 non
3151 501 3235 549 est
3256 501 3364 549 tam
3390 509 3507 564 per»

265 559 383 614 οὔτε
426 561 540 633 γὰρ
585 563 826 621 υἱοθεσία
868 566 981 637 (50)
1032 567 1225 636 γένοιτ’
1252 568 1320 625 ἂν
1360 574 1527 641 χωρὶς
1568 576 1663 629 τοῦ
1708 578 1839 647 ἁλη-

266 648 408 703 θινοῦ
431 650 589 718 Υίοῦ,
611 652 867 722 λέγοντος
887 657 1072 711 αὐτοῦ’
1100 659 1310 727 Οὐδεὶς
1336 662 1714 733 ἐπιγινώσκει
1738 669 1840 723 τόν

264 743 516 812 Πατέρα,
536 745 685 815 είμὴ
702 751 736 801 d
759 747 911 814 Υἱὸς,
939 751 1037 804 καί
1064 743 1113 817 ᾧ
1139 751 1215 805 ἂν
1234 755 1266 806 d
1296 753 1427 819 Υἱὸς
1445 755 1835 828 ἀποκαλύψῃ.

264 834 383 899 Πῶς
446 836 508 890 δὲ
542 838 653 910 (51)
707 842 803 895 καὶ
852 841 1162 912 θεοποίησις
1204 845 1398 913 γένοιτ’
1430 845 1496 901 ἂν
1537 851 1704 922 χωρὶς
1742 853 1836 908 τοῦ

261 926 457 996 Λόγου,
485 929 581 983 καὶ
611 930 719 1002 πρὸ
747 932 936 997 αὑτοῦ,
985 935 1162 987 καίτοι
1210 935 1459 1004 λέγοντος
1496 939 1661 993 αὐτοῦ
1702 942 1838 1011 πρὸς

258 1020 379 1083 τοὺς
400 1020 682 1090 ἀδελφοὺς
707 1021 912 1078 τούτων
943 1025 1248 1091 Ἰουδαίους,
1272 1029 1341 1081 El
1362 1029 1637 1098 ἐκείνους
1662 1034 1837 1101 θεοὺς

258 1109 383 1166 εἶπε
415 1152 432 1176 ,
489 1113 642 1182 πρὸς
675 1114 785 1182 οὓς
814 1118 847 1170 ό
879 1117 1070 1186 Λόγος
1134 1118 1242 1172 τοῦ
1276 1120 1424 1174 Θεοῦ
1465 1122 1735 1194 ἐτένετο;
1772 1128 1836 1180 Εί

256 1202 309 1255 δὲ
352 1203 566 1267 πάντες
596 1206 711 1259 ὅσοι
732 1207 839 1260 υίοί
882 1224 941 1260 τε
974 1208 1067 1262 καὶ
1107 1208 1219 1262 θεοὶ
1249 1211 1580 1283 ἐκλήθησαν,
1613 1217 1722 1271 εἴτε
1743 1219 1837 1273 ἐπὶ

260 1295 383 1366 γῆς,
426 1296 543 1350 εἴτε
585 1297 645 1351 ὲν
690 1300 941 1371 οὐρανοῖς
969 1340 984 1365 ,
1013 1300 1102 1354 διὰ
1154 1300 1247 1355 τοῦ
1302 1303 1475 1372 Λόγου
1526 1309 1838 1381 υίοποιήθη-

260 1404 355 1440 σαν
420 1389 523 1441 καὶ
576 1388 1002 1463 ὲθεοποιήθησαν
1035 1433 1051 1459 ,
1105 1394 1266 1457 αὐτὸς
1315 1395 1373 1449 δὲ
1436 1397 1572 1469 (52)
1629 1402 1657 1453 6
1710 1402 1834 1465 Υἱός

255 1480 403 1533 ἐστιν
472 1482 502 1534 6
539 1482 745 1549 Λόγοςο
796 1483 952 1554 δῆλον
998 1486 1079 1539 ὅτι
1125 1484 1190 1538 δι’
1239 1487 1402 1541 αὐτοῦ
1459 1491 1557 1560 μὲν
1605 1492 1654 1544 οί
1697 1494 1835 1547 πάν-

252 1588 359 1636 τες,
396 1573 566 1637 αὐτὸς
597 1574 654 1627 δὲ
689 1574 796 1647 πρὸ
841 1577 1056 1631 πάντων
1079 1617 1094 1643 ,
1133 1578 1331 1649 μᾶλλον
1376 1581 1434 1634 δὲ
1482 1581 1641 1652 μόνον
1674 1586 1835 1649 αὐτὸς

256 1662 511 1734 ἀληθινὸς
541 1664 689 1731 Υἱὸς,
714 1667 807 1720 καὶ
836 1668 993 1739 μόνος
1022 1670 1086 1722 ὲκ
1117 1670 1210 1723 τοῦ
1235 1671 1487 1742 ἀληθινοῦ
1534 1674 1669 1728 Θεοῦ
1702 1676 1836 1742 Θεὸς

252 1753 510 1824 ἀληθινός
556 1756 705 1811 ἐστιν
734 1798 749 1824 ,
805 1759 868 1812 οὐ
913 1760 1101 1831 μισθὸν
1147 1763 1346 1835 ἀρετῆς
1391 1762 1564 1817 ταῦτα
1611 1765 1788 1819 λαϐὼν
1815 1806 1829 1829 ,

1942 595 2096 637 versa
2125 582 2329 653 Opinio,
2358 583 2451 638 sed
2501 593 2871 641 commentum
2904 600 3093 639 eorum
3122 593 3204 640 est
3231 585 3322 654 qui
3357 599 3503 641 nunc

1933 672 2233 742 judalzant.
2269 674 2401 730 Nam
2439 678 2483 731 si
2514 678 2589 732 ita
2612 689 2718 742 est,
2749 678 2843 749 qui
2872 678 2987 733 tleri
3026 685 3202 747 potest
3244 686 3303 731 ut
3338 676 3502 732 Deum

1940 764 2153 820 Patrem
2186 768 2351 839 aliqui
2386 771 2735 841 agnoscant?
2777 769 2885 825 Nec
2935 770 3078 825 enim
3124 770 3345 838 ad0ptio
3385 769 3504 824 sine

1934 871 2066 912 vero
2094 858 2229 915 Filio
2254 861 2370 916 ﬂeri
2418 870 2629 932 potest,
2663 877 2787 917 cum
2828 863 2943 933 ipse
2981 863 3159 927 dicat,
3205 859 3372 915 Nemo
3415 876 3506 915 co-

1936 953 2139 1021 gnoscit
2172 951 2390 1006 Patrem
2419 953 2521 1005 nisi
2573 951 2751 1006 Filius
2774 994 2789 1019 ,
2842 963 2889 1006 et
2924 955 3009 1007 cui
3040 952 3086 1006 F
3090 952 3214 1007 ilius
3249 950 3504 1006 revelave-

1937 1045 2006 1097 rit
2041 1045 2083 1099 ³.
2116 1043 2402 1110 Quomodo
2453 1044 2579 1098 item
2621 1043 2738 1099 sine
2785 1042 2960 1099 Verbo
3003 1053 3057 1098 et
3101 1053 3225 1098 ante
3271 1041 3500 1096 Verbum

1936 1133 2079 1190 Deus
2106 1135 2198 1204 qui
2222 1134 2358 1189 ellici
2391 1145 2572 1204 queat,
2612 1148 2735 1187 cum
2774 1135 2889 1204 ipse
2919 1134 2985 1189 ad
3021 1133 3238 1189 Judaaos
3273 1134 3502 1188 istorum

1936 1225 2130 1281 fratres
2159 1226 2240 1281 sic
2273 1226 2545 1296 loquatur,
2573 1224 2632 1280 Si
2652 1226 2773 1280 illos
2803 1226 2927 1280 deos
2964 1226 3101 1281 dixit
3125 1226 3194 1280 ad
3225 1243 3352 1298 quos
3380 1224 3506 1278 Ver-

1936 1321 2057 1374 bum
2092 1320 2186 1373 Dei
2222 1319 2420 1387 factum
2476 1327 2553 1371 est
2585 1318 2643 1370 ’?
2672 1317 2843 1372 Porro
2897 1319 2941 1373 si
2982 1333 3194 1385 omnes,
3237 1326 3504 1389 quotquot

1935 1427 2059 1466 cuni
2096 1410 2192 1464 ﬁlii
2243 1419 2352 1463 tum
2380 1410 2452 1462 dii
2488 1410 2741 1479 appellati
2784 1417 2914 1463 sunt
2959 1409 3071 1464 sive
3117 1411 3171 1464 iu
3201 1411 3360 1464 terris
3390 1410 3504 1464 sive

1936 1504 1990 1557 in
2020 1503 2212 1569 stetis,
2252 1517 2348 1570 per
2390 1499 2629 1557 Verbum
2678 1512 2732 1557 et
2784 1502 2880 1555 lilii
2926 1512 2981 1557 et
3021 1501 3095 1556 dii
3144 1511 3274 1556 sunt
3304 1500 3500 1569 eﬂ‘ecti,

1934 1594 2161 1664 ipseque
2198 1591 2373 1647 Filius
2409 1589 2649 1647 Verbum
2678 1603 2760 1647 est
2789 1611 2803 1647 :
2834 1594 3180 1663 perspicuum
3216 1608 3348 1649 sane
3392 1592 3505 1650 fue-

1932 1686 2006 1739 rit
2034 1701 2227 1741 omnes
2268 1701 2363 1756 per
2406 1687 2587 1756 ipsum
2633 1685 2783 1741 ﬁlios
2811 1685 2969 1751 etIici,
3017 1685 3195 1754 ipsum
3216 1700 3346 1739 vero
3375 1692 3505 1741 ante

1933 1793 2145 1845 omnes,
2176 1779 2287 1833 imo
2308 1794 2441 1835 vero
2480 1779 2657 1834 solum
2693 1793 2818 1833 eum
2850 1794 3035 1833 verum
3069 1777 3298 1844 Filium,
3322 1787 3376 1833 et
3415 1793 3505 1834 so-

255 1846 376 1901 οὐδὲ
414 1849 581 1914 ἄλλος
608 1849 684 1903 ὢν
727 1852 878 1923 παρὰ
919 1853 1119 1920 ταῦτα,
1143 1854 1280 1908 ἀλλὰ
1311 1855 1469 1924 φύσει
1501 1860 1619 1910 κατ’
1649 1859 1833 1913 οὐσίαν

1939 1870 2047 1924 lum
2077 1885 2144 1925 ex
2174 1870 2285 1927 Deo
2310 1887 2438 1927 vero
2469 1887 2660 1927 verum
2689 1871 2859 1927 Deum
2886 1887 3030 1937 esse,
3067 1887 3168 1926 nec
3197 1870 3499 1926 mercedem

255 1939 328 1994 ὢν
352 1942 551 1998 ταῦτα.
580 1946 831 2018 Γέννημα
863 1948 969 2021 γὰρ
995 1950 1092 2019 τῆς
1133 1950 1225 2003 τοῦ
1257 1950 1365 2021 (55)
1403 1951 1617 2025 Πατρὸς
1648 1952 1833 2018 οὐσίας

253 2031 512 2105 ὑπάρχει,
548 2035 690 2089 ὥστε
732 2036 936 2108 μηδένα
969 2040 1347 2109 ἁμφιϐἀλλειν,
1381 2042 1463 2095 ὅτι
1503 2043 1623 2096 καθ’
1647 2043 1831 2114 ὁμοιό-

252 2140 389 2194 τητα
436 2125 535 2179 τοῦ
587 2129 860 2200 ἀτρέπτου
911 2130 1124 2199 Πατρὸς
1170 2130 1439 2203 ἄτρεπτος
1490 2135 1607 2188 ἐστι
1662 2134 1758 2187 καὶ
1786 2135 1834 2188 '6

256 2217 448 2287 Λόγος.

266 2412 275 2419 ’
320 2422 581 2488 Μιτέως
609 2424 707 2494 μὲν
734 2417 851 2486 οὖν,
868 2428 986 2489 ταῖς
1012 2427 1140 2499 περ).
1162 2426 1258 2480 τοῦ
1286 2428 1420 2483 Υίοῦ
1444 2431 1676 2495 ἐννοίαις
1691 2432 1835 2504 χρώ-

257 2513 612 2585 μενοι,οὖτως
638 2512 776 2584 πρὸς
805 2513 902 2578 τὰς
933 2514 1159 2584 ἀλόγους
1174 2516 1351 2570 αὐτῶν
1370 2519 1630 2583 ἐπινοίας,
1653 2520 1728 2583 ὡς
1749 2520 1834 2573 δέ-

251 2604 419 2657 δωκεν
462 2604 628 2668 αὐτὸς
660 2604 771 2676 (54)
806 2607 834 2658 6
858 2605 1079 2678 Κύριος,
1118 2609 1512 2681 ἀπηντήσαμεν
1536 2629 1549 2643 ·
1582 2611 1744 2665 καλὸν
1773 2612 1831 2666 δὲ

252 2697 343 2750 καὶ
386 2695 456 2749 τὰ
490 2696 614 2748 θεῖα
659 2695 815 2765 λόγια
866 2697 1203 2767 παραθέσθαι
1258 2700 1473 2765 λοιπὸν,
1513 2701 1577 2754 ἵν’
1612 2702 1690 2756 ἔτι
1738 2704 1832 2757 καὶ

254 2789 430 2843 πλεῖον
468 2789 584 2859 (55)
613 2788 707 2842 τοῦ
741 2790 838 2859 μὲν
870 2789 999 2843 Υἱοῦ
1027 2792 1087 2843 τὸ
1111 2793 1380 2865 ἄτρεπτον
1396 2796 1709 2868 ἀποδειχθῇ,
1738 2797 1832 2850 καὶ

254 2882 286 2951 ἡ
314 2880 676 2962 ἀναλλοίωτος
706 2881 868 2934 αὑτοῦ
897 2882 1137 2955 πατρικὴ
1165 2885 1354 2953 φύσις,
1383 2888 1585 2941 τούτων
1601 2889 1707 2960 δὲὴ
1731 2906 1833 2942 κα-

250 2970 582 3042 κοφροσύνη.
621 2972 850 3043 Γράφων
880 2971 1056 3024 τοίνυν
1095 2971 1477 3045 Φιλιππησίοὲς
1510 2978 1538 3029 ό
1576 2976 1831 3029 Ἀπόστο-

252 3055 339 3119 λός
392 3073 563 3126 φησι*
632 3059 812 3112 Τοῦτο
863 3059 1196 3126 φρονείσθω
1227 3062 1296 3114 ἐν
1334 3062 1497 3131 ὑμῖν,
1539 3062 1569 3116 ὃ
1614 3064 1715 3117 καὶ
1761 3065 1830 3119 ἐν

252 3149 481 3262 {Ignoti};
504 3149 715 3262 :hwoﬁ'
738 3190 752 3212 ,
784 3150 852 3218 ὃς
883 3152 953 3205 ἐν
972 3152 1176 3262 μορφῇ
1205 3153 1354 3207 Θεοῦ
1376 3154 1684 3225 ὑπάρχων,
1714 3159 1826 3226 οὐχ
1855 3205 1896 3262 c

251 3240 566 3310 ἁρπαγμὸν
597 3240 872 3311 ἡγήσατο
903 3243 969 3296 τὸ
1004 3240 1157 3299 εἶναι
1199 3246 1303 3299 ἴσα
1338 3246 1478 3311 Θεῷ,
1509 3248 1646 3302 ἀλλ’
1693 3248 1827 3304 ἐαυ-

253 3332 355 3386 τὸν
402 3332 671 3387 ἐκένωσε
708 3333 952 3404 μορφὴν
985 3335 1209 3390 δούλου
1253 3337 1472 3403 λαϐὼν,
1514 3339 1584 3392 ἐν
1625 3338 1830 3408 ὁμοιώ-

254 3443 384 3495 ματι
429 3425 762 3494 ἀνθρώπων
817 3431 1169 3498 γενόμενος,
1234 3431 1331 3484 καί
1379 3431 1641 3501 σχήματι
1668 3437 1828 3502 supe-

255 3517 371 3584 θεὶς
380 3518 463 3585 ὠς
475 3517 807 3587 ἄνθρωπος.
827 3522 1250 3577 Ἐταπείνωσεν
1260 3525 1366 3578 ἐαυ
1372 3525 1495 3591 τὸν,
1511 3528 1829 3597 γενόμενος

255 3609 519 3676 ὑπήκοος
550 3610 729 3679 μέχρι
758 3612 1016 3667 θανάτου
1050 3653 1065 3678 ,
1104 3614 1363 3669 θανάτου
1419 3614 1489 3669 δὲ
1536 3617 1824 3685 σταυροῦ.

254 3700 344 3752 Διὸ
404 3700 505 3753 καὶ
568 3703 601 3753 ό
645 3701 790 3767 Θεὸς
822 3703 1008 3757 αὐτὸν
1050 3706 1444 3773 ὐετερύψωσε,
1501 3708 1597 3760 καὶ
1627 3709 1827 3777 ἐχαρί-

254 3805 402 3843 σατο
463 3790 628 3856 αὑτῷ
683 3792 868 3862 ὄνομα
918 3795 985 3848 τὸ
1036 3796 1188 3865 ὑπὲρ
1248 3796 1368 3852 πᾶν
1444 3798 1631 3869 ὄνομα
1665 3839 1679 3865 ,
1728 3803 1829 3855 ἵνα

255 3881 319 3935 ὲν
352 3881 431 3947 τῷ
459 3884 705 3952 ὀνόματι
738 3885 932 3953 Ἰησοῦ
976 3886 1098 3941 πᾶν
1141 3889 1287 3958 γόνυ
1339 3888 1548 3959 κάμψῃ
1578 3891 1830 3959 ἐπουρα-

254 3975 414 4039 νίων,
458 3978 559 4031 καὶ
582 3978 877 4049 ἐπιγείων,
911 3980 1007 4033 καὶ
1044 3983 1484 4051 καταχθονίων,
1520 3984 1619 4037 καὶ
1663 3984 1830 4039 πᾶσα

259 4066 507 4135 γλῶσσα
528 4069 1049 4140 ἐξομολογήσηται
1069 4072 1200 4144 (56),
1237 4072 1325 4127 ὅτι
1350 4075 1564 4143 Κύριος
1602 4075 1831 4144 Ἰησοῦς

255 4159 503 4225 Χριστὸς
542 4162 631 4225 είς
675 4160 865 4226 δόξαν
900 4161 1047 4215 Θεοῦ
1088 4164 1338 4231 Πατρός.
1378 4166 1442 4218 Τί
1486 4166 1675 4219 τούτου
1710 4165 1831 4220 λευ-

258 4252 476 4324 κότερον
515 4253 611 4305 καὶ
646 4253 1165 4322 ἀποδεικτικώτερον
1218 4256 1427 4324 γένοιτο
1464 4258 1575 4330 (57)
1624 4259 1721 4326 du;
1753 4260 1826 4313 Οὐ

255 4342 357 4415 γὰρ
381 4343 441 4408 ἐξ
472 4342 772 4397 ἐλαττόνων
802 4343 1022 4413 βελτίων
1049 4347 1291 4415 γέγονεν’
1321 4347 1456 4401 ἀλλὰ
1476 4348 1675 4419 μᾶλλον
1699 4350 1829 4413 Θεὸς

257 4434 511 4505 ὑπάρχων
546 4434 643 4507 τὴν
690 4435 878 4490 δούλου
907 4436 1017 4507 (58)
1052 4437 1265 4508 μορφὴν
1295 4438 1476 4503 ἔλαϐε,
1527 4440 1620 4493 καὶ
1664 4420 1721 4493 ἐν
1753 4441 1829 4512 τῷ

1934 1961 2152 2016 virtutis
2177 1961 2293 2017 haec
2323 1963 2634 2032 accepisse,
2682 1976 2858 2029 neque
2893 1961 3057 2015 alium
3102 1962 3170 2016 ab
3207 1961 3314 2016 illis
3358 1975 3501 2028 esse,

1934 2052 2025 2108 sed
2072 2061 2267 2108 natura
2316 2062 2371 2108 et
2416 2053 2718 2109 substantia
2772 2053 2862 2107 illa
2907 2052 3021 2120 ipsa
3081 2067 3223 2107 esse.
3259 2049 3505 2121 Namque

1933 2144 2253 2199 substantiae
2281 2144 2458 2201 Patris
2508 2144 2650 2201 fetus
2694 2144 2809 2214 ipse
2857 2153 2961 2207 est,
2992 2144 3067 2197 ita
3117 2151 3178 2197 ut
3227 2143 3406 2197 nullus
3432 2141 3509 2199 sit

1932 2236 2215 2292 dubitandi
2242 2237 2415 2298 locus,
2443 2238 2573 2307 quin
2597 2237 2661 2291 ad
2688 2236 2866 2291 Patris
2919 2234 3275 2290 immutabilis
3301 2234 3502 2290 simili-

1932 2330 2173 2385 tudinem
2212 2330 2282 2384 sit
2311 2345 2528 2399 quoque
2566 2327 2800 2383 Verbum
2836 2326 3192 2382 immutabile.

2002 2422 2091 2476 40.
2125 2419 2401 2477 Hactenus
2435 2422 2653 2492 quidem
2710 2419 2832 2474 Filii
2884 2419 3195 2474 notionibus
3237 2417 3507 2473 inhaeren—

1934 2520 2034 2579 tes,
2061 2510 2141 2566 sic
2171 2512 2427 2568 absurdis
2455 2513 2671 2567 illorum
2703 2510 3050 2575 commentis,
3074 2519 3235 2579 prout
3261 2508 3378 2578 ipse
3409 2508 3505 2561 de-

1931 2604 2010 2659 dit
2030 2604 2319 2669 Dominus,
2358 2604 2723 2658 occurrimus.
2751 2600 2871 2656 Jam
2904 2616 3034 2656 vero
3076 2599 3391 2671 praestiterit
3421 2598 3505 2653 di-

1932 2695 2054 2749 vina
2080 2711 2354 2765 exponere
2384 2695 2625 2760 oracula,
2659 2703 2719 2749 ut
2742 2692 2931 2749 etFilii
2951 2692 3364 2747 immutabilitas
3381 2705 3501 2745 ma-

1932 2789 2014 2858 gis
2044 2788 2396 2842 conﬁrmetur
2419 2829 2433 2853 ,
2489 2788 2669 2857 sitque
2705 2787 3041 2857 exploratius
3069 2794 3352 2856 paternam
3383 2783 3503 2851 ejus

1931 2886 2184 2933 naturam
2215 2878 2536 2933 mutationis
2568 2893 2689 2933 esse
2713 2888 2990 2947 expertem
3012 2919 3028 2943 ,
3058 2886 3112 2932 et
3145 2876 3350 2931 clarius
3382 2875 3505 2929 illo-

1930 2986 2052 3024 rum
2085 2978 2341 3040 appareat
2376 2970 2718 3040 improbitas.
2754 2968 2941 3039 Itaque
2970 2969 3054 3025 his
3079 2967 3261 3023 verbis
3285 2966 3352 3021 ad
3375 2965 3506 3020 Phi-

1931 3063 2207 3133 lippenses
2235 3063 2426 3117 scribit
2451 3061 2749 3131 Apostolus
2782 3079 2794 3114 :
2837 3059 2951 3114 Hoc
2977 3076 3063 3113 vos
3099 3059 3315 3125 sentite,
3365 3058 3504 3128 quod

1931 3164 1980 3208 et
2020 3154 2261 3209 Christus
2293 3152 2471 3216 Jesus,
2499 3154 2588 3222 qui
2626 3168 2740 3205 cum
2778 3152 3027 3218 informa
3071 3150 3166 3203 Dei
3207 3160 3341 3205 esset
3354 3191 3375 3217 ,
3401 3165 3505 3203 non

1930 3248 2174 3316 rapinam
2222 3244 2513 3299 arbitratus
2550 3253 2627 3298 est
2672 3259 2783 3297 esse
2836 3259 2890 3296 se
2940 3242 3195 3312 wqualem
3240 3242 3384 3305 Deo,
3412 3243 3503 3296 sed

1928 3340 2259 3408 semetipsum
2276 3336 2587 3400 exinanivit,
2603 3335 2778 3404 forma
2806 3334 2938 3386 serui
2957 3342 3191 3403 accepta,
3208 3332 3398 3386 similis
3415 3332 3504 3385 h0—

1928 3432 2128 3485 minum
2160 3430 2354 3498 factus,
2396 3439 2445 3482 et
2468 3428 2643 3498 ﬁgura
2679 3428 2916 3480 inventus
2945 3437 3001 3478 ut
3033 3425 3206 3479 homo.
3238 3423 3506 3478 Humilia~

1928 3523 2000 3576 vit
2028 3523 2384 3590 semetipsum,
2426 3519 2603 3589 [actus
2646 3517 2890 3575 obediens
2930 3531 3091 3586 usque
3130 3516 3200 3568 ad
3239 3524 3502 3584 mortem,

1928 3627 2146 3671 mortem
2180 3625 2358 3670 autem
2392 3616 2586 3669 crucis.
2630 3612 2839 3667 Idcirco
2878 3620 2930 3665 et
2971 3610 3112 3663 Deus
3145 3609 3401 3663 exultavit
3432 3608 3504 3664 il-

1928 3710 2059 3776 lum,
2093 3719 2142 3764 et
2168 3710 2379 3764 donavit
2413 3707 2494 3761 illi
2535 3723 2722 3760 nomen
2755 3705 2892 3776 quod
2919 3714 2998 3758 est
3035 3717 3191 3770 super
3232 3717 3384 3755 omne
3407 3716 3504 3755 no-

1930 3820 2062 3867 men,
2080 3811 2138 3855 ut
2161 3803 2214 3854 in
2239 3801 2445 3854 nomine
2466 3799 2498 3852 J
2504 3816 2591 3852 esu
2608 3814 2758 3851 omne
2774 3813 2907 3866 genu
2926 3796 3175 3865 ﬂectatur
3192 3794 3500 3859 calestium,

1932 3894 2256 3948 terrestrium
2290 3901 2339 3944 et
2366 3892 2717 3959 infernarum,
2740 3895 2790 3940 et
2830 3887 2998 3940 omnis
3033 3885 3219 3954 lingua
3246 3883 3502 3953 conﬁtea-

1931 3993 2017 4038 tur
2037 3984 2174 4054 quod
2204 3982 2458 4035 Dominus
2491 3979 2647 4032 Jesus
2694 3977 2937 4033 Christus
2967 3977 3021 4029 in
3063 3975 3236 4045 gloria
3284 3984 3361 4027 est
3403 3972 3501 4026 Dei

1932 4075 2113 4130 Patris
2142 4075 2183 4126 δ.
2218 4073 2358 4139 Quid
2389 4073 2472 4126 bis
2506 4069 2836 4126 luculentius
2860 4075 2915 4122 et
2940 4066 3240 4122 evidentius
3268 4063 3500 4135 proferri

1931 4165 2144 4238 potest?
2176 4164 2285 4221 Nec
2321 4164 2464 4219 enim
2498 4179 2563 4218 ex
2614 4163 2886 4218 deteriore
2936 4159 3127 4217 melior
3156 4159 3331 4215 factus
3364 4168 3450 4213 est
3480 4175 3495 4213 :

1931 4258 2023 4311 sed
2054 4257 2234 4327 potius
2267 4271 2390 4311 cum
2422 4254 2566 4309 Deus
2612 4264 2779 4317 esset,
2819 4250 3050 4306 formam
3085 4250 3228 4305 servi
3260 4246 3491 4317 accepit,

1932 4351 1984 4403 iu
2010 4365 2116 4419 qua
2148 4348 2460 4417 accipienda
2497 4362 2603 4401 non
2658 4344 2850 4398 melior
2895 4351 2980 4398 est
3007 4342 3251 4407 etI‘ectus,
3286 4341 3380 4396 sed
3413 4354 3500 4395 se-

1930 4439 2219 4508 metipsum
2255 4436 2581 4491 humiliavit.
2620 4432 2721 4487 Ubi
2752 4433 2916 4499 igitur
2942 4430 3031 4485 hic
3054 4444 3263 4483 merces
3283 4425 3500 4480 virtutis

256 4525 471 4589 λαϐεῖν,
520 4528 622 4580 οὐκ
671 4527 983 4600 ἐσελτιὼθη,
1039 4529 1153 4582 ἀλλ’
1200 4531 1562 4585 ἐταπείνωσεν
1615 4533 1822 4585 ἑαυτόν.

1939 4541 2030 4596 est,
2056 4531 2138 4585 vel
2176 4530 2354 4600 qualis
2387 4543 2707 4598 progressus
2746 4525 2972 4595 quateve
3010 4523 3065 4577 in
3106 4522 3300 4576 melius
3320 4521 3499 4574 inore-

259 4615 362 4669 Ποῦ
406 4617 589 4670 τοίνυν
635 4619 693 4670 ὲν
741 4618 950 4680 τούτοις
1003 4618 1189 4689 μισθὸς
1239 4619 1336 4689 τῆς
1380 4619 1598 4691 ἀρετῆς,
1698 4622 1825 4674 ποία

260 4706 502 4778 προκοπὴ
528 4708 624 4760 καὶ
658 4706 936 4777 βελτίωσις
962 4709 1020 4760 ὲν
1047 4706 1372 4762 ταπεινώσει
1398 4725 1413 4773 ;
1444 4710 1506 4762 Ei
1539 4709 1648 4781 γὰρ
1698 4711 1829 4774 Θεὸς

1934 4628 2173 4674 mentum
2212 4620 2266 4673 in
2304 4618 2624 4689 hujusmodi
2675 4614 3087 4670 ltumiliatione?
3118 4610 3255 4665 Nam
3284 4611 3332 4666 si
3363 4623 3499 4680 qua-

1936 4722 2095 4766 tenus
2124 4727 2250 4765 cum
2285 4712 2426 4766 Deus
2447 4718 2616 4776 esset,
2651 4709 2814 4763 homo
2850 4706 3026 4760 factus
3060 4714 3162 4771 est,
3190 4712 3243 4758 et
3277 4717 3345 4756 ex
3374 4699 3499 4755 alti-

333 4797 352 4827 ²
385 4796 553 4852 Math.
603 4815 681 4863 xl,
730 4799 821 4852 27.
901 4800 922 4832 ³
953 4798 1112 4855 Joan.
1141 4817 1196 4861 ι,
1227 4800 1318 4854 55.
1396 4799 1638 4870 ‘Philip.
1683 4818 1743 4869 II,
1784 4803 1930 4858 5-H.

327 4886 828 4961 (30)_Seguerian.,
879 4890 1128 4961 οὓῃοςῄ
1176 4889 1436 4944 υἱοθεσία.
1487 4889 1656 4946 Paulo
1708 4904 1831 4961 post

265 4956 425 5033 idem,
447 4956 916 5033 RegT_GobIei-ian.
950 4956 1187 5033 Felcltjn.
1216 4962 1242 5014 1
1273 4961 1413 5033 _ct5,
1441 4964 1496 5033 εἰ
1527 4962 1601 5033 μὴ
1623 4966 1651 5015 6
1681 4956 1823 5027 Υἱός.

263 5028 357 5098 ᾼΙίἰ
384 5038 438 5083 et
469 5030 638 5083 editio
654 5030 939 5093 Comtnel.,
967 5033 1016 5083 εἰ
1043 5031 1071 5081 ὁ
1094 5031 1240 5096 Υἱός.
1273 5031 1415 5086 Ibid.
1438 5028 1621 5087 Fel'ck'.
1649 5033 1702 5098 5,
1734 5036 1827 5089 καὶ

261 5090 301 5163 ᾧ
324 5098 402 5176 ᾇ).
418 5100 589 5176 ἀιὶτὸς
605 5090 967 5176 ’ἀποκαλύψῃ

326 5168 434 5252 (⁸31)
478 5168 573 5226 Sic
602 5169 827 5242 Seguer.
877 5168 949 5226 εἴ
969 5170 1102 5243 Reg.
1130 5172 1237 5226 Alii
1275 5181 1331 5229 et
1367 5173 1521 5241 editi,
1553 5174 1669 5239 πῶς
1691 5175 1735 5227 δ’
1761 5174 1826 5229 ἂν

262 5253 367 5290 και

327 5309 435 5376 (52)
476 5309 570 5366 Sic
595 5309 821 5382 Seguer.
848 5313 919 5366 At
945 5313 1034 5368 alii
1061 5325 1113 5369 et
1136 5313 1264 5368 editi
1289 5313 1346 5367 δέ
1375 5314 1655 5369 omittunt.
1690 5313 1821 5369 Ibid.

266 5376 479 5454 ἔκευθε-τ
514 5376 768 5454 θι-Βὲᾳη
801 5385 832 5437 6
861 5384 1060 5454 Λόγος’
1094 5383 1251 5453 δῆλον
1287 5385 1390 5439 ὅτι.
1446 5383 1661 5438 Habent
1699 5387 1824 5439 item

265 5446 405 5523 ζῆλον
463 5452 549 5505 ὅτι
581 5446 748 5507 Basil.
781 5446 992 5523 Anglic.
1013 5446 1081 5508 iet
1108 5446 1282 5509 Felck.
1314 5455 1366 5509 5.
1397 5454 1466 5509 At
1487 5456 1579 5509 alii
1611 5464 1665 5510 et
1696 5457 1824 5510 cdst.

268 5516 544 5606 flumine“.
573 5524 603 5575 6
631 5516 928 5606 Λόγοςριαὶ
939 5524 1391 5606 “summum”
1418 5525 1674 5606 Seguern
1701 5527 1830 5606 μᾶλ-

264 5586 423 5723 ἐέἔδὲ
473 5586 643 5665 μόνον
699 5586 882 5658 αὐτός.
939 5586 1079 5650 Editi
1116 5604 1169 5650 et
1204 5596 1319 5657 alii,
1370 5586 1567 5666 μᾶλλον
1624 5586 1829 5650 δὲάὺ-

321 5734 426 5804 (35)
468 5734 825 5816 Seguer-ian.,
856 5734 931 5816 63v
955 5735 1149 5816 ταῦτα,
1181 5736 1426 5816 γέννημα
1447 5738 1544 5808 τῆς
1572 5736 1689 5816 τος),
1719 5746 1823 5816 etc.

258 5801 385 5878 Idem
406 5801 639 5878 lniox'gt
672 5804 809 5878 Reg.
846 5807 1126 5876 Anglii-an.
1153 5801 1215 5878 et
1246 5801 1522 5872 Basilieuf,
1559 5801 1823 5878 3.27353631-

254 5872 542 5936 φιιίάὶλειν.
581 5872 911 5940 Paulopost
936 5872 1097 5932 éditio
1129 5876 1394 5933 Comntel.
1432 5872 1687 5934 mendose
1726 5872 1821 5933 lia-

1936 4895 2045 4957 bet,
2081 4893 2515 4966 ἄτρεπτόςῌὲστι
2566 4892 2694 4964 περὶ
2747 4891 2841 4945 καὶ
2881 4891 2911 4942 6
2969 4889 3157 4956 Λόγος.
3221 4884 3326 4939 Sed
3377 4898 3479 4952 περ

1935 4968 2088 5020 abest
2115 4964 2183 5019 ab
2219 4964 2473 5017 omnibus
2500 4979 2631 5017 mss.

2006 5036 2119 5105 (54)
2163 5036 2254 5089 Sic
2284 5032 2513 5105 Seguer.
2546 5033 2761 5105 (iobler.
2794 5038 2851 5105 et
2878 5029 3028 5105 Eelc.
3146 5025 3251 5105 alii
3295 5038 3421 5103 vero
3449 5027 3497 5077 et

1934 5094 2083 5171 editi,
2101 5094 2442 5170 ’ὡςἬέδωδῖεν
2466 5105 2494 5156 6
2518 5102 2741 5173 Κύριος,
2764 5102 2964 5163 αὐτοῖς.
2992 5098 3126 5155 Ibid.
3161 5094 3497 5155 Seauerianu

1934 5179 2353 5249 ἀπενεήσωμεν-
2762 5239 2904 5249 _..
3048 5237 3063 5249 .
3185 5233 3239 5249 η

2004 5247 2115 5330 (3.53)
2137 5230 2382 5330 'Seaer-
2424 5242 2646 5330 ίὲηοωρν·
2680 5239 3003 5330 satietate.-
3043 5233 3324 5330 ίνλῑὶέοὲς
3361 5230 3499 5330 '35“?

1932 5328 1985 5371 et
2010 5305 2134 5383 ‘alii,
2185 5305 2385 5370 πλεῖον.
2440 5314 2608 5367 Paulo
2644 5321 2763 5383 post
2795 5309 3049 5383 segnem,
3108 5305 3311 5358 τούτων
3364 5320 3425 5357 τε
3469 5305 3502 5374 ὴ

1934 5377 2334 5462 κακοφροσύνη.
2366 5385 2596 5462 Γρᾲιρῳν
2621 5377 3152 5462 τοίνυνῇΦ-ιλιππίοες.

2006 5443 2130 5530 (56)·
2156 5443 2376 5529 Seguer.
2413 5443 2638 5509 ‘udbter.
2686 5460 2743 5506 et
2788 5448 3026 5504 Felckm.
3087 5446 3139 5512 ι,
3175 5443 3503 5517 saepeiam.

1938 5547 2112 5583 σεται.

2008 5602 2117 5671 (57)
2161 5599 2253 5655 Sic
2281 5597 2506 5668 Seguer.
2537 5592 2644 5647 Alii
2676 5597 2856 5645 autem
2894 5597 2951 5644 et
3009 5588 3174 5653 editi,
3219 5585 3283 5641 ἂν
3321 5584 3500 5654 γέιοι-

1934 5688 2014 5725 το.

2009 5720 2118 5811 (58)
2159 5738 2500 5811 chueriau.,
2529 5733 2624 5804 τὴν
2660 5730 2864 5784 δεύ).ου.
2907 5729 3071 5794 Editi,
3106 5727 3205 5801 τὴν
3238 5726 3332 5780 τοῦ
3380 5720 3471 5776 δού

1935 5813 2025 5867 λου
2036 5852 2048 5866 .
