3972 6224
461 293 528 349 99
1055 290 1111 346 S.
1155 286 1518 345 ATHANASII
1557 281 1711 343 OPP.
1753 282 1931 341 PARS
1969 285 2009 340 l.
2045 315 2113 327 -—
2146 276 2512 342 HISTORICA
2551 283 2639 339 ET
2681 286 3065 342 DOGMATlCi‘
3098 330 3106 338 .

3576 285 3687 342 100

458 417 709 465 mortuus
738 415 824 461 est
852 414 907 461 et
933 405 1205 460 exaltatus
1238 423 1250 457 :
1285 405 1364 459 sic
1387 412 1655 473 quatenus
1684 404 1847 457 homo
1879 402 2017 457 θοοῖς

2121 401 2250 474 γὰρ,
2281 402 2356 466 ὡς
2385 402 2684 474 ἄνθρωπος,
2720 402 2749 457 6
2791 402 3023 475 Χριστὸς
3048 401 3279 456 ἀπέθανε
3317 405 3409 457 καὶ
3449 399 3636 476 ὑψώθη
3663 423 3680 437 ο

457 516 583 572 pere
614 500 813 555 dicitur
838 498 985 568 quod
1027 512 1262 567 semper,
1289 507 1347 551 ut
1373 496 1533 563 Deus,
1579 495 1791 560 habuit,
1823 502 1882 547 ut
1915 493 2019 547 sci-

456 589 582 644 licet
621 588 928 658 hujusmodi
977 587 1140 641 etiam
1184 586 1310 640 data
1361 586 1532 656 gratia
1580 584 1645 639 ad
1694 599 1795 638 nos
1845 597 2022 651 usque

455 682 802 751 pertingeret.
837 677 945 734 Nec
970 679 1117 733 enim
1161 675 1398 733 Verbum
1436 691 1600 733 carne
1632 686 1913 745 assumpta
1939 676 2022 729 di-

455 772 725 831 minutum
766 778 869 833 est,
916 779 972 824 ut
1008 778 1276 840 quaereret
1326 767 1692 838 accipiendam
1736 768 1966 837 gratiam
2003 784 2017 819 :

458 863 551 917 sed
604 863 785 931 potius
842 863 1085 917 divinum
1134 860 1370 915 reddidit
1411 860 1558 930 quod
1609 858 1805 922 induit,
1849 872 2023 927 eoque

457 956 756 1009 humanum
817 968 986 1023 genus
1043 953 1296 1007 muniﬁce
1353 951 1717 1019 locupletavit.
1759 948 1830 1003 Ut
1877 950 2020 1004 enim

457 1057 724 1116 quatenus
755 1044 850 1099 Dei
872 1044 1130 1112 Verbum,
1160 1053 1213 1098 et
1247 1042 1299 1097 in
1324 1041 1498 1097 forma
1519 1042 1612 1097 Dei
1643 1050 1780 1107 erat,
1810 1057 2023 1111 semper

458 1135 562 1191 fuit
587 1138 871 1192 adoratum
903 1154 917 1192 :
950 1137 1023 1191 ita
1056 1137 1195 1190 idem
1227 1136 1391 1191 etiam
1429 1144 1699 1205 quatenus
1737 1137 1902 1191 homo
1938 1135 2023 1189 fa-

465 1236 587 1282 ctus
617 1235 671 1282 et
721 1239 946 1282 vocatus
986 1224 1172 1290 Jesus,
1217 1226 1499 1281 universas
1531 1241 1619 1280 res
1669 1235 1879 1280 creatas
1920 1226 2021 1280 sub

464 1318 693 1388 pedibus
725 1319 998 1388 subjectus
1028 1317 1188 1371 habet
1207 1358 1220 1383 ,
1266 1332 1562 1387 omnesque
1593 1318 1647 1371 in
1672 1317 1774 1372 hoc
1802 1318 2021 1372 nomine

460 1410 561 1480 ipsi
581 1410 1003 1478 ﬂectuntgenua,
1021 1409 1446 1479 confitenturque
1464 1426 1570 1464 non
1597 1410 2016 1481 ignominiosum

458 1502 579 1572 ejus
604 1502 907 1567 divinitati,
940 1502 1031 1556 sed
1063 1501 1361 1572 gloriosum
1394 1501 1504 1556 Deo
1529 1500 1677 1556 Patri
1703 1516 1844 1565 esse,
1875 1502 2019 1571 quod

458 1589 695 1645 Verbum
720 1604 846 1644 caro
875 1589 1078 1644 factum
1108 1591 1199 1656 sit,
1226 1599 1279 1645 et
1313 1601 1538 1645 mortem
1573 1607 1738 1646 carne
1770 1591 2017 1647 subierit.

457 1681 635 1737 Patris
662 1681 867 1736 scilicet
898 1683 1069 1752 gloria
1099 1691 1202 1747 est,
1226 1680 1429 1736 factum
1459 1691 1513 1736 et
1541 1692 1722 1750 postea
1751 1683 2017 1752 perditum

2123 492 2313 561 οὕτως,
2348 494 2423 557 ὡς
2454 494 2754 567 ἄνθρωπος,
2795 494 3007 563 λέγεται
3046 493 3339 565 λαμϐάνειν
3372 496 3506 566 ὅπερ
3537 493 3684 569 εἶχεν

2123 586 2210 638 ἀεὶ
2249 587 2325 649 ὡς
2354 586 2503 651 Θεὸς,
2539 588 2626 640 ἵνα
2656 590 2735 651 εἰς
2769 589 2917 659 ἡμᾶς
2948 586 3128 660 φθάσῃ
3162 586 3255 641 καὶ
3285 584 3317 658 ή
3348 587 3568 659 τοιαύτη
3595 588 3685 641 δο-

2124 677 2275 730 θεῖσα
2300 679 2476 751 χάρις.
2509 679 2583 732 Οὐ
2612 678 2719 751 γὰρ
2747 677 3029 749 ἠλαττώθη
3057 680 3084 731 6
3108 677 3277 747 Λόγος
3302 677 3460 749 σῶμα
3479 674 3684 746 λαϐὼν,

2124 767 2208 819 ἵνα
2236 768 2331 821 καὶ
2355 768 2512 838 χάριν
2554 767 2761 839 ζητήσῃ
2795 767 2998 831 λαϐεῖν,
3031 767 3165 820 ἀλλὰ
3196 767 3390 838 μᾶλλον
3420 769 3512 822 κα)⁵
3535 768 3686 822 ὲθεο-

2121 857 2344 927 ποίησεν
2394 858 2529 929 ὅπερ
2579 856 2877 921 ἐνεδύσατο,
2922 857 3015 910 καὶ
3058 857 3218 911 πλέον
3267 858 3555 932 ἐχαρίσατο
3602 857 3683 928 τῷ

2121 947 2263 1015 γένει
2289 946 2396 1000 τῶν
2433 946 2728 1019 ἀνθρώπων
2746 947 2923 1004 τοῦτο.
2950 948 3156 1021 Ὥσπερ
3172 948 3402 1021 (57)·γάρ
3418 951 3503 1003 ἀεὶ⁵
3525 964 3687 1023 προσ.

2121 1041 2359 1091 εκυνείτο
2414 1040 2584 1108 Λόγος
2619 1039 2692 1094 ὣν
2743 1041 2837 1092 καὶ
2864 1041 2921 1092 ὲν
2967 1043 3144 1112 μορφῇ
3190 1040 3324 1094 Θεοῦ
3371 1042 3630 1113 ὑπάρχων
3664 1058 3684 1076 σ

2121 1130 2293 1195 οὕτως
2320 1132 2348 1183 6
2379 1132 2541 1195 αὐτὸς
2569 1131 2644 1185 ὢν
2674 1133 2768 1186 καὶ
2800 1133 3081 1205 ἄνθρωπος
3113 1135 3429 1205 γενόμενος,
3466 1135 3686 1207 κληθείς

2120 1239 2180 1274 τε
2222 1223 2447 1295 Ἰησοῦς,
2490 1225 2642 1279 οὐδὲν
2689 1222 2850 1299 ἦττον
2894 1226 3006 1298 ἔχει
3049 1230 3227 1281 πᾶσαν
3262 1227 3366 1282 ὑπὸ
3397 1230 3534 1282 πόδα
3569 1230 3684 1301 (58)

2121 1313 2216 1384 τὴν
2246 1314 2441 1381 κτίσιν,
2475 1316 2569 1369 καὶ
2596 1317 2654 1369 ὲν
2676 1316 2753 1388 τῷ
2778 1317 2998 1388 ὀνόματι
3027 1317 3199 1390 τούτῳ
3215 1319 3284 1373 τὰ
3313 1314 3510 1388 γόνατα
3539 1323 3680 1392 κάμ-

2121 1417 2358 1457 πτουσαν
2389 1405 2557 1475 αὐτῷ,
2591 1406 2683 1459 καὶ
2717 1405 3205 1480 ὲξομολογουμένην
3236 1409 3317 1462 ὅτι
3378 1410 3468 1463 καὶ
3501 1411 3562 1464 τὸ
3593 1429 3685 1479 γε-

2121 1493 2302 1547 νέσθαι
2325 1497 2501 1565 σάρκα
2523 1497 2612 1550 τὸν
2631 1498 2821 1565 Λόγον,
2838 1500 2931 1551 καὶ
2949 1498 3175 1553 θάνατον
3193 1497 3476 1570 ὑπομεῖναι
3494 1500 3681 1572 σαρκὶ,

2120 1585 2217 1638 οὐκ
2233 1586 2317 1638 ἐπ’
2333 1586 2516 1658 ἀδοξίᾳ
2529 1588 2627 1659 τῆς
2642 1587 2890 1659 θεότητος
2909 1589 3068 1643 αὐτοῦ
3090 1592 3309 1658 γέγονεν
3323 1591 3453 1662 (59),
3465 1592 3583 1645 ἀλλ’
3603 1595 3685 1657 εἰς

2120 1675 2270 1740 δόξαν
2311 1677 2444 1731 Θεοῦ
2477 1679 2708 1749 Πατρός.
2757 1680 2892 1747 Δόξα
2930 1681 2987 1734 δὲ
3019 1682 3230 1753 Πατρός
3261 1683 3376 1735 ἐστι
3406 1679 3496 1737 τὸν
3526 1684 3682 1752 γενό-

458 1774 683 1844 reperiri
722 1774 997 1829 hominem
1024 1785 1409 1846 mortuumque
1444 1776 1686 1830 revocari
1712 1776 1780 1831 ad
1814 1777 1979 1830 vitam
2001 1818 2016 1843 ,

2123 1784 2280 1839 μενον
2323 1767 2602 1839 ἄνθρωπον
2645 1770 2735 1824 καὶ
2773 1771 3100 1841 ἀπολόμενον
3141 1750 3444 1842 εὑρεθῆναι,
3472 1750 3568 1826 κα),
3596 1791 3685 1826 νε-

458 1880 525 1920 ac
565 1866 823 1935 templum
869 1864 963 1919 Dei
1002 1866 1137 1920 ﬁeri.
1171 1866 1306 1920 Cum
1352 1865 1493 1920 enim
1527 1867 1649 1922 caeli
1686 1874 2019 1936 potestates,

459 1960 635 2028 angeli
683 1971 732 2014 et
767 1959 1077 2029 archangeli
1123 1960 1217 2029 qui
1250 1959 1537 2014 Dominum
1569 1976 1782 2030 semper
1829 1960 2023 2015 adora-

432 2061 606 2127 'vere,
667 2064 812 2102 nunc
857 2063 980 2102 eum
1030 2048 1083 2101 in
1116 2050 1335 2105 nomine
1380 2048 1506 2105 Jesu
1540 2050 1787 2115 adorent,
1834 2060 2019 2105 nostra

457 2134 703 2204 profecto
733 2136 904 2204 gratia
932 2146 985 2190 et
1031 2137 1198 2205 gloria
1238 2148 1340 2202 est,
1364 2141 1509 2209 quod
1541 2141 1703 2194 etiam
1746 2141 1912 2194 homo
1943 2140 2022 2195 fa-

458 2227 580 2272 ctus
608 2217 699 2272 Dei
730 2219 901 2274 Filius
936 2222 1193 2278 adoretur
1223 2243 1236 2279 :
1271 2240 1371 2282 nec
1396 2227 1686 2283 virtutibus
1708 2228 2019 2285 ctelestibus

458 2309 659 2362 mirum
699 2311 987 2378 videbitur,
1019 2329 1143 2368 cum
1178 2332 1277 2371 nos
1310 2333 1499 2374 omnes
1521 2360 1536 2384 ,
1567 2320 1659 2389 qui
1687 2320 1929 2389 ejusdem
1958 2336 2020 2376 ac

458 2398 548 2452 ille
574 2409 781 2456 naturae
826 2418 1054 2471 corpora
1107 2405 1393 2471 habemus,
1429 2408 1484 2462 in
1541 2425 1696 2464 suam
1744 2411 2017 2481 regionem

458 2487 695 2544 viderint
720 2492 1012 2547 introduci.
1041 2493 1196 2560 Quod
1227 2499 1413 2567 utique
1437 2499 1594 2554 aliter
1620 2516 1730 2555 non
1760 2502 2020 2573 contigis-

458 2587 560 2643 set,
594 2581 699 2635 nisi
729 2582 817 2636 ille
847 2583 940 2652 qui
972 2585 1029 2638 in
1080 2584 1255 2641 forma‘
1303 2587 1398 2642 Dei
1440 2597 1576 2653 erat,
1608 2588 1842 2646 formam
1875 2594 2017 2647 servi

456 2673 863 2742 assumpsisset,
913 2691 1081 2744 seque
1123 2678 1259 2732 adeo
1307 2679 1668 2751 humiliasset,
1716 2692 1779 2737 ut
1820 2699 2018 2755 corpus

459 2774 619 2815 suum
656 2772 886 2818 mortem
916 2765 1029 2834 pati
1061 2768 1393 2836 permiserit.

529 3017 619 3074 45.
657 3017 736 3073 En
756 3035 885 3092 ergo
918 3024 1063 3092 quod
1108 3041 1206 3095 per
1251 3042 1467 3084 crucem
1497 3028 1723 3087 stultitia
1776 3030 1871 3088 Dei
1898 3046 2018 3091 esse

458 3109 773 3167 hominibus
805 3115 1109 3184 videbatur,
1138 3121 1398 3177 omnibus
1427 3122 1628 3178 factum
1661 3134 1745 3181 est
1779 3126 2019 3183 honora.

462 3201 591 3257 tius.
617 3202 677 3256 In
705 3204 820 3273 ipsa
845 3206 1111 3275 siquidem
1135 3211 1309 3278 posita
1331 3223 1414 3267 est
1435 3224 1628 3270 nostra
1652 3219 2013 3273 resurrectio:

461 3309 562 3349 nec
594 3293 761 3350 lsrael
792 3298 967 3352 solum
995 3301 1089 3353 sed
1122 3302 1288 3357 etiam
1318 3318 1507 3361 omnes
1536 3314 1723 3376 gentes
1749 3308 1861 3377 jam
1884 3348 1899 3374 ,
1939 3310 2017 3363 uti

459 3388 720 3457 propheta
765 3391 1088 3448 vaticinatus
1125 3404 1226 3458 est,
1282 3412 1378 3451 sua
1424 3397 1685 3454 deserunt
1729 3401 1893 3465 idola,
1926 3416 2019 3455 ve-

458 3496 689 3553 rumque
726 3482 895 3538 Deum
938 3483 1142 3541 Christi
1172 3486 1388 3542 Patrem
1437 3502 1756 3559 agnoscunt.
1807 3490 2019 3547 Daemo-

458 3588 589 3629 num
639 3591 856 3658 quoque
903 3578 1180 3634 dissoluta:
1233 3581 1516 3652 praestigiae
1566 3593 1713 3650 sunt,
1761 3584 2018 3654 solusque

457 3681 623 3723 verus
662 3667 807 3724 Deus
853 3669 906 3724 in
942 3673 1161 3727 nomine
1195 3671 1407 3728 Domini
1458 3677 1631 3730 nostri
1661 3674 1788 3731 Jesu
1814 3678 2016 3734 Christi

458 3757 738 3812 aduratur.
792 3758 947 3826 Quod
993 3771 1172 3817 autem
1216 3762 1482 3821 Dominus
1526 3768 1691 3822 etiam
1737 3779 2016 3840 assumpto

458 3864 689 3920 corpore
711 3862 766 3906 et
816 3865 1041 3911 vocatus
1067 3855 1225 3913 Jesus
1266 3859 1525 3914 adoratur
1556 3860 1715 3931 353
1747 3864 2015 3917 creditur-

458 3955 566 4010 que
594 3941 765 4000 Filius
795 3945 909 4013 Dei,
937 3964 1000 4003 ac
1034 3965 1128 4019 per
1163 3950 1340 4020 ipsum
1369 3950 1529 4007 Pater
1552 3957 1930 4025 cognoscitur;
1962 3956 2016 4011 id

459 4041 642 4100 aperte
667 4035 888 4103 indicat,
921 4040 998 4092 uti
1021 4041 1277 4107 diximus,
1312 4057 1419 4096 non
1455 4042 1713 4111 Verbum,
1750 4057 2016 4117 quatenus

460 4117 717 4189 Verbum,
746 4126 838 4179 sed
860 4141 955 4181 nos
980 4128 1288 4196 hujusmodi
1309 4133 1535 4202 gratiam
1560 4114 1853 4205 accepisse.
1879 4114 2014 4192 Nam

460 4222 680 4280 propter
736 4225 977 4270 nostrain
1024 4234 1146 4273 cum
1191 4221 1311 4292 eius
1360 4239 1588 4294 corpore
1634 4229 2015 4297 cognationem

460 4317 564 4358 nos
588 4320 805 4375 quoque
848 4307 942 4362 Dei
974 4313 1234 4382 templum
1265 4314 1436 4370 eii‘ecti
1472 4334 1662 4374 sumus
1691 4321 1913 4390 jamque
1952 4322 2015 4376 ﬁ-

2121 1863 2399 1933 κρωθέντα
2444 1863 2837 1938 ζωοποιηθῑψαι
2870 1906 2885 1930 ,
2933 1866 3025 1919 καὶ
3069 1866 3193 1919 ναὸν
3235 1866 3481 1935 γενέσθαι
3518 1867 3679 1920 Θεοῦ.

2119 1953 2229 2007 Καὶ
2261 1955 2368 2026 γὰρ
2399 1956 2492 2008 καὶ
2528 1955 2636 2008 τῶν
2666 1958 2724 2009 ὲν
2758 1957 3008 2029 οὐρανοῖς
3046 1957 3157 2029 (60)
3191 1958 3489 2028 δυνάμεων,
3513 1958 3683 2027 ἀγγέ-

2118 2046 2222 2100 λων
2257 2062 2317 2099 τε
2350 2048 2442 2101 καὶ
2468 2045 2819 2120 ἀρχαγγέλων
2866 2049 2952 2103 ἀεὶ
2982 2051 3076 2121 μὲν
3110 2050 3555 2120 προσκυνούντων
3586 2050 3683 2104 αὺ-

2117 2135 2229 2200 τὸν,
2255 2136 2698 2207 προσκυνούντων
2724 2139 2781 2191 δὲ
2806 2141 2900 2192 κα).
2925 2138 3020 2191 νῦν
3043 2141 3099 2192 ὲν
3128 2137 3204 2209 τῷ
3232 2138 3455 2210 ὀνόματι
3501 2138 3685 2210 Ἰησοῦ

2118 2228 2207 2282 τὸν
2239 2229 2462 2301 Κύριον,
2492 2230 2647 2301 ήμῶν
2679 2232 2824 2284 ἐστιν
2850 2229 2985 2303 αῦτη
3013 2231 3223 2303 ήχάρις
3246 2229 3353 2301 (61)
3403 2231 3494 2284 καὶ
3515 2232 3685 2302 ὑπερε

2118 2318 2344 2390 ύψωσις,
2367 2322 2446 2374 ὅτι
2463 2339 2521 2374 τε
2547 2322 2640 2374 καὶ
2657 2321 2751 2375 ἀνθ
2762 2339 2939 2393 ρωπος
2964 2322 3271 2392 γενόμενος,
3299 2323 3683 2393 προσκυνεῖται

2118 2414 2146 2466 6
2177 2412 2271 2466 τοῦ
2293 2412 2425 2466 Θεοῦ
2447 2413 2592 2477 Υἱὸς,
2611 2413 2703 2467 καὶ
2730 2415 2790 2466 οὐ
2813 2412 3212 2485 ξενισθήσονται
3237 2415 3291 2467 αἱ
3311 2412 3547 2485 οὐράνιοι
3572 2412 3687 2484 (62)

2116 2503 2370 2575 ὼνάμεις
2408 2504 2698 2574 βλέπουσαι
2728 2506 2852 2566 τοὺς
2891 2502 3206 2574 συσσώμους
3239 2504 3444 2557 ἐκείνου
3473 2503 3682 2568 πάντας

2118 2597 2263 2665 ἡμᾶς
2309 2595 2692 2666 εἰσαγομένους
2722 2596 2802 2658 είς
2838 2592 2936 2657 τὰς
2961 2593 3141 2667 χώρας
3170 2593 3365 2646 αὐτῶν.
3401 2593 3610 2659 ’Ἄλλως
3628 2584 3686 2649 δὲ

2116 2687 2216 2740 οὐκ
2240 2686 2305 2740 ἂν
2336 2688 2574 2755 ἐγεγόνει
2602 2686 2778 2752 τοῦτο,
2801 2688 2850 2740 εί
2878 2686 2951 2757 μὴ
2983 2688 3010 2739 6
3041 2688 3095 2738 ὲν
3128 2687 3305 2756 μορφῇ
3333 2684 3466 2738 Θεοῦ
3500 2686 3681 2759 ὑπάρ-

2118 2796 2226 2850 χων
2275 2777 2485 2849 εἰλήφει
2531 2778 2717 2832 δούλου
2789 2777 3039 2850 μορφὴν,
3094 2778 3187 2831 καὶ
3226 2777 3566 2841 ταπεινώσας
3613 2772 3684 2849 ἦν

2118 2870 2306 2923 ἑαυτὸν
2338 2910 2352 2936 ,
2416 2871 2574 2942 μέχρι
2641 2870 2873 2926 θανάτου
2933 2870 3293 2943 συγχωρήσας
3364 2869 3563 2940 φθάσαι
3622 2871 3689 2924 τὸ

2120 2962 2297 3034 σῶμα.
3174 2972 3179 2975 ’

2186 3053 2276 3110 6'5.
2317 3053 2446 3106 Ἰδοὺ
2480 3051 2611 3122 γοῦν
2657 3052 2718 3106 τὸ
2769 3034 3118 3125 νομιζόμενον
3176 3052 3326 3126 παρά
3375 3044 3687 3124 ἀνθρώποις

2121 3142 2298 3215 μωρὸν
2324 3142 2415 3196 τοῦ
2446 3136 2586 3196 Θεοῦ
2614 3143 2806 3204 διάτὸν
2838 3138 3065 3215 σταυρὸν
3087 3143 3277 3212 γέγονε
3303 3142 3516 3196 πάντων
3541 3144 3681 3195 ὲντι-

2120 3235 2342 3305 μότερον
2391 3234 2520 3305 (65).
2566 3235 2631 3287 Ἥ
2657 3234 2752 3305 μὲν
2798 3233 2903 3306 γάρ
2937 3234 3226 3297 ἀνάστασις
3253 3232 3409 3305 ήμῶν
3446 3234 3502 3285 ὲν
3531 3231 3681 3303 αὐτῷ

2116 3327 2397 3380 ἀπόκειται
2421 3343 2434 3357 ·
2456 3326 2639 3380 οὐκέτι
2662 3328 2718 3379 δὲ
2743 3327 2897 3396 μόνος
2913 3329 2941 3379 6
2970 3325 3203 3398 Ἰσραὴλ,
3229 3324 3364 3379 ἀλλὰ
3382 3325 3472 3378 καὶ
3502 3323 3683 3377 πάντα

2115 3419 2183 3472 τὰ
2207 3419 2330 3491 ἔθνη
2364 3419 2569 3483 λοιπὸν,
2602 3419 2677 3483 ὡς
2709 3419 3033 3491 προείρηκεν
3057 3421 3085 3472 6
3111 3419 3391 3490 προφήτης
3413 3457 3427 3481 ,
3466 3416 3536 3471 τὰ
3582 3415 3679 3487 μὲν

2117 3512 2309 3567 εἴδωλα
2337 3513 2542 3567 ἑαυτῶν
2576 3512 2685 3584 (64)
2711 3512 3201 3583 καταλιμπάνουσι,
3223 3512 3313 3564 τὸν
3343 3509 3399 3563 δὲ
3427 3507 3684 3579 ἀληθινὸν

2116 3601 2246 3656 Θεὸν
2276 3602 2368 3655 τὸν
2394 3601 2486 3655 τοῦ
2514 3601 2749 3674 Χριστοῦ
2779 3601 2998 3673 Πατέρα
3022 3600 3435 3669 ὲπιγινώσκουσι
3456 3614 3469 3627 ·
3524 3598 3620 3651 καὶ
3645 3597 3682 3661 ἡ

2120 3698 2216 3767 μὲν
2238 3697 2344 3750 τῶν
2372 3695 2636 3767 δαιμόνων
2666 3694 2933 3764 φαντασία
2965 3694 3334 3764 κατήργηται,
3381 3690 3537 3761 μόνος
3564 3689 3625 3743 δὲ
3652 3688 3681 3742 6

2116 3787 2282 3851 ὄντως
2313 3786 2444 3851 Θεὸς
2484 3789 2542 3840 ἑν
2580 3785 2656 3856 τῷ
2685 3786 2907 3856 ὀνόματι
2948 3784 3042 3837 τοῦ
3068 3781 3273 3853 Κυρίου
3303 3781 3460 3852 ἡμῶν
3501 3776 3679 3850 Ἰησοῦ

2115 3878 2350 3951 Χριστοῦ
2378 3880 2777 3951 προσκυνεῖται.
2801 3876 2874 3928 Τὸ
2894 3876 2949 3929 δὲ
2982 3878 3074 3929 καὶ
3104 3875 3163 3927 ὲν
3207 3872 3416 3944 σώματι
3448 3871 3672 3941 γενόμε-

2115 3988 2202 4024 νον
2229 3968 2337 4040 (65)
2369 3969 2457 4022 τὸν
2483 3967 2685 4038 Κύριον
2711 3967 2804 4020 καὶ⁸
2836 3965 3099 4037 κληθέντα
3134 3965 3338 4038 Ἰησοῦν
3361 3964 3664 4036 προσκυνεῖ-

2117 4059 2258 4126 σθαι,
2294 4060 2642 4114 πιστεύεσθαί
2676 4077 2735 4112 τε
2764 4060 2923 4113 αὐτὸν
2949 4059 3076 4112 Υίὸν
3103 4058 3259 4123 Θεοῦ,
3291 4058 3384 4112 καὶ
3413 4057 3479 4110 δι’
3510 4055 3677 4110 αὐτοῦ

2115 4149 2567 4221 ὲπιγινώσκεσθαι
2600 4149 2689 4203 τὸν
2717 4148 2936 4220 Πατέρα
2962 4188 2977 4214 ,
3025 4148 3179 4220 δῆλον
3206 4148 3272 4202 ἂν
3294 4146 3399 4218 εἴη,
3428 4144 3674 4217 καθάπερ

2114 4244 2344 4316 εἴρηται,
2380 4243 2461 4296 ὅτι
2483 4242 2581 4312 οὐχ
2603 4243 2632 4294 6
2657 4240 2845 4308 Λόγος,
2943 4240 3112 4308 Λόγος
3145 4240 3290 4291 ἐστὶν
3313 4281 3329 4305 ,
3380 4236 3537 4291 ἔλαϐε
3574 4235 3678 4307 τὴν

2113 4334 2364 4405 τοιαύτην
2387 4332 2568 4403 χάριν,
2596 4331 2711 4385 ἀλλ’
2742 4332 2920 4401 ἡμεῖς.
2951 4328 3050 4383 Διά
3067 4328 3175 4400 γὰρ
3199 4328 3296 4400 τὴν
3321 4328 3455 4399 πρὸς
3482 4326 3595 4400 (66)
3617 4326 3678 4380 τὸ
3742 4354 3751 4362 ·

460 4395 661 4451 liorum
706 4398 800 4455 Dei
828 4402 1161 4461 obtinuimus
1196 4409 1508 4480 dignitatem
1547 4431 1560 4466 :
1598 4415 1734 4469 adeo
1766 4417 2007 4471 utetiam

2119 4424 2273 4495 σῶμα
2320 4395 2481 4476 αὑτοῦ
2513 4395 2827 4490 συγγένειαν
2871 4421 2998 4484 ναὸς
3038 4395 3172 4473 Θεοῦ
3224 4395 3520 4489 γεγόναμεν
3575 4395 3678 4471 καὶ

463 4487 519 4540 in
547 4489 703 4544 nobis
720 4490 832 4560 jam
866 4491 1129 4551 Dominus
1155 4500 1431 4566 adoretur,
1465 4512 1519 4557 et
1547 4516 1851 4574 spectantes
1883 4522 2012 4578 pro-

460 4579 730 4644 nuntient,
756 4592 813 4637 ut
835 4584 911 4638 ait
934 4586 1222 4655 Apostolus
1245 4590 1309 4658 ¹³,
1341 4595 1483 4662 quod
1515 4610 1639 4648 vere
1659 4595 1801 4651 Deus
1827 4599 1878 4651 in
1906 4599 2015 4656 illis

462 4668 552 4722 sit.
596 4667 832 4755 ldipsum
879 4688 1095 4745 quoque
1124 4675 1360 4736 Joannes
1403 4684 1458 4736 in
1490 4682 1779 4754 Evangelia
1810 4687 1883 4742 ita
1917 4688 2012 4744 de-

536 4784 579 4816 ⁸³
617 4783 636 4836 l
674 4786 800 4841 Cor.
843 4804 953 4854 xlv,
993 4790 1085 4845 25.

530 4916 641 4998 ii???
683 4919 928 4998 ἓθίξυθτον
960 4922 1221 4998 ζοςγάρι

458 4987 640 5107 πόὲἱδ)
682 4987 920 5052 Seguer.
952 4987 1183 5050 Goble'rf
1215 5007 1269 5053 et
1318 4998 1461 5056 Felc.
1519 5001 1543 5056 i
1600 5004 1856 5062 omittunt
1908 5006 2012 5063 ὑπὸ

482 5085 638 5211 Ἳέέ)
681 5125 923 5211 δεειιρνσ,
963 5130 1211 5211 θεότητος
1243 5138 1397 5192 τοῦτο
1430 5140 1667 5211 γέγονεν.
1702 5143 1821 5200 Mox
1870 5146 2010 5200 idem

459 5202 513 5245 et
546 5193 676 5265 Reg.
708 5193 992 5270 γενόμενον
1020 5193 1319 5277 ἄνθρωπον.
1356 5193 1666 5268 Αιιέἰιιέ“έί

460 5263 762 5333 ἄνθρωπον.
952 5331 962 5333 ς

670 5334 931 5421 Ῠδιτειιεξιθη
951 5331 1014 5421 iv
1032 5345 1263 5421 οὐρανῷ.
1297 5348 1430 5405 Ibid.
1460 5349 1678 5408 Gobler.
1704 5367 1758 5409 et
1780 5354 1924 5411 Felc.
1957 5358 2010 5421 1,

463 5404 823 5483 καῖιηγᾲρητῶν
845 5409 900 5461 ἐν
919 5404 985 5462 οὺ
995 5404 1189 5483 ρανὸἶς.

532 5472 927 5560 (ῥυὲεευθτο,
954 5472 1104 5560 ditty
1138 5472 1313 5560 χάρις.
1356 5489 1478 5545 Mox
1517 5491 1734 5549 Gobler.
1765 5503 1820 5549 et
1862 5495 2007 5551 Felc.

462 5541 515 5605 1,
668 5541 947 5624 ά-νθήρωπος
972 5541 1276 5624 γενόμένὸςξ

534 5612 664 5737 (62))
684 5612 1010 5705 δειναῖς.άρ
1042 5612 1295 5694 οὐράνιοι.
1325 5629 1464 5685 Editi
1505 5641 1559 5687 et
1605 5633 1716 5696 alii,
1753 5635 1806 5686 αι
1852 5636 2008 5706 οὐρά-

462 5698 587 5735 νιαι.
667 5685 791 5739 aulo
831 5699 948 5739 Dost
970 5692 1187 5739 breuiter.
1220 5697 1415 5739 Cnhipr
1467 5713 1514 5739 m
1548 5701 1670 5739 ις’..ιμ
1722 5706 1738 5739 ι
1801 5707 1878 5739 ειρ
1908 5708 2007 5739 οι..

828 5699 948 5756 post
970 5697 1189 5761 Seguer.
1220 5697 1435 5756 Gobier.
1467 5713 1521 5756 et
1547 5701 1690 5758 Felc.
1722 5706 1768 5769 l,
1800 5707 1878 5768 είς
1908 5697 2007 5770 τὰς

2117 4517 2296 4586 ἡμεῖς,
2325 4514 2420 4567 καὶ
2443 4514 2548 4565 υἱοὶ
2570 4511 2704 4565 Θεοῦ
2729 4511 2912 4565 λοιπὸν
2945 4510 3305 4581 πεποιήμεθα,
3328 4508 3467 4562 ὥστε
3498 4508 3590 4562 καὶ
3617 4510 3677 4561 ὲν

2118 4609 2248 4678 ἡμῖν
2270 4605 2366 4677 ήδη
2394 4604 2809 4678 προσκυνεῖσθαι
2832 4604 2920 4659 τὸν
2953 4603 3173 4677 Κύριον,
3215 4603 3308 4657 καὶ
3351 4604 3476 4666 τοὺς
3506 4601 3675 4674 ὁρῶν-ο

2116 4716 2214 4763 τας
2239 4698 2619 4767 ἀπαγγέλλειν,
2645 4697 2719 4759 ὡς
2738 4698 2767 4749 6
2802 4696 3116 4760 Ἀπόστολος
3140 4695 3378 4768 εἴρηκεν,
3397 4696 3476 4750 ὅτι
3504 4694 3673 4759 ὅντως

2115 4938 2297 5064 χώρας
2322 4940 2519 4997 αὐτῶν.
2548 4943 2654 4997 Alii
2680 4951 2734 4999 et
2761 4942 2925 4999 editio
2953 4941 3237 5007 Commel.,
3262 4943 3343 5005 ei;
3369 4939 3466 5006 τὰς
3489 4938 3674 5013 χώρας

2145 5028 2338 5064 αυτων.

2145 5028 2319 5065 αυτων
2326 5052 2338 5064 .

2187 5081 2295 5153 (65)
2314 5152 2319 5153 ί
2340 5080 2562 5150 Seguer.
2587 5081 2802 5137 Gobler.
2832 5090 2887 5153 et
2913 5080 3057 5153 Felc.
3089 5082 3140 5145 1,
3169 5079 3530 5153 ἐντιμότερον.
3564 5079 3667 5153 Alii

2116 5148 2348 5225 etediti,
2379 5148 2786 5225 προτιμότερον.
2831 5152 3213 5225 Gobier.
3251 5148 3304 5205 et
3330 5148 3469 5225 Felc.
3511 5152 3562 5225 l_,
3608 5149 3669 5201 Ἡ

2115 5219 2224 5292 γὰρ
2256 5218 2566 5284 ἀνάστασις.
2605 5218 2829 5291 Segner.
2866 5222 3022 5285 ibid.,
3054 5222 3128 5292 Οὐ
3163 5221 3259 5292 μὲν
3297 5221 3405 5289 γὰρ
3428 5218 3673 5273 ’ἀνάσταδ

2116 5290 2387 5361 αις-ημῖν,
2421 5301 2473 5344 et
2498 5293 2656 5359 paulo
2685 5290 2824 5361 post,
2850 5292 3029 5345 οὐκέτι
3054 5290 3109 5344 δὲ
3141 5290 3318 5361 μόνον.

2184 5358 2294 5429 (64)
2337 5358 2581 5437 ξρευειὶ,
2609 5358 2834 5416 ἑαυτῶν.
2866 5361 3020 5431 Reg.,
3046 5358 3245 5415 αὐτῶν.
3282 5358 3385 5414 Alii
3415 5367 3469 5413 et
3502 5358 3671 5437 editio

2112 5428 2396 5493 Coininel.,
2420 5428 2628 5484 αυτῶν.
2951 5428 2969 5431 ⁷
3608 5428 3615 5447 ⁸

2183 5498 2293 5567 (65)
2334 5498 2425 5554 Sic
2460 5499 2681 5570 Seguer.
2713 5510 2766 5555 et
2787 5499 2921 5569 Reg.
2944 5498 3405 5570 Goblerianritem
3432 5506 3486 5551 et
3515 5497 3667 5551 Felc.

2113 5566 2374 5641 lbahent
2403 5566 2708 5641 γενόμενον.
2737 5572 2843 5624 Alii
2867 5566 2920 5625 et
2949 5571 3100 5637 editi,
3136 5571 3193 5623 ὲν
3222 5568 3299 5640 τῷ
3333 5567 3540 5639 σώματι
3574 5583 3669 5636 γει

2111 5636 2293 5712 νέσθαι
2316 5636 2649 5712 τὸνΚύριον.

2182 5710 2291 5775 (GU)
2322 5707 2535 5766 Gobler'.
2567 5721 2620 5765 et
2646 5708 2788 5766 Felc.
2822 5709 2871 5775 l,
2904 5708 2991 5762 διὰ
3014 5707 3110 5779 τὴν
3139 5709 3293 5780 πρός,
3320 5718 3424 5764 etc.
