3972 6224
491 282 593 337 105

1093 281 1152 337 S.
1191 281 1564 339 ATllANASll
1603 283 1754 342 OPP.
1791 283 1973 340 PARS
2010 285 2052 342 l.
2088 317 2155 330 -—-
2194 285 2560 342 HISTORICA
2594 287 2681 342 ΕΤ
2719 287 3134 346 DOGMATICA.

3605 301 3704 356 101

489 405 559 457 tis
585 416 684 455 nec
709 402 1026 457 incrementi
1057 384 1295 475 alicujus
1320 406 1620 462 mercedem
1650 407 1931 473 indicaret,
1951 408 2041 463 sed

2149 409 2278 478 πῆς,
2315 409 2424 463 ἀλλ’
2455 410 2635 474 αίτίας
2661 411 2979 482 δηλωτικὸν,
3007 413 3073 466 δι’
3113 415 3179 484 ἦν
3220 417 3252 488 ἡ
3300 417 3591 483 ἀνάστασις
3619 423 3708 487 γί-

487 509 708 549 causam
743 494 1065 558 declararet,
1114 508 1336 567 propter
1373 515 1536 569 quam
1568 499 1707 554 facta
1734 510 1817 555 est
1866 516 2050 556 resur-

484 583 675 648 rectio,
710 592 764 637 et
785 599 953 653 quare
995 585 1084 640 alii
1119 587 1340 654 quidem
1373 589 1624 646 homines
1656 590 1725 645 ab
1758 590 1928 644 Adam
1978 591 2045 646 ad

484 672 589 731 hoc
636 689 809 744 usque
851 683 1064 744 tempus
1121 687 1352 734 mortem
1401 681 1676 749 obierint,
1738 683 2052 753 mortuique

484 769 804 835 manserint,
845 770 995 826 solus
1034 785 1161 826 vero
1208 773 1298 828 ille
1331 773 1540 846 integer
1569 790 1636 830 ex
1681 778 1916 832 mortuis
1963 794 2049 832 re-

484 863 801 917 surrexerit.
853 861 979 918 Haec
1024 871 1204 919 autem
1246 880 1411 920 causa
1449 867 1540 922 illa
1583 877 1686 933 est,
1729 885 1892 937 quam
1933 869 2050 938 ipse

484 955 638 1023 prius
688 970 790 1010 nos
841 955 1046 1018 docuit,
1088 957 1234 1026 quod
1271 958 1502 1024 scilicet,
1527 976 1650 1015 cum
1696 960 1840 1016 Deus
1873 975 2046 1028 esset,

486 1051 652 1106 homo
694 1050 874 1108 factus
904 1061 1008 1108 est.
1052 1051 1186 1108 Nam
1223 1055 1404 1109 caeteri
1439 1057 1658 1127 quidem
1701 1074 1893 1115 omnes
1926 1061 2048 1132 puri

484 1144 736 1200 homines
767 1160 834 1200 ex
886 1145 1057 1200 Adam
1114 1146 1278 1219 355
1325 1150 1522 1215 exorti,
1568 1152 1769 1206 mortui
1805 1162 1958 1216 sunt,
1995 1164 2050 1210 et

483 1251 634 1292 mors
677 1235 939 1293 adversus
977 1239 1099 1294 illos
1132 1242 1380 1310 regnavit
1423 1261 1436 1296 :
1474 1243 1577 1298 iste
1617 1260 1745 1299 vero
1778 1247 2049 1304 secundus

482 1325 648 1382 homo
674 1342 706 1380 e
738 1329 875 1384 cwlo
907 1338 990 1384 est
1010 1329 1054 1362 ¹⁹
1075 1371 1090 1390 .
1134 1347 1258 1386 nam
1309 1331 1533 1388 Verbum
1564 1352 1688 1388 caro
1724 1337 1925 1406 factum
1949 1348 2046 1393 est.

483 1416 587 1483 Qui
621 1418 784 1471 homo
809 1433 839 1472 e
869 1421 1006 1474 coelo
1025 1427 1075 1473 et
1099 1421 1338 1477 caelestis
1367 1439 1490 1479 esse
1515 1425 1736 1490 dicitur,
1763 1427 1890 1496 quia
1916 1426 2050 1483 Ver-

482 1508 611 1562 bum
647 1524 677 1562 e
706 1511 845 1564 coelo
889 1509 1205 1566 descendit:
1239 1528 1361 1582 qua:
1408 1529 1572 1570 causa
1599 1523 1682 1571 est
1729 1532 1828 1571 cur
1859 1518 2050 1574 mortis

483 1600 712 1670 imperio
758 1600 1040 1669 subjectus
1085 1619 1192 1657 non
1249 1602 1432 1658 fuerit.
1467 1603 1729 1671 Quamvis
1761 1609 1908 1662 enim
1961 1623 2048 1664 se-

483 1693 663 1760 ipsum
693 1694 828 1749 adeo
862 1694 1172 1749 humiliavit
1209 1703 1266 1748 ut
1295 1709 1498 1766 corpus
1529 1712 1689 1752 suum
1738 1699 2050 1769 permiserit

483 1785 643 1848 mori,
687 1785 813 1855 quia
857 1787 996 1841 mori
1036 1794 1249 1857 poterat
1291 1805 1304 1843 :
1352 1761 1588 1843 attamen
1637 1761 1782 1844 idem
1827 1806 1858 1845 e
1903 1799 2044 1846 terra
2085 1761 2124 1818 Β

480 1877 774 1933 exaltatum
803 1888 908 1944 est,
944 1879 1072 1948 quia
1112 1880 1163 1932 in
1198 1895 1263 1934 eo
1291 1895 1520 1951 corpore
1563 1879 1734 1937 Filius
1767 1881 1862 1937 Dei
1904 1893 2042 1937 erat.

479 1969 744 2035 Quocirca
796 1971 942 2039 quod
989 1970 1078 2025 hic
1102 1970 1321 2037 dicitur,
1364 1971 1574 2028 Idcirco
1618 1985 1667 2029 et
1709 1973 1850 2028 Deus
1893 1975 2046 2028 illum

477 2061 752 2126 exultavit,
797 2061 1012 2114 videtur
1051 2060 1225 2116 simile
1270 2077 1392 2117 esse
1427 2064 1571 2120 illius
1607 2066 1705 2121 loci
1738 2066 1997 2121 Actorum
2026 2109 2041 2133 ,

479 2152 570 2206 ubi
604 2153 678 2206 ait
699 2151 932 2208 Petrus:
972 2152 1137 2218 Quem
1171 2153 1312 2209 Deus
1327 2158 1625 2223 suscitavit,
1660 2159 1846 2212 solutis
1891 2159 2044 2213 dolo-

479 2244 623 2297 ribus
657 2245 842 2298 mortis
869 2284 882 2308 ,
915 2255 1172 2314 quatenus
1203 2247 1521 2316 impossibile
1550 2259 1667 2303 erat
1703 2250 1867 2304 teneri
1889 2251 2043 2305 illum

478 2335 544 2388 ab
567 2352 628 2389 ea
653 2336 718 2390 '°.
760 2337 828 2390 llt
880 2338 1024 2391 enim
1055 2337 1256 2395 Paulus
1282 2341 1491 2406 scribit,
1521 2339 1657 2406 Quia
1683 2357 1804 2396 cum
1845 2343 1896 2397 in
1927 2342 2040 2398 for-

480 2441 568 2480 ma
602 2426 691 2482 Dei
726 2435 887 2491 esset,
914 2426 1091 2483 factus
1115 2439 1198 2484 est
1229 2429 1415 2495 homo,
1441 2438 1495 2484 et
1524 2431 1828 2486 liumiliavit
1852 2443 2044 2488 semet-

479 2516 654 2586 ipsum
690 2533 864 2588 usque
895 2519 960 2572 ad
997 2526 1252 2583 mortem,
1287 2520 1491 2575 idcirco
1518 2529 1573 2574 et
1603 2520 1748 2576 Deus
1784 2523 2042 2578 exaltavit

475 2608 627 2663 illum
652 2608 730 2675 ";
765 2609 845 2664 sic
891 2609 1056 2664 etiam
1096 2627 1125 2666 a
1173 2609 1335 2666 Petro
1381 2611 1585 2666 dicitur
1620 2614 1686 2680 ",
1738 2611 1876 2679 Quia
1915 2629 2040 2669 cum

477 2699 620 2756 Deus
644 2710 811 2783 esset,
849 2701 1024 2757 factus
1053 2709 1134 2756 est
1158 2703 1344 2769 homo,
1378 2703 1665 2773 ipsumque
1686 2777 1695 2786 ι
1720 2703 1888 2760 Deum
1917 2721 2038 2761 esse

476 2793 628 2863 signa
673 2803 725 2848 et
771 2795 1009 2864 prodigia
1043 2794 1354 2849 videntibus
1404 2795 1782 2862 ostenderunt,
1836 2795 2041 2851 idcirco

476 2900 506 2938 a
541 2895 713 2938 morte
737 2884 909 2940 teneri
944 2885 1033 2940 ille
1056 2901 1163 2938 non
1196 2885 1392 2956 potuit.
1423 2885 1481 2941 Id
1514 2886 1756 2956 profecto
1779 2896 2040 2958 pmstare

477 2976 640 3031 homo
667 2992 771 3030 non
796 2985 1030 3046 poterat,
1060 2993 1184 3032 cum
1217 2993 1364 3032 mors
1395 2978 1678 3033 hominum
1701 2980 1774 3034 sit
1798 2981 2037 3050 propria.

475 3067 813 3140 Quapropter
843 3068 1098 3132 Verbum,
1139 3071 1283 3140 quod
1320 3070 1463 3125 Deus
1495 3080 1633 3137 erat,
1672 3088 1801 3127 caro
1831 3072 2034 3128 factum

475 3173 576 3224 est,
614 3173 674 3217 ut
702 3178 866 3217 carne
900 3163 1141 3218 moriens
1214 3163 1378 3217 vitam
1413 3164 1668 3220 omnibus
1703 3164 1902 3220 virtute
1942 3181 2043 3221 sua

475 3255 744 3310 redderet.

545 3345 634 3401 45.
669 3345 939 3412 Quoniam
971 3354 1151 3400 autem
1195 3345 1311 3416 ipse
1346 3347 1620 3401 exaltatus
1645 3362 1788 3411 esse,
1822 3355 1877 3402 et
1900 3345 2043 3402 Deus

474 3437 549 3491 illi
577 3437 810 3493 donasse
840 3439 1059 3502 dicitur,
1088 3439 1249 3508 idque
1292 3448 1485 3509 putant
1523 3440 1760 3495 haeretici
1797 3455 1918 3496 esse
1946 3441 2042 3496 de-

473 3525 674 3583 fectum
705 3535 759 3582 et
803 3528 1112 3599 passionem
1147 3538 1355 3583 natura:
1391 3527 1549 3584 Verbi
1585 3549 1600 3585 ε
1637 3545 1862 3586 necesse
1902 3545 2041 3600 quo-

473 3633 582 3689 que
620 3628 702 3674 est
742 3634 850 3688 qua
899 3620 1110 3674 ratione
1154 3620 1271 3674 haec
1309 3620 1419 3675 sint
1456 3620 1805 3690 intelligenda
1851 3621 2038 3691 expla-

472 3725 631 3766 nare.
675 3708 878 3781 Nempe
926 3712 1041 3781 ipse
1079 3726 1145 3766 ex
1195 3712 1549 3768 inferioribus
1595 3721 1752 3768 terra:
1794 3713 2040 3783 partibus

472 3803 747 3858 essltalus
770 3817 894 3858 esse
922 3803 1125 3859 dicitur
1148 3804 1214 3869 ”,
1248 3805 1378 3874 quia
1413 3818 1564 3884 mors
1598 3803 1797 3858 dicitur
1820 3817 2038 3873 quoque

470 3894 590 3962 ejus
617 3909 759 3948 esse.
790 3893 1096 3963 Utrumque
1136 3910 1300 3965 porro
1327 3895 1446 3965 ejus
1481 3908 1602 3950 esse
1634 3893 1852 3958 dicitur,
1895 3907 2034 3964 quo-

472 3986 618 4039 niam
669 3987 814 4041 illius
861 4001 968 4042 non
1008 3995 1190 4041 autem
1235 3987 1372 4043 alius
1419 3994 1536 4040 erat
1567 4000 1768 4055 corpus
1810 3985 1958 4056 quod
2001 3999 2031 4039 a

473 4075 704 4129 mortuis
733 4077 1053 4142 excitatum,
1093 4077 1223 4132 etin
1250 4077 1418 4132 cmlos
1443 4086 1529 4132 est
1559 4077 1856 4133 sublatum.
1891 4076 2030 4142 Quia

469 4177 599 4233 ergo
625 4164 753 4219 illud
777 4181 976 4236 corpus
1002 4168 1069 4222 ad
1099 4168 1274 4236 ipsum
1314 4168 1566 4238 pertinet,
1599 4183 1772 4238 neque
1795 4166 2030 4222 Verbum

469 4260 626 4308 extra
657 4255 797 4310 idem
827 4265 931 4321 est,
957 4259 1080 4327 jure
1110 4259 1303 4313 merito
1337 4259 1576 4313 exaltato
1599 4273 1847 4328 corpore,
1894 4259 2030 4329 ipse,

469 4357 532 4404 ut
554 4347 742 4417 homo,
784 4363 1005 4424 propter
1031 4369 1230 4426 corpus
1258 4355 1459 4411 dicitur
1491 4356 1739 4412 exaltari.
1766 4355 1950 4426 Itaque
1984 4355 2030 4410 si

2151 515 2304 566 γονε·
2338 501 2432 553 καὶ
2461 500 2529 553 δι’
2558 501 2624 573 ἢν
2659 502 2838 556 αἰτίαν
2857 503 2907 556 οἱ
2959 503 3059 574 μὲν
3086 503 3232 560 ἄλλοι
3279 506 3554 579 ἄνθρωποι
3602 513 3708 567 ἀπὸ

2162 589 2330 661 Ἀδὰμ
2359 592 2452 644 καὶ
2475 591 2585 664 (75)
2619 593 2776 664 μέχρι
2804 593 2898 647 νῦν
2924 594 3193 649 ἀπέθανον
3243 597 3339 650 καὶ
3363 598 3584 670 ἔμειναν
3626 621 3708 656 νε-

2149 681 2290 750 κροὶ,
2321 676 2472 745 οὗτος
2501 682 2556 735 δὲ
2609 685 2766 753 μόνος
2807 685 3096 758 ὁλόκληρος
3129 689 3192 741 ἐκ
3231 691 3439 762 νεκρῶν
3490 693 3706 765 ἀνέστη.

2161 773 2223 826 Ἦ
2247 774 2303 828 δὲ
2353 775 2498 828 αἰτία
2542 774 2678 848 αὕτη
2715 777 2880 840 ἐστὶν,
2910 777 2976 848 ἣν
3021 779 3185 842 αὐτὸς
3230 782 3576 853 προείρηκεν,
3606 784 3706 849 ὅτι,

2147 865 2278 929 Θεὸς
2298 864 2392 930 ὣν,
2423 865 2704 936 ἄνθρωπος
2727 869 2965 937 γέγονεν,
2996 868 3060 924 Ol
3089 871 3185 941 μὲν
3209 872 3316 943 γὰρ
3343 873 3486 927 ἄλλοι
3516 875 3707 939 πάντες

2148 955 2420 1027 ἄνθρωποι
2453 957 2610 1027 μόνον
2637 959 2695 1025 ἐξ
2740 959 2909 1029 Ἀδὰμ
2933 959 3083 1024 ὄντες
3127 962 3426 1026 ἀπέθανον,
3481 966 3573 1018 καὶ
3619 967 3707 1021 τὸν

2150 1045 2374 1101 Θάνατον
2407 1043 2552 1119 εἶχον
2604 1049 2950 1120 βασιλεύοντα
2999 1054 3118 1104 κατ’
3152 1053 3360 1107 αὐτῶν
3407 1051 3557 1119 οὗτος
3602 1056 3708 1112 δὲὸ

2147 1138 2394 1208 δεύτερος
2419 1140 2699 1210 ἄνθρωπος
2719 1141 2779 1206 ἐξ
2803 1142 3031 1214 οὐρανοῦ
3076 1145 3222 1197 ἐστιν
3242 1163 3255 1175 ·
3301 1149 3334 1200 ό
3371 1145 3478 1217 γὰρ
3523 1151 3708 1218 Λόγος

2148 1231 2303 1301 σὰρξ
2325 1233 2578 1304 ἐγένετο.
2613 1235 2724 1289 Καὶ
2753 1235 2969 1305 λέγεται
3004 1238 3033 1290 ό
3084 1239 3322 1304 τοιοῦτος
3356 1242 3466 1312 (76)
3508 1243 3707 1316 ἄνθρω-

2148 1343 2248 1389 πος
2281 1325 2340 1392 ἐξ
2378 1326 2605 1398 οὐρανοῦ
2655 1329 2749 1382 καὶ
2782 1329 3121 1399 ἐπουράνιος,
3153 1331 3243 1384 διὰ
3275 1334 3335 1385 τὸ
3380 1333 3436 1400 ἐξ
3482 1334 3706 1406 οὐρανοῦ

2149 1413 2581 1484 καταϐεϐηκέναι
2609 1414 2699 1468 τὸν
2730 1415 2900 1484 Λόγον
2921 1433 2933 1444 ·
2968 1416 3048 1470 διὸ
3078 1419 3198 1472 οὐδὲ
3223 1423 3558 1492 κεκράτηται
3605 1424 3708 1479 ὑπὸ

2146 1503 2240 1557 τοῦ
2269 1503 2519 1559 θανάτου.
2554 1506 2617 1559 El
2641 1505 2747 1577 γὰρ
2779 1508 2870 1560 καὶ
2894 1509 3256 1564 ἐταπείνωσεν
3299 1513 3488 1566 ἑαυτὸν
3508 1554 3522 1578 ,
3582 1531 3684 1586 συγ

2149 1599 2401 1668 χωρήσας
2423 1597 2583 1668 μέχρι
2606 1597 2835 1650 θανάτου
2864 1599 3067 1667 φθάσαι
3113 1602 3173 1655 τὸ
3212 1602 3341 1656 ῐδιον
3371 1605 3484 1676 (77)
3515 1608 3708 1660 ἐαυτοῦ

2151 1687 2329 1758 σῶμα,
2360 1687 2448 1742 διὰ
2491 1688 2550 1742 τὸ
2577 1683 2716 1742 εἶναι
2743 1689 2875 1743 αὐτὸ
2907 1689 3150 1745 δεκτικὸν
3193 1692 3452 1748 Θανάτου-
3499 1697 3612 1750 ἀλλ’
3647 1700 3709 1752 ἐκ

2151 1781 2253 1850 γῆς
2279 1779 2630 1852 ὑπερυψώθη,
2663 1780 2750 1834 δια
2777 1781 2838 1834 τὸ
2863 1777 3001 1835 εἶναι
3039 1783 3201 1837 αὐτὸν
3231 1785 3288 1838 ἐν
3325 1785 3535 1857 σώματι
3585 1790 3710 1843 Υἱὸν

2149 1871 2241 1926 τοῦ
2290 1871 2447 1925 Θεοῦ.
2499 1872 2643 1925 Ἴσον
2685 1871 2816 1940 γοῦν
2863 1875 2977 1926 ἐστι
3010 1875 3071 1926 τὸ
3119 1873 3351 1929 ἐνταῦθα
3382 1877 3706 1949 λεγόμενον·

2150 1963 2247 2016 Διὸ
2272 1963 2367 2016 καὶ
2395 1965 2429 2016 ό
2451 1962 2595 2028 Θεὸς
2622 1963 2807 2016 αὐτὸν
2827 1964 3189 2033 ὐπερύψωσε
3205 1983 3218 1996 ”
3251 1967 3327 2036 τῷ
3348 1967 3624 2041 λεγομένῳ
3655 1973 3709 2024 ἐν

2149 2058 2268 2118 ταῖς
2293 2055 2528 2127 Πράξεσι
2556 2055 2705 2126 παρὰ
2728 2053 2821 2108 τοῦ
2845 2055 3051 2127 Πέτρου
3071 2057 3202 2129 (78)·
3229 2061 3336 2112 ’ον
3366 2064 3399 2114 ὀ
3421 2062 3567 2128 Θεὸς
3610 2063 3710 2116 ἁν-

2149 2149 2393 2215 έστησε,
2419 2149 2617 2214 λύσας
2647 2149 2751 2214 τὰς
2783 2148 2995 2215 ὠδῖνας
3041 2150 3146 2204 τοῦ
3199 2151 3473 2216 θανάτου,
3507 2157 3708 2208 καθότι

2149 2242 2260 2294 οὐκ
2295 2237 2372 2310 ἦν
2389 2239 2650 2294 δυνατὸν
2683 2239 3022 2308 κρατεῖσθαι
3053 2242 3238 2298 αὑτὸν
3256 2245 3356 2297 ὑπ’
3385 2244 3591 2298 αὐτοῦ.
3628 2246 3710 2308 Ὠς

2147 2331 2257 2404 γὰρ
2280 2332 2430 2404 παρά
2461 2331 2538 2402 τῷ
2559 2334 2754 2405 Παύλῳ
2785 2337 3090 2408 γέγραπται
3117 2350 3130 2362 ·
3177 2334 3412 2407 Ἐπειδὴ,
3447 2336 3505 2389 ὲν
3527 2339 3707 2407 μορφῇ

2147 2422 2280 2477 Θεοῦ
2306 2421 2403 2484 ὣν,
2432 2422 2650 2491 γέγονεν
2668 2425 2968 2495 ἄνθρωπος,
3001 2424 3094 2477 καὶ
3121 2423 3481 2477 ἐταπείνωσεν
3517 2424 3710 2476 ἐαυτὸν

2151 2515 2308 2587 μέχρι
2329 2513 2581 2578 θανάτου,
2613 2514 2693 2568 διὸ
2736 2515 2829 2568 καὶ
2873 2518 2902 2569 ὁ
2941 2515 3073 2579 Θεὸς
3121 2515 3476 2586 ὑπερύψωσεν
3510 2515 3707 2569 αὐτόν·

2147 2610 2316 2672 οὕτως
2369 2607 2464 2661 καὶ
2513 2606 2665 2680 παρὰ
2707 2605 2800 2659 τοῦ
2835 2605 2946 2678 (79)
2997 2606 3204 2678 Πέτρου
3253 2605 3506 2675 λέγεταιο
3567 2608 3710 2668 Ὅτι,

2147 2702 2332 2775 ἐπειδὴ
2352 2703 2485 2765 Θεὸς
2509 2701 2585 2754 ὣν
2611 2701 2834 2769 γέγονεν
2854 2699 3157 2771 ἄνθρωπος,
3186 2697 3254 2752 τὰ
3277 2698 3333 2752 δὲ
3376 2701 3584 2770 σημεῖα
3620 2699 3711 2753 καὶ

2145 2793 2213 2848 τὰ
2235 2794 2436 2864 τέρατα
2466 2792 2743 2857 ἀπέδειξεν
2769 2791 2930 2846 αὐτὸν
2961 2793 3054 2845 καὶ
3079 2793 3191 2854 τοῖς
3215 2791 3381 2862 ὁρῶσι
3409 2792 3540 2845 Θεόν
3566 2809 3584 2823 ·
3628 2791 3713 2846 διὰ

2143 2885 2302 2938 τοῦτο
2324 2885 2546 2940 δυνατὸν
2577 2886 2678 2938 οὐκ
2706 2881 2772 2957 ἦν
2799 2883 3114 2957 κρατεῖσθαι
3149 2883 3308 2937 αὑτὸν
3350 2883 3453 2936 ὑπὸ
3490 2883 3593 2938 τοῦ
3622 2883 3713 2937 θα-

2145 2978 2324 3034 νάτου.
2371 2976 2661 3052 Ἀνθρώπῳ
2683 2978 2740 3032 δὲ
2769 2977 2989 3030 δυνατὸν
3020 2976 3120 3030 οὐκ
3146 2971 3213 3048 ἦν
3240 2975 3396 3030 τοῦτο
3427 2977 3709 3050 κατορθῶ-

2146 3086 2264 3123 σαι·
2318 3069 2446 3122 ἴδιον
2497 3067 2606 3140 γὰρ
2633 3068 2740 3121 τῶν
2791 3067 3091 3139 ἀνθρώπων
3115 3067 3226 3140 (80)
3276 3070 3304 3123 ὁ
3334 3066 3599 3132 Θάνατοςο
3623 3069 3708 3123 διὰ

2142 3161 2299 3214 τοῦτο
2327 3160 2457 3224 Θεὸς
2487 3161 2561 3214 ὣν
2609 3163 2637 3215 ό
2659 3161 2830 3228 Λόγος
2857 3162 3046 3230 γέγονε
3099 3160 3236 3234 σὰρξ
3258 3203 3273 3228 ,
3310 3162 3417 3226 ἵνα,
3467 3160 3707 3216 θανατω-

2145 3254 2258 3317 Θεὶς
2291 3255 2476 3327 σαρκὶ,
2506 3254 2824 3328 ζωοποιὴσῃ
2849 3255 3055 3318 πάντας
3086 3256 3152 3326 τῇ
3185 3250 3379 3309 ἐαυτοῦ
3408 3255 3655 3326 δυνάμει.

2212 3347 2301 3401 45.
2349 3346 2646 3416 Ἐπειδὴδέ
2675 3347 2836 3410 αὐτὸς
2873 3346 3090 3416 λέγεται
3127 3344 3400 3412 ὑᾲῶσθαι,
3442 3345 3540 3398 καὶ
3567 3348 3646 3399 ὅτι
3677 3347 3705 3398 ὁ

2139 3439 2272 3503 Θεὸς
2297 3437 2446 3508 αὐτῷ
2491 3438 2811 3510 ἐχαρίσατο,
2840 3438 2936 3491 καὶ
2985 3437 3292 3509 νομίζουσιν
3343 3439 3390 3490 οἱ
3442 3437 3705 3508 αἱρετικοὶ

2139 3531 2425 3602 ἐλάττωμα
2454 3525 2592 3583 εἶναι
2624 3530 2656 3602 ἦ
2691 3531 2861 3594 πάθος
2885 3530 2996 3602 (81)
3024 3530 3122 3601 τῆς
3145 3528 3237 3582 τοῦ
3273 3530 3444 3599 Λόγου
3493 3530 3700 3593 οὐσίας,

2138 3622 2435 3690 ἀναγκαῖον
2459 3623 2634 3674 εἰπεῖν
2666 3620 2782 3684 πῶς
2814 3619 3103 3674 καὶταῦτα
3133 3620 3369 3689 λέγεται.
3429 3619 3700 3690 ’Υψῶσθαι

2136 3713 2245 3784 γὰρ
2277 3713 2491 3781 λέγεται
2519 3712 2678 3776 αὐτὸς
2708 3712 2814 3765 ἀπὸ
2856 3711 2962 3765 τῶν
3001 3712 3324 3783 κατωτέρων
3376 3712 3562 3784 μερῶν
3606 3711 3704 3783 τῆς

2134 3807 2258 3876 γῆς,
2293 3805 2416 3859 ἐπεὶ
2448 3805 2540 3858 καὶ
2572 3804 2735 3858 αὐτοῦ
2769 3803 2982 3873 λέγεται
3015 3804 3044 3856 ό
3071 3803 3299 3868 θάνατος
3336 3798 3494 3858 εἶναι.
3529 3802 3700 3857 Αὐτοῦ

2134 3899 2191 3953 δὲ
2215 3898 2429 3967 λέγεται
2453 3897 2753 3968 ἀμφότερα,
2785 3896 2970 3968 ἐπειδὴ
2992 3894 3154 3949 αὑτοῦ
3196 3891 3285 3968 ἦν,
3326 3896 3418 3949 καὶ
3439 3895 3539 3967 οὐχ
3582 3894 3701 3948 ἐτέ-

2136 4008 2229 4063 ρου
2259 3990 2368 4062 (82)
2400 3991 2558 4062 σῶμα
2596 3989 2656 4042 τὸ
2681 3987 2891 4058 ὑψωθέν
2914 3987 3022 4040 ἀπό
3047 4003 3107 4040 τε
3134 3986 3243 4040 τῶν
3266 3987 3472 4061 νεκρῶν
3505 3987 3600 4041 καὶ
3623 3988 3701 4050 είς

2135 4084 2396 4154 οὐρανοὺς
2423 4080 2747 4150 ἀναληφθέν.
2779 4079 2953 4132 Αὐτοῦ
2985 4079 3041 4132 δὲ
3083 4079 3243 4133 πάλιν
3284 4079 3435 4142 ὄντος
3464 4077 3561 4132 τοῦ
3597 4077 3702 4152 σιτί-

2141 4193 2326 4246 ματος,
2351 4175 2442 4228 καὶ
2477 4175 2576 4227 οὐκ
2599 4174 2747 4236 ὄντος
2773 4169 3110 4235 ἐκτὸςὶὺτοῦ
3143 4171 3235 4224 τοῦ
3261 4171 3451 4240 Λόγου,
3479 4171 3701 4232 εἰκότως

2138 4265 2440 4336 ὑψουμένου
2465 4263 2557 4318 τοῦ
2598 4263 2845 4335 σώματος
2867 4305 2881 4328 ,
2914 4263 3072 4327 αὐτὸς
3123 4263 3198 4326 ὡς
3253 4261 3534 4332 ἄνθρωπος
3565 4262 3697 4330 (85),

2137 4357 2226 4412 διὰ
2248 4356 2309 4410 τὸ
2332 4355 2490 4428 σῶμα
2516 4355 2779 4427 ὑψοῦσθαι
2803 4356 3039 4426 λέγεται.
3067 4355 3131 4408 El
3157 4355 3254 4426 μὲν
3273 4350 3364 4408 οὖν
3393 4355 3452 4407 οὺ
3475 4354 3699 4424 γέγονεν

540 4519 584 4552 ¹⁹
613 4513 785 4572 lCor.
829 4531 920 4581 xv,
959 4516 1050 4572 47.
1131 4518 1176 4549 ⁸⁰
1213 4517 1334 4573 Act.
1375 4533 1435 4585 ιι,
1475 4517 1567 4573 24.
1643 4519 1686 4552 ¹¹
1729 4515 1922 4587 Philip.
1955 4532 2016 4580 ιι,

2182 4515 2227 4545 ’⁸
2257 4513 2378 4569 Act.
2419 4529 2480 4568 ιι.
2505 4514 2594 4568 24.
2672 4514 2718 4545 ’³
2747 4511 2944 4570 thes.
2988 4528 3061 4580 iv,
3100 4511 3155 4566 9.

563 4678 651 4749 75)
678 4675 900 4749 §eguer.
934 4675 1028 4749 καί
1053 4675 1273 4749 omittit.

567 4745 652 4820 76)
683 4745 929 4820 segnem,
959 4746 1194 4820 λέγεται,
1218 4747 1299 4799 ὃτι
1324 4747 1352 4799 ό
1368 4745 1635 4820 τοιοῦτος.

538 4811 650 4890 (77)
689 4811 846 4890 ’[δῖον
876 4811 1083 4890 εὺεξῑξε
1109 4815 1332 4890 Seguer.
1368 4815 1537 4890 Paulo
1573 4823 1693 4890 post
1728 4811 2034 4890 idem,__Go—

2063 4675 2107 4731 D
2147 4745 2160 4751 Α
2185 4671 2317 4751 ,(81)
2349 4670 2570 4751 Se_guer;
2607 4669 2820 4751 Gomer.
2867 4677 2927 4751 et
2961 4667 3104 4751 Fel_c_.
3142 4665 3386 4751 l,neivat
3416 4667 3466 4751 ,ἢ
3503 4669 3695 4751 πάρος.

2132 4736 2236 4797 ΑΙιῖ
2271 4736 2323 4797 et
2363 4736 2489 4796 editi
2520 4736 2657 4794 εἶναι
2687 4741 2780 4792 καὶ
2802 4738 3012 4811 ῃπάθος.
3045 4736 3521 4811 Μυαλὸθιζυοιῆεᾰιι.
3560 4739 3694 4811 Reg.

2129 4811 2292 4867 Basil.
2325 4821 2380 4866 et
2405 4811 2640 4880 Anglic”
2678 4808 2958 4880 i'YtmeOat
2997 4809 3106 4879 γὰρ
3136 4808 3553 4880 λέγεταιαὺτός,
3589 4808 3694 4865 etc.

465 4876 600 4945 bler.
625 4876 677 4942 et
710 4885 852 4941 Felc.
872 4887 939 4956 Ai,
976 4885 1065 4956 διά
1097 4885 1158 4956 τὸ
1182 4876 1341 4956 εἶναι
1364 4890 1454 4938 τὸν
1497 4887 1554 4939 ἐν
1575 4876 1812 4956 σώματι.
1840 4884 1946 4937 Alii
1978 4893 2032 4937 et

2144 4882 2285 4956 @diti
2301 4876 2518 4956 et_alii_,'
2536 4876 3120 4956 '1‘¢e_§a_6at_yd_p,_etc.
3170 4877 3302 4932 lbid.
3333 4876 3695 4956 semei-ianus

464 4959 614 5019 editi,
640 4957 728 5011 διὰ
755 4957 814 5010 τὸ
846 4951 984 5010 εἶναι
1009 4955 1170 5026 αὑτὸν
1195 4957 1252 5026 ἐν
1280 4955 1510 5026 σώματι.

537 5028 649 5099 (78)
681 5027 929 5096 Seguen,
958 5024 1107 5096 παρὰ
1131 5024 1224 5078 τοῦ
1250 5020 1477 5097 Πέτρου.
1505 5023 1646 5081 Editi
1671 5033 1724 5080 et
1744 5023 1855 5089 alii,
1883 5020 2034 5094 παρὰ

467 5098 692 5152 Πέτρου.

537 5163 650 5240 (79)
677 5167 922 5240 §eguer.,
957 5164 1140 5240 οὕτως
1155 5167 1249 5220 καὶ
1293 5164 1451 5240 παρά
1476 5163 1592 5240 τοῦ,
1623 5173 1727 5240 etc.
1753 5165 1946 5240 Ceteri
1977 5172 2032 5218 et

465 5232 1004 5314 gditi_,'0i’nio,_1::xp&_
1048 5235 1178 5314 :06“,
1228 5245 1333 5314 etc.
1357 5232 1579 5314 ibidem
1629 5233 1852 5314 Seguer.
1893 5232 2021 5314 R33.

466 5304 952 5378 Goblerian._Fel§.
983 5308 1017 5378 li
1047 5317 1102 5362 et
1140 5307 1196 5372 5,
1230 5305 1417 5378 ἐπειδὴ
1464 5304 1614 5378 Θεὸς.
1643 5307 1745 5361 Alii
1782 5316 1837 5378 et
1871 5304 2027 5378 editi,

467 5376 684 5431 ἐπειδὰν
707 5376 858 5439 Θεὸς.
892 5375 1060 5446 Paulo
1084 5387 1206 5446 post
1228 5373 1450 5446 Seguer.
1475 5374 1692 5431 Gobler.
1717 5387 1767 5431 et
1795 5373 1953 5446 Felc._
1974 5375 2024 5437 l-,

464 5446 740 5512 ἀπέδειξεν
764 5445 911 5516 αὐτῷ
952 5446 1046 5498 καὶ
1085 5444 1219 5511 τοῖς.
1242 5444 1433 5501 Caneri
1466 5456 1520 5501 et
1558 5446 1711 5513 editi,
1746 5444 2027 5510 ἀπέδειξεν

462 5517 622 5570 αὐτὸν
653 5517 746 5570 καὶ
771 5518 900 5578 τοῖς.

534 5586 643 5657 (80)
668 5586 891 5658 Seguer.
936 5585 1094 5658 Ἴδιον
1133 5588 1242 5658 γὰρ
1285 5587 1393 5658 τῶν
1434 5582 2023 5658 ἀνθρώπωνηΕ-άίιίῄει

463 5653 575 5779 agi,
609 5653 767 5710 Ἰδιον
792 5655 899 5725 γὰρ
939 5653 1257 5724 ἀνθρώπων.
1303 5657 1437 5713 Ibid.
1479 5653 1736 5727 δόμοι-η
1765 5653 1898 5716 Θεὸς
1946 5653 2020 5704 ὢν

463 5760 480 5779 .
537 5743 649 5779 voc.

462 5743 649 5793 Λογος.

2127 4951 2309 5006 Basili.
2341 4951 2556 5005 Gobler.
2581 4948 2801 5020 etFelc.
2832 4951 2877 5012 l,
2911 4948 3018 5003 άπὸ
3039 4948 3462 5020 τῶνκατωτέρω
3487 4949 3696 5020 μερῶν.

2127 5023 2254 5076 Item
2286 5019 2789 5091 Seguerian._ibid.,
2829 5021 2950 5074 ἐπεὶ
2981 5019 3074 5072 καὶ
3105 5017 3290 5071 αὐτοῦ.
3323 5017 3463 5072 Editi
3491 5017 3695 5085 Vel—alii,

2128 5093 2313 5163 ἐπειδὴ

2339 5089 2432 5144 καὶ
2463 5089 2648 5144 αὑτοῦ.

2197 5154 2428 5232 (82f_Sic
2471 5159 2602 5232 lleg,
2643 5157 2859 5232 Gobler.
2887 5168 2949 5232 et
2969 5156 3113 5232 Eelc.
3149 5156 3293 5232 l.__At
3312 5154 3695 5232 _Seguer.,_xa}

2126 5226 2298 5302 αὐτοῦ’
2320 5227 2387 5302 ἦν
2419 5229 2513 5302 καὶ
2537 5226 2635 5299 οὐχ
2667 5228 2875 5300 ἐτέρου.
2907 5227 3049 5284 Editi
3077 5235 3132 5282 et
3158 5226 3275 5294 alii,
3307 5226 3490 5298 ἐπειδὴ
3523 5228 3693 5282 αὐτοῦ

2122 5297 2213 5374 ἦνι
2225 5297 2574 5374 Εὺκζέτέέουο

2195 5365 2427 5440 (85)”51ο
2460 5365 2691 5440 'Seguer.
2714 5367 2940 5440 ,Gobler.
2967 5375 3022 5423 et
3048 5365 3193 5440 Felc.
3229 5367 3282 5440 l.
3320 5365 3440 5440 _Alii_
3472 5380 3604 5420 vero
3636 5378 3692 5420 et

2123 5435 2271 5511 editi,
2290 5435 2568 5511 σώματος,
2597 5438 2672 5502 ὠς
2697 5437 3006 5511 άνθρωπος,
3039 5437 3139 5511 καὶ
3166 5437 3254 5492 διὰ
3285 5437 3345 5511 τὸ
3373 5435 3686 5511 σῶμαηθις.

2125 5509 2294 5564 Paulo
2322 5505 2444 5580 post
2484 5509 2646 5580 iidem,
2693 5505 2914 5580 Seguer.
2954 5507 3168 5580 Gobler.
3213 5505 3521 5580 et_Fel_c_-.:1,
3561 5505 3688 5580 ἐγέ-

2128 5522 2294 5564 Paulo
2322 5522 2444 5580 post
2484 5522 2642 5562 iidem
2693 5522 2914 5578 beguer.
2954 5522 3168 5562 uomet.
3213 5522 3267 5561 et
3299 5522 3442 5562 r’elc.
3474 5522 3521 5567 ι,
3561 5522 3688 5574 εγε-

2128 5597 2250 5634 νετο
2275 5579 2444 5662 σαρξί.
2459 5579 2653 5662 Ceteri
2686 5589 2740 5632 et
2767 5578 2918 5662 editi,
2942 5577 3145 5662 Δγέγονε
3175 5575 3326 5662 σάρξ.
3361 5575 3558 5662 Ibidem

2127 5667 2277 5726 guer.
2311 5645 2367 5726 ei
2406 5650 2559 5726 lies"
2595 5647 2670 5710 ὡς
2698 5647 2836 5726 Δπερ).
2874 5645 3179 5726 ἀνθρώπου.
3213 5645 3362 5726 e_lc1
3385 5648 3498 5726 ζει
3527 5645 3685 5711 editi,

2128 5713 2311 5792 ὥσπερ
2346 5713 2650 5791 ἀνθρῶπου.
2684 5713 2793 5770 Alii
2813 5713 3086 5782 Inss.,'xai
3115 5717 3242 5788 περὶ
3269 5714 3576 5787 ἀνθρώπου.
