3972 6224
297 380 394 434 {09

1421 380 1679 438 ORATIO
1717 381 1734 434 Ι
1775 379 2051 435 CONTRA
2088 381 2404 439 ARL‘XNOS.

3423 378 3524 433 “0

291 499 444 568 ἡμεῖς
473 494 608 571 ἦμεν
660 505 711 555 οἱ
747 506 803 558 ἐν
837 508 983 579 αὐτῷ
1018 511 1108 563 καὶ
1159 513 1284 582 παρ’
1339 509 1501 562 αὑτοῦ
1558 509 1852 578 λουόμενοι.

1967 497 2295 558 lavabamur.
2333 505 2466 558 Cum
2517 503 2642 557 item
2679 500 2938 571 Spiritum
2987 503 3270 570 acciperet,
3300 518 3400 556 nos
3433 504 3522 556 di-

292 593 394 643 Καὶ
419 593 706 663 δεχομένου
742 597 798 650 δὲ
823 600 983 653 αὑτοῦ
1008 602 1069 654 τὸ
1099 603 1355 674 Πνεῦμα,
1389 605 1548 672 ἡμεῖς
1600 597 1739 672 ἦμεν
1778 601 1853 669 (7)

292 686 337 736 οί
366 688 493 756 παρ’
527 687 694 740 αὐτοῦ
727 691 1000 760 γινόμενοι
1035 694 1226 750 τούτου
1266 694 1520 748 δεκτικοί.
1557 692 1653 746 Διὰ
1697 691 1854 745 τοῦτο

290 777 394 829 οὐδ’
418 777 602 850 ὥσπερ
645 780 884 852 ’Λαρὼν;
907 784 940 854 ἦ
964 786 1147 850 Δαϐὶδ,
1174 787 1207 857 ἢ
1242 788 1290 840 οἱ
1313 785 1461 840 ἄλλοι
1503 786 1728 848 πάντες,
1768 785 1856 838 οῦ-

293 885 393 931 τως
430 872 522 922 καὶ
565 872 729 934 αὐτὸς
770 873 932 943 ἐλαίῳ
974 876 1254 949 κεχρισται
1278 918 1293 939 ,
1323 877 1456 930 άλλά
1489 876 1662 938 άλλως
1707 875 1854 946 παρὰ

293 960 496 1024 πάντας
543 964 671 1026 τοὺς
715 965 970 1036 μετόχους
1008 968 1194 1034 αὑτοῦ,
1232 969 1395 1040 ἐλαίῳ
1442 967 1812 1036 ἀγαλλιάσεως
1837 985 1850 997 '

291 1053 423 1123 ὅπερ
451 1054 527 1124 (8)
556 1056 872 1127 ἑρμηνεύων
894 1059 1053 1123 αὐτὸς
1083 1056 1221 1114 εἶναι
1258 1061 1318 1113 τὸ
1361 1059 1601 1129 Πνεῦμα,
1633 1059 1719 1113 διὰ
1763 1057 1854 1112 τοῦ

291 1147 566 1214 προφήτου
594 1146 728 1216 φησι
751 1165 766 1180 °
799 1150 1037 1219 Πνεῦμα
1055 1153 1274 1219 Κυρίου
1307 1152 1397 1204 ἐπ’
1435 1151 1559 1221 ἐμὲ,
1607 1147 1679 1205 οὗ
1708 1151 1858 1203 εἵνε-

295 1251 395 1286 κεν
424 1235 634 1306 ἐχρισέ
672 1257 778 1308 με·
834 1241 1016 1306 καθὼς
1053 1244 1144 1297 καὶ
1179 1242 1253 1314 (9)
1286 1245 1314 1296 6
1360 1243 1675 1306 ’Λπόστολος
1708 1243 1858 1313 εἴρη-

293 1342 382 1377 κεν
406 1341 421 1352 ⁸
460 1328 556 1393 Ὠς
592 1330 835 1398 ἔχρισεν
871 1333 1056 1385 αὐτὸν
1083 1336 1115 1386 ὁ
1150 1332 1292 1399 Θεὸς
1341 1335 1630 1402 Πνεύματι
1691 1333 1853 1402 ἁγίῳ.

293 1417 426 1469 Πότε
457 1413 552 1471 οὖν
572 1421 665 1472 καὶ
691 1419 864 1474 ταῦτα
895 1421 1022 1492 περὶ
1048 1421 1214 1475 αὑτοῦ
1248 1423 1534 1493 εἴρηται,ἤ
1563 1423 1648 1475 ὅτε
1672 1421 1763 1475 καὶ
1801 1423 1856 1473 ἐν

295 1509 453 1580 σαρκὶ
473 1511 764 1580 γενόμενος
798 1511 1116 1576 ἐϐάπτιζετο
1148 1514 1205 1565 ὲν
1231 1512 1309 1583 τῷ
1353 1513 1610 1584 Ἰορδάνῃ,
1641 1513 1734 1566 κα).
1758 1531 1857 1568 κα-

291 1598 591 1669 ταϐέϐηκεν
617 1603 698 1653 ἐπ’
733 1602 894 1655 αὑτὸν
927 1603 986 1655 τὸ
1024 1603 1283 1674 Πνεῦμα;
1343 1604 1452 1656 Καὶ
1478 1603 1580 1675 μὴν
1629 1605 1790 1668 αὐτὸς
1830 1607 1859 1659 6

293 1690 492 1761 Κύριός
524 1693 636 1762 (l0)
666 1711 796 1763 φησι
821 1711 834 1724 ⁸
873 1695 946 1748 Τὸ
978 1696 1203 1767 Πνεῦμα
1248 1698 1314 1751 ἐκ
1358 1696 1464 1752 τοῦ
1493 1697 1638 1766 ἐμοῦ
1677 1696 1860 1765 λήψεκ

293 1799 414 1834 ται·
449 1785 565 1846 καὶ,
611 1784 752 1854 Ἐγὼ
774 1787 918 1839 αὐτὸ
952 1787 1310 1844 ἀποστέλλω
1330 1789 1438 1861 (Η)
1460 1807 1473 1819 ·
1498 1790 1610 1851 καὶ,
1641 1789 1858 1843 Λάϐετε

1963 611 2097 665 gnos
2144 595 2424 659 reddebat,
2464 595 2556 666 qui
2610 595 2761 648 illum
2813 595 3203 664 acciperemus.
3255 592 3522 660 Quocirca

1963 684 2068 738 n'on
2095 695 2153 739 ut
2177 685 2378 750 Aaron,
2416 687 2498 740 vel
2529 684 2718 751 David,
2748 693 2843 739 aut
2871 685 2964 738 alii
2989 699 3199 750 omnes,
3230 684 3300 738 ita
3331 694 3386 739 et
3411 685 3526 756 ipse

1963 779 2083 832 oleo
2105 786 2188 834 cst
2218 788 2435 844 unctus,
2467 778 2561 833 sed
2591 779 2746 831 aliter
2777 792 2887 846 pra:
2911 776 3165 832 omnibus
3191 777 3270 831 sui
3299 792 3527 832 consero

1963 869 2140 932 tibus,
2185 885 2381 940 nempe
2437 869 2558 924 oleo
2609 869 2844 935 laetitiae;
2886 869 3031 940 quod
3084 883 3207 924 esse
3259 867 3524 938 Spiritum

1965 969 2214 1014 sanctum
2248 961 2330 1015 his
2362 962 2474 1030 ipse
2519 961 2791 1031 propheta:
2831 960 3009 1016 verbis
3051 961 3207 1015 docet
3239 979 3252 1015 :
3291 959 3526 1029 Spiritus

1965 1051 2179 1105 Domini
2210 1069 2364 1122 super
2396 1069 2496 1118 me,
2528 1070 2586 1107 eo
2612 1055 2749 1122 quod
2774 1053 2983 1106 tinxerit
3013 1069 3092 1106 me
3115 1054 3180 1106 ’°.
3221 1051 3361 1107 Idem
3391 1067 3530 1123 quo-

1964 1158 2072 1213 que
2104 1143 2179 1196 ait
2208 1145 2500 1213 Apostolus
2534 1164 2546 1198 :
2588 1145 2858 1210 Quomodo
2900 1147 3053 1199 unxit
3083 1161 3199 1199 eum
3234 1144 3370 1199 Deus
3408 1144 3528 1215 Spi-

1968 1239 2073 1290 ritu
2106 1246 2288 1291 sancto
2330 1237 2394 1290 ³ο.
2423 1238 2653 1304 Quando
2678 1238 2841 1308 igitur
2869 1239 2970 1293 ista
3001 1239 3067 1294 de
3091 1239 3183 1292 illo
3209 1237 3352 1292 dicta
3377 1248 3525 1302 sunt,

1965 1329 2071 1383 nisi
2114 1344 2237 1382 cum
2291 1339 2566 1398 assumpta
2619 1344 2778 1384 carne
2816 1328 3145 1398 baptismum
3196 1329 3250 1382 in
3293 1326 3530 1382 Jordane

1967 1421 2225 1490 suscepit,
2265 1430 2430 1491 atque
2475 1423 2528 1476 in
2571 1422 2748 1492 ipsum
2799 1421 3080 1478 descendit
3138 1422 3408 1492 Spiritus?
3467 1421 3530 1475 Et

1966 1528 2097 1566 vero
2135 1513 2252 1582 ipse
2304 1513 2520 1580 quidem
2555 1512 2818 1570 Dominus
2868 1515 2938 1568 ita
2984 1514 3245 1584 loquitur,
3293 1513 3529 1585 Spiritus

1966 1605 2029 1656 de
2055 1621 2166 1657 meo
2207 1605 2423 1672 accipiet
2447 1604 2527 1666 al;
2575 1613 2627 1657 ct
2660 1623 2671 1658 :
2708 1604 2819 1676 Ego
2869 1606 3018 1659 illum
3053 1607 3202 1659 mitto
3229 1606 3308 1672 ³²;
3361 1613 3414 1660 et
3460 1605 3528 1658 ad

1967 1696 2262 1766 discipulos
2299 1714 2312 1748 :
2351 1695 2588 1765 Accipite
2629 1695 2888 1766 Spiritum
2939 1707 3178 1751 sanctum
3207 1696 3272 1750 ³³.
3324 1695 3531 1751 Nihilo-

1968 1787 2150 1840 minus
2179 1787 2294 1857 ipse
2323 1785 2411 1841 ille
2439 1787 2556 1856 qui,
2588 1797 2647 1841 ut
2677 1787 2910 1842 Verbum
2951 1798 3006 1842 et
3046 1787 3301 1858 splendor
3323 1786 3524 1852 Patris,

296 1874 533 1944 Πνεῦμα
563 1875 752 1944 ἄτιον,
798 1881 912 1943 τοῖς
957 1880 1246 1952 μαθηταῖς.
1279 1883 1388 1935 Καὶ
1439 1881 1585 1951 ὅμως
1615 1883 1644 1934 6
1683 1880 1862 1944 ἄλλοις

1969 1877 2230 1948 Spiritum
2277 1879 2400 1933 aliis
2447 1879 2706 1950 impertit,
2737 1895 2881 1934 nunc
2932 1881 3132 1934 dicitur
3178 1880 3527 1946 sanctificari,

294 1965 545 2034 παρέχων
565 1966 641 2030 ὡς
669 1968 839 2036 Λόγος
871 1971 964 2022 κα).
989 1971 1327 2043 ἀπαύγασμα
1358 1973 1451 2025 τοῦ
1487 1972 1697 2044 Πατρὸς
1717 1973 1806 2042 λέγ
1817 1991 1864 2026 s-

293 2076 374 2112 ται
406 2059 501 2112 νῦν
526 2060 866 2128 άγιάζεσθαι,
893 2063 1079 2136 ἐπειδὴ
1110 2064 1271 2118 πάλιν
1296 2065 1519 2133 γέγονεν
1553 2064 1859 2137 ἄνθρωπος,

295 2154 384 2206 καὶ
400 2154 463 2205 τὸ
492 2153 848 2225 άγιαζόμενον
881 2153 1040 2226 σῶμα
1077 2156 1240 2209 αὑτοῦ
1281 2158 1449 2210 ἐστιν.
1512 2156 1602 2224 Ἐξ
1654 2157 1860 2210 ἐκείνου

292 2246 420 2315 γοῦν
452 2247 567 2319 (12)
596 2248 687 2301 καὶ
721 2249 883 2318 ἡμεῖς
930 2248 1217 2322 ἠρξάμεθα
1249 2248 1343 2302 τοῦ
1396 2249 1457 2302 τὸ
1506 2250 1715 2321 χρίσμα
1767 2250 1861 2304 καὶ

293 2338 387 2407 τὴν
415 2336 684 2408 σφραγῖδα
709 2337 1024 2408 λαμϐάνειν,
1055 2337 1301 2408 λεγοντος
1330 2339 1425 2392 τοῦ
1458 2339 1556 2410 μὲν
1596 2340 1861 2404 Ἰωάννου,

292 2429 399 2482 Καὶ
446 2429 619 2498 ὑμεῖς
648 2430 873 2499 χρίσμα
913 2429 1080 2499 ἔχετε
1116 2431 1238 2486 ἀπὸ
1294 2432 1402 2486 τοῦ
1437 2432 1638 2502 ἁγίου·
1681 2432 1774 2486 τοῦ
1807 2433 1864 2487 δὲ

305 2521 650 2586 Ἀποστόλου,
675 2523 781 2576 Καὶ
804 2522 971 2593 ὑμεῖς
999 2523 1446 2593 ἐσφραγίσθητε
1467 2524 1544 2592 τῷ
1567 2527 1864 2596 Πνεύματι

292 2609 393 2679 τῆς
418 2613 780 2683 ἐπαγγελίας
807 2612 887 2679 τῷ
917 2613 1082 2682 ἁγίῳ.
1105 2613 1312 2668 Οὐκοῦν
1328 2614 1394 2667 δι’
1417 2617 1584 2686 ἡμᾶς,
1611 2617 1703 2670 καὶ
1724 2619 1864 2690 ὑπὲρ

292 2701 446 2772 ἡμῶν
477 2703 594 2756 ἐστι
651 2701 713 2754 τὸ
765 2701 1073 2773 λεγόμενον.
1108 2703 1241 2756 Ποία
1281 2703 1460 2758 τοίων
1501 2707 1597 2758 καὶ
1638 2708 1702 2759 ἐκ
1745 2706 1865 2760 τού-

289 2812 382 2847 του
417 2795 531 2866 (15)
569 2795 819 2865 προκοπὴ
853 2793 1184 2864 βελτιώσεως
1221 2795 1312 2848 καὶ
1366 2797 1555 2868 μισθὸς⁹
1597 2799 1796 2870 ἀρετῆς
1829 2799 1862 2868 ἢ

292 2887 476 2951 ἀπλῶς
505 2887 760 2960 πράξεως
780 2886 875 2940 τοῦ
905 2887 1108 2958 Κυρίου
1150 2888 1458 2954 δείκνυται;
1503 2892 1564 2943 Εἰ
1610 2892 1706 2961 μὲν
1733 2877 1879 2962 γάρ,

293 2983 355 3034 ἐκ
380 2980 474 3034 τοῦ
511 2980 586 3050 μὴ
637 2974 775 3032 εἶναι
828 2979 978 3045 Θεὸς,
1005 2979 1136 3043 Θεὸς
1185 2981 1426 3049 ἐγεγόνει
1449 2999 1463 3012 ·
1501 2985 1570 3047 εἰ,
1616 2983 1689 3055 μὴ
1718 2983 1866 3054 βασι-

293 3068 414 3133 λεὺς
439 3069 550 3141 (14)
579 3067 675 3132 ὢν,
699 3069 780 3132 είς
804 3068 1080 3139 βασιλείαν
1102 3071 1390 3142 προήγετο,
1426 3067 1570 3141 εἶχεν
1615 3071 1680 3125 ἂν
1714 3074 1867 3144 ὑμῶν

1967 1969 2096 2039 quia
2125 1969 2332 2024 scilicet
2359 1970 2534 2024 factus
2565 1971 2730 2026 homo
2759 1980 2862 2037 est,
2901 1971 3128 2041 ejusque
3161 1973 3532 2026 sanctitieatur

1967 2075 2185 2130 corpus.
2212 2061 2339 2116 Inde
2367 2061 2549 2132 itaque
2570 2078 2670 2117 nos
2691 2063 2850 2116 etiam
2876 2065 3186 2118 unctionem
3213 2071 3268 2118 et
3289 2063 3530 2133 sigillum

1967 2152 2167 2208 habere
2198 2153 2521 2223 ineepimus,
2549 2155 2760 2213 dicente
2793 2153 3002 2209 Joanne
3034 2173 3048 2207 :
3085 2153 3154 2206 Et
3193 2170 3280 2207 uos
3327 2155 3532 2208 unctio-

1968 2260 2082 2297 nem
2109 2243 2310 2298 habetis
2338 2261 2369 2297 a
2399 2253 2583 2298 sancto
2617 2245 2682 2300 “.
2717 2245 3010 2314 Apostolus
3043 2260 3261 2315 quoque
3304 2245 3529 2300 scribit:

1968 2334 2039 2388 Et
2067 2352 2154 2389 vos
2182 2337 2380 2406 signati
2423 2338 2548 2391 estis
2597 2337 2808 2406 Spiritu
2848 2338 3211 2406 promissionis
3247 2345 3428 2391 sancto
3464 2338 3530 2393 ”.

1968 2428 2102 2484 Illud
2131 2429 2297 2500 igitur
2318 2439 2539 2500 propter
2567 2445 2668 2485 nos
2698 2440 2753 2484 et
2787 2444 2888 2500 pro
2926 2430 3083 2486 nobis
3110 2431 3328 2486 dicitur.
3365 2429 3545 2496 Quid-‘

1969 2536 2093 2574 nam
2119 2536 2248 2577 vero
2279 2523 2676 2578 incrementum
2705 2522 2759 2575 in
2797 2521 3012 2589 melius,
3039 2537 3161 2592 qua:
3199 2521 3417 2576 virtutis
3449 2523 3533 2575 vel

1967 2611 2238 2668 factorum
2279 2612 2495 2668 Domini
2541 2628 2749 2668 merces
2795 2614 2972 2684 possit
3019 2629 3085 2670 ex
3135 2614 3222 2678 his
3273 2616 3535 2685 probari?

1965 2703 2214 2777 Namque
2237 2707 2284 2762 si
2307 2722 2431 2762 cum
2457 2705 2600 2761 Deus
2624 2720 2732 2760 non
2760 2716 2923 2774 esset,
2943 2706 3124 2761 factus
3140 2705 3336 2762 fuisset
3352 2706 3529 2761 Deus:

1967 2797 2012 2850 si
2059 2811 2185 2850 cum
2231 2811 2338 2850 non
2383 2805 2527 2851 esset
2573 2810 2690 2863 rex,
2718 2795 2920 2865 regiam
2965 2795 3160 2852 fuisset
3205 2807 3534 2851 consecutus

1966 2887 2318 2957 dignitatem;
2352 2887 2556 2943 inesset
2587 2903 2719 2942 sane
2749 2898 2928 2942 vestra
2969 2887 3022 2942 in
3059 2888 3308 2942 oratione
3339 2887 3533 2942 umbra

1966 2979 2155 3034 saltem
2190 2978 2371 3048 aliqua
2403 2979 2917 3036 verisimilitudinis.
2945 2980 3042 3035 Sin
3067 2988 3246 3034 autem
3281 2978 3421 3034 Deus
3445 2979 3533 3032 ille

1966 3083 2070 3139 est,
2106 3074 2332 3144 ejusque
2371 3083 2608 3130 aeternus
2641 3083 2725 3130 est
2763 3074 3017 3138 thronus,
3048 3074 3163 3144 qui,
3194 3087 3400 3142 quaeso.
3437 3086 3534 3141 po-

292 3163 320 3217 ὁ
356 3161 513 3229 λόγος
535 3164 696 3225 σκιᾶς
718 3177 863 3224 τινος
889 3162 1240 3232 πιθανότητα.
1275 3165 1338 3216 Εἰ
1371 3164 1428 3217 δὲ
1458 3165 1588 3228 Θεός
1609 3165 1742 3228 ἐστι,
1774 3166 1862 3219 καὶ

1969 3165 2074 3220 ιυίι
2110 3165 2373 3236 prolicere
2416 3165 2578 3230 Deus,
2610 3165 2810 3236 quidve
2835 3165 2912 3220 illi
2943 3166 3125 3219 deerat
3150 3163 3244 3234 qui
3277 3163 3329 3216 in
3358 3161 3534 3217 Patris

291 3255 320 3306 6
343 3253 530 3325 θρόνος
555 3253 720 3307 αὑτοῦ
755 3254 853 3324 τῆς
885 3253 1158 3324 βασιλείας
1182 3253 1396 3318 αἰώνιός
1422 3257 1534 3308 ἐστι
1555 3298 1568 3320 ,
1598 3255 1699 3308 ποῦ
1749 3251 1860 3327 εἶχε

291 3343 564 3415 προκόψαι
589 3342 722 3408 Θεός
745 3359 760 3407 ;
787 3343 820 3414 ἢ
860 3343 910 3395 τί
937 3342 1118 3396 ἔλειπε
1139 3343 1218 3413 τῷ
1245 3345 1337 3396 ἐπὶ
1382 3343 1474 3397 τὸν
1503 3344 1690 3415 θρόνον
1741 3345 1866 3398 καθ-

291 3435 475 3505 ημένῳ
495 3433 591 3486 τοῦ
609 3434 820 3506 Πατρός
840 3452 854 3500 ;
884 3436 945 3488 Et
961 3435 1040 3500 δὲ,
1067 3435 1160 3488 κα)¹
1181 3436 1256 3499 ὡς
1277 3435 1437 3499 αὐτὸς
1455 3437 1483 3488 6
1503 3435 1704 3508 Κύριος
1725 3436 1867 3508 εἴρη-

293 3543 404 3588 κεν,
435 3525 606 3579 αὑτοῦ
641 3526 843 3580 ἔστιτὸ
873 3527 1115 3598 Πνεῦμα,
1141 3529 1205 3580 ἐκ
1247 3526 1340 3580 τοῦ
1365 3527 1529 3581 αὑτοῦ
1579 3528 1863 3598 λαμϐάνει,

293 3614 452 3676 αὑτός
494 3631 558 3666 τε
587 3615 719 3668 αὐτὸ
773 3615 1090 3670 ἀποστέλλει
1116 3633 1129 3646 ·
1167 3617 1266 3670 οὐκ
1293 3617 1401 3689 ἄρα
1428 3618 1457 3670 6
1495 3617 1666 3686 Λόγος
1697 3619 1863 3680 ἐστὶν,

293 3699 325 3778 ᾖ
353 3707 462 3775 (l5)
494 3706 670 3775 Λόγος
703 3709 820 3761 ἐστὶ
848 3710 940 3762 καὶ
973 3709 1152 3778 σοφία,
1191 3711 1220 3763 6
1243 3710 1322 3781 τῷ
1359 3711 1488 3783 παρ’
1529 3711 1691 3764 αὑτοῦ
1729 3711 1866 3764 διδο-

298 3796 440 3866 μένῳ
459 3797 740 3868 Πνεῦματι
767 3799 1071 3870 χριόμενος,
1103 3801 1215 3854 ἀλλ’
1240 3804 1274 3872 ἡ
1305 3801 1710 3873 προσληφθεῖσα
1734 3805 1864 3872 παρ’

295 3889 458 3942 αὑτοῦ
494 3891 635 3961 σάρξ
679 3892 847 3953 ἐστιν,
877 3895 908 3964 ἡ
933 3894 990 3946 ὲν
1012 3893 1160 3965 αὐτῷ
1206 3894 1302 3947 κα)⁸
1329 3894 1460 3964 παρ’
1503 3893 1668 3946 αὑτοῦ
1721 3906 1868 3964 χριο-

297 3981 428 4050 μένη
448 3999 463 4012 ο
491 3983 582 4035 ἵνα
609 3983 703 4035 καὶ
732 3985 761 4035 6
798 3984 1087 4055 ἁγιασμὸς,
1115 3985 1190 4048 ὡς
1223 3986 1301 4049 εἰς
1329 3984 1615 4056 ἄνθρωπον
1641 3984 1732 4038 τὸν
1753 3984 1866 4037 Κύ-

201 4099 208 4106 ~
295 4090 406 4142 ριον
433 4074 740 4142 γινόμενος,
766 4077 846 4138 εἰς
873 4076 1077 4138 πάντας
1106 4075 1445 4147 ἀνθρώπουςί
1473 4077 1696 4146 γένηται
1735 4077 1865 4147 παρ’

294 4168 479 4220 αὐτοῦ.
509 4169 586 4220 Οὐ
617 4168 726 4240 γὰρ
758 4168 848 4237 ἀφ’
870 4168 1082 4232 ἑαυτοῦ,
1121 4168 1254 4238 φησὶ
1278 4207 1294 4231 ,
1336 4169 1398 4222 τὸ
1435 4167 1658 4241 Πνεῦμα
1696 4167 1865 4231 λαλεῖ,

430 4261 458 4311 6
480 4261 654 4328 Λόγος
681 4262 847 4322 ἐστὶν,
874 4263 902 4314 6
919 4261 1074 4314 τοῦτο
1097 4261 1270 4326 διδοὺς
1296 4265 1408 4326 τοῖς
1432 4261 1620 4327 ἀξίοις.
1645 4263 1868 4333 Ὅμοιον

293 4351 400 4423 γάρ
419 4353 534 4404 ἐστι
565 4353 659 4406 καὶ
695 4353 852 4406 τοῦτο
883 4353 960 4424 τῷ
1001 4354 1378 4425 προειρημένῳ
1421 4353 1569 4425 ρητῷ
1591 4370 1608 4386 ο
1652 4353 1729 4418 ὡς
1761 4355 1868 4430 γὰρ

293 4445 322 4495 6
365 4443 684 4507 ’Λπόστολος
711 4443 978 4514 ἔγραψεν·
1018 4445 1122 4510 Ὃς
1145 4443 1216 4497 ἐν
1236 4443 1439 4514 μορφῇ
1492 4443 1641 4498 Θεοῦ
1682 4444 1870 4513 ὑπάρ-

1968 3256 2108 3312 solio
2145 3255 2404 3310 sedebat?
2433 3253 2697 3311 Praeterea
2729 3257 2794 3323 si,
2829 3264 2890 3310 ut
2933 3256 3047 3325 ipse
3085 3253 3316 3308 aﬂirmat
3348 3250 3535 3308 Domi-

1967 3363 2092 3410 nus,
2125 3348 2245 3418 ejus
2291 3355 2376 3403 est
2423 3347 2684 3417 Spiritus,
2721 3362 2787 3402 ex
2839 3363 3014 3417 eoque
3059 3346 3276 3416 accipit,
3310 3345 3535 3414 ipseque

1969 3436 2120 3490 illum
2149 3435 2316 3491 mittit
2347 3453 2361 3490 :
2388 3450 2496 3490 non
2527 3436 2693 3506 igitur
2721 3435 2976 3499 Verbum,
2999 3445 3268 3505 quatenus
3297 3431 3532 3488 Verbum

1966 3537 2020 3581 et
2062 3527 2330 3596 sapientia
2365 3533 2470 3592 est,
2494 3541 2525 3579 a
2557 3523 2784 3594 Spiritu,
2813 3540 2975 3594 quem
3004 3524 3121 3594 ipse
3147 3525 3258 3587 dat,
3289 3525 3530 3591 ungitur.

1967 3618 2060 3671 sed
2085 3632 2213 3672 caro
2243 3631 2406 3686 quam
2437 3614 2749 3685 assumpsit,
2769 3614 2821 3667 in
2846 3613 2964 3682 ipso
2985 3621 3037 3667 et
3065 3614 3131 3666 ab
3155 3612 3272 3681 ipso
3289 3611 3530 3682 ungitur,

1968 3718 2029 3763 ut
2056 3708 2236 3764 infusa
2267 3711 2318 3762 in
2352 3707 2642 3762 Dominum
2669 3717 2927 3775 tanquam
2953 3706 3007 3759 in
3033 3704 3306 3758 hominem
3333 3703 3533 3756 sancti-

1969 3810 2074 3865 tas,
2108 3801 2162 3853 in
2214 3815 2407 3855 omnes
2449 3799 2698 3854 homines
2751 3797 2820 3851 ab
2871 3799 2988 3865 ipso
3034 3795 3358 3850 dimanaret.
3413 3794 3531 3850 Non

1967 3893 2112 3945 enim
2163 3907 2192 3944 a
2242 3891 2445 3960 seipso,
2518 3889 2694 3958 inquit
2720 3889 2785 3953 ³⁸,
2844 3885 3078 3956 Spiritus
3130 3885 3394 3955 loquitur,
3437 3887 3532 3940 sed

1967 3984 2145 4056 dignis
2191 3999 2221 4038 a
2267 3983 2446 4039 Verbo
2493 3981 2676 4036 datur.
2711 3979 2848 4035 Nam
2899 3981 2986 4034 hic
3029 3977 3334 4034 Psalmistaz
3380 3977 3535 4034 locus

1968 4079 2266 4148 superioris
2311 4077 2453 4132 haud
2496 4085 2581 4131 est
2621 4075 2924 4131 dissimilis.
2963 4071 3032 4129 Ut
3059 4072 3204 4128 enim
3240 4072 3534 4143 Apostolus

1969 4168 2191 4237 scripsit
2224 4186 2237 4222 :
2273 4168 2377 4232 Qui
2415 4183 2534 4219 cum
2562 4167 2617 4218 in
2649 4165 2822 4235 forma
2853 4164 2945 4218 Dei
2976 4174 3131 4227 esset,
3162 4179 3266 4217 non
3290 4163 3534 4232 rapinam

1969 4261 2260 4314 arbitratus
2292 4269 2369 4314 est
2402 4274 2513 4312 esse
2546 4274 2600 4311 se
2640 4257 2894 4327 wqualem
2927 4255 3058 4322 Deo,
3083 4256 3171 4310 sed
3199 4256 3533 4324 semetipsum

1969 4351 2283 4413 exinanivit,
2318 4349 2493 4418 forma
2524 4349 2658 4402 servi
2696 4357 2908 4418 accepta
2930 4349 3010 4414 '7;
3051 4347 3125 4401 ita
3153 4344 3322 4402 David
3351 4345 3533 4404 Domi-

1970 4458 2102 4498 num
2133 4441 2348 4512 hymnis
2381 4441 2639 4506 celebrat,
2673 4451 2732 4497 ut
2759 4451 3022 4497 :ntcrnum
3051 4438 3218 4495 Deum
3246 4448 3300 4495 et
3325 4453 3531 4510 regem,

295 4552 438 4602 κων,
466 4537 582 4604 οὐχ
624 4535 939 4604 ἁρπαγμόν
962 4535 1254 4606 ἡγήσατο,
1285 4535 1351 4589 τὸ
1379 4532 1533 4590 εἶναι
1577 4535 1683 4590 ἴσα
1721 4536 1862 4602 Θεῷ,

1971 4533 2064 4603 qui
2093 4533 2159 4586 ad
2191 4548 2290 4586 nos
2319 4533 2544 4599 missus,
2573 4541 2820 4588 nostrum
2854 4533 3084 4590 mortale
3113 4534 3290 4591 induit
3308 4547 3528 4606 corpus.

364 4695 406 4726 ”
445 4694 549 4748 lsa.
586 4709 697 4755 ut,
729 4694 780 4747 1.
861 4695 905 4724 ³ο
947 4694 1061 4748 Act.
1099 4710 1151 4756 χ,
1182 4693 1272 4748 58.
1350 4693 1392 4723 ³¹
1435 4690 1591 4744 Joan.
1638 4707 1758 4754 xw,
1806 4692 1894 4750 Η.

1988 4694 2032 4725 ³²
2069 4693 2198 4747 ibid.
2231 4693 2280 4747 7.
2361 4694 2406 4726 ³³
2441 4689 2596 4749 Joan.
2629 4707 2732 4756 xx,
2775 4691 2865 4747 22.
2972 4691 3016 4724 ³⁸
3054 4691 3072 4746 1
3121 4692 3282 4756 Joan.
3349 4709 3409 4760 ιι,
3437 4692 3526 4747 ‘20.

297 4763 344 4796 ³⁵
384 4763 577 4834 Ephes.
616 4782 653 4828 ι,
691 4764 774 4817 15.
855 4765 898 4796 ³⁸
917 4763 1075 4818 Joan.
1109 4764 1312 4827 “1,13.
1387 4763 1426 4793 ³⁷
1466 4760 1696 4831 Philipp.
1733 4779 1792 4826 ιι,
1834 4766 1888 4828 6,
1917 4765 1968 4818 7.

371 4921 446 4987 (7)
474 4921 567 4976 Sic
599 4921 849 4992 Seguer.,
874 4933 932 4978 ut
958 4925 1119 4979 etiam
1141 4924 1352 4978 videtur
1375 4919 1620 4976 Nannius
1645 4923 1856 4992 legisse,

293 4993 495 5060 quippe
520 4996 628 5062 iqui
651 4993 828 5056 vertit,
869 5011 963 5048 pws
991 5011 1220 5049 eramus.
1272 4994 1376 5047 Alii
1407 5002 1461 5047 et
1491 4994 1652 5054 editi,
1703 4994 1862 5062 ἡμεῖς

291 5065 483 5182 ἐσμεν.
517 5061 690 5117 Paulo
716 5072 840 5131 post
875 5065 1127 5135 Seguer.,
1157 5063 1190 5136 ἦ
1218 5065 1266 5117 οἱ
1292 5063 1460 5117 ἄλλοι.
1497 5064 1601 5118 Alii
1629 5071 1684 5117 et
1710 5063 1859 5127 editi,

317 5177 326 5182 .
365 5147 527 5182 ωσι.

314 5147 328 5201 ;
365 5147 527 5186 ωσι.

371 5209 446 5268 (ὅ)
487 5201 726 5258 Felckm.
755 5203 810 5269 ἓν,
844 5202 1050 5269 ὥσπερ.

372 5221 446 5268 ιδ)
487 5221 726 5258 relcxm.
755 5221 810 5269 θ,
844 5221 994 5256 ωσπε
1039 5247 1050 5259 .

372 5271 444 5342 (9)
486 5271 603 5346 Sic__
630 5275 858 5346 Seguer.
913 5221 1238 5346 Gogler._et
1277 5274 1622 5346 Felckmzi.
1669 5271 1862 5346 Queri

289 5358 423 5395 vero
444 5352 497 5397 et
517 5344 649 5398 editi
694 5341 786 5397 ia!
816 5345 1093 5399 omittunt.
1126 5344 1248 5398 Mox
1278 5344 1500 5414 Seguer.
1527 5343 1658 5414 Reg.
1691 5341 1855 5414 Basil.

289 5362 423 5395 vero
444 5362 497 5397 et
517 5362 649 5398 eam
694 5362 786 5397 και
816 5362 1093 5399 οηιιιιιιηι.
1126 5362 1248 5398 mox
1278 5362 1347 5399 be
1386 5362 1500 5400 uer.
1528 5362 1658 5414 neg.
1691 5362 1855 5395 nasn.

289 5414 502 5486 Anglic.
543 5423 603 5486 et
629 5414 870 5486 Felckm.
895 5415 956 5486 75,
986 5413 1200 5486 ἔχρισεν
1241 5362 1421 5486 αὐτόν.
1467 5413 1618 5486 Edjti
1646 5421 1702 5486 _et
1745 5412 1859 5474 alii,

289 5485 503 5562 ξχρισεν
549 5485 737 5562 αριτέςἶ
793 5483 1286 5562 ΙΨόειιΓΒεμεικ
1315 5483 1744 5562 _Reg.__GobLer.
1809 5492 1862 5562 et

287 5552 526 5676 gemitu).
560 5555 616 5619 5,
647 5555 785 5618 Θεὸς
813 5553 1111 5626 Πνεύματι.
1141 5552 1332 5609 Caneri
1357 5563 1412 5609 et
1425 5552 1591 5620 editi,
1637 5552 1768 5615 Θεὸς
1809 5554 1868 5604 ὲν

343 5641 584 5676 νευιιατι.

343 5641 584 5679 νευματι.

369 5643 734 5766 ῗιῖῗῖαὲὀδιειι.
766 5703 823 5766 et
846 5693 1084 5766 Felckm.
1106 5695 1165 5766 1,
1183 5694 1306 5766 Καὶ
1343 5693 1446 5764 μὴν
1479 5696 1507 5746 6
1532 5693 1756 5766 Κόριος.

367 5762 467 5850 (11)
491 5766 743 5894 ,διῗιιειπ
771 5763 992 5819 Gobler.
1020 5774 1074 5818 et
1105 5762 1368 5846 Fel’ckmg
1398 5762 1730 5844 ἀποστέλλω.
1760 5762 1865 5816 Alii

383 5838 543 5894 editio
617 5835 888 5894 ommel.,
936 5834 1240 5890 ἀποστελω.
1280 5831 1406 5889 Mox
1448 5832 1790 5894 Seguertan.,
1837 5835 1865 5886 6

289 5845 346 5891 et
374 5831 543 5898 editio
571 5831 888 5901 Commel.,
936 5833 1240 5890 ἀποστελῶ.
1280 5831 1406 5889 Mox
1448 5832 1790 5904 Seguerian.,
1837 5835 1866 5886 6

1967 4921 2164 4982 ἄλλοις.
2203 4919 2258 4975 In
2295 4921 2414 4976 aliis
2447 4927 2501 4974 et
2528 4919 2687 4976 editis
2712 4921 2740 4973 6
2761 4921 2928 4974 deest.

2043 4990 2155 5060 (ιε)
2193 4989 2416 5069 Seguer.
2461 4989 2676 5069 Gobler.
2722 4989 2956 5069 Eeickm.
2999 4989 3060 5069 i,
3107 4985 3217 5069 οῦν.
3254 4985 3388 5065 Ibid.
3433 4983 3529 5069 Se:

1971 5053 2147 5130 gnem,
2200 5053 2310 5131 tot?
2331 5061 2393 5114 τὸ
2425 5059 2700 5131 Αχρίσμα,
2727 5060 2947 5131 Creteri_
2971 5067 3041 5131 et
3069 5058 3254 5131 editi,_
3275 5054 3430 5131 τοῦτο
3469 5053 3531 5131 ῖὸ

1971 5124 2231 5254 ᾇάριὲμα.
2261 5129 2383 5254 Μοέι
2417 5124 2640 5253 δὲξζὲιέτ.
2677 5130 2886 5200 Anglic.
2910 5127 3122 5182 Gobler.
3143 5136 3197 5181 et
3213 5124 3452 5180 Felcknt.
3475 5124 3528 5188 1,

1971 5218 2041 5254 κα
2130 5217 2246 5254 iter:
2279 5217 2348 5254 uo
2375 5218 2486 5254 σιια
2543 5216 2729 5254 νομεν.

1970 5203 2066 5254 καὶ
2089 5203 2246 5271 ἡμεῖς
2279 5203 2486 5272 χρίσμα
2514 5203 2729 5312 ἒδχομεν.
3022 5265 3034 5280 θ

1970 5340 2006 5341 7
2043 5271 2156 5341 (15)
2196 5269 2443 5341 Seguer.,
2473 5288 2652 5324 το.νυν
2695 5271 2792 5341 καὶ
2836 5271 2900 5321 ὲκ
2945 5282 3167 5320 τουτων.
3216 5263 3433 5320 Gobler.
3477 5276 3531 5320 et

1968 5339 2206 5395 Felcktn.
2243 5339 2294 5404 1,
2325 5341 2503 5395 τοίνυν
2534 5343 2598 5393 ὲκ
2617 5339 2838 5393 τούτων.

2042 5411 2156 5481 (Μ)
2199 5409 2290 5465 Sic
2322 5409 2544 5480 Seguer.
2595 5409 2805 5481 Anglic.
2840 5407 3057 5481 Gobler.
3110 5414 3164 5460 et
3203 5405 3440 5481 Felckm.
3475 5405 3528 5460 1.

1969 5475 2072 5533 Alii
2099 5475 2229 5536 vero
2252 5489 2306 5534 et
2328 5475 2478 5544 editi,
2513 5475 2982 5550 βασιλεύωννΜοκ
3024 5477 3272 5548 Seguer.,
3305 5477 3334 5528 6
3361 5475 3533 5543 Λόγος

1971 5551 2124 5620 ὑμῶν
2152 5552 2309 5614 σκιᾶς
2340 5567 2484 5603 τινα.

2046 5621 2160 5695 (15)
2182 5620 2273 5695 Sic
2289 5610 2542 5695 Seguer.,
2565 5626 2624 5671 ut
2658 5626 2711 5695 et
2735 5615 2863 5685 legit
2889 5615 3284 5695 Nannius._Sed
3305 5616 3350 5695 ﬁ
3376 5629 3473 5695 ρΓο

1969 5686 2230 5746 scribitur
2264 5691 2316 5743 in
2353 5686 2618 5757 Seguer.,
2653 5694 2712 5754 ιιι
2753 5701 2896 5757 stupe
2943 5689 3064 5742 aliis
3102 5688 3262 5741 etiam
3305 5687 3356 5757 in
3403 5686 3536 5757 locis

1967 5761 2250 5844 contingit.
2285 5758 2390 5812 Alii
2421 5755 2474 5813 ét
2497 5756 2656 5820 editi,
2711 5756 2810 5809 οὐκ
2839 5755 2945 5830 ἄρα
2973 5760 3001 5812 6
3032 5758 3201 5826 Λόγος
3234 5755 3350 5810 ἐστὶ
3383 5755 3468 5809 καὶ
3501 5756 3538 5825 ἡ

1971 5847 2070 5900 σοφ
2080 5846 2150 5886 ια.
