3972 6224
374 273 479 333 ii!)

983 276 1042 331 S.
1078 273 1456 331 ATIIANASII
1485 275 1636 331 OPP.
1678 276 1859 333 PARS
1897 276 1937 333 1.
1976 309 2048 319 -
2085 277 2455 332 HlSTOiilCA
2494 277 2581 332 ET
2620 278 3041 337 DOGMATICA.

3536 285 3638 340 120

376 408 541 462 quam
572 391 834 448 Dominus
863 390 1040 448 lactus
1078 393 1243 450 homo
1268 404 1579 466 serpentem
1615 395 1835 462 devicit,
1864 396 1950 450 vis

2064 414 2183 460 που,
2217 396 2424 451 καὶτὸν
2455 396 2578 465 ὅφιν
2608 396 3032 468 ἀνατρέψαντος,
3057 397 3137 459 εἰς
3167 395 3373 460 πάντας
3424 397 3638 471 ἀνθρώ-

380 486 471 539 illa
508 485 854 555 permanabit
879 485 936 540 in
968 501 1164 542 omnes
1191 488 1468 553 homines,
1519 499 1579 543 ut
1621 489 1818 561 singuli
1851 505 1952 543 no—

376 587 550 632 strum
616 577 821 646 dicant,
888 577 1013 632 Non
1064 581 1201 634 enim
1266 582 1570 651 ignoramus
1611 582 1953 651 cogitationes

374 671 489 738 ejus
514 671 581 724 θ’.
613 669 963 726 Meritissimo
995 671 1163 742 igitur
1194 671 1483 738 Dominus,
1521 673 1619 743 qui
1653 688 1869 743 semper
1901 685 1956 729 et

371 773 571 821 natura
600 764 959 821 immutabilis
988 772 1092 832 est,
1124 766 1217 836 qui
1246 766 1515 836 justitiam
1544 774 1713 831 amat,
1753 776 1807 820 et
1844 765 1953 820 ini-

370 855 635 924 quitatem
666 856 791 911 odio
822 857 1007 921 habet,
1039 859 1265 928 ungitur
1308 866 1366 913 et
1409 857 1666 922 mittitur,
1707 866 1767 911 ut
1808 857 1950 912 idem

373 946 492 1016 ipse
545 955 601 1002 et
653 948 925 1005 exsistens
980 959 1035 1005 et
1083 965 1434 1020 permanens,
1481 964 1649 1003 carne
1701 950 1951 1004 mutabili

371 1051 678 1109 assumpta,
705 1050 988 1109 peccatum
1019 1039 1075 1093 in
1110 1041 1227 1110 ipsa
1253 1039 1672 1104 condemnet“,
1721 1055 1953 1111 eamque

373 1129 564 1183 reddat
595 1130 847 1192 liberam,
892 1140 954 1186 ut
990 1131 1125 1201 legis
1162 1131 1434 1199 justitiam
1475 1132 1651 1202 possit
1694 1131 1953 1202 deinceps

372 1221 426 1274 in
467 1222 583 1291 ipsa
608 1223 854 1293 implere.
889 1223 1029 1279 Hinc
1054 1223 1168 1293 jam
1201 1223 1328 1278 licet
1361 1224 1579 1280 dicere:
1626 1221 1736 1279 Nos
1766 1233 1948 1279 autem

372 1328 481 1367 non
529 1314 584 1369 in
634 1331 821 1380 carne,
888 1316 984 1372 sed
1032 1316 1085 1370 in
1140 1315 1348 1386 Spiritu
1422 1332 1637 1380 sumus,
1678 1316 1949 1388 siquidem

370 1405 611 1477 Spiritus
645 1410 733 1462 Dei
767 1410 976 1465 habitat
998 1411 1050 1464 in
1081 1411 1240 1465 nobis
1272 1410 1338 1465 “.

439 1499 601 1571 360
640 1500 727 1556 52.
760 1500 989 1557 Frustra
1038 1503 1227 1573 igitur,
1290 1502 1500 1568 Ariani,
1554 1502 1711 1558 vobis
1754 1502 1984 1573 hujusr

2058 505 2195 552 πους
2223 490 2255 559 ἡ
2287 488 2510 556 τοιαύτη
2536 489 2686 557 ἰσχὺς
2713 487 3061 559 διαϐήσεται,
3102 487 3239 542 ὥστε
3285 490 3465 559 λέγειν
3504 492 3638 545 ἕκα-

2057 598 2182 635 στον
2219 580 2374 652 ἡμῶν
2393 597 2407 610 ·
2439 583 2522 634 Οὐ
2556 581 2666 651 γὰρ
2691 580 2876 634 αὑτοῦ
2904 581 2975 634 τὰ
2988 582 3257 651 νοήματα
3278 582 3635 653 ἀγνοοῦμεν.

2055 672 2263 728 Οὐκοῦν
2326 670 2610 735 εἰκότωςό
2659 671 2865 744 Κύριος
2920 672 2949 725 6
2999 673 3087 726 ἀεὶ
3118 674 3212 726 καὶ
3262 673 3423 743 φύσει
3479 676 3640 746 ἄτρε-

2055 784 2188 830 πτος
2213 766 2347 838 (56),
2381 764 2612 834 ἀγαπῶν
2640 763 3006 836 δικαιοσύνην,
3042 765 3137 818 καὶ
3180 765 3353 835 μισῶν
3401 767 3635 831 ἀδικίαν,

2054 861 2288 932 χρίεται,
2325 860 2419 912 καὶ
2446 858 2609 921 αὐτὸς
2631 858 3042 923 ἀποστέλλεται,
3080 858 3167 911 ἴνα
3196 860 3224 911 6
3256 859 3419 923 αὐτὸς
3464 877 3522 912 τε
3561 858 3638 913 ὢν

2055 954 2149 1007 καὶ
2193 952 2354 1014 αὐτὸς
2381 952 2673 1022 διαμένων,
2701 950 2798 1022 τὴν
2829 950 3071 1022 τρεπτὴν
3100 950 3279 1023 σάρκα
3306 950 3505 1014 λαϐὼν,
3536 952 3636 1022 τὴν

2058 1043 2155 1114 μὲν
2180 1042 2455 1113 ἁμαρτίαν
2478 1042 2536 1093 ὲν
2568 1041 2704 1111 αὐτῇ
2733 1040 3059 1112 κατακρίνῃ,
3097 1040 3390 1112 ἐλευθέραν
3434 1040 3546 1113 (5'7)
3579 1042 3637 1095 δὲ

2053 1130 2224 1202 αὐτὴν
2282 1129 2667 1200 κατασκευάσῃ
2717 1130 2798 1192 είς
2844 1129 2906 1181 τὸ
2930 1129 3188 1185 δύνασθαι
3223 1130 3406 1185 λοιπὸν
3452 1132 3512 1185 τὸ
3560 1132 3639 1185 δι-

2052 1223 2276 1293 καίωμα
2304 1220 2398 1275 τοῦ
2431 1221 2595 1292 νόμου
2631 1219 2873 1293 πληροῦν
2896 1223 2954 1274 ὲν
2987 1222 3146 1293 αὐτῇ,
3170 1221 3310 1275 ὥστε
3338 1223 3431 1277 καὶ
3457 1223 3636 1292 λέγειν

2051 1312 2311 1368 δύνασθαι
2329 1331 2345 1344 ο
2387 1313 2580 1384 Ἡμεῖς
2606 1311 2717 1383 (58)
2738 1312 2794 1364 δὲ
2822 1313 2923 1366 οὐκ
2952 1312 3121 1384 ἐσμὲν
3150 1315 3209 1367 ἐν
3236 1315 3419 1386 σαρκὶ,
3445 1314 3637 1368 ἀλλ’ὲν

2051 1409 2353 1480 Πνεύματι,
2385 1408 2544 1479 εἴπερ
2565 1406 2792 1478 Πνεῦμα
2825 1405 2960 1460 Θεοῦ
2990 1407 3132 1460 οἰκεῖ
3152 1408 3210 1461 ὲν
3236 1410 3389 1479 ἡμῖν.

2128 1500 2218 1557 59..
2249 1500 2444 1571 Μάτην
2476 1501 2603 1570 ὑμῖν
2629 1500 2735 1572 ἄρα
2768 1499 2862 1552 καὶ
2894 1498 3010 1564 νῦν,
3043 1493 3088 1552 ὦ
3126 1499 3416 1571 Ἀρειανοὶ,
3468 1501 3500 1572 ή
3533 1518 3639 1554 τοι-

371 1591 520 1644 modi
566 1593 758 1648 oborta
804 1594 1050 1662 suspicio
1104 1603 1231 1649 est:
1290 1594 1491 1649 frustra
1541 1594 1949 1666 Scripturarum

2064 1594 2190 1662 κύτη
2217 1591 2443 1645 ὑπόνοια
2469 1590 2796 1661 γεγένηται,
2843 1590 2936 1643 καὶ
2983 1588 3159 1660 μάτην
3194 1589 3636 1661 ἐπροφασίσασθε

368 1680 537 1734 verba
568 1682 922 1750 praetenditis.
986 1681 1220 1737 Verbum
1274 1683 1418 1737 enim
1466 1683 1560 1739 Dei
1613 1685 1950 1739 immutabile

2064 1681 2120 1736 τὰ
2155 1682 2375 1754 ῥήματα
2425 1681 2529 1734 τῶν
2587 1678 2850 1750 Γραφῶψ
2885 1681 2913 1732 ὁ
2969 1679 3140 1748 Λόγος
3163 1679 3271 1751 γὰρ
3295 1681 3324 1733 6
3374 1678 3468 1734 τοῦ
3498 1678 3634 1732 Θεοῦ

371 1780 476 1836 est,
516 1787 845 1843 semperque
873 1773 1127 1843 idemque
1184 1783 1288 1835 est,
1326 1789 1502 1844 neque
1548 1775 1600 1829 id
1645 1774 1754 1828 alio
1787 1774 1950 1828 modo

2064 1774 2318 1846 Ξτρεπτὸς
2354 1776 2491 1835 ἐστι,
2522 1773 2616 1825 καὶ
2667 1773 2752 1824 ἀεὶ
2781 1769 2891 1842 (39)
2924 1770 3017 1824 καὶ
3066 1771 3326 1834 ὡσαύτως
3355 1772 3487 1840 ἔχει,
3537 1772 3636 1841 οὐχ

371 1881 532 1935 quam
587 1866 700 1935 ipse
732 1866 916 1925 Pater.
977 1866 1236 1938 Alioquin
1288 1869 1564 1938 quomodo
1614 1869 1759 1923 illius
1801 1876 1949 1922 esset

2064 1864 2262 1928 Ξιπλῶς,
2299 1864 2409 1916 ἀλλ’
2443 1865 2519 1926 ὡς
2546 1865 2573 1916 ὀ
2598 1864 2809 1933 Πατήρ.
2866 1862 3017 1914 Ἐπεὶ
3051 1861 3169 1924 πῶς
3218 1861 3400 1932 ὅμοιος
3423 1904 3437 1927 ,
3474 1864 3521 1914 εἰ
3560 1863 3635 1935 μὴ

372 1956 572 2019 simile,
610 1958 715 2013 nisi
770 1959 876 2012 tale
920 1960 1103 2013 esset?
1140 1961 1247 2013 Aut
1286 1961 1563 2029 quomodo
1595 1962 1779 2015 omnia
1828 1975 1951 2030 quze

2064 1956 2227 2020 δύτως
2280 1956 2456 2019 ἐστίν;
2496 1957 2567 2008 Ἢ
2600 1954 2717 2017 πῶς
2777 1954 2955 2007 πάντα
3007 1953 3073 2006 τά
3110 1954 3205 2005 τοῦ
3273 1954 3485 2025 Πατρὸς
3533 1952 3634 2006 τοῦ

367 2044 548 2102 Patris
570 2056 721 2113 sunt,
756 2047 878 2102 Filii
914 2065 1135 2119 quoque
1166 2060 1369 2113 essent,
1401 2052 1505 2104 nisi
1537 2051 1714 2107 Patris
1747 2053 1948 2107 immu-

370 2138 693 2194 tabilitatem
722 2139 993 2196 haberet?
1018 2141 1126 2196 Nec
1160 2157 1289 2197 vero
1313 2143 1478 2197 veluti
1512 2144 1721 2214 legibus
1765 2146 1950 2216 subjcv

372 2240 517 2295 ctus,
544 2221 646 2285 aut
675 2230 991 2288 alterutram
1028 2235 1082 2289 in
1117 2244 1326 2304 partem
1354 2236 1626 2303 ﬂexibilis,
1653 2237 1755 2292 hoc
1778 2246 1949 2306 amat,

369 2329 425 2374 et
479 2322 610 2377 illud
674 2325 808 2387 odit,
860 2341 950 2391 ne,
1008 2331 1304 2384 corruendi
1366 2339 1535 2395 metu,
1593 2330 1738 2386 aliud
1782 2347 1947 2401 quam

371 2421 620 2482 oporteat
652 2417 1031 2487 amplectatur,
1057 2429 1221 2491 atque
1253 2422 1324 2476 ita
1351 2438 1546 2477 rursus
1575 2423 1678 2477 alia
1709 2423 1947 2493 quadam

372 2504 584 2560 ratione
634 2507 912 2563 mutabilis
962 2508 1275 2565 inducatur.
1326 2510 1548 2575 Verum,
1603 2524 1661 2568 ut
1706 2513 1850 2569 Deus
1895 2522 1952 2569 et

371 2592 608 2651 Verbum
639 2596 840 2662 Patris,
871 2599 1053 2670 justus
1083 2611 1166 2657 est
1183 2602 1352 2673 judex
1386 2620 1685 2675 amansque
1710 2607 1947 2670 virtutis,

369 2689 454 2742 vel
478 2689 660 2759 potius
695 2692 950 2748 virtutem
978 2694 1214 2751 donans.
1264 2696 1404 2762 Quia
1457 2713 1588 2767 ergo
1624 2709 1820 2752 natura
1858 2700 1952 2769 ju-

372 2792 492 2835 stus
519 2789 574 2835 et
599 2792 823 2838 sanctus
850 2792 955 2849 est,
990 2783 1198 2841 idcirco
1216 2786 1492 2856 justitiam
1514 2789 1738 2859 diligere
1767 2799 1821 2845 et
1844 2791 1949 2845 ini-

369 2870 634 2937 quitatem
662 2871 789 2925 odio
821 2872 1023 2928 habere
1054 2874 1279 2942 dicitur,
1309 2876 1458 2945 quod
1491 2878 1716 2946 perinde
1763 2889 1846 2934 est
1885 2862 1955 2934 ac:

373 2965 415 3016 si
447 2963 600 3016 dicas
631 2979 756 3018 eum
800 2964 1053 3022 homines
1094 2967 1294 3022 virtute
1345 2969 1600 3039 praeditos
1656 2985 1843 3025 amare
1895 2980 1949 3025 et

371 3056 682 3120 admittere,
714 3056 953 3127 injustos
975 3074 1107 3114 vero
1148 3061 1414 3130 repellere
1448 3069 1504 3117 et
1552 3063 1772 3118 odisse:
1801 3063 1945 3133 quod

2054 2046 2184 2101 Υἱοῦ
2217 2051 2385 2107 ἐστιν,
2420 2049 2467 2100 εἰ
2499 2046 2572 2117 μὴ
2600 2047 2694 2100 καὶ
2722 2047 2782 2099 τὸ
2816 2046 3082 2116 ἄτρεπτον
3111 2047 3204 2098 καὶ
3241 2046 3301 2098 τὸ
3339 2047 3634 2100 ἀναλλοίω-

2052 2159 2141 2193 τον
2165 2140 2256 2194 τοῦ
2280 2140 2494 2210 Πατρὸς
2532 2139 2641 2210 ἔχει
2669 2154 2682 2203 ;
2714 2139 2825 2208 Οὐχ
2853 2139 2929 2202 ὡς
2962 2138 3320 2207 ὑποκείμενος
3346 2138 3400 2189 δὲ
3423 2138 3633 2208 νόμοις,

2052 2231 2148 2284 καὶ
2172 2231 2271 2300 τὴν
2295 2230 2388 2282 ἐπὶ
2410 2228 2613 2302 θάτερα
2649 2229 2819 2302 ῥοπὴν
2840 2229 2998 2299 ἔχων,
3027 2229 3087 2281 τὸ
3113 2228 3210 2299 μὲν
3251 2229 3459 2300 ἀγαπᾷ,
3493 2231 3554 2283 τὸ
3577 2230 3637 2284 δὲ

2056 2321 2220 2393 μισεῖ,
2247 2322 2333 2375 ἵνα
2360 2323 2454 2393 μὴ,
2486 2321 2635 2391 φόΰῳ
2655 2319 2749 2374 τοῦ
2780 2322 3052 2384 ἐκπεσεῖν,
3080 2320 3138 2373 τὸ
3156 2321 3241 2374 ἒτε
3252 2338 3340 2393 ρον
3358 2321 3640 2392 προσλαμ-

2052 2414 2210 2487 6άνῃ,
2243 2413 2336 2468 καὶ
2363 2413 2535 2476 ἄλλως
2571 2413 2729 2466 πάλιν
2765 2413 2996 2484 τρεπτὸς
3040 2415 3352 2484 εἰσάγηται·
3407 2412 3519 2466 ἀλλ’
3560 2413 3639 2477 ὡς

2051 2506 2184 2570 Θεὸς
2207 2505 2283 2559 ὢν
2301 2506 2397 2559 καὶ
2423 2507 2594 2575 Λόγος
2625 2505 2719 2557 τοῦ
2750 2503 2982 2575 Πατρὸς,
3020 2505 3214 2575 κριτής
3258 2505 3373 2557 ἐστι
3416 2503 3527 2575 (60)
3553 2504 3637 2558 6i—

2052 2617 2208 2663 καιος
2232 2600 2326 2653 καὶ
2349 2598 2657 2670 φιλάρετος,
2696 2598 2895 2670 μᾶλλον
2918 2598 2975 2650 δὲ
3018 2597 3111 2651 καὶ
3145 2597 3380 2669 χορηγὸς
3411 2598 3633 2670 ἀρετῆς.

2051 2693 2269 2756 Δίκαιος
2295 2689 2389 2761 οὖν
2417 2690 2576 2761 φύσει
2611 2692 2703 2744 καὶ
2735 2692 2879 2754 ὅσιος
2908 2689 2983 2743 ὣν
3007 2732 3021 2748 .
3061 2689 3150 2743 διὰ
3201 2690 3364 2743 τοῦτο
3411 2691 3638 2761 ἀγαπᾷν

2051 2782 2267 2851 λέγεται
2308 2781 2655 2852 δικαιοσύνην
2705 2780 2802 2833 καὶ
2851 2783 3028 2851 μισεῖν
3081 2780 3327 2834 ἀδικίαν’
3385 2783 3498 2835 ἴσον
3556 2781 3638 2850 τῷ

2050 2876 2245 2938 εἰπεῖν,
2282 2875 2363 2928 ὃτι
2384 2874 2511 2938 τοὺς
2544 2874 2641 2945 μὲν
2666 2872 2952 2946 ἐναρέτους
2992 2874 3186 2944 ἀγαπᾷ
3218 2873 3313 2926 καὶ
3353 2872 3641 2944 προσλαμ-

2050 2968 2293 3032 ϐάνεται,
2316 2967 2442 3030 τοὺς
2467 2966 2522 3020 δὲ
2544 2966 2762 3029 ἀδίκους
2792 2964 3194 3037 ἀποστρέφεται
3218 2965 3312 3019 καὶ
3335 2967 3500 3035 μισεῖ.
3525 2964 3638 3018 Καὶ

2049 3061 2158 3132 γὰρ
2183 3061 2277 3113 καὶ
2308 3061 2435 3131 περὶ
2483 3059 2594 3129 (61)
2619 3058 2714 3111 τοῦ
2748 3059 2962 3129 Πατρὺς
3005 3059 3068 3111 τὸ
3115 3057 3243 3111 αὐτὸ
3289 3057 3536 3126 λέγουσιν
3578 3059 3637 3110 αἱ

372 3146 516 3200 idem
543 3148 610 3202 de
636 3146 801 3204 Patre
827 3161 1099 3205 testantur
1129 3152 1328 3208 divinae
1384 3153 1702 3225 Seripturze,
1755 3157 1944 3211 Justus

2064 3150 2194 3204 λεῖαι
2218 3149 2430 3222 Γραφαί
2452 3167 2465 3180 ’
2493 3151 2728 3217 Δίκαιος
2751 3153 2965 3217 Κύριος
2991 3148 3101 3221 (62)
3126 3150 3224 3202 καὶ
3248 3147 3641 3216 δικαιοσύνας

369 3239 630 3294 Dominus
669 3252 718 3294 et
756 3241 1008 3310 justitias
1056 3244 1245 3299 dilexit
1286 3247 1353 3300 “.
1400 3245 1486 3313 Et,
1544 3247 1680 3302 Odia
1713 3249 1947 3305 habuisti

371 3347 547 3385 omnes
572 3332 666 3401 qui
696 3333 892 3402 injuste
913 3346 1075 3404 agunt
1103 3336 1169 3387 “.
1212 3336 1298 3400 Et,
1328 3336 1528 3389 ‘Portas
1565 3335 1695 3391 Sion
1728 3337 1947 3408 diligit;

373 3423 718 3478 tabernacula
741 3436 916 3479 autem
937 3425 1106 3480 Jacob
1141 3444 1245 3482 non
1273 3429 1452 3499 magni
1483 3430 1614 3498 facit
1642 3430 1708 3483 ⁸⁷.
1736 3427 1821 3493 Et,
1851 3428 1946 3483 Ja-

369 3516 463 3569 cob
490 3516 701 3587 quidem
726 3517 939 3584 dilexit,
991 3518 1138 3573 Esau
1186 3537 1304 3576 vero
1342 3522 1464 3574 odio
1506 3521 1694 3577 habuit
1719 3523 1785 3577 ⁸³.
1815 3523 1944 3578 Item

369 3609 671 3664 secundum
725 3608 941 3678 Isaiam,
996 3629 1104 3668 vox
1147 3612 1245 3668 Dei
1291 3623 1376 3670 est
1411 3628 1628 3669 rursum
1677 3614 1944 3671 dicentis:

368 3701 483 3770 Ego
526 3718 645 3757 sum
688 3701 971 3770 Dominus,
1009 3706 1100 3775 qui
1125 3705 1399 3775 justitiam
1429 3706 1618 3776 diligo,
1654 3715 1705 3760 et
1729 3710 1947 3777 rapinas

367 3792 668 3862 iniquitatis
697 3793 786 3847 odi
808 3794 874 3849 ⁶⁹.
911 3793 1005 3848 Vel
1036 3811 1166 3866 ergo
1195 3797 1286 3851 illa
1312 3798 1477 3852 verba
1506 3798 1730 3868 perinde
1756 3815 1821 3855 ac
1843 3800 1945 3855 ista

370 3883 714 3953 intelligant;
771 3899 895 3937 nam
939 3893 993 3938 ct
1026 3885 1118 3938 illa
1149 3886 1218 3941 de
1246 3885 1339 3941 Dei
1375 3887 1612 3959 imagine
1643 3899 1774 3945 sunt
1805 3893 1943 3947 scri-

367 3980 461 4040 pta
490 3989 504 4024 :
539 3972 623 4025 vel
661 3971 765 4025 ista
791 3984 848 4026 ut
869 3973 959 4026 illa
984 3974 1125 4028 male
1154 3974 1596 4046 interpretantes,
1628 3979 1945 4035 mutabilem

370 4064 578 4134 lingant
606 4061 847 4118 Patrem.
878 4063 1034 4131 Quod
1064 4067 1109 4121 si
1145 4068 1272 4123 talia
1294 4069 1376 4131 vel
1404 4072 1593 4136 etiam,
1619 4072 1742 4128 aliis
1764 4073 1951 4128 dicen-

373 4156 541 4219 tibus,
567 4155 780 4221 audire,
818 4172 927 4211 non
959 4170 1116 4212 vacat
1138 4161 1385 4229 periculo
1412 4180 1429 4217 :
1462 4163 1665 4218 idcirco
1701 4165 1866 4236 igitur
1885 4181 1949 4220 ea

372 4254 523 4300 recte
558 4245 938 4317 intelligimus,
978 4264 1175 4320 nempe
1206 4250 1376 4307 Deum
1407 4254 1653 4322 justitias
1700 4256 1945 4326 diligere,

2052 3243 2335 3313 ἠγάπησε
2351 3258 2364 3271 ·
2398 3244 2511 3309 καὶ,
2549 3243 2880 3312 Ἐμίσηστις
2906 3242 3136 3308 πάντας
3161 3241 3302 3307 τοὺς
3327 3240 3638 3311 ἐργαζομέ-

2054 3351 2201 3400 νους
2261 3333 2376 3403 τὴν
2403 3335 2690 3403 ἀνομίαν·
2728 3333 2843 3398 καὶ,
2906 3333 3017 3398 Τὰς
3050 3330 3167 3402 μὲν
3217 3333 3418 3397 πύλας
3482 3332 3640 3387 Σιὼν

2053 3426 2277 3498 ἀγαπᾷ,
2307 3426 2379 3482 τὰ
2399 3427 2470 3480 δὲ
2490 3425 2856 3496 σκηνώματα
2892 3424 3090 3479 Ἰακὼϐ
3124 3427 3196 3478 οὐ
3222 3424 3356 3491 περὶ
3399 3426 3637 3478 πολλοῦ

2052 3520 2331 3575 ποιεῖται·
2372 3521 2469 3574 καὶ
2493 3561 2508 3584 ,
2563 3519 2675 3574 Τὸν
2695 3519 2815 3588 μὲν
2856 3518 3066 3572 Ἰακὼϐ
3098 3516 3400 3586 ἠγάπησε.
3430 3517 3536 3570 τὸν
3569 3515 3640 3569 δὲ

2067 3611 2248 3668 Ἡσαῦ
2269 3611 2529 3680 ἐμίσησε
2553 3628 2566 3640 ·
2600 3611 2741 3663 κατὰ
2777 3608 2833 3661 δὲ
2863 3609 2954 3662 τὸν
3005 3608 3234 3661 Ἡσαΐαν
3253 3647 3270 3672 ,
3316 3606 3467 3677 φωνὴ
3499 3605 3637 3659 Θεοῦ

2055 3704 2171 3755 ἐστι
2199 3699 2361 3756 πάλιν
2396 3699 2648 3768 λέγοντος
2668 3718 2681 3731 ·
2724 3698 2871 3770 Ἐγώ
2903 3701 3017 3767 εἰμι
3047 3698 3283 3765 Κύριος,
3326 3699 3358 3750 ό
3391 3693 3641 3765 ἀγαπῶν

2054 3794 2491 3859 δικαιοσύνην,
2545 3791 2645 3846 καὶ
2708 3789 2907 3861 μισῶν
2972 3788 3327 3858 ἁρπάγματα
3381 3787 3451 3850 ἐξ
3506 3784 3640 3840 ἀδι-

2055 3887 2194 3953 κίας
2229 3885 2365 3956 (65).
2391 3885 2468 3936 Ἢ
2512 3884 2693 3938 τοίνυν
2736 3883 2967 3939 κάκεῖνα
3011 3881 3081 3934 τά
3105 3882 3325 3953 ῥήματα
3353 3879 3427 3942 ὡς
3464 3878 3641 3932 ταῦτα

2058 3977 2569 4048 ὲκλαμϐανέτωσαν·
2587 3977 2681 4030 καὶ
2699 3975 2807 4048 γὰρ
2821 3977 3047 4029 κάκεῖνα
3062 3974 3189 4045 περὶ
3209 3973 3310 4043 τῆς
3324 3972 3525 4034 εἰκόνοι⁸
3544 3970 3641 4024 τοῦ

2057 4071 2192 4125 Θεοῦ
2228 4070 2534 4140 γέγραπται
2554 4086 2567 4100 ⁸
2599 4069 2632 4139 ἢ
2658 4069 2752 4122 καὶ
2785 4068 2958 4121 ταῦτα
2990 4068 3066 4131 ὼς
3088 4068 3273 4121 ἐκεῖνα
3304 4064 3493 4128 κακῶς
3519 4063 3640 4116 δια-

2058 4163 2176 4216 νοού
2185 4179 2354 4233 μενοι,
2375 4161 2607 4233 τρεπτὺν
2627 4162 2721 4214 καὶ
2736 4159 2826 4213 τόν
2848 4160 3066 4232 Πατέρα
3101 4159 3485 4213 ὲπινοείτωσαν
3502 4157 3638 4229 (64).

2058 4259 2121 4311 Εἰ
2145 4258 2201 4311 δὲ
2223 4259 2314 4312 καὶ
2346 4256 2504 4327 μόνον
2530 4255 2748 4311 ἀκούειν
2778 4254 2937 4308 τοῦτο
2973 4254 3239 4323 λεγόντων
3286 4252 3487 4323 ἐτέρων
3537 4252 3643 4305 οὐκ

372 4348 426 4393 et
460 4337 693 4408 injustas
728 4339 951 4408 rapinas
999 4341 1182 4397 odisse
1200 4343 1331 4408 dici,
1359 4361 1468 4400 non
1501 4347 1659 4417 quasi
1706 4348 1761 4401 in
1792 4351 1951 4403 alter-

2064 4348 2204 4401 Ξστιν
2234 4347 2532 4411 ἀκίνδυνον,
2559 4346 2648 4405 διὰ
2676 4343 2834 4398 τοῦτο
2867 4343 3046 4408 καλῶς
3081 4341 3436 4411 διανοούμεθα
3471 4341 3530 4394 τὸ
3554 4340 3644 4394 λέ-

442 4496 486 4526 ⁶²
511 4495 550 4549 Ii
579 4495 707 4551 Cor.
736 4512 797 4555 ιι,
825 4495 906 4549 ll.

376 4582 414 4631 ι,
439 4566 494 4620 2.
570 4567 614 4598 ⁸³
640 4565 745 4622 isa.
777 4581 888 4628 ωιι,
919 4567 973 4621 8.

445 4725 557 4799 (56)
600 4723 693 4781 Sic
726 4723 1139 4799 _Segue_rianus,_
1190 4722 1391 4799 Regius
1437 4732 1491 4775 et
1540 4721 1684 4799 Fel_c.
1847 4722 1953 4776 Alii

370 4792 500 4852 vero
540 4792 615 4853 ἐι
676 4792 844 4851 editio
896 4793 1191 4861 Commel.,
1239 4792 1565 4864 septum.
1607 4792 1778 4864 Paulo
1834 4802 1958 4864 post

371 4870 598 4939 Seguer.
629 4865 849 4939 Gobler.
890 4873 948 4939 et
971 4864 1125 4939 Eelc.
1168 4866 1219 4929 l,
1251 4861 1340 4918 ἵνα
1376 4866 1404 4917 6
1437 4862 1604 4939 αὐτὸς
1639 4880 1699 4915 τε
1723 4861 1809 4939 Δὢν
1838 4863 1956 4939 ’καὶ

367 4933 535 5061 (ἐύτὺὲ
577 4937 867 5008 διαμένων.
922 4935 1029 4990 Alii
1071 4943 1252 4991 autem
1288 4943 1343 4990 et
1387 4933 1539 4998 editi,
1581 4935 1667 4990 ἶνα
1713 4934 1742 4986 6
1794 4933 1957 4997 αὐτὸς

406 5026 505 5061 ιαυ.
538 5026 664 5061 νων.

370 5009 460 5061 δια
468 5009 664 5062 μένων.

444 5026 945 5148 ἱέξῖωὲέειιονίεηη
974 5076 1279 5148 ἐλεύθερον.
1308 5074 1467 5148 F_elc._
1485 5074 1522 5129 2
1543 5083 1597 5129 et
1623 5074 1774 5148 editi,
1805 5075 1956 5148 ἐλευ-

379 5146 576 5218 ῢερίαν.
615 5146 721 5203 Alii
765 5165 924 5212 mss.,
974 5146 1288 5218 ἐλευθέραν.
1340 5146 1509 5200 Paulo
1558 5154 1683 5216 post
1735 5147 1953 5215 Anglic.

377 5216 537 5290 Basil.
574 5227 641 5290 et
664 5218 809 5290 Fejc.
847 5218 901 5284 5,
929 5216 1181 5290 πληροῦν
1211 5219 1269 5269 ὲν
1302 5217 1492 5287 ἑαυτῇ,

411 5286 557 5376 ’(58)
590 5286 682 5342 Sic
723 5286 1060 5358 Segueriau.‘
1097 5286 1290 5341 Caeteri
1332 5286 1467 5342 vero
1505 5294 1559 5341 et
1601 5286 1756 5352 editi,
1792 5289 1955 5357 ἡμεῖς

371 5374 490 5410 ουκ.

443 5426 555 5497 (59)
598 5425 690 5482 Sic
725 5419 1151 5499 SegueriansAt
1178 5426 1313 5499 ἷξες.
1348 5430 1497 5499 ἐστιν
1528 5428 1637 5492 ἀεί,
1669 5425 1958 5499 etc._Editi

372 5496 595 5569 aliique,
630 5498 778 5569 εστιν
911 5499 1015 5551 ἀεί.
1052 5498 1171 5569 Mox
1196 5496 1330 5569 Reg.
1368 5497 1651 5553 Basiliens.
1670 5497 1957 5569 Anglican.

371 5568 519 5623 Felc.
539 5567 703 5639 stibi;
735 5569 767 5639 6
799 5567 1003 5639 Πατήρ.
1031 5568 1223 5639 Caeteri
1254 5567 1303 5624 ei
1336 5570 1488 5639 editi.
1524 5569 1600 5631 ὡς
1636 5567 1849 5638 Πατήρ.

408 5636 691 5763 ἀέρωέδω
744 5636 1065 5710 Seguerian.
1118 5638 1248 5711 Reg.
1295 5651 1349 5695 et
1399 5638 1542 5696 Felc.
1589 5639 1639 5693 5.
1669 5639 1736 5692 At
1771 5636 1861 5692 alii
1904 5644 1957 5693 et

446 5725 527 5763 ιι.
593 5725 665 5760 τι.

374 5718 527 5774 cdltt,
564 5718 665 5761 ἐτι.

985 4496 1030 4528 ⁸³
1055 4497 1213 4554 Rom.
1234 4516 1352 4568 ιἰιι,
1372 4501 1426 4556 5.
1502 4500 1547 4532 ⁸⁸
1567 4501 1697 4557 ibid.
1721 4503 1776 4557 9.
1855 4502 1951 4556 ⁶³ΙἸ

2100 4503 2227 4566 x,8.
2287 4503 2332 4535 ⁸⁸
2358 4502 2501 4557 Psal.
2530 4520 2580 4568 ι’,
2602 4501 2658 4559 7.
2717 4499 2763 4532 ⁸⁷
2789 4498 2931 4555 Psal.
2956 4517 3180 4565 Lxxxvl,
3206 4500 3260 4555 2.
3328 4501 3371 4532 ⁸⁸
3402 4500 3639 4555 Malach.

2139 4724 2252 4797 (6'1)
2296 4724 2386 4781 Sic
2419 4724 2736 4797 Seguerian.
2772 4726 2842 4781 At
2880 4724 3015 4793 Reg.
3045 4724 3263 4781 Gobler.
3304 4736 3359 4781 et
3396 4724 3545 4780 Felc.
3584 4723 3640 4797 1,

2064 4768 2740 4869 καιζέιρζςεᾶῑέιξᾱίίίῖξί
2765 4768 3021 4869 εςῑῑεςςςῑέις
3036 4768 3183 4869 est;

2134 4864 2609 4938 (62)_:Seguerian.
2637 4866 2863 4938 Gobler.
2901 4878 2954 4922 et
2984 4864 3128 4923 Felc'.
3161 4867 3219 4938 l_.
3236 4866 3442 4938 δίκαιος
3472 4869 3501 4920 6
3526 4864 3647 4938 Κύ-

2067 4935 2199 5007 ριος.
2240 4935 2629 5010 Μοχ’8θειιει’.
2675 4937 2807 5010 Reg.
2838 4937 3051 5010 Anglic.
3091 4945 3146 4993 ct
3181 4936 3324 4992 Felc.
3357 4936 3411 5004 5,
3442 4935 3646 5008 ἐμίση-

2064 5023 2199 5079 σας.
2222 5007 2328 5079 Alii
2353 5018 2405 5062 et
2427 5008 2578 5079 editi,
2613 5007 2864 5079 suisque.

2135 5076 2247 5148 (63)
2290 5076 2608 5150 seguerian.
2634 5076 2775 5149 Reg;
2802 5078 3022 5133 Gobler.
3053 5077 3201 5150 Fele.
3233 5077 3259 5131 l
3298 5086 3350 5150 et
3381 5078 3434 5142 5,
3464 5077 3646 5150 ἀρπά-

2061 5146 2250 5218 γματα
2300 5147 2534 5219 ἀδικίας.
2571 5147 2639 5203 At
2667 5146 2901 5219 Anglic.,
2932 5149 3268 5218 ἁρπάγματα
3301 5148 3360 5214 ὲξ
3405 5146 3647 5219 ἀδικίας,

2066 5229 2125 5273 ut
2152 5229 2206 5272 et
2238 5219 2471 5273 habetur
2506 5218 2611 5273 isa.
2649 5218 2845 5283 “1,78.
2886 5219 2991 5273 Alii
3027 5235 3157 5273 vero
3187 5227 3240 5271 et
3278 5220 3448 5274 editio
3477 5218 3644 5272 Com-

2066 5289 2219 5361 ξηρὴ,
2269 5289 2673 5361 ἀρπάγματαῆ
2724 5290 2954 5353 ἀδικίας.
3006 5290 3140 5344 Ibid.
3177 5287 3500 5361 Seguerian.
3532 5286 3646 5344 Go-

2065 5358 2452 5432 bler._et_Felc.
2468 5358 2507 5413 Vi
2520 5400 2535 5425 ,
2572 5358 2672 5432 Μὴ
2693 5361 2892 5432 τοίνυν.

2137 5428 2247 5499 (64)
2289 5428 2673 5499 δεςιιενίοιιυε,
2718 5431 3026 5486 Goblerian.
3070 5440 3123 5484 et
3156 5429 3299 5484 Felc.
3334 5432 3385 5498 1,
3421 5429 3642 5498 ἐπινοή-

2066 5515 2241 5573 σουσι.
2274 5504 2342 5555 At
2388 5499 2516 5573 Reg.
2550 5515 2603 5557 et
2651 5500 2794 5573 Fclc.
2839 5500 2891 5566 5,
2935 5500 3339 5573 ἐπινοείτωσαν.
3401 5500 3542 5573 Editi
3588 5505 3652 5553 et

2064 5570 2177 5647 ullj.
2230 5570 2621 5641 επινοήτωσαν.
2679 5572 2847 5627 Paulo
2884 5579 3008 5641 post
3055 5571 3399 5643 Segueriau.,
3434 5570 3524 5625 διά
3552 5586 3642 5624 τοι

2064 5656 2237 5693 τουτο.
