3972 6224
271 302 360 356 125

1378 305 1636 364 ORATIO
1675 310 1694 364 Ι
1733 313 2012 372 CONTRA
2049 319 2370 379 ΑιιιΑΝοε.

3395 325 3492 380 126

271 420 444 482 λοντας
475 418 774 472 πλανᾶσθαι
807 419 930 483 τοὺς
953 419 1059 474 ἀπὸ
1083 421 1178 490 τῆς
1212 421 1626 496 Θεσσαλονίκης.
1657 428 1826 484 Ὅταν

1947 435 2020 503 ιιιί
2057 437 2108 490 in
2139 439 2388 506 proximo
2413 437 2616 492 erroris
2653 449 2809 493 erant
2835 439 3092 508 periculo,
3119 451 3491 498 correxerunt.

276 511 360 582 μὲν
387 509 500 580 (8-3)
527 503 619 562 οὖν
652 509 758 562 τῶν
785 509 1038 562 τοιούτων
1084 527 1166 574 τις
1205 511 1300 582 ἔχῃ
1343 513 1524 578 καλῶς
1561 515 1661 588 τὴν
1691 519 1829 586 γνῶ-

275 619 362 664 σιν,
396 601 564 672 ὀρθὴν
609 599 722 670 ἔχει
755 601 850 653 καὶ
893 600 1240 668 ὑγιαίνουσαν
1292 601 1389 672 τὴν
1437 605 1535 676 τῆς
1596 607 1828 673 πίστεως

274 691 494 746 διάνοιαν
513 707 528 722 ·
563 691 656 744 ἐὰν
689 691 746 744 δὲ
777 692 904 762 παρ’
927 690 1112 762 ἔτερόν
1129 709 1211 752 τις
1229 693 1428 764 (ει-85)
1445 695 1758 771 ὲκλαμϐἀνῃ
1777 717 1828 752 τι

275 785 482 846 τούτων,
517 781 680 846 εὐθὺς
739 784 820 845 εἰς
873 783 1084 854 αἵρεσιν
1137 785 1412 840 ἐκπίπτει.
1453 787 1609 860 Παρὰ
1641 789 1830 861 καιρὸν

279 873 358 943 μὲν
378 869 472 926 οὖν
501 872 880 944 ἐπλανήθησαν
899 875 949 925 οἱ
979 875 1076 944 μὲν
1100 877 1228 948 περὶ
1256 877 1540 948 Ὑμέναιον
1557 879 1652 932 καὶ
1683 879 1830 932 Ἀλέ-

275 968 479 1039 ξανδρον
504 967 751 1036 λέγοντες
781 967 877 1038 τὴν
912 968 1204 1022 ἀνάστασιν
1223 971 1322 1040 ήδη
1349 971 1660 1040 γεγονέναι·
1699 974 1750 1024 oi
1773 972 1829 1026 δὲ

277 1059 494 1112 Γαλάται
519 1057 658 1128 μετά
688 1057 777 1110 τὸν
810 1057 1017 1128 καιρὸν,
1049 1059 1434 1131 ἀγαπήσαντες
1463 1060 1558 1114 νῦν
1587 1062 1686 1132 τὴν
1718 1059 1826 1132 (86)

277 1150 584 1222 περιτομήν.
635 1149 794 1220 Παρὰ
835 1149 1122 1220 πρόσωπον
1177 1150 1234 1204 δὲ
1277 1151 1572 1204 πεπόνθασι
1601 1152 1696 1206 καὶ⁴
1727 1151 1830 1206 πά-

277 1259 454 1315 σχουσι
487 1241 650 1313 μέχρι
680 1241 775 1294 νῦν
821 1239 1082 1304 Ἰουδαῖοι,
1113 1241 1423 1312 νομίζοντες
1453 1244 1582 1315 περὶ
1629 1245 1746 1310 ἑνὸς
1772 1245 1830 1312 ἐξ

276 1334 438 1389 αὐτῶν
457 1333 718 1402 λέγεσθαι
740 1333 840 1396 τὸ,
891 1332 1036 1388 Ἰδοὺ
1079 1335 1118 1402 ή
1151 1333 1452 1402 Παρθένος
1506 1337 1573 1389 ἐν
1619 1337 1830 1405 γαστρὶ

273 1427 402 1490 ἕξει,
433 1425 530 1478 καὶ
558 1423 788 1489 τέξεται
811 1424 970 1489 υἱὸν,
1017 1425 1116 1478 καὶ
1147 1425 1480 1481 καλέσουσι
1525 1426 1590 1480 τὸ
1646 1427 1831 1498 ὄνομα

273 1519 446 1574 αὐτοῦ
504 1517 884 1586 Ἐμμανουὴλ
928 1517 1062 1587 (87),
1092 1517 1125 1570 ὅ
1155 1518 1286 1572 ἐστι
1331 1519 1830 1588 μεθερμηνευόμε-

272 1629 390 1676 νον,
408 1611 540 1680 μεθ’
567 1607 738 1678 ήμᾶη·
768 1611 799 1662 o'
830 1609 972 1674 Θεός
991 1626 1004 1638 ·
1031 1609 1126 1662 καὶ
1145 1611 1272 1662 ὅταν
1287 1609 1347 1662 τὺ
1371 1610 1488 1680 μὲν,
1513 1609 1834 1678 Προφήτην

1931 526 2030 582 Ubi
2079 528 2244 599 362'
2299 529 2462 599 igitur
2501 529 2606 584 ista
2639 531 2764 600 quis
2791 531 2956 600 probe
2987 533 3216 598 noverit,
3259 541 3402 587 recta
3431 549 3496 588 ac

1931 632 2062 672 sana
2085 618 2186 672 tide
2217 635 2302 674 res
2315 629 2398 673 est
2429 619 2822 676 intellecturus.
2861 619 2956 674 Sin
2992 629 3171 678 autem
3195 622 3303 676 alio
3331 623 3493 678 modo

1931 709 2124 762 horum
2171 709 2374 778 aliquid
2425 710 2798 779 explicaverit,
2839 711 3024 764 statim
3061 710 3264 767 incidet
3295 713 3348 766 in
3384 713 3496 768 lim-

1929 801 2117 855 resim.
2174 799 2314 858 Ilinc
2373 800 2694 874 Hymenaeus
2733 813 2787 858 et
2823 800 3146 868 Alexander,
3187 804 3280 872 qui
3311 819 3496 859 resur—

1929 893 2223 948 rectionem
2249 893 2362 963 jam
2403 893 2598 948 factam
2639 909 2762 949 esse
2801 893 3142 948 allirmabant
3167 895 3236 960 υ,
3285 905 3496 964 tempus

1931 984 2328 1054 prtevenicndo,
2354 998 2710 1042 erraverunt:
2735 983 2937 1040 Galam
2961 1000 3092 1040 vero
3119 995 3240 1055 post
3263 994 3494 1054 tempus,

1931 1075 2400 1132 ci-rcumcisionem
2450 1091 2598 1130 nunc
2637 1075 3031 1145 amplectende.
3063 1074 3392 1130 Erraverunt
3419 1075 3488 1130 si-

1931 1167 2132 1222 militer
2167 1166 2219 1220 in
2253 1183 2488 1237 persona
2529 1167 2874 1238 intelligenda
2912 1175 2965 1223 et
2993 1168 3287 1221 etiamnum
3315 1176 3499 1222 errant

1928 1254 2122 1320 Judaei,
2156 1256 2248 1325 qui
2277 1257 2594 1312 existimant
2617 1257 2682 1312 de
2707 1258 2890 1326 aliquo
2913 1273 2980 1312 ex
3015 1257 3146 1328 ipsis
3189 1257 3329 1313 istud
3351 1257 3456 1312 dici
3480 1275 3493 1310 :

1935 1347 2066 1401 Ecce
2126 1347 2277 1417 Virgo
2324 1349 2574 1417 concipiet
2609 1361 2658 1402 et
2699 1350 2868 1418 pariet
2911 1349 3105 1417 ﬁlium,
3157 1359 3206 1403 et
3244 1349 3498 1404 vocabunt

1932 1455 2116 1492 nomen
2145 1437 2256 1502 ejus
2289 1437 2620 1506 Emmanuel,
2664 1439 2801 1510 quod
2827 1447 2904 1494 est
2947 1439 3373 1506 interpretatum,
3404 1455 3499 1492 no-

1932 1528 2131 1583 hiscum
2166 1527 2308 1581 Deus
2336 1529 2382 1559 ³⁸
2415 1545 2427 1581 :
2456 1543 2580 1584 eum
2635 1529 2762 1582 item
2809 1529 2925 1582 bare
2961 1529 3145 1586 verba.
3181 1527 3499 1610 Prophetam

1931 1619 2074 1673 vobis
2125 1619 2404 1674 suscitabit
2441 1619 2580 1674 Deus
2602 1620 2668 1686 ⁸³,
2699 1621 2766 1676 de
2799 1619 2981 1690 aliquo
3004 1621 3386 1688 prophetarum
3417 1620 3501 1674 in-

273 1704 404 1772 τὶμῖν
429 1701 768 1768 ἀναστήσει
815 1704 847 1754 ὀ
897 1699 1060 1766 θεὸς,
1110 1701 1369 1774 νομίζωσι
1400 1701 1508 1772 (88)
1538 1703 1662 1772 περὶ
1713 1702 1832 1766 ὲνδς

1947 1711 2097 1781 Lelligi
2123 1711 2489 1766 arbitrantur:
2523 1719 2579 1766 et
2605 1712 2896 1767 verborum
2931 1712 3181 1778 istorum,
3213 1709 3361 1765 Sicut
3391 1719 3498 1766 ovis

273 1795 369 1847 τῶν
395 1791 691 1866 προφητῶν
745 1790 1027 1860 λέγεσθαι·
1082 1791 1143 1844 τὸ
1167 1791 1244 1855 δὲ,
1283 1793 1376 1858 Ὡς
1407 1793 1704 1860 πρόϐατον
1733 1791 1830 1844 ἐπὶ

1947 1803 2004 1856 τά
2032 1779 2342 1857 occisionem
2368 1803 2558 1858 ductus
2583 1811 2659 1856 est
2702 1803 2768 1865 ³³,
2807 1801 3296 1872 interpretationem
3333 1818 3439 1856 non
3469 1820 3500 1858 a

275 1887 510 1956 σφαγὴ-ν
531 1885 712 1954 ἤχθη,
747 1882 822 1954 μὴ
851 1881 1160 1954 μανθάνωσι
1199 1882 1352 1954 παρὰ
1392 1881 1486 1936 τοῦ
1541 1883 1830 1942 Φιλίππου,

273 1979 375 2031 ἀλλ’
413 1975 842 2046 ὑπολαμῶνωσι
871 1975 996 2045 περὶ
1023 1972 1116 2026 τοῦ
1151 1974 1370 2026 Ἡσαΐου
1405 1973 1514 2044 (89)
1558 1973 1832 2042 λέγεσθαι,

273 2065 306 2135 ἢ
337 2063 468 2134 περὶ
487 2062 648 2116 ἄλλου
669 2061 814 2124 τινὸς
841 2060 950 2113 τῶν
971 2061 1280 2132 γενομένων
1308 2061 1620 2133 προφητῶν.

453 2155 694 2210 Τοιαῦτα
727 2155 790 2226 δὴ
814 2151 906 2209 οὖν
937 2156 1030 2207 καὶ
1067 2156 1115 2206 οἱ
1153 2153 1507 2224 χριστομάχΟι
1555 2151 1832 2216 παθόντες,

275 2249 344 2310 εἰς
361 2247 610 2318 μυσαρὰν
638 2247 848 2316 αἵρεσιν
879 2244 1320 2299 ὲκπεπτὼκασιν.
1349 2244 1412 2296 Εἰ
1435 2243 1542 2314 γὰρ
1581 2240 1837 2311 ἐγνώκει-

273 2355 365 2390 σαν
389 2339 450 2391 τό
474 2355 534 2390 τε
564 2337 856 2410 πρόσωπον
885 2338 976 2390 καὶ
1003 2335 1064 2388 τὺ
1101 2335 1332 2405 πρᾶγμα
1367 2333 1461 2386 καὶ
1510 2333 1602 2388 τὸν
1648 2332 1836 2404 καιρὸν

272 2429 356 2488 τοῦ
377 2427 734 2482 ἀποστολικοῢ
765 2428 948 2500 ῥητοῦ,
966 2429 1064 2480 οὐκ
1085 2426 1171 2490 ἂν,
1201 2425 1270 2478 τὰ
1293 2423 1606 2496 ἀνθρώπινα
1635 2426 1716 2488 εἰς
1739 2424 1838 2496 τὴν

275 2520 494 2591 θεότητα
517 2519 970 2590 ἐκλαμϐάνοντες,
997 2517 1246 2572 τοσοῦτον
1262 2515 1490 2587 ἠσέϐουν
1513 2518 1562 2570 οἱ
1585 2517 1834 2588 ἄφρονες.

274 2613 432 2666 Τοῦτο
461 2613 521 2667 δὲ
549 2611 772 2665 δυνατὸν
800 2611 944 2674 ἰδεῖν,
965 2613 1013 2663 εἰ
1041 2611 1138 2682 τὴν
1168 2610 1342 2681 ἀρχὴν
1365 2609 1458 2662 τοῦ
1481 2607 1840 2680 ἀναγνώσμα-

273 2706 356 2769 τός
375 2724 457 2769 τις
481 2704 664 2768 καλῶς
696 2703 804 2776 (90)
829 2703 1067 2757 ὲκλάϐοι.
1101 2704 1238 2774 Φησὶ
1263 2703 1372 2775 γὰρ
1405 2704 1434 2755 ὁ
1487 2702 1835 2766 Ἀπόστολος·

275 2795 626 2864 Πολυμερῶς
659 2794 758 2847 καὶ
787 2793 1178 2860 πολυτρόπως
1200 2791 1384 2846 πάλαι
1407 2795 1440 2846 ό
1475 2791 1618 2858 Θεὸς
1651 2791 1840 2861 λαλή-

275 2903 384 2949 σας
413 2884 538 2950 τοῖς
591 2881 890 2950 πατράσιν
918 2883 986 2935 ἐν
1017 2881 1140 2948 τοῖς
1179 2883 1513 2952 προφήταις
1554 2881 1662 2955 (91)
1693 2925 1714 2948 ,
1744 2884 1838 2938 ἐπ’

273 2977 542 3046 ἐσχάτων
565 2975 684 3028 τῶν
715 2973 947 3044 ἡμερῶν
977 2975 1201 3029 τούτων
1236 2974 1542 3042 ἐλάλησεν
1595 2977 1737 3046 ἡμῖν
1771 2977 1840 3032 ἐν

277 3067 406 3132 Πῷ⁸
445 3062 566 3119 εἶτα
601 3064 720 3136 μετ’
747 3065 903 3133 ὀλίγα
931 3065 1063 3136 φησί
1082 3080 1096 3093 ·
1122 3067 1199 3118 Δι’
1232 3065 1447 3120 ἑαυτοῦ
1469 3066 1842 3138 καθαρισμὸν

277 3155 388 3209 τῶν
409 3153 710 3226 ἁμαρτιῶν
730 3153 894 3224 ἡμῶν
940 3154 1048 3226 (92)
1083 3153 1490 3224 ποιησάμενος
1512 3195 1526 3220 ,
1564 3155 1845 3210 ἐκάθισεν

275 3242 341 3294 ἐν
363 3239 534 3308 δεξιᾷ
555 3241 668 3308 τῆς
685 3243 1121 3311 μεγαλωσύνης
1157 3244 1226 3296 ἐν
1269 3244 1560 3312 ὑψηλοῖς,
1609 3246 1845 3318 τοσούτῳ

277 3334 536 3402 κρείττων
559 3333 850 3404 γενόμενος
871 3334 976 3388 τῶν
1014 3335 1280 3403 ἀγγέλων,
1308 3337 1418 3408 ὅσῳ
1450 3337 1848 3411 διαφορώτερον

279 3429 402 3496 παρ’
431 3427 625 3490 αὐτοὺς
673 3425 1144 3498 κεκληρονόμηκεν
1177 3425 1350 3498 ὄνομα
1393 3427 1526 3498 (95).
1571 3429 1705 3502 Περὶ
1752 3430 1846 3484 τοῦ

281 3519 466 3589 καιροῦ
493 3519 603 3590 ἄρα
651 3518 772 3570 καθ’
803 3517 861 3572 ὃν
893 3517 1153 3589 ἐλάλησεν
1191 3521 1322 3590 ἡμῖν
1357 3521 1414 3573 ἐν
1455 3521 1568 3592 Υῐῷ
1593 3561 1608 3585 ,
1636 3522 1724 3575 ὅτε
1755 3524 1849 3576 καὶ

281 3613 386 3665 τῶν
436 3611 722 3684 ἁμαρτιῶν
751 3611 1086 3683 καθαρισμὸς
1139 3612 1360 3681 γέγονε,
1419 3615 1744 3684 μνημονεύει
1788 3615 1849 3669 τὸ

279 3705 625 3760 ἀποετολικδν
643 3705 820 3775 ῥητόν.
851 3705 987 3758 Πότε
1002 3705 1058 3758 δὲ
1084 3705 1340 3776 ἐλάλησεν
1365 3707 1492 3777 ἡμῖν
1505 3709 1563 3760 ἐν
1585 3709 1728 3778 Υἱῴ;
1756 3707 1852 3762 καὶ

283 3797 406 3848 πότε
439 3797 634 3865 γέγονε
668 3794 1004 3867 καθαρισμὸς
1030 3795 1139 3848 τῶν
1161 3796 1479 3868 ἁμαρτιῶν;
1516 3799 1644 3851 πότε
1677 3799 1734 3852 δὲ
1755 3799 1848 3868 γέ-

281 3902 434 3951 γονεν
454 3885 740 3956 ἄνθρωπος
761 3885 794 3956 ἢ
829 3885 964 3956 μετὰ
990 3887 1115 3950 τοὺς
1139 3887 1247 3958 (91)
1267 3889 1546 3958 προφήτας
1575 3890 1663 3941 ἐπ’
1691 3891 1851 3960 ἐσχά-

281 3994 386 4031 των
415 3977 525 4034 τῶν
551 3977 812 4049 ἡμερῶν;
845 3973 978 4031 Εἶτα
1008 3979 1100 4031 τοῦ
1143 3979 1475 4052 διηγήματος
1525 3981 1676 4044 ὖντος
1722 3983 1848 4054 περὶ

281 4065 376 4135 τῆς
407 4064 530 4117 καθ’
558 4066 704 4136 ἡμᾶς
728 4067 1056 4136 οἰκονομίας,
1087 4067 1259 4136 λέγων
1281 4069 1407 4140 περὶ
1436 4069 1542 4122 τῶν
1561 4069 1850 4141 (95)ὲσχά-

281 4174 385 4210 των
414 4157 964 4230 καιρῶν,ἀκολούθως
994 4159 1416 4230 ἐμνημόνευσεν,
1444 4161 1530 4213 ὅτι
1562 4161 1697 4230 μήτε
1726 4163 1851 4225 τοὺς

287 4251 584 4322 προτέρους
611 4251 834 4322 χρόνους
855 4249 1128 4321 ἐσιώπησε
1152 4255 1264 4315 τοῖς
1287 4251 1591 4323 ἀνθρώποις
1631 4256 1659 4306 ὁ
1690 4253 1846 4317 Θεϐς·

1935 1893 2182 1964 Philippo
2207 1895 2443 1960 discunt,
2473 1895 2566 1950 sed
2603 1893 2710 1948 illis
2735 1892 2928 1948 Isaiam
2955 1902 3047 1948 aut
3071 1893 3236 1946 alium
3265 1893 3498 1963 aliquem

1935 1987 2255 2056 prophetam
2284 1985 2557 2056 designari
2590 1985 2906 2056 opinantur.

2005 2155 2093 2210 55.
2146 2155 2292 2212 Idem
2339 2157 2580 2228 profecto
2614 2157 2733 2212 istis
2765 2156 2967 2214 Christi
3003 2157 3252 2214 hostibus
3283 2158 3502 2224 accidit,

1942 2248 2174 2318 indeque
2215 2249 2268 2302 in
2319 2247 2610 2304 nefandam
2643 2249 2778 2320 lapsi
2817 2259 2944 2304 sunt
2985 2249 3254 2304 Incresim.
3287 2247 3424 2303 Nam
3457 2249 3502 2304 si

1939 2353 2250 2407 personam,
2297 2355 2410 2394 rem
2445 2349 2498 2394 et
2532 2349 2742 2410 tempus
2794 2339 3085 2396 verborum
3113 2339 3358 2410 Apostoli
3408 2355 3503 2396 eo-
3591 2401 3594 2404 ,

1939 2429 2276 2500 gnovissent,
2343 2445 2451 2484 non
2478 2445 2561 2496 ea,
2616 2445 2737 2499 quae
2783 2430 2848 2483 ad
2899 2431 3194 2484 humanam
3237 2430 3508 2499 pertinent

1937 2529 2208 2584 naturam,
2249 2521 2652 2578 transtulissent
2683 2520 2738 2575 in
2766 2520 3126 2580 divinitatem.
3171 2537 3274 2576 nec
3305 2537 3370 2575 co
3405 2522 3506 2576 im-

1937 2611 2155 2682 pietatis
2197 2613 2376 2668 insani
2408 2611 2776 2668 devenissent.
2812 2611 2870 2666 Id
2898 2621 3078 2668 autem
3109 2611 3155 2667 is
3191 2612 3347 2666 facile
3379 2628 3502 2682 per-

1941 2704 2154 2774 Spiciet,
2181 2703 2276 2775 qui
2307 2703 2523 2759 initium
2554 2703 2718 2774 hujus
2753 2703 2856 2758 loci
2885 2712 3030 2758 recte
3057 2703 3392 2758 intellexerit.
3424 2701 3502 2758 En

1938 2796 2082 2850 enim
2122 2795 2362 2866 Apostoli
2397 2795 2600 2850 verba:
2643 2794 3000 2864 Mullifariam
3039 2795 3316 2863 multisque
3335 2795 3504 2850 modis

1939 2887 2068 2940 olim
2116 2885 2252 2940 Deus
2298 2887 2506 2942 locutus
2551 2887 2789 2954 patribus
2854 2903 2945 2956 per
3007 2887 3322 2956 prophetas,
3365 2888 3506 2942 hisce

1940 2975 2140 3030 ultimis
2172 2975 2351 3030 diebus
2380 2975 2584 3030 locutus
2626 2986 2702 3030 est
2754 2975 2903 3030 nobis
2939 2976 2991 3028 in
3021 2974 3161 3030 Filio
3192 2977 3258 3030 ⁸³.
3307 2976 3509 3032 Deinde

1945 3063 2105 3134 paulo
2137 3073 2258 3134 post
2289 3064 2364 3119 ait
2389 3083 2402 3118 :
2431 3063 2555 3118 ‘Per
2595 3065 2818 3134 seipsum
2845 3066 3154 3135 purgatione
3175 3074 3508 3134 peccatorum

1946 3163 2246 3208 nostrorum
2300 3153 2464 3222 facta,
2512 3155 2652 3208 sedet
2683 3155 2753 3207 ad
2793 3154 3062 3208 dexteram
3113 3154 3405 3223 majestatis
3453 3155 3510 3208 in

1945 3246 2186 3312 excelsis,
2234 3254 2379 3300 tanta
2425 3245 2764 3314 prwstantior
2805 3245 2978 3314 fectus
3027 3244 3261 3314 angelis,
3313 3253 3508 3314 quanto

1945 3337 2286 3392 excellentius
2337 3351 2447 3404 pra:
2494 3335 2604 3389 illis
2648 3350 2834 3388 nomen
2873 3333 3176 3388 hereditate
3221 3335 3418 3402 accepit
3442 3334 3506 3388 ⁸⁸.

1948 3429 2136 3500 Itaque
2159 3429 2408 3500 Apostoli
2435 3427 2640 3482 dictum
2674 3426 2931 3497 temporis
2965 3425 3227 3494 meminit,
3261 3440 3370 3495 quo
3407 3441 3510 3479 no-

1950 3521 2034 3576 bis
2059 3519 2202 3575 Deus
2237 3519 2288 3574 in
2316 3517 2455 3574 Filio
2489 3519 2703 3574 locutus
2743 3527 2847 3583 est,
2889 3526 2944 3572 et
2983 3525 3328 3588 peccatorum
3371 3515 3511 3572 facta

1950 3622 2036 3668 est
2074 3613 2341 3682 purgatio.
2389 3611 2619 3678 Quando
2655 3626 2818 3682 porro
2865 3610 3021 3666 nobis
3049 3611 3101 3664 in
3134 3609 3271 3664 Filio
3300 3611 3513 3665 locutus

1951 3713 2054 3769 est,
2107 3714 2162 3759 et
2201 3715 2548 3774 peccatorum
2595 3703 2844 3774 purgatio
2873 3701 3011 3757 facta
3052 3709 3154 3762 est,
3181 3701 3264 3755 vel
3296 3702 3513 3771 quando

1953 3797 2128 3852 factus
2155 3806 2236 3852 est
2289 3799 2473 3862 homo,
2516 3795 2618 3850 nisi
2673 3803 2793 3864 post
2828 3794 3116 3863 prophetas
3147 3791 3198 3844 in
3227 3793 3515 3861 postremis

1953 3889 2188 3942 diebus?
2217 3887 2418 3943 Deinde
2473 3903 2596 3942 cum
2655 3901 2836 3940 sermo
2883 3885 2955 3940 sit
3003 3885 3070 3941 de
3107 3883 3515 3952 dispensatione

1955 3991 2076 4046 qua:
2114 3976 2286 4031 nostri
2317 3991 2482 4030 causa
2523 3983 2773 4043 suscepta
2803 3983 2923 4039 est;
2959 3971 3026 4027 de
3067 3972 3272 4027 ultimis
3307 3981 3514 4042 tempo-

1955 4067 2108 4120 ribus
2145 4065 2306 4120 vcrba
2358 4064 2564 4122 faciens
2610 4062 2994 4119 convenienter
3038 4062 3290 4116 admonet
3343 4077 3517 4131 neque

1956 4157 2227 4228 prioribus
2287 4155 2623 4228 temporibus
2690 4154 2857 4209 Deum
2908 4155 3144 4210 tacuisse
3189 4173 3202 4207 :
3250 4153 3516 4222 siquidem

1959 4267 2056 4322 per
2094 4251 2386 4320 prophetas
2435 4250 2648 4303 locutus
2705 4255 2810 4300 est.
2865 4245 3132 4312 Quoniam
3179 4245 3346 4316 igitur
3393 4259 3519 4314 pro-

283 4311 511 4411 smne.
537 4311 860 4411 anteit;
901 4339 990 4394 διὰ
1030 4311 1136 4394 τῶν
1165 4311 1478 4413 προφητῶν.
1517 4311 1627 4395 Καὶ
1663 4311 1840 4397 ἐπειέῦ

1959 4311 2132 4413 pheue
2173 4342 2568 4397 ministravere.
2613 4348 2668 4394 et
2707 4339 2790 4394 lex
2823 4337 3158 4408 promulgata
3207 4351 3300 4406 per
3351 4351 3515 4406 ange-

357 4544 402 4575 ’ί
441 4545 462 4597 1
493 4545 634 4598 Tim.
675 4561 726 4612 ι,
752 4544 841 4600 εο.
921 4547 966 4578 ⁸³
1005 4546 1110 4601 Isa.
1143 4561 1240 4610 vn,
1272 4545 1371 4613 M;
1403 4547 1592 4604 Matth.
1627 4565 1666 4614 ι,
1698 4549 1792 4605 25.

1950 4547 2106 4602 Deut.
2168 4561 2298 4600 xvut
2329 4585 2342 4610 ,
2388 4545 2476 4601 l5.

287 4613 682 4683 "manu

363 4768 472 4836 (‘85)
513 4769 732 4824 Gobler.
761 4769 1078 4832 etFeIckm.
1113 4770 1164 4828 1,
1205 4769 1331 4823 ὅταν
1369 4763 1481 4823 οὗν.

360 4841 562 4912 (81-85)
590 4837 680 4894 Sic
698 4839 932 4912 _Seguer.
951 4842 1020 4894 At
1033 4841 1244 4912 Anglic.
1261 4839 1475 4912 Gobler.
1492 4849 1545 4894 et
1562 4839 1804 4912 Eelckmi.
1816 4839 1848 4912 _i

293 4927 372 4973 τις
391 4909 672 4980 omittunt.
695 4909 754 4980 In
787 4909 920 4980 Reg.
951 4925 1083 4964 vero
1119 4927 1173 4963 τι
1200 4911 1383 4980 deest.
1410 4909 1603 4965 Caneri
1629 4919 1683 4964 et
1703 4909 1853 4974 editi,

295 4981 420 5050 παρ’
451 4979 978 5050 ἓτξρονᾲέκλαμϐἀνῃ
1009 4997 1094 5042 τις
1119 4979 1340 5050 τούτων.

365 4999 368 5030 L
412 4999 417 5002 ⁷
451 4999 538 5032 ετε
609 4999 638 5032 ν
665 4999 978 5050 εκλαμοανῃ
1009 4999 1094 5042 τις
1119 4999 1340 5032 τουτων.

365 4999 476 5120 (156)
637 5047 861 5118 Seguer.
891 5049 1112 5105 Gobler.
1141 5061 1195 5104 et
1223 5049 1458 5103 Felckm.
1495 5048 1548 5102 1.
1581 5047 1650 5103 At
1678 5049 1770 5102 alii
1804 5057 1860 5102 et

295 5119 420 5173 editi
455 5122 554 5189 τήν
583 5120 860 5175 omittunt.

365 5191 476 5258 (87)
509 5187 611 5245 Sic
634 5189 860 5256 Seguer.
885 5189 1102 5244 Gobler.
1131 5188 1368 5243 Felckm.
1396 5189 1418 5242 1
1459 5197 1514 5242 et
1537 5188 1591 5242 5.
1623 5187 1728 5240 Alii
1757 5201 1857 5241 au-

298 5267 402 5312 tem
432 5269 486 5314 et
509 5260 678 5329 editio
705 5261 991 5324 Commel.,
1035 5259 1353 5329 Ἐμανουῄλ.

369 5330 476 5398 (88)
517 5328 767 5399 Seguer.,
805 5325 1113 5399 ἀναστήσῃ,
1149 5325 1444 5398 νομίζουσι.
1479 5327 1695 5384 Gobler.
1729 5325 1864 5380 item-

299 5383 623 5452 et‘Fe'Iekmu.
657 5399 680 5451 1
717 5383 917 5453 habent
946 5383 1244 5467 νόμῖζουσί.

376 5469 478 5538 (89)
522 5469 613 5524 Sic
647 5468 873 5534 Seguer.
918 5467 1049 5536 Reg.
1087 5467 1322 5522 Felckm.
1356 5469 1408 5521 5.
1435 5467 1628 5521 Caneri
1659 5481 1788 5522 vero
1810 5475 1864 5521 et

305 5538 450 5602 editi,
481 5539 632 5608 παρὰ
653 5538 747 5591 τοῦ
781 5539 1026 5593 Ἡσαΐου.

379 5609 486 5676 (90)
527 5605 618 5664 Sic
651 5609 878 5676 Seguer.
902 5607 1113 5676 Anglic.
1139 5607 1353 5662 Gobler.
1385 5616 1438 5660 et
1467 5606 1701 5661 Felekm.
1727 5605 1776 5658 1.
1795 5605 1866 5660 At

309 5677 398 5730 alii
427 5689 478 5732 et
495 5679 625 5733 editi
649 5677 828 5741 καλῶς
852 5677 1126 5731 omittunt.

382 5749 485 5817 (91.)
525 5749 752 5820 Seguer.
785 5745 944 5803 addit
967 5748 1026 5801 ἐν
1051 5750 1160 5810 τοῖς
1193 5746 1509 5816 προφήταις,
1538 5745 1636 5800 alii
1653 5754 1706 5802 et
1737 5743 1864 5800 editi

2554 4543 2602 4576 3‘
2640 4542 2747 4599 Isa.
2813 4557 2910 4596 Lm
2934 4579 2948 4604 ,
2985 4539 3035 4593 7.
3115 4538 3160 4572 ⁸⁵
3202 4537 3364 4592 Hebr.
3391 4553 3430 4602 l,
3465 4539 3517 4592 1.

1963 4765 2244 4822 omittunt.
2285 4763 2419 4820 Ibid.
2460 4764 2684 4834 Seguer.
2737 4763 2906 4819 Basil.
2965 4764 3182 4835 Anglic.
3227 4762 3395 4832 Reg.,
3434 4760 3522 4812 ἐπ’

1963 4838 2211 4890 ὲσγάτου.

1995 4853 2288 4976 σῆἕὲῗῗὲὶε
2318 4903 2539 4976 Seguer.
2566 4903 2848 4976 etAAnglie.
2879 4901 2935 4956 In
2967 4903 3086 4976 aliis
3109 4911 3158 4955 et
3192 4899 3351 4976 editis
3375 4897 3523 4976 (leest

1963 4967 2147 5046 mtiva
2165 4973 2336 5028 Paulo
2355 4967 2474 5044 post
2494 4976 2550 5028 ὲν
2573 4967 2794 5045 ὑψηλόῖς
2814 4976 2968 5028 abest
2995 4989 3025 5027 a
3054 4971 3275 5040 Seguer.
3303 4967 3518 5024 Gobler.

1963 5055 2018 5099 et
2043 5045 2282 5099 Felckm.
2311 5045 2364 5097 1.
3475 5068 3478 5071 -

1963 5055 2018 5100 ει
2043 5047 2282 5100 Felckm.
2311 5047 2364 5097 1.
3475 5068 3478 5071 -

2034 5115 2146 5198 (95)
2188 5111 2550 5198 SicMSegue’r.
2588 5111 2803 5198 prler.
2839 5121 2893 5196 et
2934 5109 3182 5198 Felclftnu
3388 5105 3521 5198 editi

1963 5178 2163 5256 aliique
2181 5178 2450 5256 omittunt
2479 5185 2588 5254 ὅσῳ
2627 5181 3031 5256 διαφορῲτερον.
3056 5179 3182 5247 παρ’
3213 5178 3406 5256 αυτοῦ-ς
3432 5193 3524 5256 κεέ

1963 5247 2370 5326 κληρονόμηκεν
2419 5247 2606 5323 ὄνομα.
2673 5247 2802 5306 Μὸιξ
2838 5247 2942 5320 ἄρα
2985 5251 3137 5304 abest
3176 5263 3208 5301 a
3253 5247 3424 5314 Regio
3469 5255 3524 5301 et

1964 5324 2208 5379 Felc’km.’
2232 5324 2285 5377 5.

2007 5342 2285 5466 iiiis:
2329 5394 2553 5466 Seguer.
2583 5391 2799 5466 Gobler.
2841 5397 2895 5440 et
2936 5386 3174 5466 ιῖειςιςηιἶ
3205 5387 3255 5441 ι.
3295 5386 3362 5440 At
3389 5385 3522 5466 gigni

1965 5473 2021 5521 et
2045 5454 2161 5530 alii,
2190 5463 2223 5533 ἦ
2259 5464 2348 5516 ὅτε
2379 5454 2601 5533 ¹ξιξεγονεν
2625 5459 2908 5533 ἄνθρωπος
2931 5455 3066 5533 μετά
3086 5456 3232 5533 τεός,
3253 5471 3358 5510 etc.
3387 5454 3519 5510 Ibid.

1968 5527 2354 5604 Seguctheg.
2391 5527 2556 5604 Basil.
2591 5540 2644 5604 et
2667 5527 2902 5597 Anglic,
2928 5527 3015 5604 ἐπ’
3045 5527 3293 5604 ἐσχάτουἶ

2057 5595 2148 5678 9_5)
2191 5595 2438 5678 segnem,
2483 5595 2988 5678 letovcmv'ce‘mpl
3026 5595 3150 5652 τῶν.
3201 5595 3416 5652 Gobler.
3468 5603 3520 5648 et

2035 5605 2148 5730 (95)
2191 5605 2438 5671 Seguer.,
2483 5605 2746 5679 λεξάντων
2775 5614 2834 5648 τε
2860 5605 2988 5678 περὶ

1965 5675 2037 5732 Fc
2059 5674 2200 5731 ckm.
2233 5673 2281 5739 I,
2317 5671 2488 5738 λέγων
2521 5687 2626 5722 των
2655 5684 2712 5719 τε
2740 5667 2865 5737 περὶ
2893 5683 3017 5720 των.
