3972 6224
470 370 565 429 15'!

1061 370 1117 424 S.
1160 368 1529 426 ATHANASII
1560 368 1715 425 OPP.
1754 367 1937 423 PARS
1979 367 2015 424 Ι.
2056 400 2126 411 -
2161 366 2521 425 HISTORICA
2559 368 2646 424 ET
2684 367 3092 425 DOGMATICA.

3598 376 3699 431 ll'i‘i

539 483 627 538 57.
655 482 724 536 At
746 492 891 537 certe
922 497 1018 539 eos
1039 494 1146 538 tam
1176 484 1340 554 impia
1375 485 1673 552 cogitantes
1698 494 1855 554 coget
1897 498 2022 538 ern-

2195 484 2282 538 57.
2315 483 2456 538 Ἀλλ’
2476 484 2897 556 ἐντραπήσονται
2919 484 3137 538 τοιαῦτα
3155 484 3540 556 φανταζόμενοι
3555 490 3702 560 παρὰ

470 575 689 629 bescere
743 589 896 629 sacer
928 585 1141 641 cantor,
1175 577 1334 646 cujus
1378 578 1463 632 lue
1512 586 1641 632 sunt
1670 591 1830 632 voces
1859 595 1874 631 :
1902 574 2035 641 Quis

469 665 664 720 similis
690 666 788 719 erit
828 666 1047 719 Domino
1075 667 1130 719 in
1161 666 1290 733 ﬁliis
1326 667 1422 721 Dei
1446 667 1527 721 "1'
1556 666 1641 731 Et,
1672 666 1803 732 Quis
1842 666 2034 721 similis

471 757 552 810 tui
607 757 660 809 in
711 756 838 820 diis,
899 756 1119 811 Domine
1160 757 1252 812 "?
1287 756 1653 815 Nihilominus
1678 759 1785 815 illis
1817 774 2035 829 quoque

468 848 939 918 respondebimus,
966 856 1026 903 ut
1053 850 1138 903 vel
1193 850 1274 905 sic
1320 865 1506 905 verum
1539 850 1770 913 discant.
1808 865 2034 920 compa-

467 939 734 993 rationem
770 940 948 995 solere
976 941 1187 996 institui
1219 942 1362 996 inter
1394 956 1458 996 ea
1487 956 1610 1012 quae
1629 942 1871 1007 ejusdem
1902 958 2037 997 cun-

469 1040 576 1085 stat
599 1047 719 1085 esse
735 1033 972 1101 generis,
997 1047 1107 1087 non
1129 1041 1311 1091 autem
1338 1032 1481 1088 inter
1519 1048 1580 1087 ea
1611 1048 1733 1104 quae
1761 1034 2031 1089 diversam

467 1121 671 1175 habent
699 1131 969 1177 naturam.
1011 1123 1198 1194 Itaque
1243 1138 1402 1178 nemo
1453 1122 1620 1179 Deum
1653 1139 1775 1178 cum
1814 1124 2034 1180 homine

468 1218 887 1287 comparaverit,
921 1231 1096 1285 neque
1125 1216 1290 1271 etiam
1319 1216 1592 1271 hominem
1624 1232 1748 1271 cum
1793 1216 1988 1272 helluis
2011 1257 2029 1285 ,

470 1322 646 1376 neque
667 1306 810 1375 ligna
846 1321 968 1359 cum
1000 1305 1291 1375 lapidibus,
1319 1312 1540 1375 propter
1559 1313 1764 1359 natura:
1791 1305 2033 1360 dissimi-

469 1395 775 1450 litudinem.
803 1392 909 1449 Sed
941 1393 1079 1449 Deus
1105 1394 1324 1465 quidem
1357 1408 1481 1449 cum
1526 1394 1672 1448 nulla
1725 1410 1785 1449 re
1812 1409 2035 1464 compa-

469 1487 578 1541 rari
608 1494 824 1557 potest:
861 1486 1022 1540 homo
1054 1500 1181 1540 vero
1212 1500 1337 1539 cum
1372 1485 1613 1547 homine,
1663 1483 1866 1555 lignum
1906 1501 2029 1540 cum

469 1579 636 1649 ligno,
668 1576 806 1648 lapis
833 1592 956 1632 cum
994 1575 1171 1647 lapide
1197 1585 1342 1630 recte
1367 1583 1541 1645 potest
1565 1574 1821 1641 conferri,
1846 1590 1945 1631 nec
1976 1577 2030 1631 iu

470 1669 558 1723 his
588 1682 712 1731 vox,
742 1668 1107 1737 prwstantius,
1143 1663 1515 1735 usurpabitur,
1561 1664 1657 1719 sed
1687 1679 1811 1731 vox,
1839 1668 2031 1735 magis.

469 1759 575 1823 vel,
607 1758 743 1828 plus.
769 1758 859 1812 Sic
880 1755 1078 1825 Joseph
1114 1756 1285 1823 magis
1315 1754 1542 1824 pulcher
1566 1763 1682 1809 erat
1710 1753 1827 1809 suis
1853 1754 2034 1809 fratri-

2139 576 2236 647 μὲν
2265 575 2357 629 τοῦ
2385 576 2629 648 ὑμνῳδοῦ
2657 576 2927 645 λέγοντος,
2998 576 3092 641 Τίς
3155 576 3575 645 ὁμοιωθήσεται
3622 578 3703 645 τῷ

2133 668 2327 736 Κυρίῳ
2345 669 2417 722 ἐν
2435 668 2585 735 υἱοῖς
2614 668 2798 733 Θεοῦ;
2826 669 2939 732 καὶ,
2973 669 3067 734 Τίς
3090 667 3288 737 ὅμοιός
3311 683 3409 721 σοι
3432 667 3500 721 ἐν
3527 671 3701 738 θεοῖς,

2132 760 2339 827 Κύριε;
2373 760 2713 814 Ἀκούσονται
2743 759 2800 814 δὲ
2819 761 2985 831 ὅμως,
3012 759 3106 812 ἐὰν
3135 758 3242 830 ἄρα
3279 758 3380 812 κᾶν
3422 758 3562 814 οὕτω

2137 849 2400 920 μάθωσιν,
2433 850 2508 914 ὼς
2538 852 2596 905 ὲν
2645 851 2744 922 μὲν
2782 855 2893 915 τοῖς
2920 850 3233 923 ὁμογενέσιν
3266 848 3704 922 ὁμολογουμένως

2136 943 2282 1012 φιλεῖ
2303 941 2372 996 τὰ
2416 942 2518 1013 τῆς
2543 942 2880 1014 συγκρίσεως
2903 941 3147 1011 γίνεσθαι
3171 982 3188 1009 ,
3240 942 3333 994 καὶ¹
3361 943 3461 995 οὐκ
3498 944 3556 995 ὲν
3595 946 3704 1006 τοῖς

2136 1035 2521 1107 ἑτερογενέσιν.
2550 1036 2736 1099 Οὐδεὶς
2764 1036 2895 1104 γοῦν
2936 1035 3067 1088 Θεὸν
3110 1035 3389 1106 συγκρίνοι
3432 1034 3541 1105 (24)
3571 1035 3704 1107 πρὸς

2135 1125 2440 1197 ἄνθρωπον,
2473 1126 2593 1180 οὐδὲ
2619 1126 2779 1180 πάλιν
2812 1126 3094 1198 ἄνθρωπον
3118 1127 3253 1199 πρὸς
3282 1128 3350 1181 τὰ
3372 1128 3560 1199 ἄλογα,
3585 1129 3702 1182 οὐδὲ

2137 1218 2268 1284 ξύλα
2289 1218 2424 1291 πρὸς
2446 1218 2645 1284 λίθους,
2677 1219 2764 1273 διὰ
2786 1219 2846 1273 τὸ
2867 1220 3119 1291 ἀνόμοιον
3141 1221 3243 1290 τῆς
3275 1220 3488 1291 φύσεως
3508 1238 3521 1252 ·
3569 1220 3703 1274 ἀλλὰ

2132 1310 2264 1374 Θεὸς
2286 1311 2385 1382 μὲν
2406 1310 2733 1384 ἀσύγκριτόν
2759 1313 2874 1365 ἐστι
2897 1313 3126 1384 πρᾶγμα
3147 1330 3160 1343 ο
3187 1310 3470 1385 ἅνθρωπος
3490 1312 3546 1366 δὲ
3571 1312 3704 1385 πρὸς

2132 1401 2417 1474 ἄνθρωπον
2466 1402 2814 1474 συγκρίνεται
2840 1401 2951 1473 (25)
2973 1442 2990 1467 ,
3025 1403 3119 1456 καὶ
3149 1402 3302 1467 ξύλον
3348 1404 3484 1476 πρὸς
3526 1400 3697 1468 ξύλον,

2132 1494 2227 1547 καὶ
2252 1494 2399 1559 λίθος
2429 1496 2563 1566 πρὸς
2593 1496 2737 1549 λίθον
2755 1512 2769 1525 ·
2799 1496 2895 1549 καὶ
2922 1497 3021 1549 οὐκ
3052 1495 3117 1548 ἄν
3144 1513 3227 1559 τις
3252 1497 3345 1549 ἐπὶ
3390 1496 3594 1551 τούτων
3623 1498 3702 1550 εί-

2134 1602 2222 1639 ποι
2240 1585 2321 1648 τὸ,
2344 1585 2625 1654 κρεῖττον,
2644 1584 2778 1639 ἀλλὰ
2799 1584 3143 1655 τὸ,μᾶλλον,
3161 1588 3255 1641 καὶ
3268 1587 3350 1654 τὸ,
3366 1586 3557 1641 πλέον
3570 1588 3700 1657 (26)°

2132 1675 2305 1741 οὓτως
2346 1677 2543 1748 Ἰωσὴφ
2569 1678 2768 1750 ὡραῖος
2797 1674 2865 1750 ἦν
2889 1678 3086 1749 μᾶλλον
3110 1679 3260 1752 παρὰ
3286 1680 3412 1743 τοὺς
3442 1679 3703 1749 ἀδελφοὺς

2134 1768 2320 1831 αὑτοῦ,
2338 1770 2431 1823 καὶ
2470 1769 2668 1841 Ῥαχὴλ
2702 1771 2801 1841 τῆς
2827 1771 3015 1835 Λείας·
3048 1770 3222 1843 ἀστὴρ
3250 1772 3307 1825 δὲ
3334 1770 3562 1843 ἀστέρος
3586 1771 3704 1841 οὐχὶ

472 1852 573 1907 bus
608 1871 620 1906 :
656 1850 855 1905 Racth
884 1849 1056 1919 magis
1080 1847 1304 1916 pulchra
1344 1862 1507 1916 quam
1542 1845 1658 1902 Lia.
1706 1845 1871 1902 Stella
1913 1862 2033 1903 vero

2142 1859 2429 1930 κρείσσων,
2456 1858 2588 1913 ἀλλὰ
2613 1859 2810 1930 μᾶλλον
2835 1859 3077 1931 διαφέρει
3101 1862 3158 1913 ὲν
3180 1859 3326 1932 δόξῃ.
3365 1858 3493 1912 Ἐπὶ
3519 1859 3576 1912 δὲ
3596 1859 3703 1913 τῶν

470 1958 577 1997 non
615 1943 767 1998 stella
791 1941 1159 2011 praestantior,
1217 1938 1310 1992 sed
1343 1938 1517 2009 magis
1562 1953 1671 1993 una
1702 1938 1775 1994 ab
1802 1938 1907 1994 alia
1932 1937 2038 1994 dii-

471 2030 577 2085 fert
620 2031 673 2085 in
713 2030 884 2101 gloria
924 2030 992 2083 ".
1043 2027 1178 2082 Cum
1228 2036 1409 2083 autem
1442 2041 1529 2083 res
1555 2027 1780 2084 diversa:
1830 2038 2039 2084 natura:

469 2121 612 2175 inter
640 2134 699 2175 se
723 2128 1130 2188 comparantur,
1166 2126 1297 2173 tunc
1344 2132 1474 2183 vox,
1503 2118 1862 2187 pmstantior,
1921 2128 2036 2185 aut,

466 2209 832 2279 prastantius,
881 2208 1195 2263 dili‘erentiae
1237 2207 1607 2279 significanda:
1642 2209 1840 2279 gratia,
1885 2209 2038 2264 adhi-

471 2302 649 2366 betur,
677 2300 1133 2371 quemadmodum
1166 2299 1234 2354 de
1265 2299 1532 2369 sapientia
1561 2307 1615 2354 et
1648 2299 1920 2370 lapidibus
1952 2309 2038 2356 est

468 2393 694 2449 dictum.
720 2392 777 2447 Si
811 2392 974 2463 igitur
1006 2390 1303 2461 Apostolus
1339 2390 1566 2447 dixisset
1595 2409 1609 2446 :
1641 2390 1817 2447 Tanto
1863 2393 2036 2464 magis

469 2483 641 2538 Filius
666 2481 955 2546 antecellit,
979 2480 1278 2547 vel,'l‘anto
1304 2480 1477 2551 major
1507 2491 1589 2537 est
1615 2482 1820 2553 angelis
1849 2483 2037 2539 :vobis

467 2590 599 2630 sane
624 2589 691 2628 ex
721 2574 823 2629 hac
858 2572 979 2628 Filii
1021 2587 1145 2626 cum
1203 2572 1409 2643 angelis
1455 2574 1863 2643 comparatione
1901 2589 2035 2629 eon-

468 2664 718 2720 tendendi
748 2679 880 2719 ansa
905 2663 1254 2734 praeberetur.
1299 2664 1372 2717 At
1412 2678 1537 2718 eum
1575 2677 1701 2718 eum
1741 2663 1887 2719 dicat
1913 2677 2037 2721 esse

469 2756 921 2825 pmstantiorem,
971 2763 1291 2824 tantumque
1316 2753 1555 2822 diﬂ'erre,
1581 2766 1853 2825 quantum
1890 2755 2034 2811 [ilius

467 2862 498 2901 a
524 2845 697 2902 servis
713 2844 911 2911 dili'ert,
939 2844 1227 2899 manifeste
1249 2843 1435 2914 utique
1452 2845 1690 2900 ostendit
1712 2845 1878 2899 alium
1909 2860 2032 2900 esse

466 2952 498 2990 a
531 2948 726 2990 natura
754 2935 1089 3005 angelorum.
1119 2932 1256 2988 Cum
1280 2934 1408 2989 item
1429 2949 1553 2989 eum
1579 2934 1761 2989 omnia
1778 2933 2035 2989 fundasse

468 3028 695 3083 ailirmet
727 3026 794 3094 ⁸⁷,
827 3026 991 3081 alium
1026 3023 1269 3095 proiecto
1295 3024 1364 3079 ab
1392 3024 1650 3080 omnibus
1685 3023 1842 3079 factis
1872 3024 2034 3080 rebus

467 3135 589 3176 esse
620 3121 832 3190 prohat.
874 3117 1216 3188 Quapropter
1241 3131 1367 3171 cum
1414 3117 1641 3172 diversa:
1675 3116 1746 3171 sit
1774 3125 1977 3171 natura'
2001 3130 2030 3170 a

2138 1948 2463 2019 ἑτερογενῶν
2488 1989 2503 2013 ,
2555 1949 2683 2002 ὅταν
2720 1948 2894 2003 ταῦτα
2934 1950 3044 2020 (97)
3074 1967 3156 2013 τις
3204 1948 3525 2023 παρασωλῃ
3568 1950 3703 2021 πρὸς

2136 2039 2359 2111 ἄλληλα,
2386 2040 2505 2093 τότε
2529 2040 2611 2106 τὸ,
2640 2040 2929 2110 κρεῖττον,
2960 2041 3096 2112 πρὸς
3118 2041 3179 2095 τὸ
3202 2040 3513 2095 διαλλάττον
3552 2040 3701 2111 λέγε-

2136 2150 2245 2196 ται,
2281 2132 2528 2204 καθάπερ
2558 2132 2649 2185 ἐπὶ
2679 2132 2778 2203 τῆς
2801 2131 2989 2202 σοφίας
3019 2132 3112 2185 καὶ
3141 2132 3250 2185 τῶν
3281 2131 3443 2186 λίθων
3470 2133 3699 2204 εἴρηται.

2136 2226 2200 2278 El
2227 2225 2325 2296 μὲν
2347 2221 2440 2279 οὖν
2465 2223 2703 2297 είρηκὼς
2733 2220 2801 2295 ἦν
2832 2227 2861 2278 ὁ
2902 2224 3246 2288 Ἀπὸστολος·
3274 2223 3531 2296 Τοσούτῳ
3574 2224 3704 2295 μᾶλ-

2134 2319 2225 2370 λον
2246 2319 2275 2371 ὁ
2305 2316 2431 2379 Υῑὸς
2462 2315 2569 2371 τῶν
2591 2314 2837 2384 ἀγγέλων
2874 2316 3124 2387 προάγει,
3156 2315 3211 2387 ἢ,
3235 2314 3476 2388 τοσούτῳ
3505 2315 3704 2387 μείζων

2136 2407 2312 2461 ἐστίν·
2337 2402 2405 2478 ἦν
2431 2405 2497 2461 ἂν
2534 2407 2662 2477 ὑμῖν
2688 2422 2980 2477 προφασις,
3013 2406 3091 2471 ὡς
3131 2405 3240 2478 (28)
3281 2407 3701 2479 συγκρινομένου

2134 2501 2228 2555 τοῦ
2258 2500 2386 2554 Υίοῡ
2406 2500 2541 2572 πρὸς
2566 2500 2692 2564 τοὺς
2712 2498 2975 2569 ἀγγέλους
2997 2515 3011 2529 ’
3033 2497 3128 2554 νῦν
3147 2498 3204 2553 δὲ
3228 2498 3399 2569 λέγων
3420 2499 3701 2571 κρείττονα

2136 2590 2295 2645 αὐτὸν
2316 2585 2476 2656 εἶναι,
2520 2592 2615 2645 καὶ
2643 2589 2883 2662 τοσούτῳ
2921 2589 3227 2663 διαφέρειν,
3279 2589 3389 2661 ὅσῳ
3421 2589 3703 2661 διέστηκεν

2136 2684 2251 2749 υἱὸς
2275 2681 2385 2755 (ἱ9)
2403 2683 2624 2749 δούλων,
2646 2682 2915 2737 δείκνυσιν
2945 2682 3107 2735 αὑτὸν
3122 2681 3278 2736 ἄλλον
3300 2677 3440 2736 εἶναι
3475 2682 3574 2753 τῆς
3597 2679 3702 2733 τῶν

2134 2776 2379 2847 ἀγγέλων
2413 2776 2647 2847 φύσεως.
2704 2775 2892 2845 Λέγων
2930 2775 2987 2829 δὲ
3028 2773 3190 2828 πάλιν
3230 2773 3392 2828 αὑτὸν
3438 2767 3582 2826 εἶναι
3613 2772 3703 2825 τὸν

2135 2868 2537 2940 θεμελιώσαντα
2558 2867 2629 2921 τὰ
2654 2867 2851 2931 πάντα,
2882 2866 3150 2921 δείκνυσιν
3188 2865 3345 2920 ἄλλον
3374 2864 3542 2918 αὐτὸν
3568 2859 3702 2919 εἶναι

2134 2961 2350 3016 πάντων
2383 2960 2492 3015 τῶν
2523 2959 2786 3031 γενητῶν.
2813 2959 3008 3012 Ἀλλου
3037 2958 3094 3011 δὲ
3144 2958 3238 3011 καὶ
3269 2958 3579 3029 ὲτερουσίου
3613 2957 3704 3011 αύ-

2132 3052 2226 3108 τοῦ
2259 3053 2409 3117 ὄντος
2439 3051 2590 3124 παρὰ
2637 3051 2737 3122 τὴν
2783 3050 2890 3105 τῶν
2934 3049 3175 3122 γενητῶν
3209 3048 3389 3119 φύσιν,
3447 3051 3579 3105 ποία
3607 3051 3703 3121 τῆς

2133 3143 2320 3208 οὐσίας
2350 3141 2514 3196 αὐτοῦ
2540 3142 2828 3214 σύγκρισις
2855 3140 2888 3211 ἢ
2921 3139 3174 3211 ὁμοιότης
3206 3138 3342 3210 πρὸς
3368 3137 3439 3193 τὰ
3471 3139 3702 3210 γενητά;

468 3226 652 3266 rerum
684 3210 947 3266 factarum
981 3218 1199 3275 natura,
1228 3223 1501 3279 quaenam,
1546 3222 1754 3278 quaeso,
1812 3220 2028 3276 compa-

2140 3234 2252 3289 Κᾶν
2308 3234 2416 3306 γὰρ
2463 3210 2630 3288 πάλιν
2654 3210 2997 3303 ἐνθυμηθῶσί
3039 3248 3093 3284 τι
3124 3210 3362 3285 τοιοῦτον
3386 3270 3402 3295 ,
3441 3229 3704 3300 διελέγξει

468 3303 608 3357 ratio
633 3312 728 3357 aut
759 3318 879 3373 qua:
899 3301 1201 3358 similitudo
1230 3299 1349 3369 ejus
1371 3306 1580 3353 naturae
1615 3312 1741 3354 cum
1772 3298 1936 3354 rebus
1962 3298 2037 3353 fa-

467 3394 607 3449 ctis?
631 3392 831 3458 Verum
886 3394 931 3449 si
961 3408 1155 3448 rursus
1192 3391 1370 3447 simile
1392 3391 1595 3461 aliquid
1629 3390 1954 3462 excogitent,
1980 3389 2040 3444 il-

469 3485 551 3540 los
583 3485 670 3541 his
700 3485 878 3540 verbis
909 3483 1214 3539 corifntabit
1247 3481 1451 3537 Paulus
1488 3502 1501 3536 :
1550 3480 1633 3537 Ad
1658 3498 1809 3553 quem
1859 3491 2038 3536 autem

466 3578 774 3649 angelorum
805 3577 943 3631 dixit
995 3593 1270 3647 unquam:
1320 3574 1494 3629 Filius
1542 3591 1685 3629 meus
1726 3590 1780 3628 es
1832 3585 1909 3639 tu,
1941 3591 2034 3645 ego

466 3672 620 3725 hodie
641 3671 797 3742 genui
826 3680 875 3725 te
896 3672 923 3724 Ρ
953 3670 1023 3723 Et
1045 3670 1115 3723 ad
1137 3669 1347 3740 angelos
1375 3667 1585 3739 quidem
1614 3667 1745 3721 dicit
1770 3685 1784 3721 :
1824 3666 1932 3733 Qui
1960 3666 2040 3737 fa-

466 3764 536 3818 cit
561 3763 777 3834 angelos
795 3779 919 3819 suos
951 3763 1194 3833 spiritus.
1224 3769 1273 3816 et
1312 3760 1583 3815 ministros
1616 3775 1738 3814 suos
1763 3758 2036 3828 ﬂammam

466 3855 604 3926 ignis
631 3856 698 3907 ”.

538 3969 625 4023 58.
646 3968 787 4023 Fieri
809 3984 938 4040 ergo
957 3969 1236 4039 proprium
1264 3973 1347 4022 est
1375 3980 1556 4020 rerum
1589 3966 1877 4032 factarum,
1901 3981 2036 4037 quas

466 4075 629 4130 opera
661 4074 783 4114 esse
818 4059 968 4114 dicit.
999 4060 1068 4113 At
1093 4075 1216 4115 cum
1247 4059 1313 4114 de
1334 4058 1474 4114 Filio
1504 4058 1764 4128 loquitur,
1792 4072 1901 4112 non
1931 4057 2036 4112 uti-

467 4161 558 4205 tur
592 4149 845 4205 factionis
876 4149 1163 4215 vocabulo,
1199 4164 1299 4205 nec
1325 4150 1442 4205 ﬁeri
1468 4150 1546 4205 ait
1573 4167 1586 4203 :
1614 4148 1706 4204 sed
1732 4163 1856 4204 eum
1887 4158 2035 4204 aeter-

469 4255 601 4294 num
632 4254 835 4309 regem,
886 4249 941 4294 et
991 4250 1290 4296 creatorem
1345 4240 1498 4296 hisce
1528 4240 1708 4295 verbis
1730 4239 1979 4310 agnoscit
2014 4258 2028 4294 :

470 4326 710 4383 Thronus
742 4337 883 4393 tuus,
916 4327 1074 4391 Deus,
1096 4330 1151 4383 in
1165 4328 1417 4384 saxulum
1440 4330 1642 4397 seaculi,
1665 4338 1713 4384 et
1738 4339 1795 4383 tu
1816 4331 1872 4383 in
1889 4330 2035 4399 prin-

466 4422 623 4492 cipio,
653 4420 887 4487 Domine,
908 4430 1101 4475 terram
1126 4421 1383 4490 fundasti,
1396 4429 1445 4475 et
1463 4436 1620 4492 opera
1642 4437 1889 4476 manuum
1914 4431 2034 4476 tua-

466 4528 584 4566 rum
617 4522 739 4566 sunt
766 4512 902 4584 cali.
934 4510 1047 4582 Ipsi
1066 4512 1330 4581 peribunt,
1361 4523 1418 4566 tu
1455 4521 1631 4567 autem
1661 4528 1931 4582 perntanes
1962 4513 2030 4567 ”.

2136 3322 2359 3386 τούτους
2403 3321 2473 3376 τὰ
2512 3321 2650 3375 αὐτὰ
2680 3319 2854 3389 λέγων
2909 3321 2938 3374 ὁ
2967 3319 3207 3383 Παῦλος’
3270 3319 3392 3374 Τίνι
3433 3319 3550 3389 γὰρ
3576 3315 3704 3373 εἷλέ

2136 3432 2280 3470 ποτε
2306 3413 2425 3469 τῶν
2441 3413 2707 3485 ἀγγέλων
2729 3430 2745 3444 ·
2786 3414 2919 3478 Υἱός
2940 3429 3059 3480 μου
3088 3407 3149 3465 εἷ
3190 3412 3272 3466 σύ
3294 3427 3309 3441 ·
3364 3409 3485 3481 ἐγὼ
3524 3410 3705 3480 σήμε-

2128 3524 2244 3577 ρον
2263 3505 2592 3578 γεγέννηκά
2609 3520 2684 3561 σε
2709 3503 2822 3575 (50)
2846 3521 2861 3571 ;
2892 3506 3001 3561 Καὶ
3031 3503 3181 3572 πρὸς
3204 3502 3322 3573 μὲν
3351 3503 3498 3571 τοὺς
3533 3501 3702 3574 ἀττέ-

2134 3602 2284 3666 λους
2306 3598 2496 3669 λέγει’
2536 3598 2599 3652 Ὀ
2623 3595 2809 3651 ποιῶν
2836 3595 2978 3662 τοὺς
3001 3594 3295 3666 ἀγγέλους
3315 3595 3507 3650 αὐτοῦ
3526 3595 3704 3649 πνεύ-

2129 3705 2307 3759 ματα,
2343 3688 2440 3743 καὶ
2485 3688 2626 3755 τοὺς
2662 3686 3045 3757 λειτουργοὺς
3088 3684 3275 3741 αὐτοῦ
3329 3686 3524 3755 πυρὸς
3563 3686 3704 3755 φλό-

2136 3797 2211 3851 τα
2234 3780 2344 3851 (5|)

2208 3956 2294 4012 58.
2339 3955 2467 4011 ’ἰδοὺ
2500 3957 2605 4010 τῶν
2629 3957 2725 4027 μὲν
2744 3954 2983 4026 γενητῶν
3010 3955 3071 4008 τὸ
3095 3954 3387 4017 ποιεῖσθαι.
3404 3956 3503 4009 καὶ
3530 3954 3700 4010 ταῦτα

2137 4053 2412 4125 ποιήματα
2448 4047 2586 4107 εἶναι
2611 4052 2784 4121 λέγει’
2817 4051 2953 4122 πρὸς
2976 4050 3033 4104 δὲ
3059 4050 3152 4103 τὸν
3196 4050 3324 4104 Υἰὸν
3364 4051 3425 4103 ού
3464 4050 3700 4122 ποίησιν,

2133 4145 2251 4199 οὐδὲ
2281 4145 2341 4198 τὸ
2361 4143 2633 4213 γενέσθαι,
2655 4142 2792 4197 ἀλλὰ
2810 4144 2873 4195 τὸ
2894 4142 3083 4205 ἀΐδιον,
3118 4142 3212 4194 uel
3237 4140 3297 4194 τὸ
3316 4139 3542 4211 βασιλέα
3565 4141 3698 4212 (52),

2135 4237 2308 4291 καὶτὸ
2326 4232 2462 4291 εἶναι
2482 4234 2833 4306 δημιουργὸν,
2867 4234 3175 4302 προσφωνεῖ
3204 4231 3404 4300 λέγων·
3465 4233 3528 4285 '0
3573 4231 3704 4299 θρό-

2132 4346 2239 4396 νος
2260 4345 2396 4393 σου,
2427 4330 2460 4383 ὀ
2481 4327 2645 4393 Θεὸς,
2670 4328 2758 4391 εὶς
2780 4322 2885 4378 τὸν
2912 4322 3096 4376 αἰῶνα
3114 4321 3219 4376 τοῦ
3250 4319 3487 4389 αἰῶνος,
3505 4322 3603 4376 καὶ
3620 4320 3700 4374 σὺ

2134 4421 2259 4474 κατ’
2306 4417 2516 4489 ἀρχὰς,
2549 4418 2757 4486 Κύριε,
2796 4413 2912 4483 τὴν
2958 4412 3075 4485 γῆν
3102 4412 3505 4482 ἐθεμελίωσας
3529 4452 3544 4476 ,
3602 4412 3701 4466 και

2132 4512 2274 4583 ἔργα
2296 4510 2414 4567 τῶν
2436 4508 2651 4580 χειρῶν
2680 4525 2796 4564 σου
2829 4506 2987 4560 εἰσιν
3006 4508 3060 4558 ol
3095 4504 3357 4573 οὐρανοί.
3385 4505 3569 4559 Αὐτοὶ
3591 4506 3703 4559 ἀπ-

465 4604 543 4659 Ex
575 4605 793 4675 quibus,
832 4604 880 4660 si
906 4604 1104 4659 vellent
1133 4602 1246 4666 isti,
1277 4602 1582 4673 perspicere
1604 4610 1830 4673 possent
1857 4603 2024 4658 alittm

2140 4603 2408 4659 ολοῦνται
2430 4642 2446 4665 ,
2477 4601 2558 4656 σὺ
2594 4598 2662 4654 δὲ
2702 4597 2995 4668 διαμένεις
3020 4593 3154 4660 (55).
3196 4593 3285 4661 Ἐξ
3314 4587 3389 4647 ὧν
3419 4594 3517 4649 καὶ
3549 4593 3702 4648 αὐτοὶ

462 4714 585 4755 esse
618 4697 864 4768 opilicem
923 4705 980 4750 et
1024 4695 1130 4751 alia
1163 4710 1365 4765 opera:
1423 4694 1575 4749 illum
1615 4694 1874 4749 nimirum
1908 4710 2031 4751 esse

464 4877 579 5001 w"
602 4874 747 4999 1:531.
772 4887 1035 4939 Lxxxvm,
1056 4873 1110 4926 Ἰ.
1189 4870 1396 4926 "Psal.
1457 4885 1655 4936 Lxxxv,
1712 4868 1765 4924 8.

536 4986 551 5001 .
585 4955 606 4999 i
658 4987 672 5001 .

536 4955 672 5009 ,H.

555 5038 645 5108 25)
683 5036 773 5093 Sic
803 5035 1121 5108 Seguerian.
1154 5034 1224 5088 At
1255 5032 1347 5108 al_ii
1374 5039 1429 5087 et
1452 5032 1603 5108 editi,
1626 5032 1722 5085 καὶ
1746 5021 1911 5083 οὗτοι.

555 5040 645 5103 25)
683 5040 773 5093 Sic
803 5040 1121 5108 Seguerian.
1154 5040 1224 5088 At
1255 5040 1347 5087 alii
1374 5040 1429 5087 et
1452 5040 1603 5098 editi,
1626 5040 1722 5085 καὶ
1746 5040 1911 5083 οοτοι.

534 5040 645 5178 ἑτι)
672 5108 763 5163 Sic
821 5105 1142 5177 Seguerian.
1195 5113 1251 5159 et
1288 5103 1422 5173 Reg.
1474 5103 1579 5157 Alii
1609 5115 1738 5156 vero
1781 5108 1838 5156 et
1871 5095 2021 5161 editi,

464 5179 1030 5319 συῖξξξνὲδγκρίνεται
1058 5244 1216 5319 abest
1248 5257 1282 5319 _a
1316 5242 1533 5319 Gobler.
1582 5250 1637 5297 et
1663 5240 1807 5295 Felc.

534 5306 644 5386 (26)
678 5306 1013 5386 Seguérian.,
1037 5315 1132 5386 uel.
1158 5312 1341 5386 πλέον.
1377 5313 1671 5386 ldem_mox
1719 5317 1842 5380 post
1868 5306 2020 5386 αδελ-

461 5383 594 5453 φούς
622 5377 821 5440 ὸιηίιῖἱι
845 5377 1031 5439 αὐτού.
1060 5384 1192 5439 Ibid.
1225 5382 1449 5453 Seguer.
1497 5377 1745 5453 Gobler.'_
1772 5389 1827 5434 et
1872 5377 2020 5453 Felc.

465 5446 515 5518 ί,
549 5454 702 5523 Δίας.
734 5454 860 5509 Item
887 5455 1110 5523 Seguer.
1147 5446 1508 5523 ibid_.,'da'rijp
1539 5451 1617 5505 δέ.
1634 5451 1750 5523 ﬁlii
1787 5458 1841 5523 et
1866 5446 2015 5523 editi,

460 5516 636 5595 αστῂρ
655 5524 782 5595 γάρ.
806 5523 941 5595 Ibid.
960 5516 1188 5595 Seguer.
1235 5516 1588 5595 Go_bler."_et
1634 5519 1780 5575 Felc.
1817 5516 2020 5595 l,_oiaxi.

460 5587 751 5663 κρείσσωνζ
814 5591 969 5647 Gobl.
1012 5587 1069 5647 ei
1101 5593 1247 5647 Felc.
1304 5592 1356 5657 l,
1406 5592 1679 5663 κρεῖσσον,
1738 5587 2014 5643 mendose.

462 5661 602 5717 Editi
646 5671 699 5715 et
722 5660 834 5717 alii.
865 5662 924 5713 οὑ
956 5662 1237 5717 κρείττων.

544 5677 602 5715 ιιι
646 5677 699 5715 et
722 5677 834 5726 atn,
865 5678 924 5713 ου
956 5679 1237 5726 κρειττων.

534 5677 602 5715 uti
646 5677 699 5715 et
722 5677 834 5726 ant,
865 5678 924 5713 ου
956 5679 1237 5734 κρειττων.

534 5731 647 5801 (27)
676 5729 1015 5801 δεῖμεν-ἰοιιη
1037 5732 1163 5784 ὅταν
1180 5747 1265 5801 τις
1280 5729 1470 5801 (ruina.
1498 5729 1629 5799 Reg.
1659 5725 1833 5801 ταῦτα
1853 5725 2018 5801 omit-

2138 4694 2368 4747 συνιδεῖν
2393 4691 2671 4763 ἠδύναντο,
2711 4687 2868 4760 εἴπερ
2899 4686 3107 4751 1ἤθελον,
3140 4686 3221 4739 ὅτι
3244 4685 3400 4748 ἄλλος
3427 4684 3528 4756 μέν
3554 4685 3701 4737 ἐστιν

1864 4870 1910 4903 νο
1946 4869 2111 4925 ICor.
2146 4869 2345 4935 xv,5l.
2416 4866 2462 4899 ιτ
2493 4863 2654 4919 Hebr.
2708 4880 2745 4930 ι,
2798 4862 2883 4917 ιο.
2955 4860 3001 4896 οι
3032 4861 3164 4918 ibid.
3198 4862 3252 4930 5,
3292 4861 3346 4916 7.
3400 4860 3599 4915 "una.
3644 4859 3697 4921 ε,

2131 5018 2585 5106 διίὲλξαβαδάλητ

2201 5092 2313 5161 (28)
2345 5089 2657 5161 Segueriau.
2681 5089 2755 5154 ὡς
2785 5089 3005 5161 omittit.

2204 5147 2317 5233 (eo)
2345 5147 2683 5233 se§uerian.,
2702 5147 2909 5233 g'rtég.

2203 5224 2318 5303 (30)
2344 5224 2659 5303 Seguerian.
2687 5229 3003 5303 Goblerian.
3031 5227 3250 5303 etFelc.
3283 5230 3304 5283 l
3336 5227 3565 5303 addunt,
3591 5224 3702 5303 ὲγῲ

2134 5296 2374 5373 σήμερον
2401 5296 2708 5373 γεγέννηκά
2742 5317 2842 5373 σεᾇ
2871 5299 2977 5354 Sed
3029 5298 3349 5373 Goblerian_._
3378 5308 3433 5353 et
3460 5296 3611 5373 Fele.
3658 5298 3694 5373 _l

2128 5366 2325 5427 habent
2350 5366 2631 5441 ἐγέννησα
2677 5386 2758 5424 σε.
2800 5367 2878 5424 Ea
2915 5379 3097 5427 autem
3144 5370 3214 5425 ab
3259 5368 3384 5425 aliis
3433 5376 3492 5422 et
3539 5366 3702 5423 editis

2125 5443 2342 5498 desunt.

2201 5511 2314 5593 (ξι)
2349 5509 2687 5581 Segueriau.,
2724 5510 2836 5584 πῦρ
2859 5508 3075 5581 φλέγον.
3115 5507 3235 5566 Mox
3265 5509 3409 5566 Felc.
3470 5506 3533 5574 5,
3577 5521 3703 5576 γεν-

2125 5596 2320 5651 νητων.

2198 5649 2310 5721 (52)
2346 5650 2663 5721 Seguerian.
2691 5653 2906 5710 Gobler.
2957 5660 3011 5705 et
3026 5648 3171 5721 Felc.
3203 5649 3376 5721 Luxu!
3411 5645 3666 5721 βασιλέα.

2197 5714 2310 5791 (55)
2344 5714 2686 5793 Seguerian.,
2745 5722 3037 5791 διαμενεῖς.
3077 5719 3147 5774 At
3191 5719 3286 5775 alii
3315 5728 3369 5774 et
3395 5714 3553 5784 editi,
3581 5714 3700 5770 δια-

460 5790 550 5857 ιιίι.’
573 5790 709 5858 Ibid.
740 5790 885 5856 Felc.
920 5800 972 5867 5,
999 5790 1371 5872 ’παραϐάλλῃ
1427 5790 1608 5857 Εάἱιίὄ
1659 5796 1923 5853 Commel.
1960 5803 2015 5853 et

2140 5790 2251 5847 ιένε
2260 5808 2328 5857 ις.
