3972 6224
371 294 473 350 159

927 293 990 351 S.
1033 291 1408 350 ATHANASII
1446 294 1598 350 OPP.
1639 296 1818 349 PARS
1856 296 1896 350 l.
1937 326 2004 336 -—
2044 296 2413 352 HISTORICA
2452 296 2539 353 ET
2583 297 3002 356 DOGMATICA.

3504 299 3612 356 “0

363 416 717 486 judicabatur
760 436 773 472 :
814 434 962 473 nunc
1016 434 1146 474 vero
1194 418 1431 475 Verbum
1481 422 1535 476 in
1593 437 1653 478 se
1705 423 1932 492 suscepit

2045 424 2259 489 ἐδέξατο
2284 424 2342 476 τὸ
2369 429 2559 497 κρῖμα,
2590 427 2685 479 καὶ
2709 425 2787 496 τῷ
2816 424 3025 497 σώματι
3073 424 3258 480 παθὼν
3296 423 3434 497 ὑπὲρ
3477 423 3615 477 πάν-

365 509 656 577 judicium,
702 518 757 565 et
797 524 1028 580 corpore
1062 526 1161 580 pro
1198 512 1456 568 omnibus
1489 515 1765 583 patiendo,
1796 514 1941 568 salu-

370 609 477 653 tem
511 599 732 654 donavit
760 602 1035 656 omnibus.
1062 601 1217 668 Quod
1245 618 1369 658 cum
1400 606 1738 675 exploratum
1770 605 1940 659 habe-

365 700 450 746 ret
471 692 733 758 Joannes,
761 695 1104 750 exclamabat
1132 715 1144 751 :
1171 694 1279 750 Lex
1298 713 1391 766 per
1417 697 1647 768 Moysent
1682 698 1811 751 data
1840 708 1937 762 est,

366 786 547 854 gratia
588 797 638 840 et
679 788 870 842 veritas
926 804 1017 856 per
1047 787 1228 843 Iesum
1264 791 1536 846 Christum
1582 786 1730 860 facta
1772 801 1845 844 est
1875 790 1936 845 η.

365 876 725 933 Prazstantior
755 888 935 932 autem
976 888 1060 934 est
1096 881 1269 949 gratia
1317 897 1483 952 quam
1515 882 1622 948 lex,
1655 889 1710 935 et
1737 881 1940 936 veritas

369 986 536 1041 quam
570 972 783 1026 umbra.

440 1065 531 1121 61.
560 1065 674 1121 Hoc
702 1080 830 1137 ergo
860 1067 1003 1137 quod
1031 1068 1420 1136 prwstantioris
1448 1069 1713 1124 vocabulo
1751 1069 1937 1138 expri-

368 1158 558 1225 mitur,
591 1157 1046 1227 quemadmodum
1085 1159 1291 1215 dietum
1329 1168 1445 1226 est,
1478 1176 1574 1230 per
1606 1160 1772 1214 alium
1817 1159 1937 1214 ﬁeri

367 1265 479 1305 non
513 1259 757 1323 poterat,
791 1250 898 1306 nisi
933 1265 1030 1321 per
1052 1250 1249 1306 Filium
1280 1253 1373 1323 qui
1413 1252 1483 1308 ad
1514 1253 1795 1308 dexteram
1825 1250 1929 1307 Pa-

365 1346 469 1399 tris
504 1344 673 1400 sedet.
698 1343 839 1408 Quid
860 1352 1040 1399 autem
1081 1344 1224 1399 istud
1255 1344 1561 1414 signiﬁcat,
1606 1344 1712 1399 nisi
1746 1359 1934 1399 verum

367 1436 521 1491 illum
556 1450 676 1490 esse
709 1433 903 1489 Filium
925 1474 940 1501 ,
971 1436 1327 1506 eamdemque
1365 1434 1542 1491 Patris
1566 1443 1620 1491 et
1666 1434 1790 1489 Filii
1814 1450 1936 1491 esse

367 1526 745 1582 divinitatem?
774 1525 913 1594 Quia
934 1528 1080 1582 enim
1110 1530 1300 1583 eodem
1326 1526 1504 1583 Patris
1537 1543 1704 1598 regno
1729 1528 1935 1598 potitur

364 1621 540 1678 Filius
559 1663 575 1688 ,
607 1621 662 1677 in
694 1622 884 1678 eodem
914 1620 1167 1677 similiter
1191 1620 1391 1674 throno
1413 1635 1523 1690 quo
1547 1619 1711 1675 Pater
1738 1620 1891 1676 sedet
1915 1638 1931 1688 ;

366 1731 600 1786 cumque
623 1715 738 1785 ipse
763 1712 940 1769 Patris
981 1713 1262 1769 divinitate
1292 1712 1570 1780 videatur,
1621 1712 1750 1770 hinc
1798 1728 1933 1769 sane

366 1809 512 1865 Deus
548 1817 630 1863 est
656 1806 893 1863 Verbum
912 1846 928 1872 ,
956 1813 1011 1860 et
1048 1807 1143 1876 qui
1177 1806 1323 1860 videt
1349 1803 1545 1859 Filium
1566 1843 1582 1869 ,
1610 1802 1829 1859 Patrem
1851 1804 1934 1859 vi-

364 1901 487 1967 det,
515 1908 681 1969 atque
710 1897 817 1953 hoc
837 1906 997 1968 pacto
1027 1911 1170 1952 unus
1197 1904 1280 1952 est
1311 1895 1475 1953 Deus.
1513 1898 1702 1967 Itaque
1730 1911 1761 1951 a
1800 1897 1934 1952 dex-

364 1989 466 2045 tris
518 1990 743 2054 sedens,
792 1987 1074 2043 sinistrum
1129 2003 1239 2042 non
1297 1987 1478 2043 reddit
1531 1986 1750 2051 Patrem
1787 2006 1801 2043 :
1838 1989 1932 2044 sed

363 2080 511 2153 quod
528 2081 778 2135 dextrum
806 2087 859 2134 et
885 2079 1210 2134 honorabile
1233 2089 1318 2135 est
1341 2081 1393 2134 in
1424 2079 1608 2147 Patre,
1641 2081 1747 2136 hoc
1769 2083 1933 2136 etiam

363 2174 530 2229 habet
550 2172 741 2237 Filius,
772 2171 866 2242 qui
895 2170 1012 2242 ipse
1050 2171 1126 2227 ait
1161 2189 1173 2226 :
1205 2172 1398 2227 Omnia
1431 2186 1752 2245 quaecunque
1779 2172 1932 2228 habet

366 2264 531 2321 Pater
555 2307 571 2332 ,
612 2278 728 2320 mea
755 2269 877 2319 sunt
912 2262 1268 2331 “.‘Quocirca
1311 2263 1485 2320 Filius
1524 2281 1556 2321 a
1601 2265 1809 2321 dextris
1828 2264 1933 2321 Pa-

362 2358 464 2414 tris
489 2359 718 2426 sedens,
748 2357 893 2413 videt
948 2358 1066 2428 ipse
1111 2357 1360 2413 similiter
1395 2356 1611 2414 Patrem
1648 2373 1678 2414 a
1725 2358 1932 2415 dextris

361 2450 664 2518 sedentem,
677 2450 926 2522 quamvis
943 2461 1000 2506 ut
1016 2451 1182 2506 homo
1199 2448 1374 2507 factus
1389 2449 1536 2507 dicat
1555 2470 1567 2506 :
1583 2450 1934 2505 Providebam

362 2543 648 2600 Dominum
670 2546 725 2599 in
754 2546 1030 2616 conspectu
1069 2562 1181 2601 meo
1224 2562 1456 2617 semper,
1495 2547 1620 2616 quia
1652 2562 1687 2599 a
1729 2545 1931 2600 dextris

360 2642 440 2688 est
469 2634 621 2699 mihi,
657 2652 719 2690 ne
765 2651 1091 2691 commovear
1124 2637 1186 2692 ³⁵.
1211 2635 1339 2691 Inde
1380 2637 1526 2691 enim
1560 2636 1722 2692 etiam
1753 2636 1931 2707 palam

362 2726 423 2779 ﬁt
444 2733 498 2780 et
528 2724 727 2781 Filium
747 2726 802 2781 in
826 2725 984 2782 Patre
1001 2737 1055 2782 et
1087 2726 1301 2783 Patrem
1335 2726 1389 2782 in
1408 2725 1547 2782 Filio
1567 2742 1708 2783 esse.
1728 2725 1934 2794 Quam-

361 2818 445 2873 vis
473 2819 617 2872 enim
651 2817 840 2874 dexter
869 2823 954 2874 est
980 2817 1171 2886 Pater,
1204 2835 1234 2874 a
1278 2818 1485 2875 dextris
1540 2826 1719 2874 tamen
1766 2816 1931 2874 etiam

362 2920 444 2965 est
465 2908 671 2977 Filius;
696 2920 749 2965 et
788 2905 925 2965 Filio
956 2925 988 2965 a
1039 2910 1247 2967 dextris
1294 2910 1549 2979 sedente,
1591 2910 1649 2966 in
1681 2910 1820 2967 Filio
1848 2918 1934 2968 est

362 3002 482 3073 ipse
512 3002 694 3059 Pater.
720 3002 785 3057 Et
811 2997 985 3076 angeli
1007 3003 1225 3075 quidem
1253 3003 1598 3060 ascendendo
1625 3010 1681 3059 et
1704 3002 1932 3059 descen-

2040 534 2166 583 των,
2197 519 2469 589 σωτηρίαν
2498 522 2609 583 τοῖς
2642 521 2805 572 πᾶσιν
2851 520 3160 591 ἐχαρίσατο.
3199 519 3369 574 Τοῦτο
3400 520 3456 572 δὲ
3491 518 3613 588 βλέ-

2041 628 2158 664 πων
2176 610 2283 682 (67)
2301 612 2570 682 κέκραγεν
2603 612 2853 683 Ἰωάννης
2873 628 2886 642 ·
2920 613 2973 663 '0
3008 612 3190 681 νόμος
3216 611 3325 669 διὰ.
3350 611 3613 675 Μωσέως

2039 701 2234 768 ἐδόθη,
2281 701 2319 769 ἡ
2369 700 2541 770 χάρις
2577 700 2674 754 καὶ
2725 701 2764 768 ἡ
2799 699 3051 766 ἀλήθεια
3086 699 3182 753 διὰ
3227 698 3421 767 Ἰησοῦ
3468 700 3608 765 Χρι-

2040 794 2190 850 στοῦ
2213 794 2467 866 ἐγένετο.
2505 794 2781 865 Κρείττων
2812 792 2869 846 δὲ
2899 794 2932 863 ἡ
2966 793 3125 863 χάρις
3157 791 3192 863 ἢ
3221 794 3250 846 6
3287 792 3471 862 νόμος,
3512 788 3610 843 καὶ

2039 889 2073 959 ἡ
2094 886 2321 960 ἀλήθεια
2351 886 2497 959 παρὰ
2519 885 2616 958 τὴν
2647 886 2824 940 σκιάν.

2111 1068 2200 1123 61.
2230 1068 2304 1121 Τὸ
2326 1062 2442 1131 οὖν,
2476 1067 2758 1135 κρείττων
2791 1065 2921 1137 (68),
2977 1064 3166 1137 ῶσπερ
3215 1065 3451 1137 εἴρηται,
3506 1063 3608 1136 οὐχ

2038 1156 2148 1216 οἷόν
2175 1178 2232 1214 τε
2262 1156 2329 1233 ἦν
2348 1161 2415 1214 δι’
2448 1160 2633 1231 ἐτέρου
2661 1158 2801 1222 τινὸς
2839 1158 3088 1227 γενέσθαι
3132 1158 3164 1228 ἢ
3220 1156 3308 1211 διὰ
3331 1156 3426 1211 τοῦ
3453 1157 3607 1222 Υἱοΰ,

2036 1251 2129 1305 τοῦ
2157 1250 2463 1321 καθημένου
2503 1252 2562 1303 ὲν
2586 1248 2737 1319 δεξιᾷ
2755 1248 2850 1303 τοῦ
2879 1248 3108 1321 Πατρός.
3153 1247 3217 1301 Τί
3251 1247 3308 1302 δὲ
3327 1246 3484 1301 τοῦτο
3510 1265 3613 1321 σηι

2041 1342 2240 1414 μαίνει,
2272 1343 2306 1413 ἣ
2339 1341 2398 1395 τὸ
2424 1342 2643 1412 γνήσιον
2671 1339 2764 1394 τοῦ
2794 1338 2948 1405 Υιοῦ,
2976 1341 3070 1394 καὶ⁹
3100 1338 3198 1412 τὴν
3253 1338 3481 1410 θεότητα
3510 1338 3609 1392 τοῦ

2035 1437 2250 1506 Πατρὺς
2281 1434 2483 1505 ταύτην
2511 1432 2650 1489 εἶναι
2686 1433 2780 1488 τοῦ
2801 1432 2931 1486 Υἱοῦ
2964 1432 3075 1505 (69)
3096 1449 3111 1500 ;
3136 1432 3247 1504 Τήν
3269 1449 3327 1486 τε
3353 1431 3462 1504 γὰρ
3508 1430 3608 1485 τοῦ

2036 1528 2249 1600 Πατρὸς
2268 1527 2539 1599 βασιλείαν
2587 1525 2882 1597 βασιλεύων
2928 1528 2957 1579 6
3012 1525 3158 1589 Υἱὸς,
3189 1524 3282 1577 ἐπὶ
3322 1523 3417 1577 τὸν
3445 1523 3612 1577 αὐτὸν

2036 1619 2223 1693 θρόνον
2251 1618 2329 1690 τῷ
2355 1618 2531 1689 Πατρ).
2555 1616 2808 1688 κάθηται,
2841 1618 2936 1671 καὶ
2951 1618 3017 1688 τῇ
3044 1615 3136 1668 τοῦ
3153 1614 3364 1687 Πατρδς
3392 1613 3609 1685 θεότητι

2037 1710 2430 1784 θεωρούμενος,
2461 1710 2593 1775 Θεός
2620 1710 2768 1763 ἐστιν
2796 1711 2825 1763 6
2852 1709 3043 1777 Λόγος,
3076 1706 3171 1762 καὶ
3201 1710 3229 1761 6
3257 1706 3466 1778 βλέπων
3491 1706 3608 1777 (70)

2033 1805 2127 1859 τὸν
2160 1804 2287 1859 Υἱὸν
2340 1804 2525 1875 βλέπει
2566 1803 2658 1857 τὸν
2690 1802 2927 1874 Πατέρα·
2981 1802 3075 1854 καὶ
3117 1800 3289 1864 οὕτως
3338 1794 3420 1863 εἷς
3473 1797 3611 1862 Θεόζ

2033 1902 2200 1954 ἐστιν.
2261 1899 2356 1953 Ἐκ
2405 1897 2595 1963 δεξιῶν
2646 1897 2776 1967 γοῦν
2829 1895 3155 1966 καθήμενος,
3201 1891 3486 1966 ἀριστερὸν
3539 1886 3609 1945 οὗ

2034 1988 2177 2041 ποιεῖ
2204 1985 2295 2041 τὸν
2323 1984 2564 2054 Πατέρα·
2588 1984 2701 2038 ἀλλ’
2731 1985 2867 2056 ὅπερ
2895 1984 3012 2036 ἐστὶ
3053 1982 3223 2049 δεξιὸν
3284 1981 3379 2036 καὶ
3424 1982 3609 2052 τίμιον

2033 2079 2091 2133 ὲν
2122 2077 2201 2150 τῷ
2224 2077 2420 2151 Πατρὶ,
2449 2075 2605 2131 τοῦτο
2627 2075 2721 2129 καὶ
2739 2078 2767 2129 6
2793 2075 2920 2138 Υἱὸς
2954 2074 3086 2145 ἔχει,
3105 2074 3198 2128 καὶ
3224 2069 3611 2143 Mysi-Hm

2033 2170 2151 2227 ὅσα
2181 2169 2307 2240 ἔχει
2326 2173 2357 2224 ό
2376 2169 2598 2238 Πατὴρ,
2621 2166 2731 2239 ἐμά
2746 2168 2897 2222 ἐστι.
2913 2167 3011 2220 Διὰ
3033 2165 3189 2220 τοῦτο
3207 2164 3312 2238 γὰρ
3347 2165 3442 2219 καὶ
3472 2165 3609 2219 καθ-

2033 2265 2235 2336 ήμενος
2264 2263 2330 2315 ὲκ
2379 2260 2567 2326 δεξιῶν
2596 2261 2624 2313 6
2676 2259 2803 2323 Υἱὸς
2836 2260 2940 2331 ὁρᾷ
2981 2257 3073 2310 τὸν
3119 2256 3337 2327 Πατέρα
3379 2255 3472 2309 καὶ
3507 2252 3610 2309 αὐ-

2031 2351 2122 2419 τὸς
2148 2354 2257 2426 (71)
2284 2355 2348 2407 ὲκ
2374 2351 2583 2417 δεξιῶν,
2609 2348 2714 2404 κᾶν
2739 2349 2814 2413 ὡς
2838 2348 3120 2421 ἄνθρωπος
3145 2346 3432 2418 γενόμενος
3449 2342 3605 2418 λέγῃ·

2031 2444 2401 2515 Προωρώμην
2437 2443 2545 2497 τὸν
2592 2442 2810 2510 Κύριόν
2849 2458 2966 2511 μου
3019 2438 3277 2494 ἐνώπιόν
3332 2448 3451 2509 μου
3506 2437 3610 2492 διὰ

2032 2537 2259 2604 παντὸς
2283 2536 2418 2607 (72),
2448 2534 2537 2589 ὅτι
2558 2534 2626 2589 ἐκ
2657 2533 2873 2599 δεξιῶν
2896 2551 3015 2603 μου
3036 2532 3230 2596 ἐστὶν,
3255 2532 3356 2586 ἵνα
3378 2530 3464 2602 μὴ
3491 2544 3607 2586 σα-

2030 2627 2245 2684 λευθῶ.
2279 2627 2560 2682 Δείκνυται
2618 2624 2728 2701 γὰρ
2773 2625 2933 2680 πάλιν
2994 2626 3089 2678 καὶ
3135 2627 3194 2679 ὲν
3246 2623 3438 2694 τούτῳ,
3474 2621 3549 2687 ὡς
3576 2618 3610 2676 ὃ

2032 2721 2161 2784 Υἱὸς
2191 2721 2252 2774 ἐν
2283 2718 2362 2790 τῷ
2395 2717 2571 2791 Πατρὶ
2602 2716 2697 2773 καὶ
2724 2718 2753 2770 6
2777 2715 2966 2789 Πατὴρ
2995 2716 3107 2788 (75)
3147 2717 3206 2771 ἐν
3236 2714 3315 2787 τῷ
3346 2714 3480 2786 Υῐῷ.
3506 2706 3608 2769 Ae-

2034 2813 2145 2879 ξιοῦ
2174 2813 2283 2886 γὰρ
2330 2812 2482 2874 ὄντος
2530 2811 2623 2866 τοῦ
2679 2810 2912 2884 Πατρὺς,
2954 2812 3013 2864 ὲν
3059 2808 3138 2880 τῷ
3188 2807 3349 2881 δεξιῷ
3398 2808 3544 2861 ἐστιν
3576 2809 3610 2862 6

2032 2905 2182 2971 Υἱός·
2216 2905 2311 2960 καὶ
2348 2903 2658 2976 καθημένου
2721 2902 2815 2957 τοῦ
2848 2902 2978 2956 Υἱοῦ
3029 2904 3093 2956 ὲκ
3123 2900 3331 2968 δεξιῶν,
3356 2898 3384 2954 ὃ
3414 2888 3607 2973 Πατήρ

2031 2999 2180 3053 ἐστιν
2198 3000 2256 3053 ὲν
2274 2998 2354 3070 τῷ
2390 2997 2525 3070 Υἱῷ.
2580 2998 2691 3052 Καὶ
2735 2998 2786 3050 οἱ
2851 2996 2950 3069 μὲν
3005 2995 3226 3065 ἄγγελοι
3270 2995 3609 3049 διακονοῦσιν

364 3093 540 3148 dendo
564 3092 872 3148 ministrant
907 3093 1013 3148 :de
1045 3093 1180 3149 Filio
1207 3102 1388 3149 autem
1426 3093 1580 3157 dicit,
1614 3092 1684 3147 Et
1708 3096 1928 3149 adorent

2038 3090 2380 3165 ἀνερχόμενοι
2433 3093 2526 3145 καὶ
2580 3089 2988 3162 κατερχόμενοι·
3040 3086 3170 3160 περὶ
3230 3082 3288 3142 δὲ
3343 3086 3437 3143 τοῦ
3471 3087 3607 3140 Υἱοῦ

362 3199 485 3260 earn
506 3199 680 3238 omnes
710 3177 882 3254 angeli
907 3178 1005 3237 Dei
1032 3182 1096 3244 ¹,³.
1126 3182 1353 3254 Insuper
1377 3199 1502 3241 cum
1535 3185 1714 3256 angeli
1765 3184 1932 3240 mini-

363 3272 729 3337 strant,aiunt
754 3291 766 3327 :
803 3268 1003 3328 Missus
1029 3288 1148 3328 sum
1183 3274 1249 3329 ad
1272 3282 1325 3330 te
1352 3293 1366 3342 ;
1394 3282 1468 3342 et,
1500 3273 1764 3332 Dominus
1791 3291 1929 3346 pra:-

361 3363 524 3435 eepit.
552 3364 622 3418 At
640 3362 846 3429 Filius,
879 3364 1006 3420 licet
1055 3369 1114 3419 ut
1169 3365 1336 3420 homo
1379 3365 1558 3434 dicat,
1594 3381 1653 3421 se
1700 3366 1932 3422 missum

361 3471 487 3511 esse
514 3464 569 3510 et
600 3456 813 3510 venisse
867 3456 935 3512 ad
986 3471 1123 3525 opus
1168 3457 1556 3527 perliciendum
1598 3466 1652 3512 et
1701 3458 1934 3513 admini-

362 3549 643 3604 strandum
664 3588 681 3616 ,
715 3558 892 3604 tamen
923 3560 981 3604 ut
1010 3544 1248 3604 Verbum
1279 3558 1333 3606 et
1369 3550 1548 3621 imago
1573 3551 1650 3605 ait
1690 3568 1703 3605 :
1730 3549 1843 3621 Ego
1876 3551 1932 3604 in

362 3637 561 3704 Patre,
596 3648 645 3693 et
670 3638 832 3694 Pater
852 3639 905 3693 in
939 3657 1018 3693 me
1043 3648 1119 3694 est
1146 3637 1228 3706 “3;
1267 3646 1341 3703 et,
1369 3638 1475 3704 Qui
1504 3639 1636 3692 vidit
1665 3655 1744 3692 me
1767 3679 1783 3704 ,
1818 3634 1931 3691 Pa-

362 3740 493 3784 trem
558 3730 736 3796 vidit;
792 3740 883 3795 et,
941 3728 1106 3785 Pater
1151 3731 1205 3784 in
1260 3743 1340 3783 me
1399 3746 1614 3783 manens
1653 3730 1763 3800 ipse
1799 3729 1932 3800 facit

361 3838 519 3891 opera
539 3824 602 3878 ".
636 3823 770 3878 Nam
796 3840 916 3895 qure
945 3825 996 3878 in
1031 3827 1132 3880 ista
1165 3825 1415 3879 videntur
1438 3823 1703 3895 imagine,
1733 3837 1795 3878 ea
1815 3822 1930 3892 ipsa

362 3926 491 3970 sunt
515 3912 687 3970 Patris
719 3930 900 3985 opera.
950 3914 1073 3970 Ha'c
1100 3915 1264 3983 igitur
1296 3915 1431 3970 satis
1465 3923 1593 3970 sunt
1619 3914 1687 3969 ad
1734 3914 1932 3968 verita-

363 3994 433 4060 tis
463 4008 647 4063 hostes
687 4009 888 4077 pudore
939 4008 1270 4063 adiciendos.
1316 4007 1473 4072 Quod
1525 4006 1606 4071 si,
1638 4005 1767 4076 quia
1791 4005 1929 4061 scri-

361 4109 512 4167 ptum
545 4113 659 4166 est,
690 4102 1030 4170 prwstantior
1068 4101 1240 4171 factus
1263 4142 1276 4166 ,
1321 4101 1509 4153 nolunt
1537 4099 1676 4153 banc
1716 4113 1928 4162 vocem,

364 4194 559 4260 factus,
585 4193 656 4247 ita
691 4193 915 4263 intelligi
943 4194 1009 4248 de
1030 4193 1203 4260 Filio,
1236 4203 1295 4248 ut
1325 4192 1468 4248 idem
1514 4192 1668 4247 sitae
1708 4191 1753 4245 si
1783 4191 1930 4245 dice-

360 4295 541 4349 retur,
606 4281 781 4337 iactus
809 4294 926 4356 est,
967 4296 1045 4348 et,
1087 4292 1202 4347 est;
1247 4283 1329 4337 vel
1352 4282 1497 4353 quod
1540 4282 1659 4350 ejus
1694 4280 1929 4334 admini-

361 4379 559 4434 stratio
587 4379 932 4448 praestantior
963 4379 1084 4433 aliis
1110 4379 1251 4433 facta
1300 4378 1492 4441 fuerit,
1522 4376 1597 4430 uti
1629 4377 1869 4430 diximus
1909 4396 1923 4429 :

2035 3204 2168 3259 φησι
2208 3202 2224 3216 ·
2290 3184 2401 3240 Καὶ
2480 3182 3078 3252 προσκυνησάτωσαν
3149 3179 3307 3246 αὐτῷ
3383 3175 3610 3246 πάντες

2033 3278 2274 3348 ἄγγελοι
2323 3275 2490 3332 Θεοῦ·
2545 3277 2640 3329 καὶ
2711 3277 2800 3330 ὅτε
2855 3274 2953 3346 μὲν
3002 3273 3218 3343 ἄγγελοι
3278 3270 3605 3336 διακονοῦσι,

2031 3367 2278 3440 λέγουσιν
2338 3370 2419 3423 ὅτι
2451 3368 2585 3441 (74),
2628 3366 2961 3439 Ἀπεστάλην
3007 3365 3143 3437 πρὸς
3199 3365 3426 3431 σιξ-καὶ,
3487 3363 3606 3417 Κύ-

2037 3477 2149 3532 ριος
2181 3458 2500 3514 ἐνετείλατο·
2559 3460 2587 3511 ὁ
2636 3458 2693 3511 δὲ
2724 3458 2870 3523 Υἱὸς,
2934 3457 3037 3511 κᾶν
3070 3456 3201 3529 λέγῃ
3229 3455 3605 3528 ἀνθρωπίνως,

2031 3551 2135 3615 ὅτι,
2164 3550 2498 3621 Ἀπεστάλην
2527 3549 2659 3621 (75).
2684 3550 2777 3602 κα)⁸
2805 3549 3019 3623 ἔρχεται
3047 3548 3106 3602 τὸ
3134 3548 3294 3620 ἔργον
3321 3545 3607 3601 τελειῶσαι

2031 3645 2127 3698 καὶ
2146 3644 2481 3715 διακονῆσαι,
2517 3643 2664 3712 λέγει
2690 3644 2858 3715 ὅμως,
2881 3642 2956 3707 ὡς
2981 3641 3090 3715 (76)
3117 3642 3288 3711 Λόγος
3319 3640 3412 3696 καὶ
3441 3641 3608 3696 εἰκὼν

1998 3716 2311 3810 ’ὑπάρχωψ
2358 3739 2500 3809 Ἐγὼ
2556 3739 2627 3793 ἐν
2680 3738 2760 3805 τῷ
2811 3740 3016 3807 Πατρὶ,
3060 3739 3160 3793 καὶ
3211 3740 3245 3792 ὀ
3298 3737 3500 3807 Πατὴρ
3535 3739 3610 3793 ἐν

2031 3832 2163 3901 ἐμοι
2191 3832 2343 3886 ἐστι·
2364 3831 2478 3897 καὶ,
2496 3831 2549 3885 '0
2577 3830 2846 3901 ἑωρακὼς
2863 3829 2969 3901 ἐμὲ
2992 3829 3213 3900 ἑώρακε
3226 3826 3334 3885 τὸν
3349 3832 3603 3900 Πατέρα·

2032 3923 2146 3986 καὶ,
2191 3923 2252 3976 Ὀ
2306 3922 2509 3991 Πατὴρ
2572 3922 2643 3976 ὲν
2695 3921 2824 3988 ἐμοὶ
2880 3919 3098 3991 μένων,
3158 3918 3339 3987 αὐτὸς
3365 3920 3436 3974 τὰ
3458 3920 3608 3991 ἔργα

2032 4012 2187 4067 ποιεῖ
2225 4011 2358 4083 (77)·
2395 4011 2431 4065 ἃ
2484 4011 2593 4083 γὰρ
2618 4013 2676 4065 ὲν
2706 4015 2772 4082 τῇ
2821 4011 2986 4064 εἰκόνι
3038 4024 3123 4075 τις
3171 4007 3342 4082 ταύτῃ
3388 4011 3603 4082 θεωρεῖ,

2028 4105 2202 4157 ταῦτα
2228 4104 2317 4157 τοῦ
2352 4105 2563 4176 Πατρός
2606 4105 2753 4158 ἐστιν
2786 4103 2940 4174 ἔργα.
2992 4100 3144 4157 Ἔστι
3178 4102 3273 4174 μὲν
3301 4096 3392 4157 οὖν
3445 4104 3607 4157 ἱκανᾶ

2029 4198 2200 4250 ταῦτα
2234 4197 2551 4268 δυσωπῆσαι
2585 4198 2709 4260 τοὺς
2762 4196 3097 4269 μαχομένους
3148 4191 3282 4267 πρὸς
3313 4194 3478 4267 αὐτὴν
3504 4195 3606 4267 τὴν

2029 4290 2304 4362 ἀλήθειαν·
2334 4291 2382 4343 εἰ
2410 4290 2453 4343 δ’
2484 4290 2565 4344 ὅτι
2586 4290 2913 4360 γέγραπται,
2943 4291 3259 4360 γενόμενος
3301 4288 3603 4357 κρείττων,

2030 4381 2109 4445 τὸ,
2140 4382 2478 4450 γενόμενος,
2503 4381 2563 4432 οὐ
2598 4379 2859 4443 θέλουσιν,
2894 4377 2968 4441 ὡς
2996 4379 3121 4451 περ).
3145 4377 3275 4432 Υἱοῦ
3308 4377 3418 4449 (78)
3447 4377 3609 4447 λεγό-

358 4468 455 4524 sed
484 4468 587 4525 hoc
613 4483 679 4522 ex
713 4456 975 4522 voc-abillo
1023 4470 1352 4523 arbitrantur
1398 4467 1599 4521 factum
1635 4467 1740 4521 dici
1797 4465 1926 4519 Ver-

2038 4490 2210 4542 μενον,
2247 4474 2359 4527 ἴσον
2382 4472 2632 4535 ἀκοῦσαι,
2656 4469 3005 4540 γεγενῆσθαι,
3034 4470 3145 4537 καὶ,
3179 4468 3399 4540 ἐστιν,ἢ
3430 4468 3519 4522 διὰ
3538 4470 3605 4522 τὸ

431 4659 470 4688 ¹²
502 4656 659 4713 Joan.
694 4673 732 4722 ι,
779 4657 862 4709 17.
943 4658 984 4687 ¹³
1022 4656 1175 4711 Joau.
1226 4673 1336 4719 xw,
1378 4656 1462 4710 15.
1543 4655 1585 4686 “
1623 4651 1765 4708 Psal.
1811 4673 1903 4726 xv,
1937 4659 1988 4711 8.

583 4809 1265 4885 δοευρτητοῦτορβλέπων.
1346 4880 1381 4885 _
1418 4880 1430 4885 _
1544 4880 1558 4885 _
1649 4881 1660 4885 Α
1754 4860 1757 4863 .

410 4878 541 4954 ,(68)
584 4878 694 4954 Sid
723 4878 949 4954 Seguer.
994 4878 1211 4936 Gobler.
1245 4891 1300 4936 et
1343 4880 1485 4938 Felc.
1537 4880 1589 4938 1.
1633 4881 1704 4936 At
1739 4882 1828 4936 alii
1867 4890 1924 4938 et

353 4951 505 5019 editi,
552 4953 613 5005 τὸ
655 4951 730 5021 δὲ,
769 4952 1051 5021 κρείττων.

430 5024 537 5094 (69)
580 5023 670 5077 Sic
701 5020 939 5094 Segber.
973 5020 1104 5094 Reg.
1147 5020 1314 5094 Basil.
1342 5021 1556 5093 Anglic.
1595 5032 1649 5077 et
1687 5021 1832 5078 Felc.
1866 5023 1918 5077 5.

355 5091 568 5166 inaliis
606 5102 817 5166 vcro_et
859 5092 1020 5166 editis
1052 5095 1248 5166 desunt
1297 5093 1412 5147 haec
1428 5091 1632 5166 ferini,
1674 5095 1766 5150 καῗι
1822 5095 1922 5166 τὴν

357 5161 704 5235 θεότηταᾲτοῦ
730 5162 943 5235 Πατρὸς
963 5162 1167 5235 ταύτην
1172 5158 1330 5235 εἶναι
1355 5161 1455 5235 *τοῦ
1489 5162 1641 5235 Υἱῄοὖ.

428 5230 540 5304 (70)
582 5230 817 5304 Seguer;
838 5230 1057 5304 Gobler.
1085 5230 1138 5288 et
1170 5231 1317 5288 Felc.
1347 5232 1398 5298 1,
1428 5235 1519 5286 καὶ
1543 5232 1775 5303 βλέπων.
1802 5233 1924 5288 Mox

357 5297 608 5371 Seguér.,
635 5297 730 5371 ia}.
762 5297 913 5367 οὗτος
948 5299 1048 5367 εἷς.

427 5369 539 5443 (7l)
583 5371 674 5443 Sic
704 5369 927 5443 Seguer.
962 5376 1031 5427 At
1060 5372 1151 5427 alii
1191 5382 1243 5427 et
1273 5373 1423 5437 editi,
1456 5373 1637 5427 αὐτόν.

424 5442 564 5516 (7'2)__
582 5442 673 5516 Sic
704 5442 927 5516 δεμες.
956 5445 1099 5499 Editi
1126 5458 1275 5516 vero,
1302 5443 1647 5516 προωρῶμην
1678 5445 1774 5497 τὸν
1810 5446 1921 5498 Κύ-

356 5510 490 5582 ριον,
519 5510 621 5565 ’ὅτι
650 5513 714 5583 ἐκ
734 5510 939 5583 δεξιῶν
975 5532 1074 5583 μου
1105 5515 1218 5566 ἐστὶ
1257 5510 1565 5576 διαῖπαντός.
1601 5510 1771 5568 Paulo
1804 5523 1924 5583 pust

354 5585 603 5650 δεδίασι-η
627 5582 703 5644 ὼς
723 5581 751 5631 ὁ
776 5581 920 5645 Υἱός.
943 5581 1085 5638 Editi
1114 5594 1168 5637 et
1192 5587 1305 5651 alii,
1333 5587 1407 5647 ὼς
1439 5583 1579 5646 Υἱός.
1608 5583 1731 5637 Mox
1756 5581 1915 5639 com.

350 5664 403 5707 et
426 5653 651 5725 Felc._i,
680 5653 784 5725 καὶ
799 5654 841 5725 όᾉ
860 5654 1074 5725 Πατήρὲ
1103 5654 1207 5707 Alii
1231 5666 1283 5708 et
1306 5654 1457 5717 editi,
1484 5655 1579 5706 καὶ⁸
1599 5655 1807 5725 Πατήρ.

425 5724 534 5788 (75)
576 5722 710 5795 Reg.
746 5720 901 5779 Gobl.
938 5720 1181 5779 et"Felc.
1224 5726 1274 5792 1,
1304 5726 1331 5777 6
1366 5725 1572 5795 Πατήρ.
1612 5724 1669 5780 ln
1711 5720 1831 5780 aliis
1864 5732 1919 5779 et

2090 4657 2111 4688 ⁵
2142 4653 2303 4709 Hebr.
2339 4669 2378 4719 l,
2409 4653 2462 4706 6.
2542 4655 2584 4685 ¹⁶
2619 4652 2776 4707 Joan.
2812 4668 2919 4715 xtv,
2953 4651 3038 4706 Ιθ.
3119 4652 3160 4683 ¹⁷
3195 4649 3329 4707 ibid.
3361 4651 3414 4718 9,
3456 4652 3543 4707 10.

2027 4812 2187 4869 editis
2215 4813 2244 4865 6
2269 4813 2434 4869 deest.

2099 4883 2212 4955 (74)
2255 4883 2478 4955 Seguer.
2511 4881 2728 4955 Gobler.
2757 4879 3036 4955 etgFele.)
3069 4881 3326 4955 omittunt
3345 4880 3454 4955 Δὅτι.

2101 4950 2212 5040 (7.?)
2252 4950 2494 5040 Gobler.:
2519 4962 2575 5007 ει
2596 4951 2792 5040 fele:
2810 4953 2865 5040 ίει
2884 5037 2894 5040 _
2914 4950 3290 5040 ἐγβξωλτέγφει
3340 4950 3596 5040 iriir-

2030 5019 2222 5089 Ba'siL',
2264 5023 2563 5091 ἀπεστάλη.
2596 5019 2799 5076 Ibidem
2834 5019 3062 5091 Seguer.
3086 5019 3308 5075 Gobler.
3352 5028 3408 5075 et
3445 5019 3596 5080 Fcis.

2033 5096 2085 5159 1,
2107 5095 2210 5182 ἕνα)
2239 5095 2478 5182 emet-an.
2510 5089 2730 5182 lfld‘itiaet
2754 5093 2863 5155 alii,
2889 5089 3256 5182 καὶιεεῖδχηίιτιιξς

2102 5165 2215 5235 (76)
2266 5160 2353 5227 Ὧς
2390 5164 2542 5235 abest
2580 5177 2609 5215 a
2643 5162 2864 5235 S_eguer.
2901 5160 3198 5235 Gobler.’et_
3220 5160 3365 5235 Felc.
3392 5160 3594 5235 i._Mox

2031 5230 2220 5297 iidem,
2246 5237 2303 5287 ὲν
2343 5233 2464 5302 ἐμοί
2488 5235 2625 5286 ἐστι.
2660 5230 2737 5285 [η’
2758 5233 2878 5287 aliis
2898 5241 2951 5286 et
2980 5232 3140 5302 editis
3169 5233 3321 5286 deest
3348 5230 3484 5288 ἐστι.

2104 5305 2217 5375 (77)
2260 5303 2350 5358 Sic
2378 5299 2869 5375 'chuer.fGobler.
2902 5313 2953 5355 et
2982 5299 3127 5375 Felc.
3174 5303 3225 5355 1.
3271 5302 3596 5375 Casteriau-

2030 5371 2140 5429 tem
2181 5371 2233 5429 et
2279 5375 2433 5439 editi,
2465 5376 2494 5426 6
2532 5376 2588 5428 ὲν
2629 5374 2751 5441 ἐμοὶ
2787 5375 2959 5444 μένων
2988 5372 3056 5425 τὰ
3099 5371 3234 5444 ἔργα
3268 5372 3591 5444 rgmsinid.

2031 5443 2285 5513 Seguer.,
2318 5446 2385 5497 Ἃ
2412 5444 2518 5516 γὰρ
2553 5446 2611 5496 εν
2638 5447 2704 5514 τῇ
2736 5441 2901 5497 εἰκόνι
2946 5460 3031 5506 τις
3061 5441 3256 5516 ταύτῃ.
3286 5441 3345 5497 lu
3386 5442 3509 5498 aliis
3539 5453 3596 5499 et.

2027 5516 2186 5586 editis
2208 5516 2361 5586 deest
2387 5514 2579 5586 ταύτῃ.

2122 5584 2210 5655 78)
2252 5582 2504 5655 Seguer.,
2530 5579 2671 5655 ’ἕπερὶ
2703 5582 2895 5655 Ἰησοῦ.
2939 5581 3061 5638 Mox
3094 5581 3320 5655 Seguer.
3367 5579 3593 5655 Qobler.

2020 5663 2073 5709 et
2105 5650 2249 5709 Felc.
2286 5650 2354 5718 ίξ
2372 5650 2700 5725 γεγενῆσθαι
2743 5650 2833 5706 τὸν
2868 5650 3355 5725 κρεζττονᾳξιῖειος
3387 5650 3421 5705 5
3462 5662 3592 5708 Item

2020 5725 2366 5797 γεγενῆσθαι.
2386 5721 2506 5782 Ὰϋί
2541 5721 2595 5782 et
2626 5726 2777 5790 editi,
2813 5721 3062 5795 γενέσθαι
3095 5722 3186 5778 τὸν
3231 5721 3482 5795 κρείττω.
