3972 6224
315 325 402 381 1-11
1423 321 1680 377 ORATIO
1720 322 1736 375 l
1777 320 2054 375 CONTRA
2095 319 2411 374 ARIANOS.

3436 319 3540 380 169

313 431 626 510 γεγενῆσθαι
655 437 753 510 τὴν
784 439 1066 509 κρείττονα
1117 438 1390 493 διακονίαν
1418 441 1497 500 τὸ,
1535 442 1866 509 remitterem

1979 439 2105 492 bum
2145 457 2156 491 :
2183 439 2297 493 baic
2328 439 2523 492 iterum
2553 437 2788 492 breviter
2821 438 3064 502 audiant,
3097 439 3536 510 quandoquidem

310 534 478 589 λαϐεῖν
506 533 597 585 καὶ
620 534 777 587 νοεῖν.
831 531 1018 604 ὥσπερ
1071 533 1318 603 εἴπομενο
1371 533 1507 586 ἀλλὰ
1555 534 1865 603 νομίζουσιν

1973 547 2094 599 qua:
2124 546 2284 600 supra
2317 530 2714 619 disputavimus
2743 530 2854 598 jam
2888 540 3013 584 sunt
3047 531 3220 586 obliti.

313 634 365 684 ἐκ
398 629 599 697 ταύτης
631 629 732 698 τῆς
761 628 957 695 λέξεως
985 631 1209 702 γενητὸν
1264 631 1513 703 εἰρῆσθαι
1569 631 1660 685 τὸν
1714 633 1902 699 Λόγον·
1944 628 2286 682 ἁκουέτωσαν
2333 627 2580 697 συντόμῳ
2604 626 2746 697 λόγῳ
2780 623 2948 677 ταῦτα
3004 625 3184 686 πάλιν,
3217 626 3401 697 ἐπειδὴ
3429 625 3542 681 τῶν

214 705 226 719 χ
302 712 597 794 εἰρημένων
623 721 732 777 (79)
765 721 1107 777 ἐπελάθοντο.

369 878 457 931 62.
489 878 552 930 Εἰ
589 877 684 948 μὲν
715 879 779 930 ὲκ
808 877 916 931 τῶν
937 880 1183 948 ἀγγέλων
1204 882 1348 934 ἐστὶν
1368 884 1397 936 ὁ
1422 883 1569 947 Υἱὸς,
1607 883 1745 938 ἔστω
1774 886 1867 938 καὶ

309 971 383 1023 ἐπ’
414 968 578 1022 αὑτοῦ
609 969 718 1037 (80)
754 970 829 1032 ὡς
885 971 970 1022 ἐπ’
1000 972 1221 1025 ἐκείνων
1252 973 1333 1037 τὸ,
1389 975 1733 1042 γενόμενος,
1775 977 1868 1028 καὶ

311 1063 466 1135 μηδὲν
491 1062 671 1116 αὐτῶν
704 1063 843 1116 κατὰ
864 1065 961 1135 τὴν
992 1064 1150 1133 φύσιν
1180 1065 1498 1136 διαφερέτω·
1555 1066 1668 1120 ἀλλ’
1698 1066 1866 1120 ἔστω-

310 1171 396 1208 σαν
423 1154 457 1224 ἢ
493 1153 604 1222 (81)
633 1153 727 1206 καὶ
750 1147 894 1208 οὗτοι
947 1155 1075 1218 υἱοὶ,
1112 1156 1144 1227 ἢ
1193 1158 1441 1220 κάκεῖνος
1472 1157 1720 1226 ἄγγελος,
1774 1158 1869 1211 καὶ

309 1247 445 1315 κοινῇ
474 1245 675 1308 πάντες
699 1243 1110 1308 καθεζέσθωσαν
1153 1248 1217 1300 ὲκ
1244 1246 1432 1310 δεξιῶν
1481 1248 1573 1302 τοῦ
1633 1250 1863 1319 Πατρόςο

307 1334 499 1406 ἦμετὰ
523 1337 739 1391 πάντων
789 1338 881 1390 καὶ
927 1339 956 1390 ὁ
1023 1337 1151 1401 Υἱὸς
1209 1339 1601 1410 παρεστηκέτω
1641 1339 1750 1408 (82)
1792 1340 1869 1404 ὡς

307 1427 664 1499 λειτουργικὸν
691 1427 906 1498 πνεῦμα
961 1430 1042 1492 είς
1082 1429 1355 1483 διακονίαν
1412 1430 1869 1501 ἀποστελλόμενος

306 1522 388 1574 καὶ
411 1520 572 1584 αὐτὸς
587 1521 785 1592 ὁμοίως
809 1521 918 1592 (85)
943 1523 1188 1576 ἐκείνων.
1219 1523 1282 1576 Εἰ
1311 1523 1368 1575 δὲ
1395 1523 1656 1594 διίστησιν
1681 1523 1871 1577 όΙῘαῦ-

305 1615 384 1678 λος
404 1613 498 1667 τὸν
518 1614 646 1667 Υίὸν
677 1613 783 1666 ἀπὸ
812 1613 921 1666 τῶν
942 1613 1202 1686 γενητῶν,
1233 1613 1423 1683 λέγων·
1457 1615 1576 1669 Τίνι
1606 1615 1716 1684 γὰρ
1739 1614 1870 1668 εἶπέ

304 1722 435 1762 ποτε
466 1707 586 1761 τῶν
612 1708 721 1778 (81)
751 1707 1040 1778 ἀγγέλων·
1070 1709 1202 1773 Υἱός
1218 1725 1338 1776 μου
1365 1703 1423 1760 εἴ
1444 1709 1562 1772 σύ;
1587 1709 1682 1762 καὶ
1713 1701 1870 1772 οὗτος

2045 878 2134 932 62.
2166 876 2221 932 Si
2250 876 2420 932 Filius
2447 894 2590 933 unus
2624 894 2690 933 ex
2717 879 2924 949 angelis
2956 886 3064 940 est,
3120 894 3273 948 teque
3325 878 3426 946 ipsi
3475 867 3558 933 ac.

1973 970 2082 1024 illis
2115 970 2228 1024 haec
2259 986 2361 1023 vox
2393 971 2565 1039 {actus
2597 973 2919 1036 conveniat,
2961 971 3206 1040 nihilque
3239 981 3432 1024 natura
3471 971 3542 1024 ab

1973 1061 2083 1114 illis
2105 1061 2359 1125 diﬂ'erat;
2392 1078 2581 1116 verum
2612 1064 2696 1116 vel
2722 1063 2821 1132 ipsi
2850 1064 2961 1117 sint
2997 1064 3089 1117 lilii
3113 1063 3195 1117 vel
3221 1063 3313 1116 ille
3351 1063 3421 1117 sit
3444 1077 3542 1116 an-

1974 1153 2126 1222 gelus
2150 1192 2165 1215 ,
2205 1169 2503 1226 omnesque
2560 1156 2762 1224 pariter
2817 1157 2884 1210 ad
2931 1155 3208 1210 dexteram
3245 1156 3423 1211 Patris
3455 1171 3544 1211 se-

1975 1241 2157 1305 deant,
2179 1242 2406 1295 velcum
2440 1243 2694 1298 omnibus
2732 1245 2954 1299 assistat
2979 1260 3198 1316 quoque
3223 1246 3338 1316 ipse
3371 1245 3544 1300 Filius

1977 1343 2236 1401 tanquam
2267 1335 2494 1402 spiritus
2524 1335 2876 1402 administer,
2901 1336 2955 1390 in
2990 1337 3540 1401 administrationem,

1973 1424 2140 1495 368
2169 1433 2228 1478 ut
2259 1425 2333 1478 illi
2357 1465 2372 1486 ,
2405 1426 2608 1481 missus
2636 1428 2700 1480 ¹⁸.
2742 1430 2808 1483 At
2842 1444 2972 1482 vero
3001 1430 3047 1483 si
3090 1429 3290 1485 Paulus
3342 1429 3543 1485 Filium

1975 1531 2006 1569 a
2038 1516 2200 1570 rebus
2231 1515 2388 1571 factis
2420 1517 2568 1572 bisee
2620 1519 2803 1574 verbis
2851 1520 3188 1577 discriminet
3223 1522 3364 1577 :Cui
3400 1525 3543 1578 enim

1973 1611 2280 1677 angelorum
2300 1609 2438 1662 dixit
2461 1627 2691 1679 unquam
2717 1625 2737 1663 :
2760 1611 2936 1667 Filius
2966 1631 3107 1668 meus
3130 1632 3183 1670 es
3215 1625 3271 1669 tu
3292 1618 3370 1671 ‘9?
3396 1617 3541 1672 Prae-

1975 1707 2121 1755 terea
2159 1701 2205 1756 si
2233 1702 2430 1756 caelum
2463 1703 2552 1757 ille
2599 1712 2656 1758 et
2696 1712 2895 1759 terram
2927 1715 3106 1773 creat,
3149 1708 3312 1777 hique
3361 1710 3430 1764 ab
3475 1725 3544 1763 eo

305 1801 395 1871 μὲν
425 1799 751 1871 δημιουργεῖ
793 1803 886 1854 τὸν
919 1799 1145 1869 οὐρανὸν
1191 1801 1284 1852 κα)¹
1306 1799 1406 1871 τὴν
1451 1798 1577 1868 γῆν,
1623 1797 1777 1852 αὐτοὶ
1814 1797 1866 1851 δὲ

1975 1791 2146 1858 fiunt;
2180 1793 2227 1847 si
2261 1792 2350 1847 ille
2374 1809 2498 1848 cum
2532 1793 2691 1850 Patre
2720 1796 2870 1851 sedet
2891 1836 2905 1858 ,
2938 1799 2993 1851 hi
3027 1809 3205 1852 autem
3228 1800 3544 1855 ministran-

302 1892 419 1961 παρ’
448 1891 618 1944 αὑτοῦ
633 1891 892 1960 γίνονται·
926 1891 1020 1943 καὶ
1053 1889 1215 1954 αὐτὸς
1249 1891 1346 1961 μὲν
1384 1890 1522 1962 μετὰ
1545 1890 1636 1944 τοῦ
1659 1889 1871 1961 Πατρὸς

302 1982 603 2049 καθέζεται,
648 1985 698 2036 οί
731 1983 787 2038 δὲ
818 1984 1197 2055 παρεστήκασι
1258 1983 1366 2053 (85)
1413 1981 1866 2053 λειτουργοῦντες·

299 2075 394 2129 τίνι
419 2077 586 2130 πάλιν
605 2077 704 2130 οὐκ
733 2077 846 2130 ἔστι
874 2077 1126 2148 φανερὸν,
1154 2077 1354 2131 ὅτιούκ
1388 2078 1481 2130 ἐπὶ
1536 2077 1637 2146 τῆς
1686 2077 1872 2141 οὐσίας

299 2169 383 2221 τοῦ
402 2169 582 2238 Λόγου
615 2169 768 2237 ἔλεγε
795 2170 859 2222 τὸ
894 2169 1025 2239 (86),
1050 2172 1387 2239 γενόμενος,
1416 2169 1529 2222 ἀλλ’
1553 2171 1645 2222 ἐπὶ
1671 2169 1770 2239 τῆς
1803 2170 1872 2223 δι’

301 2259 451 2313 αὑτοῦ
477 2261 780 2332 γενομένης
809 2262 1115 2326 διακονίας;
1155 2263 1244 2326 Ὠς
1265 2261 1373 2333 γὰρ
1419 2261 1588 2330 Λόγος
1629 2260 1724 2324 ὢν,
1774 2260 1869 2330 γέ-

299 2364 410 2414 γονε
435 2349 597 2419 σὰρξ,
653 2349 814 2413 οὕτω,
872 2350 1160 2421 γενόμενος
1201 2349 1504 2422 ἄνθρωπος,
1559 2352 1749 2419 γέγονε
1780 2367 1870 2402 το-

301 2441 461 2511 σούτῳ
483 2441 753 2513 κρείττων
776 2441 833 2493 ὲν
866 2444 934 2512 τῇ
965 2441 1209 2512 διακονίᾳ
1232 2441 1331 2510 τῆς
1364 2442 1452 2494 διὰ
1480 2442 1588 2495 τῶν
1621 2443 1871 2512 ἀγγέλων

299 2533 588 2605 γενομένης
608 2533 903 2596 διακονίας,
937 2534 1047 2605 ὅσῳ
1093 2533 1336 2604 διαφέρει
1369 2533 1568 2587 δούλων
1601 2536 1738 2598 υίὸς,
1776 2536 1871 2590 καὶ

297 2626 348 2678 δὲ
371 2625 701 2698 δημιουργὸς
727 2625 834 2678 τῶν
848 2625 910 2697 δη
920 2642 1176 2698 μιουργου
1185 2625 1360 2697 μένων
1400 2626 1536 2697 (87)·
1563 2625 1703 2680 ὥστε
1727 2645 1870 2681 παυ-

297 2718 575 2772 σάσθωσαν
606 2719 699 2771 ἐπὶ
749 2719 846 2789 τῆς
901 2719 1088 2782 οὐσίας
1131 2718 1226 2772 τοῦ
1269 2718 1401 2772 Υίοῦ
1448 2718 1742 2790 λαμϐάνειν
1787 2719 1867 2786 τὸ,

295 2812 628 2880 γενόμενος·
652 2812 751 2864 οὐκ
795 2811 910 2865 ἐστι
951 2810 1059 2882 γὰρ
1088 2811 1198 2864 τῶν
1244 2811 1505 2883 γενητῶψ
1542 2814 1636 2867 καὶ
1655 2811 1872 2881 γνώτω-

297 2905 501 2966 σαν,ὄτι
534 2904 639 2973 τῆς
668 2903 939 2967 διακονίας
965 2904 1059 2957 καὶ
1084 2904 1183 2974 τῆς
1221 2905 1520 2974 γενομένης
1560 2905 1871 2976 οἰκονομίας

297 2997 626 3069 σημαντικόν
641 2997 756 3048 ἐστι
773 2997 854 3056 τὸ.
871 2996 1210 3066 γενόμενος.
1241 2995 1364 3058 Πῶς
1384 2997 1442 3049 δὲ
1471 2997 1660 3066 γέγονε
1686 2997 1869 3069 κρείτ-

295 3105 390 3142 των
426 3091 485 3142 ὲν
517 3091 590 3159 τῇ
623 3088 890 3159 διακονίᾳ,
927 3089 1188 3159 κρείττων
1216 3089 1291 3142 ῶν
1340 3093 1407 3161 τῇ
1439 3089 1596 3158 φύσει
1627 3091 1776 3160 παρὰ
1800 3091 1867 3144 τὰ

291 3181 502 3252 γενητὰ,
529 3181 778 3234 δείκνυσι
823 3181 893 3236 τὰ
923 3181 1312 3253 προειρημένα,
1351 3184 1444 3236 καὶ
1491 3182 1730 3254 ἡγοῦμαι
1766 3183 1866 3254 μὲν

291 3271 386 3326 κᾶν
409 3271 592 3334 οὕτως
621 3272 819 3336 αὐτοὺς
851 3272 1218 3342 αίσχύνεσθαι.
1256 3274 1351 3326 Ἂν
1382 3273 1426 3326 δ’
1475 3273 1583 3344 ἄρα
1637 3276 1868 3342 φιλονει-

291 3362 468 3429 κῶσιν,
507 3363 808 3417 ἀκόλουθον
836 3363 903 3418 ἃν
927 3363 1013 3435 είη
1047 3364 1182 3437 πρὸς
1204 3364 1302 3436 τὴν
1352 3364 1632 3434 ἀλόγιστον
1683 3365 1865 3420 αὐτῶν

288 3456 481 3528 τόλμαν
517 3457 695 3528 ὁμόσε
740 3457 984 3528 χωρῆσαι
1031 3456 1242 3520 τούτοις
1289 3456 1422 3528 (88),
1470 3458 1562 3510 καὶ
1608 3457 1675 3511 τὰ
1704 3459 1867 3528 ὅμοια

291 3551 419 3621 ῥητὰ
472 3552 614 3623 περὶ
650 3549 813 3604 αὐτοῦ
848 3549 941 3603 τοῦ
991 3551 1202 3620 Πατρδς
1267 3550 1531 3621 εἰρημένα
1575 3551 1865 3604 ἀντιθεῖναι

285 3640 509 3706 τούτοις,
548 3642 648 3694 ἵνα
672 3641 706 3710 ἢ
737 3639 1148 3710 δυσωπηθέντες
1203 3640 1485 3693 παύσωσιν
1518 3639 1724 3693 ἑαυτῶν
1755 3639 1864 3710 (89)

286 3734 375 3804 τὴν
407 3735 668 3802 γλῶτταν
721 3731 829 3786 ἀπὸ
866 3731 1071 3795 κακῶν,
1098 3732 1132 3804 ἢ
1165 3733 1364 3800 γνῶσιν
1425 3729 1505 3796 είς
1555 3734 1677 3786 ὅσον
1707 3733 1867 3802 βάθος

287 3827 412 3880 ιίσὶν
443 3826 666 3888 ἀνοίας.
689 3825 1001 3896 Γέγραπται
1028 3825 1225 3878 τοίνυνο
1257 3825 1448 3878 Γενοῦ
1479 3841 1580 3893 μοι
1609 3825 1695 3888 εἰς
1716 3823 1869 3877 Θεὸν

283 3916 773 3987 ὑπερασπιστὴν,
808 3917 907 3972 καί
935 3919 1023 3984 εὶς
1038 3914 1204 3972 οἶκον
1234 3917 1344 3989 (90)
1364 3915 1731 3986 καταφυγῆς,
1758 3915 1864 3969 τοῦ

285 4009 471 4064 σῶσαί
487 4027 593 4078 με·
629 4009 723 4062 καὶ
752 4008 930 4060 πάλιν·
988 4008 1249 4078 Ἐγένετο
1292 4010 1506 4078 Κύριος
1550 4007 1862 4077 καταφυγή

282 4099 356 4166 τῷ
380 4101 629 4169 πένητιο
656 4100 752 4153 καὶ
779 4100 878 4153 ὅσα
900 4098 1122 4154 τοιαῦτα
1145 4102 1202 4155 ὲν
1229 4103 1346 4164 ταῖς
1372 4100 1544 4164 θείαις
1584 4100 1694 4172 (91)
1721 4101 1862 4170 Γρα-

281 4195 400 4262 φαῖς
419 4193 856 4265 εὑρίσκεται.Εί
889 4193 988 4262 μὲν
1033 4189 1126 4247 οὖν
1168 4194 1248 4256 εἰς
1305 4194 1398 4246 τὸν
1440 4193 1566 4247 Υίδν
1615 4194 1864 4264 εἰρῆσθαι

280 4284 444 4338 ταῦτα
463 4285 750 4352 λέγουσιν,
779 4285 810 4337 δ
840 4285 932 4338 κσι)⁸
961 4284 1098 4356 τάχα
1129 4287 1224 4338 καί¹
1250 4285 1449 4354 μᾶλλον
1476 4285 1674 4356 ἀληθές
1693 4287 1860 4339 ὲστινο

280 4376 696 4446 ὲπιγνώτωσαν,
730 4377 811 4429 ὄτι
838 4375 910 4447 μὴ
940 4376 1068 4431 ὅντα
1092 4377 1316 4448 γενητὸν
1338 4378 1502 4431 αὑτὸν
1533 4377 1739 4441 ἀξιοῦσι
1771 4394 1863 4447 γε-

278 4468 454 4522 νέσθαι
482 4467 692 4540 βοηθὸν
726 4468 936 4532 ἑαυτοῖς
985 4468 1095 4540 (9ἳ)
1146 4470 1241 4524 καὶ
1280 4465 1424 4522 οἷκον
1463 4469 1782 4540 καταφυγῆς
1813 4470 1862 4522 οί

1975 1893 2054 1939 tes
2081 1885 2346 1940 assistunt
2379 1887 2502 1940 :cui
2528 1901 2636 1941 non
2671 1891 3019 1958 perspicuum
3067 1902 3151 1946 est
3195 1907 3542 1961 nequaquam

1972 1976 2041 2032 de
2065 1975 2227 2031 Verbi
2253 1979 2560 2032 substantia
2584 1995 2769 2034 vocem
2802 1981 2976 2050 [actus
3031 1982 3256 2053 intelligi
3285 1984 3353 2037 ab
3397 1985 3544 2053 Apo-

1971 2068 2147 2133 stolo,
2189 2069 2281 2124 sed
2315 2070 2383 2124 de
2428 2069 2900 2126 administratione
2931 2088 3053 2141 quin
3086 2083 3304 2142 peracta
3330 2089 3422 2143 per
3461 2075 3544 2144 ip-

1971 2175 2092 2214 sum
2119 2162 2239 2215 est?
2268 2161 2404 2216 Nam
2434 2164 2890 2233 quemadmodum
2915 2180 3038 2218 cum
3082 2173 3227 2220 esset
3269 2163 3501 2219 Verbum
3523 2207 3542 2230 ,

1972 2269 2100 2308 caro
2129 2253 2331 2309 factum
2362 2266 2478 2320 est;
2508 2258 2579 2310 ita
2604 2255 2781 2312 factus
2804 2257 3002 2324 homo,
3030 2266 3178 2313 tanto
3203 2259 3545 2328 prastantior

1972 2345 2026 2399 in
2058 2345 2532 2403 administratione
2569 2348 2745 2405 factus
2775 2359 2859 2404 est
2910 2350 3151 2420 angelis,
3186 2360 3452 2419 quantum
3487 2352 3548 2406 (i-

1972 2439 2079 2494 lius
2107 2454 2140 2493 a
2170 2441 2342 2494 servis
2371 2447 2426 2494 et
2455 2439 2636 2509 opifex
2659 2441 2729 2496 ab
2759 2441 3016 2510 operibus
3051 2442 3248 2497 differt.
3283 2442 3548 2497 Desinant

1972 2531 2154 2600 itaque
2173 2548 2361 2587 vocem
2415 2533 2586 2603 factus
2643 2535 2710 2588 de
2755 2543 2947 2588 natura
2985 2535 3106 2588 Filii
3156 2535 3539 2604 interpretari;

1972 2639 2074 2678 nec
2095 2624 2239 2678 enim
2264 2633 2398 2680 este
2426 2625 2590 2680 rebus
2619 2625 2780 2681 factis
2810 2645 2823 2680 :
2857 2627 2948 2680 sed
2976 2637 3276 2696 agnoscant
3305 2627 3409 2681 hoc
3447 2643 3548 2682 vo-

1971 2717 2165 2772 cabulo
2196 2718 2371 2787 factus
2415 2717 2618 2774 factam
2672 2719 2969 2790 signiﬁcari
3013 2719 3544 2776 administrationem

1969 2817 2026 2864 et
2045 2809 2529 2879 dispensationem.
2557 2810 2842 2876 Quomodo
2860 2819 3041 2866 autem
3080 2815 3426 2880 przestantior
3465 2813 3547 2868 fa-

1970 2910 2092 2957 ctus
2119 2901 2286 2956 fuerit
2315 2903 2368 2956 in
2397 2903 2893 2968 administratione,
2918 2903 3012 2973 qui
3044 2904 3160 2974 ipse
3185 2914 3376 2959 natura
3406 2921 3547 2976 prae-

1971 2994 2202 3049 stantior
2218 3005 2304 3050 est
2335 3010 2497 3065 quam
2519 3011 2606 3050 res
2632 2994 2790 3051 facta:
2809 3037 2823 3060 ,
2856 3013 2918 3051 ea
2948 3013 3070 3066 quae
3092 3013 3255 3068 supra
3279 2999 3542 3064 diximus.

1971 3085 2269 3142 manifesto
2309 3089 2637 3152 ostendunt,
2686 3089 2921 3158 indeque
2977 3091 3099 3145 illos
3154 3093 3390 3146 arbitror
3417 3107 3546 3147 eru-

1973 3176 2214 3232 bescere.
2251 3175 2452 3233 Verum
2490 3179 2536 3234 si
2569 3189 2922 3236 contumaces
2953 3196 3075 3237 esse
3115 3192 3370 3252 pergent,
3399 3198 3431 3238 e
3481 3198 3546 3240 re

1972 3267 2137 3324 fuerit
2163 3270 2370 3324 insante
2418 3271 2657 3339 ipsorum
2686 3287 2974 3327 occurrere
3023 3275 3341 3342 temeritati,
3388 3275 3546 3330 simi-

1970 3360 2154 3432 liaque
2171 3361 2240 3416 de
2262 3363 2380 3430 ipso
2402 3360 2557 3416 Patre
2578 3363 2724 3417 dicta
2754 3363 2861 3418 illis
2883 3379 3189 3434 opponere,
3227 3377 3288 3420 ut
3325 3367 3408 3421 vel
3437 3367 3548 3421 fra-

1972 3453 2043 3507 cti
2074 3453 2283 3522 pudore
2317 3469 2472 3508 suam
2527 3455 2766 3525 linguam
2801 3471 2831 3509 a
2891 3457 3049 3511 malis
3111 3457 3430 3522 cobibeant,
3457 3457 3545 3512 vel

1971 3547 2276 3618 intelligant
2321 3548 2375 3600 in
2406 3558 2669 3617 quantum
2707 3549 3021 3603 devenerint
3060 3549 3307 3603 inscitiae.
3357 3551 3545 3619 Itaque

1973 3638 2235 3707 scriptum
2276 3647 2360 3693 est
2388 3657 2401 3692 :
2430 3638 2562 3693 Fias
2594 3641 2724 3692 mihi
2748 3641 2802 3693 in
2835 3640 3003 3694 Deum
3028 3650 3376 3709 protectorem
3404 3653 3453 3694 et
3487 3643 3545 3694 in

1971 3730 2185 3782 domum
2217 3729 2406 3800 refugii
2430 3771 2445 3795 ,
2479 3740 2537 3783 ut
2568 3731 2774 3784 salvum
2814 3748 2894 3784 me
2921 3733 3092 3798 facias
3122 3732 3189 3786 ³ο.
3221 3731 3287 3785 Et
3309 3748 3500 3786 rursus
3526 3751 3540 3786 :

1970 3819 2172 3874 Factus
2201 3832 2279 3875 est
2311 3821 2570 3874 Dominus
2604 3824 2864 3892 refugium
2892 3825 3114 3893 pauperi
3134 3826 3199 3889 ",
3249 3835 3304 3879 et
3331 3826 3434 3880 alia
3486 3826 3544 3880 id

1972 3927 2282 3982 genusquae
2311 3913 2364 3966 in
2388 3913 2591 3969 divinis
2629 3914 2884 3984 leguntur
2933 3914 3248 3986 Scripturis.
3293 3916 3448 3983 Quod
3493 3918 3544 3972 si

1973 4005 2074 4058 ista
2103 4005 2170 4058 de
2192 4003 2333 4058 Filio
2365 4004 2511 4059 dicta
2537 4019 2659 4059 esse
2697 4006 3054 4070 contendent,
3103 4008 3248 4076 quod
3283 4007 3422 4063 forte
3456 4009 3544 4063 vel

1971 4096 2138 4151 etiam
2169 4097 2344 4166 magis
2367 4111 2554 4150 verum
2607 4106 2725 4160 est,
2781 4108 3082 4167 agnoscant
3121 4113 3342 4155 sanctos
3373 4116 3496 4155 eum
3521 4140 3542 4164 ,

1971 4188 2065 4258 qui
2090 4203 2178 4242 res
2202 4186 2341 4241 facta
2371 4202 2482 4242 non
2513 4199 2666 4253 erat,
2703 4205 2900 4260 rogare
2921 4201 2982 4246 ut
3014 4193 3119 4248 sibi
3151 4195 3368 4264 adiutor
3403 4205 3459 4250 et
3486 4197 3542 4250 in

1972 4279 2195 4334 domum
2233 4280 2427 4350 refugii
2448 4283 2595 4336 ﬁeret
2630 4301 2644 4337 :
2675 4298 2742 4337 ac
2765 4284 3020 4355 deinceps
3045 4289 3307 4343 vocabula
3343 4289 3538 4359 factus.

1971 4372 2092 4441 fecit
2121 4381 2175 4427 et
2203 4374 2395 4426 creavit
2424 4374 2490 4428 de
2514 4389 2776 4443 corporea
2803 4376 2921 4446 ejus
2947 4377 3250 4449 intelligant
3297 4396 3542 4449 praesen-

1972 4467 2068 4520 tia.
2109 4464 2264 4520 Tunc
2287 4465 2558 4536 siquidem
2595 4467 2813 4537 adjutor
2852 4477 2908 4524 et
2953 4470 3149 4526 domus
3213 4472 3407 4544 refugii
3456 4473 3542 4530 fa-

344 4579 387 4611 "
413 4577 588 4635 Hebr.
626 4593 670 4645 ι,
705 4579 793 4632 14.
873 4582 915 4612 ¹⁰
951 4581 1080 4637 ibid.
1120 4598 1158 4645 ι,
1194 4583 1246 4637 5.
1322 4584 1367 4616 ’⁸
1390 4582 1531 4637 Psal.
1570 4601 1698 4646 xxx,
1729 4583 1783 4639 5.
1862 4587 1866 4613 τ

1974 4583 2095 4639 ’sal.
2132 4600 2210 4647 ix,
2256 4583 2345 4637 10.

343 4673 476 4754 (79)_
497 4672 665 4754 διεςιῖ
719 4674 1151 4754 προειρημένων.
1204 4675 1337 4730 Ibid.
1391 4675 1581 4731 Basili.
1622 4676 1760 4746 Aug.
1809 4683 1862 4729 et

1974 4746 1997 4754 Α
2040 4673 2150 4743 (87)
2194 4674 2441 4754 Seguer.,
2474 4675 2719 4754 Saganae
2742 4678 2885 4754 Υἱὸς,
2911 4680 3009 4754 καὶ,
3031 4682 3059 4734 ὁ
3085 4681 3148 4754 δη

277 4738 413 4798 Felc.
436 4738 498 4799 ’5.
533 4738 830 4796 ἐπέλαϐον.

344 4814 455 4883 (80)
481 4813 584 4868 Sic
609 4813 768 4881 Seg.,
793 4815 884 4881 qui
912 4831 1035 4868 mox
1062 4831 1182 4869 cum
1213 4815 1430 4871 Gobler.
1456 4826 1508 4868 et
1531 4815 1674 4869 Felc.
1701 4815 1752 4880 1,
1775 4815 1861 4868 ἐπ’

276 4883 434 4955 αὐτῷ.
466 4884 585 4937 Alii
613 4884 848 4955 etgediti,
876 4885 1026 4938 ἔσται
1061 4887 1154 4938 καὶ
1197 4888 1282 4940 ἐπ’
1318 4887 1504 4941 αὑτοῦ.
1539 4886 1709 4940 Paulo
1741 4894 1864 4955 post

276 4949 520 5023 δοκίων..
545 4953 703 5008 κατὰ
729 4955 908 5022 φύσιν.

337 5023 447 5094 (81)
492 5024 593 5080 Sic
631 5023 864 5094 Seguer.
896 5025 1027 5094 Reg.
1070 5035 1124 5080 et
1157 5025 1300 5082 Felc.
1338 5027 1389 5081 5.
1434 5029 1502 5080 At
1535 5026 1588 5078 in
1642 5025 1764 5082 aliis
1806 5035 1860 5081 et

274 5091 436 5161 editis
466 5095 504 5161 ἦ
535 5091 734 5149 deest:
770 5095 900 5150 Ibid.
936 5091 1159 5161 Séguer.
1197 5097 1355 5151 Gobl.
1400 5108 1454 5152 et
1491 5097 1637 5151 Felc.
1683 5097 1734 5157 1,
1766 5097 1858 5148 καὶ

274 5159 428 5218 οὗτοι.
479 5159 639 5237 Editi
683 5164 896 5237 ‘aliiqUe
939 5159 1036 5220 καί
1072 5168 1244 5221 αὐτοί.
1282 5167 1452 5222 Paulo
1486 5176 1607 5237 post
1648 5166 1859 5233 Basili,

275 5235 629 5305 παρακαθεζέ
639 5231 875 5305 σθωσαν.

337 5303 448 5380 (ξὲ)
487 5303 832 5380 Segugrian.
859 5305 990 5380 Reg.
1022 5315 1076 5380 et
1113 5306 1257 5380 F_elc.
1291 5308 1343 5380 5r.
1370 5307 1786 5380 παραστηκέτω.

340 5375 451 5443 (85)
494 5375 594 5428 Sic
631 5374 864 5442 Seguer.
896 5375 1114 5430 Gobler.
1137 5376 1282 5432 Felc.
1310 5379 1363 5433 1.
1385 5374 1492 5434 Alii
1517 5389 1569 5432 et
1589 5374 1741 5442 editi,
1766 5377 1865 5439 τὰς

275 5443 490 5498 ἐκείνων
530 5443 759 5514 ὁμοίας.

336 5515 446 5585 (81)
493 5510 594 5568 Sil:
633 5513 868 5585 Seguer.
909 5520 964 5565 et
1011 5510 1136 5581 Reg.
1179 5513 1382 5585 Castori
1423 5524 1602 5571 autem
1642 5528 1695 5572 et
1736 5520 1866 5573 editi

273 5580 381 5656 τῶν
398 5580 710 5656 omittunt.
746 5581 871 5634 Mox
907 5596 1064 5643 inss.,
1106 5580 1200 5636 καὶ
1234 5580 1386 5647 οὗτος
1420 5587 1538 5656 μέν.
1583 5587 1745 5653 Editi,
1773 5591 1868 5642 καὶ

274 5653 430 5718 αὐτὸς
469 5654 600 5718 μέν.

342 5673 430 5718 τος
469 5673 600 5724 μεν.

342 5726 457 5796 (85)
505 5725 779 5796 δρειξοτη
810 5725 1286 5796 παρειστήκεισαν.

342 5793 455 5864 (86)
504 5795 602 5847 Sic
642 5793 879 5860 Seguet‘.
907 5794 973 5845 At
999 5796 1087 5848 alii
1125 5805 1176 5850 et
1193 5796 1345 5862 editi,
1381 5797 1614 5870 ἐλέγετο.

2040 4683 2150 4743 (87)
2194 4683 2441 4744 Seguer.,
2474 4683 2674 4730 δούλων
2691 4683 2719 4731 ὁ
2743 4683 2885 4743 Υἱὸς,
2911 4683 3005 4734 καὶ
3031 4683 3059 4734 ὁ
3085 4683 3148 4754 δη
3200 4683 3414 4753 ιουργὸς
3433 4683 3542 4737 τῶν

1970 4745 2716 4854 ἔλεξενργιξιξ.εέένειν·ρ.διε;ε,ο
2762 4751 3108 4854 “etate;
3121 4700 3541 4854 iuream-

1968 4815 2172 4938 ἓιένων.
2224 4815 2367 4925 Fel?
2418 4817 2451 4870 5
2502 4825 2556 4871 et
2600 4816 2752 4886 Reg.,
2809 4815 3322 4942 δημιουργημάτών.
3377 4815 3538 4885 Editi,

2001 4902 2478 4942 ημιουργημ-νων.
2515 4889 2792 4942 mendose.
2872 4894 2977 4942 bid.
3039 4895 3263 4942 δείξειεν.
3317 4891 3537 4942 Gobler.

1968 4889 2478 4957 δημιουργημένων,
2515 4889 2792 4944 mendose.
2844 4889 2977 4946 Ibid.
3011 4889 3263 4959 'Se'guer.
3317 4891 3537 4946 Gobler.

1968 4967 2021 5012 et
2065 4955 2209 5010 Felc.
2247 4957 2299 5020 1,
2350 4956 2769 5015 παυσάσθωσαν.
2821 4960 2964 5016 Editi
2993 4971 3047 5016 et
3091 4963 3205 5027 alii,
3253 4961 3539 5015 παυέσθω-

1970 5044 2152 5170 ιῗῦιῖέὸ)
2195 5097 2286 5170 Sic
2315 5098 2540 5170 Seguer.
2569 5100 2701 5170 Reg.
2731 5101 2951 5156 Gobler.
2981 5113 3034 5156 et
3063 5100 3209 5170 Felc.
3242 5100 3265 5153 1
3301 5110 3354 5156 et
3383 5101 3437 5155 5.
3467 5101 3541 5158 At

1968 5167 2204 5252 Anglic”
2238 5167 2571 5242 διαχωρῆσαι
2611 5167 2837 5235 τούτοις.
2887 5172 2993 5224 Alii
3034 5181 3087 5226 et
3106 5169 3260 5235 editi,
3294 5173 3541 5244 χωρῆσαι

1969 5255 2425 5397 τῇὲἒῗξεςυετ.
2475 5310 2690 5367 Gobler.
2725 5320 2778 5367 et
2818 5311 2966 5365 Felc.
3015 5312 3066 5365 1.
3101 5311 3295 5368 Cateri
3327 5328 3457 5367 vero
3489 5322 3546 5368 et

1972 5377 2123 5442 editi,
2139 5377 2358 5436 αὐτῶν.

2046 5450 2157 5520 (90)
2198 5451 2443 5518 Seguer.,
2478 5452 2570 5504 καὶ
2602 5448 2767 5503 οἷκον.
2801 5450 2924 5506 Mox
2967 5451 3183 5508 Gobler.
3227 5462 3280 5508 et
3313 5451 3462 5508 Felc.
3511 5453 3536 5507 1

1967 5522 2227 5572 omittunt
2255 5522 2438 5574 πάλιν.

2014 5589 2151 5676 ’(91)
2195 5589 2417 5660 Seguet'.
2445 5589 2647 5642 omittit
2675 5588 2866 5656 θείαις,
2889 5600 2942 5648 et
2964 5593 3126 5662 paulo
3149 5601 3273 5663 post
3295 5593 3387 5648 καί
3417 5599 3546 5650 ants

1967 5677 2155 5802 “((38)
2188 5730 2422 5804 Seguer.
2461 5730 2674 5786 Golzler.
2709 5741 2760 5786 et
2787 5731 2930 5789 Felc.
2971 5734 3022 5800 1,
3055 5735 3254 5797 αὐτοῖς.
