3972 6224
325 427 431 485 MS

1437 419 1701 478 ORATIO
1740 418 1785 476 ll
1822 414 2106 476 CONTRA
2138 412 2464 471 ARlANOS.

3492 404 3595 461 ιω

320 548 398 609 ὡς
420 546 451 598 ὁ
493 541 613 597 Ἰὼϐ
641 544 762 607 τοῖς
791 540 1033 597 αἰτοῦσιν
1063 539 1245 598 αὐτόν.
1283 538 1496 612 Ὠσπερ
1549 534 1641 594 οῦν
1685 539 1908 601 ἕκαστος

2020 534 2311 589 admodum
2370 535 2538 606 igitur
2588 531 2635 588 si
2689 531 2927 602 singuli,
2969 531 3062 600 qui
3108 530 3176 584 ab
3215 525 3336 585 aliis
3365 541 3593 596 accepeo

322 634 433 690 τῶν
457 629 518 690 ὦ
542 633 829 690 παθόντων
853 635 902 687 εί
922 634 1089 702 λέγοι,
1119 633 1176 686 '0
1192 632 1339 686 δεῖνά
1365 649 1454 703 μοι
1475 633 1666 700 γέγονε
1694 631 1905 701 βοηθός·

325 725 419 779 καὶ
438 724 598 790 ἄλλος
630 727 682 778 ει
714 724 886 795 λέγοι,
926 726 1110 794 Κάμοὶ
1147 723 1460 795 καταφυγὴ,
1494 723 1589 777 καὶ
1625 723 1799 793 τούτῳ
1827 740 1912 792 χο-

328 809 494 881 ρηγύς
518 808 614 882 (6)⁶
642 810 892 878 λέγοντες
921 809 977 863 δὲ
1004 810 1198 872 ταῦτα,
1234 810 1295 862 οὐ
1353 809 1449 880 τὴν
1479 809 1656 880 ἀρχὴν
1686 809 1784 880 τῆς
1817 825 1910 876 γε-

325 901 548 968 νέσεως,
579 902 701 955 οὐδὲ
722 902 821 972 τὴν
853 902 1037 955 οὐσίαν
1076 900 1184 955 τῶν
1235 897 1295 955 εὖ
1331 902 1674 973 ποιησάντων
1713 901 1912 971 σημαί-

325 1011 528 1058 νουσιν,
564 994 702 1049 ἀλλὰ
721 993 820 1067 τὴν
843 996 922 1058 εἰς
955 995 1152 1058 αὐτοὺς
1178 994 1468 1065 γινομένην
1495 994 1570 1065 ('7)
1607 993 1736 1065 παρ’
1769 994 1910 1048 ὲκεί-

325 1102 433 1141 νων
464 1086 805 1157 εὐεργεσίαν·
828 1084 1000 1149 οὕτως
1021 1087 1146 1139 ὅταν
1167 1085 1364 1154 λέγωσι
1404 1084 1530 1155 περὶ
1561 1084 1656 1137 τοῦ
1683 1082 1816 1136 Θεοῦ
1859 1085 1908 1136 οι

327 1179 470 1246 ἆγιοι
499 1177 582 1242 τὸ,
623 1175 881 1247 ἐγένετο,
904 1180 996 1232 καὶ
1020 1178 1100 1242 τὺ,
1122 1177 1324 1247 γενοῦ,
1342 1178 1440 1232 οὐκ
1465 1178 1640 1249 ἀρχήν
1664 1193 1785 1230 τινα
1814 1192 1909 1244 γε-

326 1270 526 1333 νέσεως
561 1270 936 1340 σημαίνουσιν·
975 1271 1209 1342 ἄναρχος
1246 1270 1356 1343 γὰρ
1388 1272 1481 1324 κα)⁵
1508 1272 1568 1324 οὐ
1598 1271 1828 1342 γενητὸς
1880 1273 1910 1324 6

319 1358 481 1423 Θεός·
508 1359 644 1414 ἀλλὰ
674 1361 772 1432 τὴν
827 1363 906 1424 είς
938 1361 1258 1434 ἀνθρώπους
1295 1363 1423 1433 παρ’
1475 1363 1636 1415 αὐτοῦ
1680 1362 1912 1434 γενομέ-

323 1471 420 1526 νην
446 1454 525 1526 (8)
556 1455 844 1526 σωτηρίαν.
1073 1478 1086 1510 .·

398 1546 489 1602 64.
516 1545 718 1599 Τούτου
742 1545 798 1598 δὲ
824 1545 996 1609 οὕτως
1029 1546 1342 1616 νοουμένου,
1393 1543 1681 1599 ἀκόλουθον
1724 1545 1789 1598 ἂν
1822 1544 1906 1617 εἵη

325 1637 420 1690 καὶ
447 1636 542 1691 ἐπὶ
569 1635 663 1689 τοῦ
686 1636 837 1700 Υἰοῦ,
865 1637 968 1689 ὅσα
994 1636 1036 1688 δ’
1092 1635 1160 1689 ἂν
1191 1637 1286 1689 καὶ
1329 1636 1517 1698 ὁσάκις
1565 1635 1632 1690 ἂν
1663 1635 1906 1708 λέγηται,

325 1730 582 1801 ἐγένετο,
633 1731 745 1793 καὶ,
799 1728 998 1800 γενοῦ,
1049 1729 1149 1798 τὴν
1191 1729 1360 1800 αὐτὴν
1400 1729 1638 1784 διάνοιαν
1693 1729 1906 1794 σώζειν

325 1823 462 1876 ὥστε
509 1823 606 1877 καὶ
655 1823 716 1876 τὸ
771 1821 1064 1894 λεγόμενον
1117 1822 1216 1892 (9),
1270 1823 1591 1891 γενόμενος
1626 1824 1908 1890 κρείττων

2015 629 2125 681 rint
2158 627 2454 690 beneﬁcia,
2509 625 2788 680 dixerint:
2833 623 2926 677 Ille
2970 621 3100 677 mihi
3146 621 3322 676 factus
3378 628 3462 675 est
3505 618 3596 672 ad-

2011 719 2161 789 jutor
2191 719 2354 783 :vel,
2408 718 2541 772 Mihi
2587 717 2677 772 ille
2713 716 3021 786 refugium,
3071 721 3127 768 et
3180 712 3269 767 isti
3316 710 3592 766 beneﬁcus

2015 809 2195 866 factus
2219 819 2303 864 est
2333 809 2691 873 distributor,
2718 822 2826 862 non
2858 806 3070 860 initium
3099 811 3251 858 ortus
3290 817 3464 870 neque
3494 815 3593 854 na-

2017 909 2194 957 turam
2220 917 2408 956 eorum
2431 942 2447 966 ,
2484 901 2580 970 qui
2611 901 2747 954 bene
2780 899 2846 953 de
2877 914 2934 953 se
2974 904 3346 957 mererentur,
3381 891 3592 963 signiti-

2015 994 2332 1059 carent,sed
2359 1002 2640 1062 acceptum
2660 990 3005 1047 solummodo
3029 992 3097 1042 ab
3124 988 3206 1042 eis
3225 985 3542 1041 beneﬁcium
3573 999 3589 1038 :

2017 1087 2266 1143 similiter
2297 1102 2424 1141 cum
2458 1085 2634 1140 sancti
2665 1085 2731 1138 de
2765 1085 2875 1138 Deo
2907 1083 3129 1146 dicunt,
3157 1079 3332 1149 factus
3358 1089 3433 1131 est
3463 1118 3476 1142 ,
3515 1084 3591 1143 et,

2015 1179 2116 1247 ﬁas
2137 1220 2152 1244 ,
2186 1178 2395 1232 nullum
2429 1187 2584 1230 ortus
2635 1175 2849 1229 initium
2883 1173 3126 1228 indicant
3154 1189 3167 1226 :
3205 1186 3330 1225 nam
3368 1184 3469 1224 nec
3497 1167 3596 1224 ini-

2016 1268 2152 1322 tium
2183 1266 2325 1322 Deus
2356 1267 2518 1321 habet
2549 1266 2756 1329 ullum,
2785 1279 2885 1319 nec
2913 1262 3088 1318 factus
3117 1263 3230 1330 ipse
3245 1268 3369 1314 est:
3402 1272 3594 1312 rerum

2016 1360 2105 1415 his
2130 1359 2314 1414 verbis
2342 1359 2682 1430 signiﬁcatur
2709 1357 2858 1414 salus
2887 1371 3049 1427 quam
3097 1353 3414 1409 hominibus
3449 1365 3594 1408 com-

2015 1451 2247 1522 paravit.

2090 1544 2180 1599 64.
2218 1544 2429 1609 Quibus
2452 1543 2527 1599 ita
2559 1543 2852 1598 intellectis
2883 1541 3118 1598 edicitur
3145 1549 3203 1597 ut
3233 1541 3593 1609 quotiescun-

2015 1651 2122 1707 que
2151 1637 2218 1691 de
2251 1634 2390 1690 Filio
2421 1635 2644 1700 dicitur,
2675 1635 2847 1704 factus
2873 1643 2971 1697 est,
2998 1643 3074 1695 et,
3109 1633 3232 1702 ﬁas,
3276 1631 3466 1686 eodem
3497 1645 3595 1684 ex-

2015 1728 2246 1798 plicetur
2271 1727 2466 1791 modo,
2494 1727 2570 1781 ita
2598 1735 2692 1790 ut,
2719 1741 2842 1781 cum
2884 1727 2985 1780 ista
3029 1725 3292 1785 audiunt,
3338 1730 3597 1793 ρνωειοη-

2017 1824 2121 1876 tior
2149 1822 2322 1891 factus
2349 1821 2548 1890 angelis
2571 1859 2585 1883 ,
2608 1827 2681 1884 et,
2711 1819 2885 1888 factus
2921 1827 3034 1884 est,
3076 1832 3189 1871 non
3246 1815 3464 1886 aliquod
3504 1828 3595 1868 na-

323 1913 440 1968 τῶν
484 1915 779 1984 ἀγγέλων,
829 1916 944 1980 καὶ,
976 1914 1234 1984 ἐγένετο,
1268 1914 1584 1979 ἀκούοντας,
1624 1915 1696 1987 μὴ
1738 1917 1908 1987 ἀρχὴν

2022 1914 2211 1970 scendi
2235 1913 2566 1984 principium
2591 1909 2755 1966 Verbi
2782 1910 3036 1979 eﬂingant
3062 1950 3076 1974 ,
3118 1916 3211 1962 aut
3239 1921 3366 1962 eum
3394 1905 3593 1959 factum

322 2023 441 2060 τινα
477 2005 572 2059 τοῦ
603 2006 849 2076 γίνεσθαι
877 2006 987 2078 (10)
1019 2008 1250 2059 ἐπινοεῖν
1273 2005 1367 2060 τοῦ
1399 2007 1591 2076 Λόγου,
1620 2008 1752 2078 μηδὲ
1776 2007 1913 2072 ὅλως

321 2101 386 2154 ὲκ
413 2100 623 2155 τούτων
645 2101 872 2172 γενητὸν
905 2099 1068 2153 αὑτὸν
1126 2099 1514 2170 φαντάζεσθαι·
1550 2100 1663 2152 ἀλλ’
1693 2101 1784 2154 ἐπὶ
1812 2100 1912 2170 τῆς

321 2191 594 2256 διακονίας
619 2195 714 2246 καὶ
749 2192 1080 2262 οἰκονομίας,
1100 2192 1190 2246 ὅτε
1212 2192 1435 2260 γέγονεν
1461 2191 1556 2246 ἄνθ
1566 2209 1746 2264 ρωπος
1775 2192 1908 2264 (11),

324 2285 458 2337 νοεῖν
479 2284 542 2337 τὸ
565 2285 860 2354 λεγόμενον
893 2283 1045 2356 παρὰ
1082 2284 1177 2338 τοῦ
1210 2284 1445 2338 Παύλου.
1469 2285 1599 2339 Ὅτε
1627 2285 1737 2356 γὰρ
1766 2287 1794 2342 ὀ
1819 2285 1914 2338 Λό-

322 2375 577 2448 γοςσὰρξ
603 2378 843 2444 ἐγένετο,
888 2377 984 2430 καὶ⁵
1010 2376 1323 2448 ἐσκήνωσεν
1371 2376 1428 2429 ὲν
1478 2377 1632 2446 ἡμῖν,
1668 2371 1801 2446 ἦλθέ
1850 2393 1911 2430 τε

323 2468 404 2520 ῐνα
425 2467 723 2541 διακονήσῃ
773 2469 868 2522 καὶ
920 2471 1053 2523 πᾶσι
1113 2468 1382 2541 σωτηρίαν
1433 2469 1749 2539 χαρίσηται·
1790 2468 1910 2521 τότε

321 2561 448 2629 ἡμῖν
473 2561 696 2628 ἐγένετο
723 2560 986 2630 σωτηρία,
1022 2559 1115 2612 καὶ
1147 2560 1362 2628 ἐγένετο
1388 2559 1522 2632 ζωὴ,
1575 2558 1670 2611 καὶ
1697 2557 1912 2626 ἐγένετο

324 2649 566 2720 ἱλασμόςο
595 2649 773 2721 τότεὴ
799 2650 940 2722 ὑπὲρ
974 2649 1129 2722 ἡμῶν
1175 2649 1340 2704 αὐτοῦ
1393 2651 1675 2722 οἰκονομία
1729 2648 1912 2720 κρείτ-

321 2755 420 2792 των
450 2738 645 2808 γέγονε
667 2739 778 2794 τῶν
815 2740 1062 2808 ἀγγέλων
1087 2740 1223 2812 (12),
1258 2741 1350 2794 καὶ
1391 2740 1609 2809 ἐγένετο
1648 2741 1784 2806 ὁδὸς,
1817 2743 1911 2795 καὶ

322 2830 535 2899 ἐγένετο
569 2832 885 2896 ἀνάστασις.
917 2836 1026 2888 Καὶ
1051 2833 1240 2907 ὥσπερ
1285 2837 1366 2899 τὸ,
1429 2833 1623 2889 Γενοῦ
1669 2852 1770 2903 μοι
1825 2837 1912 2902 είς

323 2923 469 2977 Θεὸν
496 2925 986 2992 ὑπερασπιστὴν,
1023 2927 1123 2980 οὐκ
1165 2926 1351 2990 οὐσίας
1395 2927 1609 2995 γένεσιν
1656 2928 1910 2998 σημαίνει

323 3015 484 3070 αὐτοῦ
508 3015 604 3069 τοῦ
641 3016 800 3080 Θεοῦ,
841 3017 976 3072 ἀλλὰ
1004 3018 1102 3090 τὴν
1131 3017 1560 3091 φιλανθρωπίαν,
1609 3018 1799 3093 ὥσπερ
1842 3020 1913 3074 εἴ.

323 3123 500 3180 ρηται·
524 3107 699 3172 οὕτως
720 3109 816 3162 καὶ
841 3108 938 3164 νῦν
979 3111 1061 3173 τὸ,
1103 3113 1428 3181 γενόμενος
1465 3113 1747 3179 κρείττων
1793 3111 1911 3165 τῶν

322 3200 590 3270 ἀγγέλων
616 3201 751 3271 (15),
793 3203 909 3268 καὶ,
955 3203 1213 3274 ἐγένετο,
1248 3205 1367 3269 καὶ,
1423 3206 1693 3272 τοσούτῳ
1721 3205 1910 3274 κρείτ-

321 3310 433 3347 των
469 3292 724 3363 γέγονεν
746 3293 962 3364 ἔγγυος
1015 3297 1048 3349 ὁ
1093 3296 1344 3364 Ἰησοῦς,
1384 3297 1443 3350 οὐ
1469 3297 1569 3368 τὴν
1595 3296 1783 3351 οὐσίαν
1811 3295 1904 3351 τοῦ

323 3383 488 3453 Λόγου
517 3384 756 3457 γενητὴν
794 3386 1070 3458 σημαίνει,
1099 3387 1173 3459 μὴ
1206 3389 1445 3456 γένοιτοί
1471 3389 1606 3444 ἀλλὰ
1633 3388 1731 3460 τὴν
1764 3406 1910 3459 γενο-

327 3473 488 3546 μένην
521 3477 587 3529 ὲκ
615 3477 717 3546 τῆς
761 3476 1230 3549 ὲνανθρωπήσεως
1257 3479 1422 3534 αὑτοῦ
1456 3481 1536 3544 είς
1581 3481 1730 3550 ἡμᾶς
1753 3481 1910 3553 εὐερ-

323 3565 522 3631 γιεετίαν⁹
549 3566 653 3620 κᾶν
675 3567 965 3638 ἀχάριστοι
997 3571 1342 3640 τυγχάνωσιν
1378 3571 1428 3623 oi
1486 3572 1776 3644 αἱρετικοὶ,
1813 3572 1908 3626 καὶ

325 3653 607 3722 φιλόνεικοι
641 3657 783 3730 πρὸς
814 3658 1064 3713 ἀσέϐειαν
1089 3659 1222 3732 (1.1).

1935 3244 1982 3308 C

2013 2022 2136 2065 esse
2159 2007 2288 2062 inde
2312 2007 2606 2077 opinentur
2633 2023 2646 2058 :
2672 2004 2764 2059 sed
2797 2003 2928 2056 illud
2978 2001 3134 2056 Pauli
3165 2001 3371 2056 dictum
3413 1998 3481 2053 de
3505 1997 3597 2051 ad-

2014 2099 2419 2154 ministratione
2463 2108 2517 2153 et
2554 2096 2996 2166 dispensatione,
3046 2109 3171 2147 cum
3219 2093 3384 2146 homo
3418 2089 3596 2144 factus

2015 2201 2123 2258 est,
2155 2192 2477 2263 intelligant.
2531 2191 2667 2246 Cum
2726 2189 2871 2244 enim
2924 2185 3163 2240 Verbum
3201 2199 3330 2240 caro
3387 2183 3593 2237 factum

2013 2295 2095 2340 est
2121 2295 2175 2340 et
2207 2282 2472 2338 habitavit
2497 2283 2552 2336 in
2580 2280 2740 2336 nobis
2768 2279 2836 2346 ³⁸,
2865 2294 2929 2334 ac
2959 2278 3108 2332 venit
3151 2283 3210 2330 ut
3236 2274 3594 2335 ministraret,

2013 2376 2380 2446 omnibusque
2406 2375 2710 2445 impertiret
2761 2372 2994 2428 salutem
3025 2391 3037 2426 ε
3073 2380 3202 2425 tunc
3247 2366 3389 2422 idem
3434 2364 3597 2420 nobis

2015 2467 2216 2523 factum
2246 2477 2329 2522 est
2357 2467 2507 2522 salus
2528 2507 2543 2529 ,
2575 2465 2777 2520 factum
2801 2474 2885 2520 est
2919 2465 3023 2516 vita
3043 2503 3058 2528 ,
3112 2461 3316 2515 factum
3362 2467 3446 2513 est
3491 2471 3591 2511 ex-

2012 2558 2182 2629 piatio
2213 2576 2226 2611 :
2257 2567 2387 2612 tunc
2416 2557 2537 2628 ejus
2562 2571 2664 2626 pro
2691 2555 2850 2610 nobis
2893 2551 3296 2608 administratio
3316 2588 3331 2613 ,
3371 2547 3596 2618 angelo-

2011 2667 2133 2706 rum
2172 2651 2652 2705 administratione
2692 2645 3040 2718 praestantior
3091 2655 3174 2699 est
3224 2645 3366 2697 facta
3399 2659 3411 2693 :
3441 2641 3599 2695 deni-

2012 2758 2120 2814 que
2151 2743 2329 2812 ipsum
2360 2741 2488 2796 item
2525 2740 2728 2795 factum
2771 2747 2858 2793 est
2903 2739 2987 2791 via
3017 2746 3070 2791 et
3111 2733 3458 2790 resurrectio.
3501 2731 3597 2785 At-

2012 2850 2120 2906 que
2153 2841 2214 2888 ut
2244 2833 2388 2888 istud
2410 2874 2424 2895 ,
2457 2831 2590 2886 Fias
2619 2830 2748 2884 mihi
2783 2830 2837 2884 in
2878 2828 3044 2884 Deum
3072 2834 3422 2896 protectorem
3447 2861 3462 2886 ,
3484 2836 3599 2876 non

2012 2934 2221 2979 natura:
2245 2923 2419 2993 ipsius
2450 2921 2543 2980 Dei
2587 2920 3055 2992 procreationem,
3107 2915 3203 2972 sed
3245 2915 3364 2984 ejus
3403 2915 3595 2974 huma-

2011 3018 2238 3072 nitatem
2261 3057 2277 3082 ,
2310 3025 2371 3070 ut
2405 3017 2516 3072 diti
2536 3057 2549 3083 ,
2574 3015 2846 3086 signiﬁcat
2865 3022 2919 3068 et
2942 3011 3332 3082 benignitatem
3360 3024 3373 3060 :
3397 3007 3470 3061 ita
3506 3006 3594 3061 bis

2011 3109 2272 3174 vocibus,
2302 3108 2650 3177 praestantior
2680 3107 2853 3176 [actus
2886 3103 3090 3173 angelis
3111 3143 3126 3166 ,
3171 3109 3246 3166 et,
3275 3100 3451 3170 factus
3482 3106 3608 3164 est,

2011 3213 2096 3270 et,
2131 3211 2278 3257 tanta
2302 3203 2649 3272 praestantior
2679 3215 2903 3269 sponsor
2945 3199 3121 3268 factus
3163 3205 3240 3250 est
3263 3193 3452 3257 Iesus,
3484 3206 3596 3246 non

2013 3293 2176 3350 Verbi
2238 3292 2380 3349 facta
2433 3309 2556 3349 esse
2589 3301 2787 3347 natura
2822 3291 3163 3363 signiﬁcatur
3185 3329 3200 3351 ,
3236 3287 3465 3357 (absit!)
3499 3285 3595 3340 sed

2015 3387 2344 3442 beneﬁcium
2381 3385 2529 3457 quod
2558 3401 2624 3440 ex
2666 3384 2787 3454 ejus
2816 3382 3129 3453 accepimus
3175 3378 3553 3436 incarnatione
3576 3416 3594 3442 ,

2013 3479 2368 3550 quantumvis
2397 3479 2595 3551 ingrati
2623 3477 2827 3533 fuerint
2859 3474 3099 3532 haeretici
3123 3482 3286 3543 atque
3312 3471 3366 3525 in
3393 3468 3593 3525 tuenda

2017 3571 2293 3642 impietate
2317 3584 2716 3642 perpugnaces.

326 3856 3558 3886 ww“,

869 4047 1170 4165 ΤΟΥ
1236 4045 1731 4166 ΑΥΤΟΥ
1805 4047 2228 4162 ΚΑΤΑ
2299 4049 3070 4167 ΑΡΕΙΑΝΩΝ

1396 4269 1760 4356 ΛΟΓΟΣ
1837 4264 2401 4358 ΔΕΥΤΕΡΟΣ
2428 4261 2568 4352 (ίδ).

501 4609 1056 4703 EJUSDEM
1134 4608 1613 4704 CONTRA
1685 4608 2212 4704 ARIANOS
2261 4611 2724 4706 ORATIO
2783 4615 3362 4709 SECUNDA.

394 4848 442 4903 1.
489 4849 630 4917 Ἐγω
658 4863 763 4919 μεν
805 4845 964 4918 ᾤμην
995 4844 1123 4908 τοὺς
1150 4845 1250 4915 τῆς
1309 4845 1520 4917 Ἀρείου
1555 4847 1753 4918 μανίας
1775 4850 1908 4905 ὑπο-

2087 4852 2140 4907 1.
2171 4851 2286 4923 Ego
2315 4853 2536 4923 quidem
2564 4868 2913 4923 speraveram
2964 4854 3082 4912 fore
3116 4869 3174 4912 ut
3197 4859 3306 4912 Arii
3364 4859 3604 4914 insanim-

333 4939 507 5004 κριτὰς
561 4939 657 4992 ἐπὶ
695 4941 812 5003 τοῖς
843 4935 1261 5012 προειρημένοις
1301 4937 1408 5009 πρὸ
1437 4937 1628 4991 τούτου
1659 4943 1781 4994 κατ’
1802 4943 1899 4996 αὐ-

395 5034 436 5066 ²³
461 5033 621 5089 Joan.
653 5049 696 5098 1,
735 5032 824 5088 ﬂ.

414 5131 466 5268 ὁ)
502 5130 649 5186 Fele.
686 5131 742 5193 5,
776 5130 870 5184 καὶ
898 5128 1102 5184 τούτων
1121 5128 1398 5253 ιχορηγός.

416 5201 444 5254 7
507 5201 738 5268 Seguer.
768 5200 990 5256 Gobler.
1022 5209 1078 5255 et
1164 5201 1268 5254 ele.
1294 5200 1347 5264 1,
1380 5216 1398 5252 ε

416 5199 466 5268 7)
507 5201 738 5272 Seguer.
768 5200 990 5272 Gobler.
1022 5209 1078 5255 et
1121 5199 1268 5272 Fel‘e.
1294 5200 1347 5264 1,
1380 5201 1461 5262 είς
1485 5199 1715 5272 ἑαυτοὺς
1741 5219 1904 5272 γεγε-

331 5270 1030 5342 νημένηνξὸεςυειιηὶϋίῥη
1062 5270 1268 5342 omittit
1316 5272 1449 5342 παρ’
1479 5270 1723 5342 ἐκείνων.
1755 5270 1902 5328 Mox

505 5339 635 5396 ὅταν
666 5339 796 5414 τξερὶ
837 5339 976 5395 Θεοῦ
1019 5339 1251 5410 λέγωσιν
1279 5340 1330 5391 oi.
1364 5339 1508 5408 ἅγιοι
1553 5340 1636 5409 τὺ,
1664 5343 1901 5413 ἐγένετο,

330 5415 435 5474 καὶ,
458 5413 669 5480 ὲγένου.

393 5483 466 5553 (8)
508 5483 760 5553 $eguer.,
795 5482 1112 5553 γινομένην.

392 5550 465 5624 (9)
501 5550 732 5624 Seguer.
777 5550 834 5607 et
869 5550 1154 5624 [τίθεμαι
1184 5551 1244 5604 τὸ
1286 5550 1598 5621 λεγόμενον.
1621 5551 1816 5608 Caeteri
1849 5560 1906 5608 et

327 5620 454 5678 editi
478 5622 541 5675 τό
575 5620 857 5677 omittunt.

389 5693 502 5766 (ill)
547 5693 909 5766 Sic__chuer_.
949 5691 1172 5766 Gobler.
1200 5701 1263 5766 _et
1302 5689 1544 5766 Felekm.
1560 5693 1734 5766 χλι
1765 5692 1899 5766 Reg,

330 5760 508 5818 Basilii.
531 5760 843 5834 Anglicfet-
869 5762 1034 5834 Fele._
1054 5763 1110 5829 5,
1132 5761 1227 5834 τοῦ
1253 5761 1527 5834 γενέσθαι.
1557 5761 1702 5834 Editi
1732 5772 1786 5834 et
1809 5760 1900 5818 alii

329 5831 646 5903 utrumque'
667 5834 951 5903 omittunt.
984 5831 1112 5903 Mox
1147 5831 1373 5903 Seguer.
1393 5875 1408 5898 ,
1440 5833 1533 5903 καὶ
1565 5832 1702 5897 ὂλως
1736 5833 1810 5897 ὡς
1838 5836 1903 5888 ὲκ

327 5902 508 5958 τούτου
531 5901 648 5960 ’τῶν
678 5902 943 5975 γενητῶν.
969 5901 1191 5960 Gobler.
1219 5901 1270 5958 et
1296 5902 1444 5959 Fclc.
1478 5902 1527 5969 1,
1560 5903 1654 5957 καὶ
1689 5906 1751 5957 ὲκ
1781 5905 1902 5958 τούς

2004 4943 2300 5001 bistriones
2322 4947 2692 5015 argumentis,
2726 4963 2848 5018 quae
2888 4964 3051 5018 supra
3076 4965 3200 5003 cum
3227 4949 3293 5002 ad
3321 4950 3439 5004 illos
3468 4966 3594 5006 con-

2007 5147 2116 5186 των
2136 5127 2250 5200 τῶν
2267 5129 2533 5200 γενητῶν.

2079 5199 2191 5271 (il)
2221 5198 2352 5270 Reg.
2379 5198 2468 5255 hic
2493 5200 2694 5256 omittit
2737 5203 2826 5255 ὅτε
2847 5199 3068 5271 γέγονεν
3089 5199 3396 5271 ἄνθρωπος.
3419 5216 3601 5263 canue-

2009 5269 2458 5342 Suhju'ngitipost
2506 5271 2658 5342 παρὰ
2705 5272 2800 5325 τοῦ
2845 5269 3079 5324 Παύλου.
3125 5269 3300 5326 Paulo
3327 5279 3452 5342 post
3489 5271 3592 5328 Se-

2009 5337 2186 5414 gue'r”
2209 5337 2351 5414 ἦλθε
2371 5341 2450 5406 δὲ,
2484 5337 2591 5396 ἵνα.

2081 5412 2194 5481 (12)
2233 5409 2576 5480 Seguerian,
2605 5411 2797 5534 γέγονε
2824 5409 2932 5464 τῶν
2965 5410 3162 5466 ἄλλων.

2081 5483 2193 5534 (15)
2235 5482 2462 5534 Βραυρτ.
2513 5492 2568 5534 et
2672 5499 2795 5534 etz..
2840 5482 2951 5534 τῶν
3008 5482 3162 5534 ἁγγέ]

2081 5483 2193 5564 (15)
2235 5482 2462 5564 seguer.
2491 5492 2568 5564 _et
2614 5481 2796 5564 ἕξεθ’,
2840 5482 2951 5536 τῶν
3008 5482 3404 5564 ςίγέὴρνηβη.
3432 5481 3592 5564 editis

2009 5551 2244 5620 aliisque
2275 5553 2428 5607 deest
2449 5552 2577 5605 τῶν.
2613 5551 2736 5606 Mox
2765 5551 2990 5621 Seguer.
3018 5553 3152 5623 Reg.
3183 5553 3349 5609 Basil.
3378 5554 3589 5623 Anglic.

2008 5635 2063 5694 et
2096 5623 2334 5678 Felckm.
2370 5623 2436 5694 75,
2473 5623 2696 5694 γέγονεν
2743 5623 2992 5692 ἀγγέλων
3040 5625 3235 5693 ἔγγυος
3282 5627 3310 5678 ὁ
3359 5622 3592 5694 Ἰησοῦς.

2009 5693 2202 5750 Cameri
2235 5701 2290 5763 et
2318 5693 2472 5755 editi,
2504 5692 2725 5761 γέγονεν
2755 5694 3003 5763 ἀγγέλων
3031 5698 3061 5750 ό
3085 5692 3321 5763 Ἰησοῦς.

2233 5759 2327 5817 Sit:
2366 5759 2591 5833 SeguerQ
2621 5764 2689 5817 At
2723 5759 2813 5819 alii
2840 5759 2911 5820 ἐι
2943 5765 3094 5830 editi,
3128 5759 3265 5836 τέρος
3298 5765 3395 5835 τὴν
3432 5764 3593 5819 uici-

2046 5851 2183 5887 ειαν.

2083 5903 2190 5974 (15)
2233 5901 2322 5958 Sic
2350 5903 2480 5976 Reg.
2541 5901 2708 5960 Basil.
2743 5904 2871 5962 item
2915 5906 3078 5962 habet
3119 5903 3272 5973 λόγος
3315 5901 3579 5973 δεύτερος.
