3972 6224
333 372 435 426 147

903 374 962 432 S.
1005 374 1375 434 ATHANASII
1414 378 1565 434 OPP.
1605 377 1788 434 PARS
1825 377 1865 434 1.
1909 377 1977 424 ιὲι-
2016 379 2389 438 1118ΤΟΒΙΕΑ
2427 382 2515 437 ΕΤ
2555 384 2970 441 DOGMATICA.

3467 390 3568 446 148

333 490 589 546 tutandos
621 502 732 547 tum
773 493 839 548 ad
867 497 1153 552 veritatem
1198 499 1626 568 patefaciendam
1657 501 1904 565 tractavi,

2020 505 2119 556 τῶν
2145 504 2402 575 ἐλέγχοις,
2425 506 2517 558 καὶ
2532 508 2649 569 ταῖς
2674 507 2800 577 περ).
2828 508 2926 578 τῆς
2951 506 3206 578 ἀληθείας
3235 507 3572 573 ἀποδείξεσιν

333 584 607 648 contenti,
633 585 888 656 deinceps
913 589 1291 657 quiescerent,
1329 590 1587 660 ipsosque
1619 592 1902 658 paeniteret

334 683 445 726 tam
470 675 612 730 male
635 675 701 730 de
719 675 998 732 Salvatore
1015 681 1253 735 sensisse
1277 690 1330 735 et
1352 682 1562 735 locutos
1584 680 1745 750 37o
1759 696 1898 734 esse.

335 763 539 819 Verum
574 767 694 834 illi,
735 771 921 824 nescio
956 787 1065 840 quo
1094 782 1288 841 pacto,
1324 789 1392 827 ne
1435 773 1506 826 ita
1548 773 1767 841 quidem
1816 787 1903 825 re-

334 858 537 942 cedunt
573 876 587 912 :
630 860 754 926 sed,
801 877 1090 930 porcorum
1139 880 1404 918 canumve
1448 878 1634 926 more,
1677 878 1796 918 sese
1845 863 1899 917 in

335 969 450 1008 sua:
477 955 790 1009 vomitionis
830 957 944 1010 luto
979 966 1033 1012 et
1065 959 1320 1012 sordibus
1367 959 1711 1024 volutantes,
1762 973 1902 1012 nova

336 1057 640 1102 commenta
669 1048 1018 1104 defendendae
1051 1051 1340 1120 impietatis
1371 1066 1536 1106 causa
1587 1051 1690 1105 sibi
1741 1065 1904 1104 exco-

336 1138 528 1206 gitant.
551 1139 738 1209 Itaque
757 1156 856 1194 nec
878 1140 1009 1194 illud
1038 1140 1396 1207 intelligentes
1426 1140 1570 1209 quod
1600 1142 1652 1193 in
1673 1139 1902 1194 Prover-

333 1228 441 1284 biis
465 1231 726 1300 scriptum
751 1240 834 1286 est
855 1269 870 1297 ,
897 1231 1151 1286 Dominus
1178 1231 1369 1285 creavit
1409 1248 1488 1284 me
1527 1231 1741 1284 initium
1787 1231 1902 1282 via-

336 1336 456 1373 rum
487 1337 703 1374 suarum
734 1323 787 1375 in
811 1341 965 1392 opera
984 1341 1080 1376 sua
1110 1325 1152 1354 ²⁹
1173 1365 1187 1388 ,
1214 1340 1313 1378 nec
1339 1323 1482 1379 istud
1503 1322 1770 1392 Apostoli,
1797 1321 1902 1386 Qui

337 1415 512 1482 ﬁdelis
541 1424 617 1468 est
642 1417 691 1469 ei
716 1417 808 1486 qui
832 1417 956 1486 fecit
999 1416 1152 1469 illum
1190 1416 1259 1480 ⁸ο,
1323 1426 1529 1471 temere
1573 1416 1904 1469 altercantur

338 1504 596 1574 aiuntque
613 1504 705 1560 Dei
725 1505 917 1560 Filium
939 1522 1049 1560 rem
1071 1505 1268 1560 factam
1297 1514 1351 1560 et
1369 1515 1605 1560 creatam
1628 1521 1747 1560 esse
1764 1504 1898 1575 (18).

339 1591 484 1646 Sane
511 1609 576 1647 ex
619 1594 738 1658 his,
767 1610 886 1664 qua?
927 1609 1094 1664 supra
1130 1595 1274 1648 dicta
1317 1603 1475 1658 sunt,
1526 1595 1726 1649 licebat
1770 1594 1902 1662 ipsis

335 1684 644 1752 perspicere
666 1724 682 1750 ,
715 1685 820 1740 nisi
852 1701 1047 1741 sensus
1074 1685 1290 1754 penitus
1315 1686 1650 1752 amisissent,
1681 1684 1901 1749 Filium,

335 1786 476 1831 teste
502 1777 761 1844 veritate,
796 1793 864 1832 ex
914 1777 1086 1831 nihilo
1122 1792 1229 1831 non
1285 1792 1440 1842 esse,
1498 1792 1673 1846 neque
1722 1778 1788 1830 ad
1816 1790 1904 1830 res

335 1866 510 1922 factas
541 1869 646 1921 ulla
673 1868 882 1924 ratione
915 1868 1204 1937 pertinere.
1231 1866 1372 1922 Cum
1422 1867 1566 1922 enim
1616 1867 1758 1923 Deus
1788 1867 1904 1938 ipse

336 1959 406 2012 sit
435 1997 452 2022 ,
482 1974 583 2013 nec
613 1958 794 2015 factus
821 1975 940 2015 esse
967 1968 1172 2028 potest,
1197 1973 1298 2014 nec
1335 1958 1418 2014 fas
1456 1967 1539 2014 est
1592 1974 1717 2013 eum
1751 1975 1904 2014 crea-

335 2056 451 2100 tum
469 2047 668 2104 dicere.
706 2047 986 2117 Siquidem
1016 2065 1200 2105 rerum
1228 2059 1532 2104 creatarum
1557 2057 1610 2103 et
1635 2049 1902 2104 laetarum

333 2145 620 2214 proprium
650 2151 734 2199 est
761 2145 870 2199 dici
895 2160 958 2199 ex
989 2145 1161 2200 nihilo
1202 2160 1361 2212 esse,
1397 2159 1497 2199 nec
1543 2143 1711 2198 fuisse
1753 2153 1904 2199 ante-

333 2245 500 2298 quam
535 2229 904 2299 gignerentur.
935 2232 1168 2298 Quando
1193 2247 1356 2297 vero,
1395 2241 1653 2302 tanquam
1683 2233 1840 2287 veriti
1872 2250 1902 2288 a

333 2324 573 2392 propriis
617 2325 895 2380 discedere
939 2326 1174 2394 fabulis,
1228 2329 1568 2396 supradictas
1597 2329 1901 2383 divinarum

339 2413 744 2483 Scripturarum
780 2431 940 2471 voces
968 2417 1204 2487 objicere
1261 2419 1465 2486 solent,
1519 2434 1640 2488 quae
1685 2419 1903 2489 quidem

335 2515 483 2560 recte
514 2516 643 2560 sunt
666 2507 911 2576 scriptae,
938 2509 1032 2563 sed
1065 2523 1200 2578 quas
1235 2510 1311 2564 illi
1336 2510 1606 2565 malitiose
1639 2510 1905 2578 interpre-

336 2606 523 2651 tantur
551 2616 565 2652 :
601 2614 698 2669 age
719 2639 734 2660 ,
767 2602 891 2668 quis
918 2601 987 2655 sit
1012 2601 1301 2655 verborum
1353 2602 1568 2657 illorum
1601 2617 1796 2656 sensus
1820 2616 1906 2654 re-

336 2697 620 2757 petamus,
653 2705 777 2744 cum
828 2702 888 2744 ut
920 2691 1160 2746 lidelium
1216 2691 1431 2748 animos
1478 2693 1903 2758 conﬁrmemus;

337 2788 452 2832 tum
495 2787 552 2831 ut
583 2778 702 2833 illos
729 2795 792 2833 ex
832 2781 1060 2852 singulis
1089 2781 1175 2836 bis
1209 2782 1342 2838 locis
1369 2783 1722 2838 ostendamus
1745 2780 1906 2835 Chri-

337 2870 608 2926 stianismi
641 2871 860 2941 ignaros
892 2873 1108 2941 penitus
1128 2889 1248 2929 esse
1276 2893 1289 2927 :
1319 2889 1478 2943 quem
1525 2873 1572 2928 si
1613 2887 1908 2941 cognosce-

336 2971 491 3027 rent,
533 2965 730 3017 sesein
764 2963 1075 3020 Judaeorum
1130 2976 1336 3023 nostra:
1383 2967 1558 3020 gelatis
1592 2965 1906 3020 inﬁdelitate

341 3065 684 3119 nequaquam
715 3053 1106 3110 concluderent
1134 3056 1203 3118 “,
1255 3055 1347 3111 sed
1384 3055 1710 3110 sciscitando
1741 3055 1908 3109 disce-

2005 595 2313 665 ἀρκεῖσθαι,
2365 598 2456 649 καὶ
2505 597 2843 669 παυομένους
2895 597 3096 662 λοιπὸν,
3152 598 3574 668 μεταγινώσκειν

2008 687 2091 754 ἐφ’
2130 681 2208 749 οἷς
2239 687 2542 757 ἐφρόνησαν
2571 705 2630 740 τε
2683 690 2775 741 καὶ
2811 689 3074 759 ἐλάλησαν
3103 690 3286 752 κακῶς
3327 691 3454 760 περὶ
3477 690 3572 743 τοῦ

2008 778 2277 848 Σωτῆροςο
2303 779 2454 831 αὐτοὶ
2479 779 2554 842 δὲ,
2583 780 2680 832 οὐκ
2733 775 2828 832 οἷδ’
2861 781 3025 844 ὅπως,
3056 779 3174 832 ούδέ
3213 781 3382 844 οῦτως
3409 799 3574 835 κατα-

2008 867 2242 921 δύονται·
2271 867 2382 920 ἀλλ’
2418 868 2527 939 (16)
2555 868 2630 931 ὡς
2663 871 2833 940 χοῖροι
2882 869 2974 923 κα)⁵
3006 868 3166 932 κύνες
3207 870 3334 942 περ)⁷
3369 871 3438 925 τὰ
3467 871 3573 924 ῐδια

2007 957 2319 1027 ἐξεράματα
2369 960 2460 1012 καὶ
2522 959 2610 1011 τὸν
2667 960 2872 1013 ἑαυτῶν
2918 960 3171 1032 βόρΰορον
3243 961 3567 1032 κυλιόμενοι,

2008 1049 2205 1120 μᾶλλον
2242 1049 2649 1120 ἐφευρίσκουσιν
2674 1051 2884 1113 ἑαυτοῖς
2912 1051 3150 1115 ἐπινοίας
3177 1053 3256 1114 εἰς
3293 1052 3565 1106 ἀσέϐειαν.

2002 1142 2093 1213 Μὴ
2114 1142 2358 1205 νοοῦντες
2381 1143 2508 1211 γοῦν
2533 1145 2668 1214 μήτε
2684 1143 2744 1196 τὸ
2765 1143 2822 1197 ἐν
2843 1147 2961 1206 ταῖς
2985 1144 3306 1215 Παροιμίαις
3327 1160 3572 1216 γεγραμ-

2007 1234 2188 1304 μένον,
2215 1236 2430 1302 Κύριος
2460 1233 2660 1288 ἐκτισέ
2709 1252 2786 1303 με
2818 1233 3016 1303 ἀρχὴν
3076 1233 3231 1289 ὁδῶν
3271 1235 3454 1288 αὐτοῦ
3481 1237 3570 1301 εἰς

2003 1324 2147 1393 ἔργα
2165 1326 2372 1389 αὑτοῦ,
2407 1327 2540 1397 μήτε
2572 1326 2632 1379 τὸ
2663 1326 2813 1397 παρά
2837 1327 2928 1380 τοῦ
2948 1327 3263 1381 Ἀποστόλου
3284 1325 3397 1399 ¹(17)
3419 1331 3570 1401 εἰρη-

2007 1411 2184 1480 μένον,
2213 1411 2438 1465 Πιστὸν
2469 1411 2612 1465 ὄντα
2651 1411 2730 1478 τῷ
2762 1413 3080 1482 ποιήσαντι
3106 1415 3310 1480 αὐτὸν,
3342 1415 3570 1484 φιλονει-

2004 1501 2189 1555 κοῦσιν
2212 1502 2420 1568 ἁπλῶς,
2447 1503 2695 1572 λέγοντες
2720 1504 2929 1575 ποίημα
2950 1507 3043 1558 καὶ
3075 1506 3276 1576 κτίσμα
3312 1502 3446 1560 εἶναι
3476 1505 3568 1560 τὸν

2001 1595 2094 1647 τοῦ
2130 1594 2264 1648 Θεοῦ
2305 1595 2453 1648 Υίόν.
2488 1597 2598 1649 Καὶ
2647 1597 2812 1668 ἤρκειι
2835 1598 2930 1668 μὲν
2959 1596 3066 1649 ἀπὸ
3089 1598 3196 1650 τῶν
3241 1599 3572 1670 προειρημέ-

2002 1704 2108 1740 νων
2137 1688 2331 1752 αύτοὺς
2375 1689 2623 1748 συνιδεῖν.
2652 1691 2700 1742 εί
2726 1689 2799 1761 μὴ
2827 1689 3008 1742 τέλεον
3034 1691 3127 1743 καὶ
3167 1690 3264 1753 τὰς
3293 1690 3569 1762 αἰσθήσεις

2005 1778 2312 1844 ἀπώλεσαν,
2347 1780 2423 1843 ὡς
2449 1781 2549 1851 τῆς
2573 1780 2829 1851 ἀληθείας
2861 1782 3304 1853 μαρτυρησάσης,
3330 1783 3402 1852 μὴ
3430 1779 3570 1836 εἶναι

2005 1871 2063 1937 ἐξ
2092 1872 2190 1924 οὑκ
2217 1871 2383 1924 ὄντων
2409 1871 2540 1942 μηδέ
2566 1871 2702 1935 ὅλως
2724 1871 2830 1926 τῶν
2855 1872 3096 1943 γενητῶν
3125 1873 3213 1927 τὸν
3265 1873 3412 1926 Υίόν·
3438 1873 3573 1938 Θεὸς

2003 1961 2112 2033 γὰρ
2143 1963 2238 2025 ὢν,
2269 1962 2376 2015 οὐδ’
2403 1963 2468 2015 ἂν
2511 1963 2595 2033 εἴη
2643 1963 2852 2034 ποίημα
2880 1963 3010 2034 (19),
3044 1964 3164 2017 οὐδὲ
3213 1963 3366 2034 θέμις
3394 1964 3574 2033 λέγειν

2004 2053 2164 2107 αὑτὸν
2198 2053 2423 2122 κτίσμα.
2460 2054 2787 2124 Κτισμάτων
2832 2055 2938 2124 γάρ
2965 2055 3059 2106 καὶ
3094 2056 3412 2124 ποιημάτων
3442 2055 3573 2108 ἴδιον

2004 2143 2064 2196 τὸ
2089 2142 2338 2212 λέγεσθαι
2366 2142 2424 2208 ἐξ
2449 2145 2547 2196 οὐκ
2572 2143 2759 2207 ὄντων,
2789 2144 2904 2208 καὶ,
2940 2144 3053 2198 Οὐκ
3075 2141 3142 2215 ἦν
3164 2147 3290 2216 πρὶν
3314 2144 3569 2216 γεννηθῇ’

2004 2236 2117 2289 ἀλλ’
2142 2235 2349 2306 ἐπειδὴ,
2376 2234 2564 2306 ὥσπερ
2597 2235 2827 2299 δεδιότες
2850 2237 3149 2306 ἀποστῆναι
3169 2236 3276 2306 (20)
3309 2236 3408 2306 τῆς
3439 2236 3575 2298 ἰδίας

2009 2327 2429 2398 μυθοπλαστίας,
2485 2326 2910 2398 προφασίζονται
2941 2326 3182 2397 συνήθως
3206 2326 3275 2380 τὰ
3316 2343 3576 2398 προειρη-

2009 2416 2144 2488 μένα
2167 2416 2304 2486 ρητα
2333 2415 2441 2469 τῶν
2465 2415 2624 2469 θείων
2644 2414 2893 2487 Γραφῶν,
2923 2415 2993 2468 τὰ
3013 2414 3190 2479 καλῶς
3219 2415 3318 2486 μὲν
3340 2414 3448 2486 (il)
3480 2432 3577 2483 γε·

2004 2504 2319 2576 γραμμένα,
2350 2503 2804 2576 ῥᾳδιουργηθέντα
2823 2502 2879 2554 δὲ
2911 2502 3039 2573 παρ’
3073 2501 3269 2556 αὐτῶν
3296 2501 3448 2572 φέρε,
3478 2501 3578 2554 πά-

2003 2596 2086 2650 λιν
2111 2595 2539 2658 ἐπαναλαϐόντες
2570 2595 2660 2647 τὸν
2691 2593 2814 2647 νοῦν
2846 2593 2952 2647 τῶν
2980 2591 3406 2664 προειρημένων,
3447 2592 3576 2654 τοὺς

2009 2687 2106 2759 μὲν
2136 2688 2360 2750 πιστοὺς
2383 2687 2804 2757 ὑπομνήσωμεν,
2827 2685 3045 2748 τούτους
3076 2685 3133 2738 δὲ
3179 2683 3438 2754 δείξωμεν
3460 2681 3575 2753 (22)

2005 2780 2100 2832 καὶ
2120 2778 2179 2842 ἐξ
2209 2778 2435 2831 ἑκάστου
2468 2777 2691 2840 τούτων,
2751 2776 2872 2847 μηδ’
2904 2775 3041 2838 ὅλως
3085 2774 3282 2828 εἰδέναι
3323 2772 3414 2826 τὸν
3442 2773 3579 2842 Χρι-

2008 2871 2342 2942 στιανισμόν.
2375 2872 2436 2923 Εἰ
2461 2870 2569 2942 γὰρ
2603 2869 2918 2938 ἐγίνωσκον,
2951 2869 3053 2921 οὐκ
3100 2867 3165 2921 ἂν
3199 2866 3423 2929 ἑαυτοὺς
3456 2882 3580 2919 συν-

2007 2963 2211 3016 έκλειον
2266 2964 2346 3026 είς
2379 2962 2476 3034 τὴν
2525 2960 2635 3032 (25)
2673 2961 2782 3015 τῶν
2822 2961 2919 3014 νῦν
2979 2959 3243 3014 Ἰουδαίων
3294 2957 3576 3021 ἀπιστίαν,

2005 3054 2119 3107 ἀλλ’
2151 3053 2464 3124 ἐρωτῶντες
2483 3054 2802 3124 ἐμάνθανον,
2835 3052 2916 3106 ὃτι
2962 3053 3064 3108 Ἐν
3094 3049 3250 3121 ἀρχῇ
3281 3047 3361 3120 ἦν
3383 3051 3417 3103 ό
3464 3050 3579 3107 Λό-

345 3151 492 3205 rent,
517 3142 661 3211 quod
703 3142 768 3196 In
787 3145 1047 3214 principio
1073 3156 1187 3201 erat
1222 3147 1462 3212 Verbum,
1489 3156 1535 3200 et
1550 3145 1772 3199 Verbum
1792 3153 1905 3199 erat

2020 3163 2130 3216 Γος,
2163 3144 2261 3198 καὶ
2292 3148 2325 3199 ὀ
2351 3145 2540 3216 Λόγος
2562 3141 2642 3215 ἦν
2662 3143 2812 3213 πρὸς
2838 3142 2944 3196 τὸν
2994 3142 3160 3208 Θεὸν,
3186 3141 3284 3194 καὶ
3321 3139 3464 3206 Θεὸς
3495 3135 3578 3209 ἦν

339 3237 480 3303 apud
508 3234 702 3299 Deum,
729 3246 779 3289 et
815 3236 954 3290 Deus
1007 3249 1120 3292 erat
1164 3236 1387 3292 Verbum
1436 3238 1480 3268 ³²
1515 3255 1526 3290 :
1555 3251 1676 3291 cum
1724 3243 1904 3288 autem

2020 3241 2040 3292 5
2079 3239 2299 3307 Λόγος·
2355 3239 2444 3290 ὅτε
2476 3239 2532 3290 δέ
2585 3239 2973 3310 εὐδοκήσαντος
3016 3235 3110 3290 τοῦ
3149 3233 3358 3306 Πατρὸς
3397 3233 3425 3285 ὁ
3472 3233 3578 3286 Λό-

339 3327 551 3380 volcnte
567 3325 726 3382 Patre
755 3328 931 3397 ipsum
959 3328 1196 3384 Verbum
1229 3330 1391 3384 homo
1414 3336 1497 3384 est
1526 3327 1700 3381 factus
1720 3367 1735 3389 ,
1772 3334 1903 3379 tunc

2020 3345 2099 3396 ro;
2128 3327 2237 3398 (24)
2271 3328 2431 3391 αὐτὸς
2450 3328 2670 3396 γέγονεν
2701 3328 3002 3400 ἄνθρωπος,
3021 3328 3140 3379 τότε
3169 3324 3391 3386 εἰκότως
3421 3321 3574 3393 εἴρη-

335 3417 459 3486 jure
492 3421 687 3473 merito
716 3419 782 3473 de
816 3421 908 3473 illo
937 3421 1140 3474 dictum
1195 3430 1279 3474 est
1325 3435 1356 3474 a
1399 3419 1607 3474 Joanne
1647 3416 1899 3486 quidem,

2020 3435 2092 3471 ται
2118 3419 2246 3488 περὶ
2276 3417 2438 3472 αὐτοῦ
2501 3419 2652 3491 παρὰ
2687 3419 2784 3490 μὲν
2828 3419 2919 3472 τοῦ
2961 3419 3203 3472 Ἰωάννου
3241 3417 3301 3468 τὸ
3339 3413 3472 3486 (25),
3508 3413 3574 3466 '0

355 3507 575 3565 Verbum
608 3529 731 3565 caro
755 3513 956 3582 factum
987 3522 1064 3566 est
1104 3513 1148 3544 ³³
1172 3531 1186 3567 :
1211 3522 1264 3568 et
1305 3528 1334 3566 a
1381 3510 1577 3576 Petro,
1623 3509 1905 3562 Dominum

2020 3511 2202 3578 Λόγος
2234 3510 2388 3578 σὰρξ
2414 3510 2669 3581 ἐγένετοο
2701 3510 2852 3582 παρὰ
2877 3510 2934 3564 δὲ
2965 3509 3059 3562 τοῦ
3090 3509 3316 3580 Πέτρου,
3357 3507 3576 3576 Κύριον

337 3612 386 3655 ct
420 3600 694 3657 Christum
721 3620 841 3657 eum
870 3605 993 3674 ,ecit
1021 3603 1065 3635 ³⁸
1095 3622 1109 3658 :
1139 3614 1193 3658 et
1240 3619 1334 3673 per
1384 3603 1730 3656 Salomonem
1761 3599 1905 3653 velut

2020 3603 2109 3655 καὶ
2136 3604 2394 3670 Χριστὸν
2419 3603 2604 3658 αὑτὸν
2626 3603 2894 3671 ἐποίησε·
2930 3602 3023 3655 καὶ
3068 3600 3154 3653 διὰ
3203 3600 3299 3670 μὲν
3333 3596 3578 3667 Σολομῶ-

337 3709 404 3746 ex
439 3693 614 3763 ipsius
650 3694 861 3749 Domini
896 3710 1164 3765 persona,
1199 3694 1456 3747 Dominus
1481 3693 1672 3746 creavit
1700 3706 1780 3744 me
1801 3688 1905 3742 iui-

2020 3711 2097 3757 νος
2122 3693 2254 3764 (26),
2293 3695 2368 3758 ὡς
2400 3698 2529 3767 παρ’
2553 3695 2717 3750 αὐτοῦ
2749 3693 2844 3748 τοῦ
2873 3693 3101 3766 Κυρίου,
3132 3693 3345 3761 Κύριος
3372 3689 3578 3744 ἕκτισέ

340 3787 474 3839 tium
512 3787 714 3840 viarum
735 3803 956 3840 suarum
982 3789 1037 3841 in
1070 3804 1226 3857 opera
1245 3803 1343 3840 sua
1375 3786 1417 3817 ³⁵
1454 3804 1469 3839 ;
1501 3785 1627 3839 item
1655 3799 1685 3837 a
1708 3781 1900 3847 Paulo,

2020 3804 2079 3840 ue
2108 3786 2305 3856 ἀρχὴν
2330 3786 2486 3843 ὁδῶν
2539 3787 2724 3842 αὑτοῦ
2759 3790 2845 3852 εἰς
2881 3789 3024 3855 ἔργα
3071 3784 3274 3839 αὐτοῦ·
3331 3782 3480 3854 παρὰ
3517 3781 3577 3834 δὲ

345 3878 513 3932 Tanto
533 3883 874 3949 pra'stantior
925 3881 1099 3951 factus
1160 3880 1358 3951 angelis
1381 3878 1426 3909 ⁸⁸
1465 3896 1479 3932 :
1528 3887 1582 3932 et
1614 3875 1772 3939 alibi,
1811 3873 1904 3927 Se-

2020 3877 2102 3930 τοῦ
2133 3878 2345 3931 Παύλου
2373 3895 2387 3908 ·
2419 3879 2689 3944 Τοσούτῳ
2749 3878 3028 3946 κρείττων
3090 3875 3408 3945 γενόμενος
3451 3871 3572 3924 τῶν

342 3972 618 4040 metipsum
649 3974 959 4040 exinaniuit,
1013 3973 1186 4042 forma
1243 3972 1377 4027 servi
1429 3977 1702 4038 assumpta
1731 3967 1772 3998 ³⁷
1805 3984 1819 4020 :
1852 3973 1905 4021 et

2020 3966 2296 4038 ἀγγέλων·
2333 3969 2425 4023 καὶ
2471 3967 2630 4024 πάλιν
2648 4007 2664 4034 ,
2717 3959 2966 4023 Ἑαυτὸν
3011 3964 3288 4031 ἐκένωσε,
3338 3961 3583 4034 μορφὴν·

403 4195 447 4225 ’³
469 4194 628 4248 Prov.
661 4196 889 4253 vm.22.
963 4195 1007 4227 ³ο
1032 4195 1192 4249 Hebr.
1224 4213 1304 4257 In,
1330 4197 1384 4250 2.
1462 4195 1504 4227 "
1537 4193 1694 4249 Rom.
1725 4192 1905 4252 v.52.

2045 4188 2202 4246 Joan.
2224 4207 2263 4258 ι,
2291 4193 2342 4246 1.
2413 4189 2458 4222 ³³
2489 4189 2618 4245 ibid.
2657 4187 2744 4244 M.
2805 4187 2850 4220 ’δ
2877 4186 2899 4240 Ι
2925 4185 3072 4243 Petr.
3103 4202 3184 4252 ιιι,
3210 4185 3296 4241 15.
3337 4185 3383 4217 ³⁵
3412 4182 3575 4238 Prov.

341 4278 463 4329 νιιι,
487 4265 576 4318 22.
655 4265 700 4295 ³⁸
728 4264 889 4320 Hebr.
922 4281 960 4333 ι,
987 4266 1039 4319 4.
1119 4267 1160 4297 ³⁷
1194 4266 1425 4337 Philipp.
1471 4283 1529 4329 ιι,
1563 4265 1613 4320 7.

343 4469 716 4543 Theodoretus
745 4469 996 4525 similiter
1019 4471 1252 4543 dialogo,
1272 4471 1684 4543 ῨἈσύγχυτυς,
1718 4467 1905 4543 luci)":

2030 4464 2371 4543 typqgraphi.
2399 4461 2718 4543 seguerianr.‘
2739 4460 2878 4543 Deg._
2895 4469 2949 4516 et
2961 4453 3412 4543 'ed‘iti,_yqu‘:ibu.

345 4543 521 4611 (usus,
552 4539 833 4611 inscripto,
869 4543 1114 4596 eamdem
1144 4536 1459 4596 o'rationcm'
1480 4536 1569 4611 ita
1613 4541 1765 4604 citat,
1799 4536 1906 4611 Τοῦ

342 4607 499 4682 ἆγίου
551 4607 866 4682 Ἀθανασίου
896 4612 1197 4682 ἐπισκόπου
1237 4610 1674 4682 Ἀλεξανδρείας,
1722 4611 1785 4682 ἑκ
1814 4607 1907 4682 τῷ

343 4677 482 4754 πρὸς
509 4682 606 4754 τάς
630 4680 864 4754 αἱρέσεις
893 4681 1052 4750 λόγου
1089 4681 1363 4754 δευτέρου.
1395 4681 1456 4754 8.
1489 4677 1774 4754 Athanasii
1802 4677 1913 4754 epi-

340 4748 486 4818 scopi
510 4748 874 4815 Alexandriw,
906 4748 975 4806 exi
996 4748 1494 4806 oratione'secunda
1525 4749 1773 4802 adversus
1805 4748 1911 4818 ha;-

346 4816 506 4877 reses.
545 4821 797 4890 Seguer..
821 4822 914 4874 τοῦ
948 4822 1113 4876 αὑτοῦ
1141 4823 1280 4876 κατὰ
1296 4819 1586 4893 Ἀρειανῶν
1614 4820 1769 4893 λόγος
1797 4816 1915 4893 τρί-

338 4909 450 4956 τος.
481 4887 923 4967 Caateriquoque
947 4902 1001 4945 et
1028 4893 1180 4955 editi,
1229 4887 1386 4960 λόγος
1416 4891 1616 4967 τρίτος.
1658 4888 1726 4967 lt_t_
1751 4887 1912 4967 editis

339 4970 600 5083 praeterea
653 4958 998 5031 praemittitur
1057 4958 1354 5018 consuetus
1408 4958 1631 5027 titulus,
1682 4958 1788 5011 Τοῦ
1856 4958 1915 5011 ἐν

386 5049 544 5083 γοις.
567 5041 672 5083 etc.

444 5049 544 5094 οις,
567 5041 672 5086 etc.

386 5049 872 5170 7(globi,((EltiiiIerian.
923 5111 977 5157 et
1009 5101 1152 5156 Fele.
1190 5101 1241 5165 1,
1273 5100 1346 5164 ὡς
1371 5092 1436 5163 ὗς
1468 5098 1560 5153 καὶ
1598 5098 1758 5162 κύνες
1775 5099 1915 5170 περὶ

338 5167 464 5245 τοῦς
498 5167 658 5245 ἰδίους
687 5176 935 5245 ἐμέτους.
961 5173 1348 5245 Ιίιιειιιδὶιιὶιίριη
1365 5181 1419 5245 et
1436 5170 1752 5245 Segnerian.
1775 5167 1911 5239 Reg.

341 5237 486 5294 Fele.
520 5242 554 5294 4
581 5252 635 5295 et
662 5237 732 5308 5,.
749 5246 842 5299 καὶ
867 5237 957 5298 τὸν
991 5243 1217 5296 ἑαυτῶν.
1243 5241 1300 5293 In
1329 5241 1486 5295 editis
1509 5237 1601 5292 καί
1622 5240 1792 5293 deest.

411 5311 525 5384 (17)
568 5310 659 5366 Sic
692 5307 1023 5384 Seguerian.
1056 5314 1125 5366 At
1146 5312 1459 5384 Goblerian.
1492 5308 1722 5384 et_lj‘_elc.
1759 5309 1828 5384 1,
1854 5307 1914 5360 τὸ

338 5378 435 5453 τοῦ
477 5378 816 5436 Ἀποστόλοῦ.
833 5384 976 5439 Fele.
1001 5385 1054 5449 4,
1073 5385 1208 5453 μήτε
1325 5380 1474 5450 παρὰ
1498 5379 1908 5453 ’τῷ-Ἀποστόλῳ.

343 5448 505 5525 Editi,
536 5453 673 5525 μήτε
692 5453 753 5506 τὸ
768 5453 846 5525 τῷ
886 5448 1211 5525 Ἀποστόλῳ.
1240 5451 1365 5505 Mox
1397 5448 1495 5520 pro
1519 5448 1913 5519 φιλονεικοῦσιν

341 5519 692 5591 Segtrerian.,
732 5519 1068 5591 φιλονείκως.

409 5589 524 5724 (18)
568 5589 699 5646 Vide
725 5589 1027 5647 Orationem
1061 5591 1291 5661 primam
1327 5606 1480 5645 num.
1517 5589 1586 5643 55
1617 5599 1669 5646 et
1700 5589 1788 5642 51.

409 5660 500 5722 (19
562 5658 952 5724 Seguerianns,
980 5661 1290 5716 Goblerian.
1315 5671 1369 5716 et
1393 5661 1538 5715 Felc.
1563 5661 1585 5713 1
1614 5669 1666 5714 et
1690 5659 1744 5719 4,
1776 5677 1788 5711 ε

409 5655 524 5724 (19)
562 5658 952 5730 Seguerianns,
980 5655 1290 5716 Goblerian.
1315 5671 1369 5716 et
1393 5661 1538 5715 Felc.
1563 5661 1585 5713 1
1614 5669 1666 5730 et
1690 5659 1744 5719 4,
1776 5655 1912 5711 εἶναι

333 5729 426 5782 τὸν
455 5731 580 5802 Ϊὶόν
601 5749 616 5763 ο
640 5728 740 5802 οὐκ
767 5731 945 5802 ἂνεῖη
982 5731 1102 5783 ούδέ
1127 5732 1568 5800 ποίημαΛΙιὶιίεηι
1599 5728 1909 5802 Goblel‘ian.

337 5809 394 5853 et
453 5800 598 5858 Felc.
640 5801 660 5854 1
693 5811 745 5856 et
774 5800 1363 5870 4,Ιι;ιι)ειιιγεννητῶν,
1407 5803 1509 5858 nisi
1550 5803 1803 5856 mendum
1841 5801 1911 5855 sit

2078 4491 2371 4533 'lmgrupm.
2399 4491 2712 4533 ocgucuun.
2740 4491 2870 4532 ιιτςδ.
2895 4491 2949 4516 ει
2969 4491 3119 4520 cum,
3166 4491 3266 4524 ιςνι
3300 4491 3412 4508 ,υιη

2078 4536 2188 4605 (:20)
2232 4534 2548 4603 Seguerian.
2583 4541 2636 4586 et
2680 4529 2823 4586 Fele.
2853 4531 2920 4596 4,
2950 4528 3056 4582 ἀπὸ
3097 4527 3216 4611 τῆς.
3260 4491 3578 4647 Pauloﬁpost

2078 4605 2336 4647 nnmrinn-
2369 4603 2586 4647 Cnhler-
2607 4599 2749 4647 Foln-
2771 4603 2821 4647 1-
2859 4614 3230 4647 ποοειοτιαενα
3253 4593 3407 4647 ῥητά.
3478 4595 3577 4647 άιιι

2019 4593 2338 4674 δυξςιιέιτίξιιίξ
2369 4603 2586 4674 Goble_r.
2607 4599 2749 4674 Fele.
2771 4603 2822 4664 1,
2859 4593 3230 4672 προειρημένα
3252 4593 3407 4666 ῥητά.
3432 4593 3577 4648 Editi

2015 4671 2876 4747 ειξιιὶἱνπροειρημέναρήματα-
2935 4736 3024 4747 _.
3118 4737 3131 4747 .
3417 4733 3449 4747 ..

2096 4691 2209 4737 aut,
2246 4691 2399 4744 προει
2440 4691 2613 4742 ημενα
2675 4691 2876 4741 ηματα.

2085 4745 2193 4816 (21)
2228 4745 2342 4816 Μὲν
2373 4691 2526 4797 agest
2546 4758 2588 4816 ξι
2615 4691 2833 4816 ξοιιιθιζ.
2859 4747 2912 4816 et
2935 4736 3079 4791 Fele.
3097 4737 3159 4816 .1.
3190 4733 3575 4816 "iidemiidem

2014 4827 2067 4870 et
2092 4803 2417 4886 ‘Seéuerian.
2447 4828 2521 4886 ae
2546 4812 2690 4886 Fele.
2711 4811 2765 4876 4,
2796 4805 3274 4882 ρᾳδιουργούμενα.
3301 4803 3492 4860 Caeteri
3523 4814 3580 4858 et

2014 4881 2385 4954 θύίιίξρᾳδιου
2395 4881 2680 4954 ργηθλέντα.

2087 4940 2215 5026 (ἐξ)
2245 4940 2406 5026 “03.:
2430 4940 3096 5026 btbggwpeu.__t_}oble_r._et
3114 4946 3258 5026 Fele.
3294 4947 3345 5011 l,

2060 5014 2136 5079 εν.
2164 5014 2295 5094 Reg.
2315 5014 2686 5094 ἀποδείξομεν.
2705 5022 2808 5074 Alii
2832 5017 3349 5094 et_editi,_85i§uipsu.
3375 5014 3575 5094 ibidem

2060 5044 2136 5079 εν.
2164 5044 2295 5094 neg.
2315 5044 2686 5092 αποοειςομεν.
2705 5044 2808 5074 All!
2832 5044 2882 5074 ει
2901 5044 3053 5078 CUI",
3070 5044 3349 5094 υεξςωμεν.
3375 5044 3575 5068 unum"

2019 5044 2405 5166 geguerianus,
2433 5092 2744 5166 Goble_rian.
2778 5099 2830 5166 et
2862 5089 3060 5166 Eelc._l
3092 5097 3146 5166 et
3170 5088 3349 5166 ξηκαὶ
3456 5084 3580 5166 ἑκάς

2018 5155 2145 5218 «an
2177 5155 2401 5225 τούτων,
2432 5177 2551 5231 quae
2581 5163 2780 5217 desunt
2811 5162 2863 5215 in
2888 5159 3078 5230 Regio.
3106 5157 3246 5213 Editi
3275 5167 3328 5212 et
3347 5157 3459 5221 alii,
3484 5155 3579 5207 καὶ

2014 5236 2238 5288 ἕκαστον
2263 5234 2483 5286 τούτων.

2045 5251 2238 5289 καστον
2263 5249 2483 5286 τουτων.

2087 5307 2200 5375 (25)
2243 5303 2333 5358 Sic
2367 5299 3018 5375 Seiguerian.__l{eg._Fel_c.
3059 5298 3117 5361 2,
3158 5298 3211 5363 4,
3241 5296 3296 5363 5,
3322 5303 3376 5351 et
3411 5293 3584 5350 editio

2016 5371 2280 5430 Coinmel.
2310 5375 2369 5426 In
2400 5371 2522 5426 aliis
2552 5373 2605 5424 in
2634 5371 2792 5425 editis
2823 5371 2916 5424 νῦν
2943 5371 3113 5423 deest.

2084 5446 2196 5515 (24)
2241 5441 2714 5515 ltcg.etFelc._5,_
2736 5442 2764 5493 ὁ
2806 5442 2977 5515 ᾼόγος
3019 5435 3440 5515 αὑτοῦιῐιιῑᾱεηι
3475 5435 3578 5491 Se-

2015 5508 2263 5586 guerian.
2299 5513 2516 5586 Gobler.
2545 5511 2769 5586 et.Felc.
2795 5511 2852 5586 1,
2883 5509 3100 5578 ἐγένετο
3129 5508 3434 5579 ἄνθρωπος.

2086 5585 2198 5654 (9.5)
2239 5585 2311 5655 [Τό
2341 5584 2494 5655 abest
2526 5599 2555 5636 a
2588 5581 2920 5655 Seguerian._
3015 5649 3046 5655 η
3233 5648 3247 5655 _
3326 5647 3362 5655 __
3401 5645 3416 5655 .
3517 5644 3544 5655 _

2085 5645 2197 5726 (26)
2235 5654 2364 5726 Reg.
2410 5653 2554 5710 Fele.
2605 5645 2688 5720 ’ἐξ
2705 5661 2757 5707 et
2797 5652 2960 5708 editio
3007 5648 3293 5716 Commel.,
3326 5645 3584 5715 Σαλομῶυ

2014 5743 2118 5789 νος.
