3972 6224
361 411 464 470 149

1485 415 1740 470 ORATIO
1785 418 1828 472 II
1873 415 2152 472 CONTRA
2189 415 2504 472 ARIANOS.

3490 419 3592 474 150

359 528 583 584 δούλου
599 528 816 583 λαϐών·-
838 527 934 583 xui.
959 523 1110 594 αὖθις
1133 531 1468 602 (27),”Οθεν,
1493 527 1739 601 ιὶδελξροὶ
1757 534 1906 604 ἅγιοι

2035 549 2248 599 rursus,
2283 531 2450 596 Unde,
2478 533 2670 602 fratres
2701 535 2891 598 sancti,
2921 535 3204 587 vocationis
3231 535 3450 588 cmiestis
3467 551 3594 603 par-

360 620 634 690 κλήσεως
659 623 1018 690 ἐπουρανίου
1055 623 1314 693 μέτοχοι,
1370 625 1776 692 κατανοήσατε
1821 629 1927 682 τὸν

350 699 706 767 ’ἀπόστολον
752 713 850 767 καὶ
907 715 1178 784 ἀρχιερέα
1225 717 1333 784 τῆς
1380 721 1700 788 ὁμολογίας
1762 719 1928 790 ἡμῶν

347 803 608 872 ξἰησοῦν
635 803 744 875 (28)
779 805 994 858 πιστὸν⁴
1031 805 1174 860 ὄντα
1223 807 1302 872 τῷ
1350 809 1666 876 ποιήσαντι
1719 813 1922 864 αὐτόν·

359 895 428 947 τὰ
454 895 676 948 τοιαῦτα
701 895 808 968 γὰρ
847 898 1021 951 πάντα
1055 899 1192 970 ρητὰ
1215 901 1312 970 τὴν
1339 899 1532 970 αὐτὴν,
1557 900 1672 970 ἔχει
1700 901 1925 971 δύναμιν

361 986 450 1038 καὶ
469 985 706 1040 διάνοιαν
724 987 1020 1058 βλέπουσαν
1053 993 1130 1054 εἰς
1157 991 1454 1056 εὐσέϐειαν,
1473 993 1564 1045 καὶ
1583 993 1924 1047 δεικνύουσαν

345 1072 456 1156 (τὴν
483 1077 710 1149 θεότητα
737 1079 828 1132 τοῦ
855 1081 1048 1150 Λόγου,
1069 1084 1163 1134 καὶ
1190 1083 1258 1136 τὰ
1287 1083 1637 1154 ἀνθρωπίνως
1661 1083 1926 1156 λεγόμεα

345 1159 484 1246 imp}.
506 1170 694 1233 αὐτοῦ,
721 1171 810 1224 διὰ
865 1173 926 1225 τὸ
955 1174 1274 1244 γεγενῆσθαι
1304 1175 1414 1244 (29)
1459 1176 1618 1228 αὑτὸν
1666 1177 1760 1228 καὶ
1811 1178 1924 1230 υἱὸν

359 1258 666 1330 ἀνθρώπου.
693 1263 802 1316 Καὶ
827 1265 874 1316 εί
902 1265 994 1316 καὶ
1025 1267 1268 1337 αὐτάρκη
1295 1265 1466 1320 ταῦτα
1492 1267 1626 1338 πρὸς
1655 1267 1923 1332 ἀπόδειξιν

359 1353 476 1404 κατ’
498 1353 700 1418 αὐτῶν,
730 1357 878 1426 ὅμως
935 1358 1120 1428 ἐπειδὴ
1154 1359 1227 1430 μὴ
1265 1359 1509 1422 νοοῦντες
1536 1359 1596 1413 τὸ
1625 1362 1774 1432 παρὰ
1826 1362 1922 1415 τοῦ

345 1440 688 1496 .Ἀποστόλου
713 1443 1020 1516 λεγόμενον,
1079 1449 1162 1500 ἵνα
1210 1449 1398 1502 τούτου
1431 1449 1644 1521 πρῶτον
1680 1453 1920 1524 μνησθῶ,

355 1531 666 1600 νομίζουσιν
715 1534 774 1590 ἓν
828 1537 934 1590 τῶν
991 1541 1304 1610 ποιημάτων
1351 1539 1484 1594 εἶναι
1535 1542 1625 1594 τὸν
1652 1543 1744 1596 τοῦ
1786 1543 1920 1597 Θεοῦ

339 1616 544 1690 Λόγον,
574 1623 661 1678 διὰ
687 1626 748 1678 τὸ
769 1629 1093 1700 γεγράφθαι,
1143 1631 1370 1686 Πιστὸν
1417 1631 1560 1688 ὄντα
1605 1633 1686 1700 τῷ
1749 1635 1920 1704 ποιή-

355 1730 528 1768 σαντι
551 1719 757 1784 αὑτὸν,
787 1722 1078 1790 ἀναγκαῖον
1099 1723 1392 1796 ἡγησάμην
1424 1725 1536 1795 (50)
1571 1725 1726 1780 τοῦτο
1757 1728 1920 1781 πάλιν

2039 625 2253 692 ticipes,
2283 625 2610 678 considerate
2654 623 2946 693 apostolum
2977 635 3024 677 et
3070 626 3364 693 pontiﬁcem
3399 625 3592 692 confes-

2036 717 2200 770 sionis
2225 725 2416 770 nostra:
2445 715 2627 769 Iesum
2654 757 2668 780 ,
2707 716 2797 786 qui
2833 716 3003 784 ﬁdelis
3035 725 3109 768 est
3151 717 3199 770 ei
3252 717 3340 784 qui
3377 716 3496 784 fecit
3525 715 3594 769 il-

2034 807 2144 860 lum
2165 808 2227 860 ³⁸.
2253 807 2374 861 Ιιιεο
2390 808 2531 860 enim
2559 817 2612 862 et
2641 808 2837 861 similia
2859 807 3000 860 dicta
3026 806 3269 860 eamdem
3297 808 3402 858 vim
3425 805 3592 874 signi-

2035 898 2450 965 ﬁcationemque
2487 899 2714 960 habent,
2755 913 2876 964 quae
2899 909 2951 950 et
3006 897 3189 965 pietati
3239 905 3323 950 est
3355 913 3590 950 consen-

2037 997 2190 1042 tanea
2215 1029 2229 1053 ,
2257 998 2308 1042 et
2335 987 2493 1042 Verbi
2524 989 2857 1042 divinitatem
2900 989 3134 1042 ostendit
3159 1027 3173 1050 ,
3219 987 3454 1057 itemque
3485 1003 3548 1041 ea
3572 1027 3588 1052 ,

2031 1095 2154 1148 quae
2179 1081 2416 1134 humano
2444 1096 2592 1134 more
2627 1081 2700 1132 illi
2729 1080 3128 1142 attribuuntur,
3157 1081 3298 1134 dicta
3323 1095 3442 1134 esse
3462 1096 3594 1149 qua-

2032 1182 2188 1226 tenus
2217 1172 2332 1240 ipse
2364 1171 2506 1225 lilius
2539 1187 2757 1241 quoque
2813 1171 3050 1226 hominis
3092 1171 3266 1227 factus
3317 1183 3416 1227 est.
3459 1173 3593 1240 Qua:

2029 1263 2246 1317 tametsi
2283 1265 2414 1319 satis
2448 1275 2574 1318 sunt
2601 1265 2664 1318 ad
2693 1264 2813 1318 illos
2843 1265 3056 1333 penitus
3111 1264 3432 1321 refellendos
3454 1308 3468 1332 ,
3511 1275 3592 1322 ta-

2031 1372 2156 1410 men
2180 1396 2195 1418 ,
2230 1359 2671 1426 quandoquidem
2703 1359 2846 1428 quod
2870 1360 3070 1413 dictum
3099 1360 3168 1414 ab
3197 1359 3456 1430 Apostolo
3482 1369 3586 1428 est,

2029 1455 2089 1498 ut
2137 1446 2303 1514 hujus
2343 1445 2576 1514 primum
2617 1449 2954 1503 meminerim
2981 1488 2996 1514 ,
3051 1465 3154 1502 non
3197 1449 3586 1520 intelligentes,

2029 1538 2362 1592 arbitrantur
2389 1537 2476 1591 Dei
2513 1537 2748 1593 Verbum
2785 1555 2954 1594 unum
2988 1555 3053 1593 ex
3109 1541 3361 1608 operibus
3398 1549 3451 1594 et
3501 1555 3589 1594 re—

2025 1626 2130 1682 bus
2155 1627 2310 1682 factis
2335 1642 2490 1688 esse,
2529 1628 2600 1682 ob
2645 1628 2758 1683 huic
2799 1643 2992 1697 nempe
3030 1630 3232 1694 verba,
3261 1629 3364 1693 Qui
3414 1628 3586 1700 ﬁdelis

2025 1727 2102 1772 est
2127 1720 2174 1772 ei
2206 1721 2296 1788 qui
2325 1721 2448 1789 fecit
2477 1719 2631 1774 illum
2671 1735 2689 1774 :
2735 1722 3102 1776 necessarium
3144 1722 3303 1786 duxi,
3337 1722 3590 1792 proposi—

353 1803 604 1874 λέγοντας
645 1811 841 1875 αὐτοὺς
867 1813 1166 1884 ἐντρέπειν,
1207 1813 1394 1886 ὥσπερ
1437 1817 1529 1872 καὶ
1565 1819 1624 1870 ἐν
1657 1820 1770 1882 τοῖς
1815 1819 1912 1890 πρὸ

2029 1808 2178 1861 tione
2215 1809 2431 1862 illorum
2460 1817 2736 1878 assumpta
2759 1849 2772 1873 ,
2809 1817 2868 1863 ut
2917 1819 3072 1865 antea
3105 1810 3351 1880 egimus,
3397 1824 3588 1865 eorum

351 1897 552 1952 τούτων
579 1900 860 1972 ἐλέγομεν,
909 1903 1272 1975 λαμϐάνοντες
1303 1905 1416 1977 (51)
1477 1909 1604 1978 παρ’
1637 1909 1816 1962 αὐτῶν
1861 1889 1922 1963 τὸ
1955 1889 1996 1942 Β
2024 1901 2218 1955 iterum
2245 1900 2528 1956 COIIIlIlal‘C
2553 1901 2904 1971 ἰηιρίοιειοηι-

351 2005 559 2059 λημμα-

418 2079 472 2132 2.
513 2081 578 2134 Εἰ
615 2081 714 2152 μὲν
743 2078 835 2137 οὖν
866 2083 978 2155 (52)
1009 2085 1108 2140 οὐκ
1147 2085 1292 2140 ἔστιν
1333 2087 1479 2152 Υἱὸς,
1536 2089 1778 2157 λεγέσθω
1823 2091 1918 2146 καὶ

349 2169 560 2241 ποίημα
585 2189 600 2202 ·
632 2173 810 2228 πάντα
832 2192 890 2227 τε
907 2176 973 2230 τὰ
1001 2178 1094 2230 ἐπὶ
1118 2178 1225 2232 τῶν
1252 2179 1566 2250 ποιημάτων
1593 2184 1918 2254 κατηγορεῖ-

352 2259 458 2314 σθω
489 2263 586 2316 καὶ
615 2264 702 2316 ἐπ’
737 2265 898 2320 αὑτοῦ
921 2284 934 2296 ·
969 2270 1062 2322 καὶ
1109 2269 1266 2340 μόνος
1299 2272 1372 2343 μὴ
1397 2271 1638 2340 λεγέσθω
1664 2273 1811 2338 Υίός·
1842 2274 1916 2345 μὴ

346 2352 534 2421 Λόγος,
579 2355 654 2426 μὴ
685 2357 852 2426 Σοφία
873 2373 887 2388 ·
939 2361 1032 2414 καὶ
1066 2362 1226 2426 αὐτὸς
1247 2363 1303 2416 δὲ
1345 2365 1374 2417 ό
1401 2364 1531 2428 Θεὸς
1564 2365 1636 2436 μὴ
1675 2365 1916 2434 λεγέσθω

349 2443 534 2515 Πατὴρ
561 2487 578 2512 ,
621 2447 758 2501 ἀλλὰ
805 2450 965 2520 μόνον
1017 2451 1350 2524 δημιουργὸς
1401 2457 1494 2509 καὶ
1537 2456 1760 2527 κτίστης
1806 2457 1916 2511 τῶν

349 2536 646 2607 γινομένων
679 2539 772 2593 ὑπ’
807 2542 994 2596 αὐτοῦ.
1025 2545 1133 2597 Καὶ
1159 2543 1298 2598 ἔστω
1333 2547 1364 2616 ἡ
1399 2547 1496 2616 μὲν
1522 2547 1716 2610 κτίσις,
1751 2548 1948 2602 είκὼνι-

349 2629 440 2681 καὶ
471 2631 760 2704 χαρακτὴρ
797 2633 898 2703 τῆς
935 2635 1333 2708 δημιουργικῆς
1378 2637 1684 2710 βουλήσεως
1709 2641 1873 2694 αὑτοῦ
1895 2655 1908 2670 ·

347 2719 504 2781 αὐτὸς
531 2721 588 2774 δὲ
614 2723 736 2775 κατ’
763 2724 1002 2788 ἐκείνους
1035 2726 1108 2796 μὴ
1135 2727 1274 2780 ἔστω
1305 2729 1628 2800 γεννητικῆς
1661 2731 1874 2800 φύσεως
1891 2750 1908 2763 ο

346 2808 482 2864 ὥστε
521 2813 622 2882 τῆς
649 2813 788 2878 ἰδίας
826 2815 1010 2880 οὐσίας
1034 2817 1198 2870 αὐτοῦ
1235 2819 1370 2892 (52')
1420 2820 1494 2890 μὴ
1547 2816 1684 2874 εἶναι
1716 2823 1908 2891 Λόγον,

351 2900 424 2972 μὴ
453 2903 675 2973 Σοφίαν,
709 2905 833 2974 μηδ’
879 2905 1014 2969 ὅλως
1036 2909 1238 2962 εἰκόνα.
1269 2909 1331 2962 Ei
1362 2909 1470 2981 γὰρ
1503 2912 1575 2982 μή
1593 2913 1739 2965 ἐστιν
1761 2913 1793 2965 ἶ
1812 2913 1908 2977 ἰὸς,

347 2995 464 3050 οὐδὲ
499 2996 686 3051 είκών.
735 2997 825 3069 Μὴ
858 2999 1009 3062 δντος
1043 2997 1098 3052 δὲ
1132 2998 1284 3066 Υίοῦ,
1336 2999 1454 3065 πῶς
1495 3002 1606 3073 ἄρα
1650 3003 1740 3056 τὸν
1779 3003 1912 3058 Θεὸν

345 3084 565 3157 κτίστην
613 3082 752 3139 εἶναι
793 3086 998 3155 λέγετε,
1043 3088 1098 3140 εί
1123 3105 1186 3156 γε
1211 3089 1298 3144 διὰ
1352 3090 1464 3161 ('55)
1499 3091 1672 3159 Λόγου
1707 3093 1804 3146 καὶ
1851 3095 1907 3147 ὲν

348 3175 516 3247 Σοφία
543 3177 722 3232 πάντα
757 3177 826 3230 τὰ
857 3178 1114 3249 γινόμενα
1145 3179 1372 3248 γίνεται,
1420 3183 1586 3252 χωρίς
1625 3201 1683 3236 τε
1717 3184 1906 3237 τούτου

2088 2081 2141 2137 2.
2176 2080 2369 2152 Itaque
2407 2083 2451 2138 si
2483 2099 2589 2138 non
2629 2093 2710 2138 est
2746 2083 2918 2138 Filius
2944 2123 2957 2148 ,
2983 2101 3122 2154 Opus
3159 2087 3490 2156 appelletur,
3531 2096 3586 2142 et

2023 2175 2210 2229 omnia
2261 2191 2382 2245 qua:
2431 2176 2498 2230 de
2565 2177 2820 2245 operibus
2893 2177 3182 2240 dicuntur,
3225 2179 3477 2232 dicantur
3518 2179 3588 2234 de

2017 2265 2110 2319 illo
2142 2285 2155 2320 :
2183 2281 2282 2322 nec
2324 2269 2450 2321 item
2517 2267 2664 2322 solus
2716 2269 2926 2322 dicatur
2975 2269 3181 2332 Filius,
3223 2285 3322 2324 nec
3347 2268 3586 2330 Verbum

2017 2371 2115 2412 nec
2135 2355 2412 2426 Sapientia
2443 2376 2456 2412 :
2490 2374 2590 2413 nec
2622 2360 2736 2428 ipse
2755 2375 2972 2430 quoque
2999 2359 3140 2414 Deus
3160 2360 3374 2414 dicatur
3401 2359 3583 2426 Pater,

2014 2445 2108 2500 sed
2132 2448 2476 2502 solummodo
2503 2446 2682 2516 opifex
2713 2461 2769 2502 et
2797 2457 3012 2503 creator
3040 2449 3199 2518 371
3235 2464 3420 2502 rerum
3444 2465 3584 2518 quas

2015 2539 2289 2608 produxit.
2315 2539 2397 2593 Sit
2423 2540 2585 2593 etiam
2610 2554 2698 2593 res
2721 2547 2923 2603 creata,
2948 2541 3128 2609 imago
3151 2551 3204 2594 et
3231 2541 3402 2610 ligura
3452 2541 3586 2600 οιτο-

2015 2632 2196 2687 ctricis
2223 2631 2342 2700 ejus
2359 2630 2650 2686 voluntatis
2683 2649 2696 2684 :
2727 2645 2826 2684 nec
2859 2631 2974 2700 ipse
3009 2631 3307 2684 secundum
3333 2631 3454 2686 illos
3489 2645 3582 2701 ge-

2013 2721 2232 2775 nitalem
2267 2719 2466 2774 habeat
2499 2727 2788 2781 naturam,
2819 2717 2892 2770 ita
2935 2725 2994 2771 ut
3047 2732 3148 2771 nec
3186 2715 3422 2770 Verbum
3477 2730 3579 2770 nec

2016 2810 2314 2882 Sapientia,
2349 2827 2448 2866 nec
2481 2811 2661 2882 imago
2689 2811 2795 2864 ulla
2830 2811 2901 2864 sit
2938 2809 3169 2878 propriae
3187 2807 3305 2877 ejus
3348 2817 3576 2862 naturae.

2011 2905 2145 2960 Nam
2181 2907 2226 2961 si
2255 2905 2424 2960 ﬁlius
2447 2921 2552 2960 non
2586 2915 2703 2969 est,
2737 2921 2838 2960 nec
2871 2905 3050 2972 imago
3077 2911 3176 2956 est.
3206 2900 3263 2954 Si
3300 2915 3462 2970 porro
3485 2899 3579 2954 Fi-

2013 2997 2119 3051 lius
2141 3011 2248 3050 non
2279 3004 2400 3060 est,
2436 2995 2532 3066 qui
2568 2995 2735 3051 Deum
2777 3005 3079 3050 creatorem
3119 3007 3242 3046 esse
3285 2991 3494 3056 dicitis,
3529 2993 3578 3046 si

2013 3089 2200 3159 utique
2227 3103 2322 3157 per
2351 3087 2585 3142 Verbum
2611 3100 2664 3142 et
2689 3090 2740 3140 in
2769 3087 3045 3155 Sapientia
3064 3085 3247 3138 omnia
3281 3086 3416 3137 liunt
3437 3098 3578 3153 qua:-

2011 3195 2226 3249 eunque
2257 3181 2412 3244 liunt,
2433 3189 2490 3234 et
2518 3181 2634 3234 sine
2665 3195 2732 3234 eo
2765 3179 2896 3232 nihil
2927 3178 3015 3244 lit,
3049 3178 3136 3231 ille
3166 3185 3346 3231 autem
3385 3191 3580 3232 secun-

347 3267 444 3321 οὐκ
467 3269 532 3322 ἄν
558 3286 614 3320 τι
640 3269 870 3336 γένοιτο,
900 3271 1002 3322 οὐκ
1029 3269 1141 3340 ἔχει
1173 3271 1229 3324 δὲ
1277 3272 1398 3326 καθ’
1433 3275 1578 3344 ὑμᾶς
1625 3277 1682 3328 ἐν
1728 3269 1773 3343 ᾧ
1817 3277 1911 3329 καὶ

2021 3271 2139 3324 dum
2167 3285 2265 3325 vos
2299 3269 2434 3324 nihil
2465 3271 2626 3324 habet
2659 3269 2712 3323 in
2751 3285 2861 3340 quo
2889 3278 2942 3324 et
2975 3285 3071 3339 per
3093 3269 3238 3337 quod
3263 3269 3448 3322 omnia
3495 3267 3578 3321 ef-

344 3357 410 3412 Gt’
439 3353 501 3413 οὗ
545 3359 616 3414 τὰ
643 3359 826 3414 πάντα
865 3363 1047 3426 nosci;
1083 3362 1148 3415 Εί
1189 3362 1246 3416 δὲ
1294 3363 1366 3434 μὴ
1401 3365 1738 3434 καρπογόνος
1765 3367 1910 3421 ἐστὶν

341 3451 476 3524 αὐτὴ
509 3450 621 3524 (54)
655 3454 688 3523 ἡ
731 3453 852 3506 θεία
894 3455 1073 3516 οὐσία,
1118 3453 1232 3507 ἀλλ’
1271 3453 1494 3526 ἕρημος,
1538 3458 1657 3512 κατ’
1689 3459 1906 3526 αὐτοὺς,

341 3538 412 3604 ὡς
445 3541 561 3610 φῶς
591 3543 668 3611 μὴ
695 3541 943 3610 φωτίζον,
973 3544 1065 3596 καὶ
1089 3543 1238 3615 πηγὴ
1260 3544 1420 3616 ξηρὰ,
1451 3545 1568 3610 πῶς
1588 3548 1910 3619 δημιουργι-

343 3629 440 3700 κὴν
472 3629 754 3702 ἐνέργειαν
781 3631 924 3700 ἔχειν
958 3633 1119 3686 αὐτὸν
1147 3632 1394 3702 λέγοντες
1413 3636 1512 3688 οὐκ
1541 3636 1908 3706 αἰσχύνονται;

341 3721 447 3774 Καὶ
490 3722 850 3794 ἀναιροῦντες
885 3723 942 3776 δὲ
975 3723 1036 3777 τὸ
1081 3724 1223 3778 κατὰ
1267 3724 1448 3794 φύσιν,
1499 3726 1616 3790 πῶς
1655 3727 1718 3780 τὸ
1768 3727 1909 3782 κατὰ

341 3812 592 3884 βούλησιν
621 3817 978 3887 προηγεῖσθαι
1004 3815 1250 3879 θέλοντες
1278 3817 1390 3889 (55)
1419 3819 1519 3872 οὐκ
1552 3818 1906 3890 ἐρυθριῶσιν;

339 3905 400 3956 Εἰ
419 3905 476 3958 δὲ
501 3905 574 3958 τὰ
599 3906 754 3969 ἐκτὸς
787 3907 880 3959 καὶ
910 3908 1010 3960 οὐκ
1035 3907 1162 3961 ὄντα
1193 3907 1475 3980 πρότερον,
1510 3907 1831 3979 βουλόμενος
1851 3909 1908 3962 δὲ

339 3994 476 4048 αὐτὰ
513 3991 674 4060 εἶναι,
709 3996 1046 4067 δημιουργεῖ,
1078 3998 1170 4050 καὶ
1192 3997 1400 4065 γίνεται
1426 3997 1629 4052 τούτων
1655 3999 1906 4069 ποιητής·

341 4087 520 4158 πολλῷ
570 4089 835 4160 πρότερον
886 4091 970 4155 εἴη
1013 4090 1077 4142 ἂν
1117 4089 1299 4160 πατὴρ
1337 4091 1674 4161 γεννήματος
1716 4093 1780 4144 ἐκ
1811 4094 1910 4164 τῆς

344 4178 474 4245 ιδίας
501 4179 712 4242 οὐσίας.
743 4180 808 4232 Εἰ
839 4179 948 4251 γὰρ
978 4179 1040 4232 τὸ
1071 4179 1352 4250 βούλεσθαι
1381 4181 1492 4252 (56)
1533 4181 1662 4252 περὶ
1691 4180 1800 4234 τῶν
1832 4181 1908 4252 μὴ

339 4271 504 4324 ὅντων
551 4271 756 4325 διδόασι
799 4271 877 4342 τῷ
923 4272 1060 4343 Θεῷ,
1102 4273 1189 4327 διὰ
1214 4273 1267 4326 τί
1315 4273 1388 4344 μὴ
1413 4273 1474 4326 τὸ
1515 4273 1907 4344 ὑπερκείμενον

339 4360 434 4430 τῆς
463 4361 774 4433 βουλήσεως
802 4365 904 4416 οὐκ
933 4363 1356 4433 ὲπιγινὼσκουσι
1377 4363 1470 4418 τοῦ
1501 4362 1670 4429 Θεοῦ;
1709 4363 1908 4435 Ὑπερ-

343 4451 642 4522 αναὸἐὸηκε
663 4453 722 4506 δὲ
741 4453 844 4522 τῆς
873 4452 1176 4525 βουλήσεως
1207 4454 1268 4508 τὺ
1296 4455 1598 4523 πεφυκέναι
1636 4455 1730 4508 καὶ
1767 4451 1906 4508 εἶναι

344 4543 496 4596 αὐτὸν
543 4545 758 4616 πατέρα
800 4545 912 4616 (57)
959 4545 1054 4600 τοῦ
1105 4547 1235 4600 ἰδίου
1276 4545 1472 4616 Λόγου.
1521 4547 1584 4598 Εἰ
1627 4547 1804 4600 τοίνυν
1843 4546 1906 4598 τὸ

2013 3363 2196 3417 ﬁciat?
2219 3361 2372 3428 Quod
2408 3362 2454 3416 si
2491 3363 2608 3432 ipsa
2641 3363 2824 3416 divina
2853 3371 3045 3416 natura
3067 3401 3082 3423 ,
3133 3371 3191 3414 ut
3223 3369 3449 3429 putant,
3495 3359 3578 3415 fe-
3683 3435 3686 3438 ἠ

2011 3454 2189 3507 cunda
2223 3469 2328 3507 non
2353 3459 2477 3520 est,
2511 3453 2605 3509 sed
2633 3453 2862 3516 sterilis,
2914 3461 2972 3506 ut
3003 3452 3095 3506 lux
3124 3467 3228 3506 non
3261 3453 3578 3507 illuminans

2010 3554 2064 3596 et
2096 3542 2220 3598 fons
2246 3543 2428 3600 siccus
2449 3580 2464 3607 ,
2493 3558 2674 3596 nonne
2715 3557 2810 3597 eos
2865 3543 3066 3610 pudere
3110 3543 3269 3597 debet
3308 3543 3578 3596 aﬂirmare

2010 3650 2135 3689 eum
2169 3633 2220 3687 vi
2280 3633 2546 3690 eﬂiciendi
2609 3635 2896 3703 praeditum
2948 3635 3104 3688 esse?
3155 3635 3349 3688 Annon
3383 3635 3577 3689 erube-

2011 3735 2185 3789 scent,
2203 3740 2268 3780 eo
2287 3725 2500 3781 sublato
2521 3727 2666 3795 quod
2684 3735 2848 3781 estex
2867 3735 3085 3792 natura,
3104 3727 3156 3780 id
3177 3727 3314 3779 velle
3335 3725 3573 3794 primum

2011 3815 2190 3868 locum
2223 3823 2405 3870 tenere
2427 3815 2572 3883 quod
2595 3823 2679 3870 est
2711 3831 2777 3870 ex
2827 3814 3146 3869 voluntate?
3173 3815 3329 3870 Certe
3373 3814 3422 3868 si
3449 3829 3575 3884 qua:

2010 3906 2352 3962 extrinsecus
2384 3916 2512 3962 sunt
2535 3923 2632 3962 nec
2657 3907 2810 3978 prius
2836 3917 3013 3970 erant,
3043 3923 3165 3962 cum
3193 3923 3258 3962 ea
3277 3923 3399 3964 esse
3422 3911 3571 3976 vult,

2010 3997 2125 4067 ipse
2146 3997 2305 4053 eﬂicit
2333 4016 2346 4052 :
2371 3998 2543 4052 multo
2571 3998 2720 4068 prius
2771 3999 2910 4054 idem
2957 4007 3108 4068 pater
3141 3998 3304 4054 fuerit
3333 3999 3474 4055 fetus
3505 3997 3586 4058 ex'

2011 4091 2228 4160 propria
2261 4099 2456 4144 natura
2515 4091 2752 4145 oriundi.
2785 4089 2840 4166 Si
2892 4093 3040 4145 enim
3076 4091 3187 4146 Deo
3239 4093 3576 4148 voluntatem

2010 4182 2156 4236 circa
2192 4197 2282 4237 res
2332 4197 2452 4252 quae
2481 4197 2590 4236 non
2625 4191 2782 4237 erant
2831 4184 3170 4252 attribuunt;
3209 4201 3380 4254 quare
3425 4187 3576 4260 quod

2007 4273 2284 4328 voluntate
2317 4273 2568 4341 superius
2597 4282 2706 4340 est,
2735 4273 2789 4326 in
2826 4271 2938 4328 Deo
2959 4289 3068 4329 non
3093 4277 3432 4345 agnoscunt?
3461 4276 3573 4332 Vo-

2007 4364 2216 4419 luntate
2253 4374 2434 4418 autem
2461 4365 2714 4434 superius
2747 4375 2830 4421 est
2865 4381 2988 4420 eum
3022 4382 3088 4422 ex
3121 4377 3315 4422 natura
3361 4378 3573 4439 patrem

2007 4454 2214 4524 proprii
2236 4453 2400 4509 Verbi
2450 4469 2570 4510 esse
2603 4454 2689 4508 :si
2733 4453 2898 4525 igitur
2957 4455 3013 4510 id
3061 4457 3208 4526 quod
3245 4457 3398 4528 prius
3443 4468 3527 4514 est
3555 4501 3570 4524 ,

2005 4563 2201 4616 nempe
2229 4547 2374 4618 quod
2405 4563 2468 4602 ex
2495 4557 2688 4602 natura
2721 4557 2840 4614 est,
2877 4563 2986 4602 non
3033 4550 3286 4617 exsistit,
3315 4559 3374 4626 ut
3411 4538 3592 4607 stulte.

343 4635 622 4706 πρότερον,
653 4636 792 4708 ὅπερ
817 4637 933 4690 ἐστὶ
959 4639 1100 4692 κατὰ
1147 4637 1330 4707 φύσιν,
1379 4639 1477 4709 οὐχ
1521 4639 1728 4709 ὑπῆρξε
1757 4638 1896 4693 κατὰ

2025 4640 2082 4695 lli
2105 4640 2294 4694 volunt
2329 4657 2343 4693 :
2383 4641 2657 4710 quomodo
2678 4640 2731 4695 id
2750 4681 2766 4708 ,
2792 4641 2938 4716 quod
2964 4650 3047 4699 est
3073 4643 3347 4728 poster-ius
3371 4684 3386 4711 ,
3425 4645 3570 4722 quod

407 4749 454 4780 ³⁸
475 4748 642 4804 Hebr.
673 4765 754 4813 ιιι,
779 4751 834 4817 1,
870 4751 926 4806 2.

410 4860 522 4934 (27)
559 4860 652 4917 Sic
681 4863 902 4935 Seguer.
945 4863 1161 4920 Gobler.
1188 4873 1242 4920 et
1287 4864 1429 4921 Felc.
1479 4865 1530 4920 I.
1561 4867 1593 4921 4
1623 4875 1676 4922 et
1708 4866 1760 4922 5.
1792 4867 1898 4921 Alii

341 4946 466 4987 vero
501 4945 556 4990 et
583 4935 732 5000 editi,
761 4934 938 4987 πάλιν.

409 5003 522 5074 (28)
565 5003 660 5060 Sic
693 5003 915 5074 Seguer.
941 5006 1152 5075 Anglic.
1184 5014 1238 5060 et
1261 5003 1480 5075 Felctd.
1508 5004 1565 5059 In
1594 5007 1717 5060 aliis
1743 5006 1898 5061 deest

355 5073 574 5147 ’chofgv.
601 5073 917 5145 Paulo’post
961 5073 1094 5146 Reg.
1131 5077 1333 5130 omittit
1358 5074 1584 5147 δύναμιν
1613 5077 1726 5138 καί,
1775 5091 1896 5145 quas

340 5151 394 5217 et
421 5145 472 5201 in
503 5145 838 5217 Segueriano
867 5145 1104 5214 punctis,
1131 5159 1192 5201 ut
1213 5145 1588 5215 expungenda,
1618 5155 1890 5212 notantur,

341 5212 642 5286 desuntque
667 5215 722 5286 in
750 5212 986 5271 editione
1006 5212 1298 5280 C0mmel.,
1313 5212 1420 5286 sed
1433 5217 1682 5284 leguntur
1709 5219 1764 5271 in
1782 5217 1893 5272 Go-

341 5282 566 5339 blerianl
597 5295 651 5339 et
677 5283 822 5341 Felc.
851 5287 900 5348 1,
932 5301 1103 5355 eaque
1122 5288 1282 5342 vertit
1309 5282 1594 5340 Nannius,

409 5355 526 5442 (29.)
554 5355 646 5442 5ἰό
669 5355 996 5442 “Seguerian:
1028 5356 1108 5442 At,
1134 5356 1226 5410 alii
1255 5365 1310 5411 ct.
1332 5357 1484 5422 editi,
1513 5357 1767 5426 γενέσθαι
1800 5359 1895 5412 αὐ-

341 5425 426 5478 τὸν
453 5427 568 5479 υἱὸν
599 5425 908 5496 ἀνθρώπου,
942 5430 990 5480 εἰ
1019 5426 1127 5480 καί.

408 5495 520 5566 (50)
549 5491 777 5566 Εειοζρ,
803 5497 1092 5566 ἀναγκαῖον
1119 5491 1230 5550 οὖν.

411 5563 519 5635 (51)
543 5565 648 5636 δίο
688 5563 1004 5636 Seguerian.
1050 5568 1218 5620 Basil.
1260 5574 1314 5620 et
1353 5567 1500 5624 Felc.
1531 5569 1584 5623 4.
1619 5569 1689 5623 At
1716 5570 1806 5625 alii
1839 5579 1894 5627 et

343 5635 499 5691 editio
527 5635 817 5706 Cognmell,
841 5636 1232 5706 λαμϐάνοντας.

407 5707 518 5779 (32)
553 5702 660 5759 Οὗν
675 5705 840 5779 deest
879 5702 930 5760 in
949 5706 1294 5779 ~Seguerian.
1317 5707 1487 5779 Paulo
1507 5719 1628 5779 post
1659 5711 1797 5764 idem
1834 5721 1887 5766 et

347 5775 1333 5850 Angliam;_B_egius‘,_GobIet-ian.et
1376 5775 1521 5834 Felc:
1557 5782 1606 5842 1,
1652 5797 1884 5850 κατηγο-

2007 4867 2341 4942 ειιιῃτῖειηλοι
2374 4865 2518 4942 fele.
2549 4867 2572 4920 1
2599 4875 2653 4942 et
2678 4867 2742 4942 ἀι,¹
2763 4867 3068 4942 καξμμόνογ.

2076 4935 2209 5006 (52‘)
2240 4935 2332 5006 Sic
2371 4937 2594 5006 Seguer.
2615 4938 2680 4990 At
2703 4929 2768 4991 in
2793 4929 2913 4992 aliis
2935 4951 2984 4992 et
3017 4931 3176 4994 oditis
3211 4939 3360 4993 deest
3381 4935 3565 4992 αὑτοῦ.

2076 5005 2197 5076 (55)
2231 5005 2322 5062 Sic
2348 5005 2569 5076 Seguer.
2612 5007 2830 5063 Gobler.
2857 5019 2909 5063 et
2940 5007 3175 5063 Felckm.
3209 5009 3260 5060 1.
3295 5007 3401 5060 Alii
3439 5023 3566 5062 vero

2002 5077 2242 5150 etiediti,
2268 5079 2316 5129 εί
2349 5077 2590 5150 γὰρέδιά.
2635 5078 2804 5150 Paulo
2836 5088 2962 5150 post
3002 5077 3454 5150 Seguernkxtopig
3481 5095 3562 5138 τε.

2003 5147 2146 5220 I_'3d_it_i
2196 5155 2251 5202 et
2276 5147 2492 5220 icaéteri,
2532 5149 2699 5220 χωρὶς
2727 5147 3219 5220 δέᾼίοιε-ὃεέιιθτ.
3256 5147 3474 5220 Gobler.
3511 5159 3566 5212 et

2001 5217 2240 5288 Felckm.
2268 5219 2292 5271 1
2315 5259 2330 5282 ,
2361 5219 2414 5282 4,
2443 5219 2496 5283 5,
2524 5217 2622 5272 οὒκ
2647 5217 2758 5288 ἔχει
2787 5219 2841 5270 δὲ
2867 5217 2988 5270 καθ’
3011 5217 3175 5288 ὑμᾶς.
3204 5219 3310 5272 Alii
3337 5229 3392 5273 et
3409 5219 3560 5286 editi,

1995 5287 2094 5340 οὐκ
2119 5289 2231 5357 ἔχει
2265 5288 2385 5342 καθ’
2415 5289 2576 5358 ὑμᾶς.

2068 5355 2180 5430 (51)
2222 5355 2688 5430 ξοῧαθτζϐρδιοιο.
2723 5365 2776 5411 et
2805 5355 3042 5430 Fglckﬁm.
3067 5359 3122 5424 1,
3154 5359 3312 5430 αὕτη.

2009 5425 2179 5502 .___(55)
2221 5425 2444 5502 δείξειεν.
2493 5425 2708 5502 Gobler.
2742 5437 2795 5480 et
2820 5425 3070 5502 ⁸ΙῖοζυΙ-ίιη.
3107 5429 3160 5496 1,
3202 5425 3560 5502 προηγεῖσθαι

1999 5497 2263 5562 θέλοντες.
2301 5499 2437 5553 Editi
2471 5508 2523 5553 et
2556 5498 2664 5562 alii,
2703 5497 3113 5567 προϐάλλοντες.

2073 5571 2185 5639 (56)
2228 5571 2451 5637 Seguer.
2479 5577 2530 5620 et
2551 5567 2798 5639 Felektn.
2835 5571 2888 5634 Δ,
2923 5567 3292 5636 βουλεύεσθαι.

2070 5635 2198 5709 (57)·
2224 5635 2478 5709 segnem,
2505 5636 2663 5709 αὐτὸν
2701 5635 2858 5705 φύσει
2893 5635 3130 5709 Πατέρα.
3167 5639 3288 5693 Mox
3327 5639 3466 5693 idem
3505 5649 3560 5694 et

1995 5704 2240 5777 Regni!
2273 5704 2450 5778 τοίνυν
2473 5707 2534 5758 τὸ
2565 5704 2842 5778 πρότερον.
2873 5704 3082 5777 Anglic.
3123 5711 3340 5765 Gobler.
3375 5709 3557 5776 Felck,

1993 5782 2016 5831 1
2149 5781 2202 5839 4,
2251 5779 2312 5830 Εἰ
2343 5776 2517 5830 τοίνυν
2549 5776 2704 5847 φῦσει
2733 5776 3022 5852 (πρότερον.
3073 5779 3215 5842 Editi
3237 5821 3252 5848 ,
3284 5781 3347 5834 Εἰ
3376 5779 3562 5840 τοίνυν

345 5845 552 5920 pateﬁat.
585 5845 730 5903 Editi
752 5855 807 5904 et
837 5845 948 5914 alii,
988 5847 1506 5921 κατηγορείσθωσαν.
1549 5851 1748 5907 Ibidem
1781 5845 1879 5906 So-

2021 5847 2150 5926 ςρόῖε
2161 5865 2273 5922 ρον.
