3972 6224
336 425 427 478 151

819 481 824 486 .
895 429 952 484 S.
994 432 1367 491 ATHANASH
1405 437 1556 495 OPP.
1597 441 1777 498 PARS
1814 445 1859 501 l.
1899 474 1966 495 -.—
2005 445 2368 502 HISTORICA
2403 448 2490 503 ET
2529 449 2944 508 DOGMATICA.

3436 462 3540 516 152

317 536 568 596 nimier
603 554 686 599 est
715 561 777 598 ex
825 541 1132 616 voluntate,
1187 557 1414 622 poterit,
1449 573 1668 627 quaeso,
1719 560 1878 614 ﬁeri?

1994 563 2076 633 τὴν
2103 565 2324 618 ἐκείνων
2350 565 2554 629 ἄνοιαν,
2582 567 2696 630 πῶς
2719 569 2778 620 τὸ
2803 568 3070 640 δεύτερον,
3097 571 3231 642 ἔπερ
3261 573 3372 625 ἐστὶ
3400 576 3539 629 κατὰ

315 637 478 703 Atqui
505 636 652 703 prius
675 648 756 691 est
789 636 1020 694 Verbum
1043 682 1057 706 ,
1087 647 1356 712 posterior
1406 664 1491 702 res
1539 660 1742 706 creata.
1782 650 1876 706 Vc-

316 741 434 778 rum
467 726 682 782 exsistit
713 727 946 786 Verbum
973 772 987 795 ,
1037 733 1250 790 etiamsi
1302 739 1504 808 majora
1535 750 1721 794 contra
1765 757 1881 796 mo-

318 819 518 872 liantur
547 819 695 889 impii
722 838 740 875 :
770 838 890 876 nam
929 840 1024 894 per
1047 827 1224 897 ipsum
1264 829 1419 885 factze
1441 841 1571 886 sunt
1610 850 1698 889 res
1727 852 1880 890 crea-

318 920 404 964 te.
440 908 506 963 Et
526 921 670 965 certe
699 913 905 968 clarum
933 926 1015 970 est
1040 916 1203 972 Deum
1225 958 1240 980 ,
1287 929 1344 973 ut
1373 921 1680 978 cll‘ectorem
1705 966 1719 988 ,
1753 924 1880 978 Ver-

320 1003 444 1055 bum
473 1003 634 1056 etiam
657 1005 892 1061 ellieiens
937 1008 1134 1064 habere
1164 1025 1269 1064 non
1294 1021 1597 1078 externum,
1617 1016 1706 1070 sed
1733 1017 1878 1086 quod

320 1094 402 1147 sui
433 1098 502 1148 sit
538 1096 835 1164 proprium.
868 1097 1008 1152 Idem
1037 1102 1180 1154 enim
1219 1119 1408 1157 rursus
1453 1107 1738 1160 dicendum
1772 1116 1874 1163 est.

320 1181 585 1237 Nimirum
643 1185 688 1239 si
737 1186 1065 1242 voluntatem
1108 1190 1307 1256 habet,
1360 1193 1585 1262 ejusque
1625 1196 1877 1252 voluntas

321 1275 506 1330 i-lllcax
547 1286 663 1341 est,
698 1287 749 1332 et
781 1278 977 1334 sufﬁcit
1009 1282 1074 1334 ad
1108 1297 1286 1336 rerum
1315 1284 1580 1339 factarum
1607 1287 1874 1342 constitu-

324 1366 521 1420 tionem
559 1387 572 1422 :
605 1368 652 1421 si
693 1378 952 1437 praeterea
1005 1369 1236 1425 Verbum
1279 1373 1398 1442 ejus
1453 1383 1536 1429 est
1592 1376 1779 1430 ellicax
1820 1385 1876 1431 et

321 1459 534 1525 opifex;
576 1459 802 1514 dubium
830 1461 1015 1530 utique
1049 1478 1154 1517 non
1181 1475 1263 1518 est
1301 1465 1431 1534 quin
1478 1465 1616 1520 idem
1661 1482 1877 1537 quoque

321 1557 386 1598 δη
413 1545 591 1604 Patris
627 1549 814 1604 vivens
853 1552 1140 1606 consilium
1177 1552 1290 1606 sive
1318 1553 1590 1617 voluntas,
1633 1559 1882 1611 substan-

323 1638 466 1692 tialis
497 1638 778 1695 eﬁieicntia
808 1684 822 1707 ,
854 1651 908 1696 et
933 1658 1118 1695 verum
1154 1641 1425 1706 Verbum,
1465 1645 1517 1699 in
1543 1662 1653 1714 quo
1698 1647 1878 1701 omnia

323 1739 376 1781 et
406 1740 659 1784 constant
687 1741 740 1785 et
769 1741 915 1786 recte
939 1732 1406 1790 administrantur.
1429 1733 1600 1789 Nmio
1635 1752 1762 1791 vero
1797 1736 1880 1789 vel

322 1818 594 1888 ambigere
612 1821 1290 1890 possitquincompositor
1309 1833 1362 1877 et
1410 1827 1806 1894 compositione
1828 1834 1881 1879 et
1983 1847 2055 1908 ὡς
2093 1848 2120 1899 ὁ
2157 1848 2297 1918 ἀρμὸ

323 1910 491 1964 rebus
525 1913 844 1981 compositis
866 1915 1012 1981 prior
1049 1913 1138 1966 sit.
1189 1912 1470 1971 Posterius
1515 1918 1640 1971 item
1679 1928 1792 1982 est,
1827 1927 1882 1971 ut
1912 1911 1954 1965 Β

317 2005 432 2071 jam
475 2005 623 2070 dixi,
661 2004 827 2060 Deum
875 2020 1096 2067 creare,
1151 2022 1312 2076 quam
1357 2010 1592 2080 gignere.
1640 2008 1882 2079 Namque

327 2094 494 2148 Filius
525 2097 740 2166 prOprie
775 2105 830 2150 et
851 2111 976 2150 vere
998 2111 1060 2150 ex
1092 2097 1246 2152 beata
1279 2101 1366 2155 illa
1408 2118 1724 2171 semperque
1746 2103 1885 2157 exsi-

323 2197 496 2240 alente:
520 2196 708 2240 natura
731 2197 1051 2243 estcxortus
1080 2206 1232 2258 :quze
1267 2201 1442 2246 autem
1476 2209 1542 2246 ex
1562 2193 1678 2263 rjus
1702 2193 1887 2246 volun-

322 2287 432 2332 tate
457 2279 846 2346 producuntur,
867 2280 1204 2335 extrinsecus
1221 2282 1374 2344 ﬁunt,
1400 2299 1464 2338 ac
1487 2300 1580 2352 per
1604 2283 1882 2354 proprium

321 2383 374 2424 et
422 2389 487 2425 ex
527 2371 642 2440 ipsa
691 2382 880 2426 natura
914 2384 1163 2428 exortum
1207 2373 1372 2429 fetum
1428 2386 1807 2446 procreantur.

397 2553 450 2608 5.
490 2552 624 2608 Cum
661 2555 823 2620 igitur
866 2553 1266 2610 ostenderimus
1313 2556 1702 2624 perabsurdam
1765 2573 1888 2614 esse

322 2664 511 2703 eorum
561 2649 886 2702 sententiam
935 2648 1026 2714 qui
1074 2646 1362 2703 Dominum
1395 2649 1488 2704 Dei
1526 2649 1722 2704 Filium
1769 2666 1890 2707 esse

326 2749 542 2810 negant,
577 2741 668 2794 sed
710 2756 848 2807 onus
895 2755 1014 2794 esse
1059 2741 1435 2807 contendunt;
1488 2742 1600 2808 jam
1645 2741 1889 2812 profecto

324 2847 549 2886 necesse
604 2830 763 2884 fuerit
822 2830 1111 2884 Dominum
1167 2831 1363 2886 Filium
1432 2848 1560 2886 esse
1615 2834 1886 2888 conﬁteri.

326 2923 570 2989 Quod'si
601 2922 770 2976 Filius
815 2932 918 2986 est,
967 2923 1043 2975 uti
1099 2939 1280 2977 revera
1320 2934 1422 2986 est,
1462 2940 1892 2995 concessumque

325 3025 410 3071 est
463 3013 658 3068 Filium
708 3031 814 3068 non
846 3017 1187 3071 extrinsecus
1234 3017 1327 3070 sed
1359 3033 1423 3070 ex
1456 3017 1708 3087 gignente
1735 3033 1889 3073 esse:

326 3127 396 3163 ne
439 3123 568 3175 ergo
605 3107 838 3176 amplius
880 3110 947 3161 de
998 3109 1200 3172 verbis,
1249 3119 1311 3164 ut
1354 3124 1517 3178 supra
1555 3110 1889 3176 monuimus,

327 3200 628 3269 disputent,
661 3199 708 3252 si
752 3201 926 3254 sancti
958 3201 1022 3255 de
1061 3199 1234 3254 Verbo
1266 3201 1382 3270 ipso
1410 3200 1714 3270 loquentes,
1745 3202 1888 3267 loco,

328 3291 420 3359 qui
465 3291 664 3358 genuit,
707 3288 963 3355 dixerint,
1011 3293 1101 3362 qui
1161 3269 1305 3358 fecit.
1353 3269 1513 3346 Modo
1547 3294 1691 3349 enim
1735 3294 1802 3348 de
1825 3269 1960 3348 eoc

329 3380 472 3450 quod
493 3395 558 3434 ex
574 3389 765 3434 natura
794 3391 898 3446 est,
930 3383 1296 3444 consentiant,
1319 3383 1468 3450 parvi
1486 3383 1707 3437 omnino
1730 3383 1894 3439 rel'ert

331 3489 436 3543 qua
467 3487 596 3548 voce
628 3472 804 3527 hacin
837 3489 895 3528 re
933 3483 1175 3528 utantur.
1220 3471 1328 3530 Nec
1360 3473 1503 3528 enim
1535 3490 1696 3529 voces
1737 3486 1894 3530 natu-

329 3581 447 3619 ram
477 3565 771 3635 perimunt,
806 3565 898 3618 sed
939 3565 1117 3634 potius
1151 3565 1264 3634 ipsa
1319 3575 1512 3619 natura
1541 3581 1703 3621 voces
1732 3568 1798 3621 ad
1837 3581 1896 3623 se

331 3657 705 3712 accommodat
748 3667 802 3711 et
843 3660 1129 3712 convertit.
1176 3655 1312 3712 Nam
1343 3674 1451 3712 non
1480 3675 1639 3715 voces
1687 3659 1896 3714 naturis

332 3758 459 3802 sunt
505 3748 754 3817 priores;
818 3747 912 3802 sed
957 3757 1168 3803 natura:
1210 3748 1420 3817 priores
1473 3759 1623 3814 sunt,
1653 3760 1709 3804 et
1736 3765 1896 3805 voces

331 3841 542 3894 naturis
591 3840 944 3910 posteriores.
1001 3839 1158 3898 Unde
1203 3843 1422 3912 quando
1479 3855 1688 3899 natura:
1742 3845 1898 3902 factae

333 3940 463 3985 sunt
489 3931 572 3984 vel
605 3931 768 4000 372
799 3942 1018 3995 creatae,
1041 3945 1172 3988 tunc
1219 3935 1437 4004 proprie
1469 3937 1536 3990 de
1569 3937 1676 3992 illis
1709 3939 1790 3992 ba!
1815 3939 1898 3992 di-

335 4023 544 4076 ctiones
573 4035 926 4092 usurpantur,
958 4025 1104 4091 fecit,
1136 4025 1280 4093 facta
1305 4035 1401 4090 est,
1439 4028 1656 4091 creavit,
1697 4027 1898 4096 quibus

335 4128 472 4181 opus
501 4113 857 4182 signiﬁcatur.
893 4113 1120 4179 Quando
1138 4125 1316 4169 autem
1348 4126 1539 4172 natura
1570 4126 1653 4172 est
1677 4126 1730 4172 ct
1759 4117 1899 4174 fetus

335 4214 389 4258 et
417 4203 583 4269 ﬁlius,
619 4216 749 4259 tunc
773 4205 973 4259 eazdcm
1001 4205 1287 4270 dictiones,
1334 4209 1480 4277 fecit,
1530 4210 1676 4278 facta
1721 4219 1796 4263 est
1847 4219 1903 4265 et

337 4297 552 4362 creavit,
600 4311 708 4351 non
750 4297 965 4365 proprie
1009 4297 1059 4352 ci
1106 4298 1498 4364 attribuuntur,
1547 4315 1722 4370 neque
1764 4315 1901 4370 opus

337 4389 682 4460 signiﬁcant:
715 4390 808 4443 sed
845 4404 942 4459 pro
973 4389 1231 4457 dictione,
1278 4392 1478 4460 genuit,
1535 4391 1724 4454 dictio,
1754 4393 1900 4461 fecit,

337 4485 542 4551 absque
568 4481 680 4536 ulle
711 4481 1030 4536 discrimine
1077 4491 1393 4550 usurpatur.
1427 4483 1585 4538 Certe
1632 4499 1739 4537 non
1779 4500 1904 4540 raro

339 4584 523 4642 patres
549 4573 688 4628 ﬁlios
725 4589 790 4628 ex
823 4588 881 4628 se
908 4574 1141 4643 genitos,
1183 4589 1314 4628 suos
1355 4589 1544 4629 servos
1589 4575 1897 4644 appellant;

339 4681 437 4719 nec
482 4673 661 4720 tamen
689 4667 836 4735 quod
868 4675 1075 4721 natura:
1112 4666 1390 4735 proprium
1441 4676 1524 4721 est
1570 4666 1898 4724 inliciantur.

341 4758 494 4826 Saepe
524 4758 690 4811 etiam
723 4772 932 4822 servos,
968 4757 1360 4812 benevolentiae
1395 4759 1589 4828 gratia,
1637 4758 1777 4811 ﬁlios
1807 4773 1898 4812 vo-

341 4859 489 4916 cant,
545 4865 657 4919 quo
707 4863 844 4904 sane
888 4849 1110 4903 nomine
1168 4863 1278 4904 non
1313 4849 1660 4904 dissimulant
1688 4849 1810 4904 illos
1835 4849 1904 4902 ab

416 5065 542 5138 (38)_
567 5068 790 5138 Seguer.
842 5067 1059 5122 Gobler.
1088 5075 1149 5138 et_
1178 5064 1429 5138 Feb-km.
1449 5068 1471 5120 1
1493 5107 1507 5129 ,
1550 5067 1578 5120 ό
1609 5066 1905 5138 ποιητικός.

344 5099 506 5258 £1.95."
509 5099 762 5260 $5333.25:
777 5099 1200 5208 ’δηῖὶἱὲξιῖέιζέςῖ
1222 5099 1525 5192 ΐὶοἳᾟιὲιίι
1550 5099 1907 5200 ἒιῖῖέὲίὲἱιῗῖῖζ

376 5221 426 5256 τι
458 5223 550 5258 και
575 5225 674 5259 αυτ
707 5226 750 5260 ς.

376 5221 426 5256 τι
458 5223 550 5258 και
575 5221 750 5272 αυτος.

419 5276 531 5341 (39)
571 5275 759 5333 Basil..
792 5278 978 5340 Οὐδεὶς
1006 5277 1062 5331 δὲ
1089 5275 1403 5341 διατάξειεν.

573 5346 796 5430 ἔθεμεν.
829 5348 1157 5430 omittrt‘xal.
1193 5345 1427 5430 ἀληθῶς.

414 5413 531 5496 μί)
570 5413 786 5470 Gobler.
821 5428 876 5472 et
919 5417 1157 5472 Fclekm.
1189 5419 1248 5478 1,
1273 5413 1681 5488 δημιουργεῖται
1719 5415 1795 5472 τά,
1827 5413 1914 5470 διὰ

345 5501 440 5538 τθυ
447 5525 461 5538 ο

421 5553 532 5623 (Η)
572 5552 790 5608 Gobler.
832 5563 885 5608 rt
935 5555 1172 5610 Felrkm.
1224 5555 1288 5619 1,
1325 5555 1620 5624 γεννῶντάς
1669 5559 1784 5609 εστι
1818 5555 1912 5608 καὶ

349 5621 488 5675 εἶναι
514 5621 520 5623 ⁷
550 5625 747 5676 Ibidem
791 5625 949 5678 iidem
990 5635 1043 5679 ιι
1082 5626 1305 5690 Srguer.
1337 5621 1404 5679 ac
1446 5625 1680 5681 Fclclinl.
1715 5626 1781 5688 4,
1821 5625 1916 5678 καὶ

348 5694 809 5763 διαφερέσίέωσαν.
838 5706 891 5746 et
921 5711 1066 5765 inor.
1094 5696 1442 5765 προείπομεν.

443 5764 530 5822 ΔΙ.)
573 5767 818 5834 Segne-rw
848 5764 1200 5834 ὀιομὰςωσιν.

444 5836 532 5886 Mt
575 5833 808 5888 Feb-km.
855 5835 908 5896 5,
943 5831 1006 5887 ει
1042 5831 1245 5896 λέξεις·
1294 5833 1372 5885 διὸ
1423 5836 1517 5888 καὶ
1567 5837 1726 5902 ὅταν,
1780 5843 1910 5901 αα,

1981 655 2230 725 βούλησιν
2257 697 2272 716 ,
2304 658 2495 725 γένοιτ’
2527 659 2619 724 ἀν;
2667 660 2932 732 Πρότερον
2975 661 3031 713 δέ
3078 663 3224 714 ἔστιν
3271 666 3299 716 ό
3344 665 3536 733 Λόγος,

1977 748 2071 800 καὶ
2117 747 2366 820 δεύτερον
2409 751 2442 822 ἡ
2485 751 2679 814 κτίσις.
2735 751 2872 805 Ἀλλ’
2907 752 3052 805 ἔστιν
3098 755 3126 806 ό
3173 755 3341 823 Λόγος
3369 799 3383 821 ,
3435 757 3540 810 κᾶν

1979 840 2196 893 πλείονα
2232 841 2498 911 τολμῶσιν
2522 845 2572 894 oi
2605 844 2849 909 ἀσεόεῖς’
2891 845 2957 898 δι’
2989 845 3151 898 αὐτοῦ
3182 847 3288 918 γὰρ
3319 847 3539 916 γέγονεν

1977 931 2010 999 ὴ
2043 930 2216 993 κτίσις
2240 949 2252 960 ·
2289 931 2381 984 καὶ
2410 931 2563 1003 δῆλον
2591 931 2654 986 ἂν
2684 934 2792 1002 εἴη,
2827 935 2928 998 ὄτι,
2968 937 3194 1007 ποιητὴς
3226 937 3300 991 ὣν
3328 940 3355 991 ό
3385 939 3538 1004 Θεὸς,

1977 1021 2087 1091 εει
2124 1023 2217 1073 καὶ
2255 1022 2344 1076 τὸν
2375 1021 2762 1092 δημιουργικὸν
2809 1025 2978 1092 Λόγον
3021 1027 3118 1078 οὐκ
3169 1025 3383 1090 ἔξωθεν,
3425 1027 3539 1080 ἀλλ’

1979 1112 2112 1166 ἴδιον
2144 1113 2368 1166 ἑαυτοῦ·
2403 1115 2563 1167 πάλιν
2597 1115 2705 1186 γὰρ
2741 1116 2801 1168 τὸ
2835 1117 2966 1169 αὐτὸ
3001 1117 3208 1187 ῥητέον.
3243 1115 3304 1169 El
3329 1118 3387 1169 τὸ
3417 1116 3542 1186 βού-

1979 1203 2164 1258 λεσθαι
2205 1204 2336 1275 ἔχει,
2373 1206 2466 1258 καὶ
2507 1207 2566 1260 τὸ
2601 1207 2842 1278 βούλημα
2892 1207 3053 1260 αὐτοῦ
3095 1209 3368 1278 ποιητικόν
3401 1212 3538 1273 ἐστι,

1977 1295 2074 1348 καὶ
2118 1297 2278 1366 ἀρκεῖ
2303 1297 2363 1349 τὸ
2400 1295 2647 1367 βούλημα
2681 1297 2844 1350 αὑτοῦ
2873 1299 3004 1370 πρὸς
3045 1298 3299 1351 σύστασιν
3319 1298 3428 1351 τῶν
3457 1315 3543 1367 γι-

1979 1385 2254 1453 νομένων·
2288 1387 2316 1438 ὀ
2361 1387 2416 1439 δὲ
2460 1387 2630 1456 Λόγος
2677 1388 2826 1440 ἐστὶν
2872 1388 3034 1441 αὑτοῦ
3079 1390 3358 1458 ποιητικὸς
3405 1387 3540 1458 (58),

1979 1479 2073 1530 καὶ
2124 1479 2451 1551 δημιουργός
2486 1497 2499 1511 ο
2550 1481 2649 1534 οὐκ
2696 1481 3015 1551 ἀμφίϐολον,
3071 1482 3151 1534 ὅτι
3200 1481 3359 1544 αὐτός
3396 1483 3543 1534 ἐστιν

1979 1571 2012 1639 ἡ
2047 1569 2138 1622 τοῦ
2171 1571 2382 1642 Πατρὺς
2428 1571 2574 1636 ζῶσα
2626 1570 2807 1642 βουλὴ,
2859 1573 2950 1624 καὶ
2997 1572 3232 1635 ἐνούσιος
3273 1573 3543 1643 ἐνέργεια,

1980 1663 2074 1715 καὶ
2101 1662 2271 1730 Λόγος
2297 1662 2565 1732 ἀληθινὸς,
2603 1666 2660 1716 ὲν
2692 1657 2736 1730 ᾧ
2762 1664 2854 1716 καὶ
2882 1665 3171 1733 συνέστηκε
3202 1665 3296 1717 καὶ
3328 1665 3547 1717 διοικεῖ-

1979 1772 2068 1808 ται
2096 1755 2164 1808 τὰ
2193 1757 2369 1808 πάντα
2397 1755 2598 1819 καλῶς.
2631 1759 2816 1821 Οὐδεὶς
2849 1757 2904 1810 δὲ
2930 1757 3048 1811 οὐδὲ
3076 1755 3370 1821 διστάξειεν
3408 1756 3543 1827 (59),

2302 1847 2406 1911 ζων
2451 1848 2548 1916 τῆς
2585 1849 2846 1920 ἁρμονίας
2878 1850 2970 1902 καὶ
3009 1850 3114 1902 τῶν
3161 1849 3547 1921 ἁρμοζομένων

1985 1937 2228 2008 πρόεστι.
2274 1939 2382 1991 Καὶ
2419 1938 2668 2010 δεύτερόν
2700 1941 2835 2002 ἐστι,
2875 1939 3016 1993 καθά
3048 1943 3325 2011 προεῖπον,
3366 1940 3428 1992 τὸ
3453 1940 3547 2010 δη-

1985 2031 2265 2100 μιουργεῖν
2293 2027 2387 2082 τοῦ
2431 2031 2623 2100 γεννᾷν
2669 2031 2760 2084 τὸν
2801 2032 2948 2084 Θεόν.
3009 2032 3080 2083 Τὸ
3128 2032 3224 2100 μὲν
3267 2031 3376 2100 γὰρ
3419 2030 3548 2094 Υἱὸς

1984 2120 2112 2174 ἴδιον
2144 2121 2237 2173 καὶ
2277 2119 2494 2192 ἀληθῶς
2528 2120 2639 2192 (40)
2688 2124 2752 2174 ἐκ
2779 2122 2878 2192 τῆς
2913 2123 3184 2192 μακαρίας
3210 2120 3423 2190 ἐκείνης
3454 2123 3549 2175 καὶ

1983 2210 2070 2263 ἀεὶ
2109 2208 2272 2280 οὔσης
2316 2210 2504 2272 οὐσίας
2533 2210 2686 2262 ἐστί·
2717 2210 2785 2262 τά
2832 2210 2886 2263 δὲ
2936 2212 3000 2263 ὲκ
3041 2209 3342 2280 βουλήσεως
3377 2208 3548 2277 αὐτῆς

1989 2300 2185 2366 ἔξωθεν
2232 2301 2593 2370 συνιστάμενα
2623 2301 2851 2370 γίνεται,
2886 2301 2977 2353 καὶ
3027 2299 3434 2370 δημιουργεῖται
3460 2296 3550 2351 διὰ

1982 2389 2076 2443 τοῦ
2111 2390 2220 2462 (41)
2253 2391 2381 2444 ίδίου
2416 2392 2511 2444 καὶ
2539 2391 2598 2455 ἐξ
2629 2393 2795 2461 αὐτῆς
2817 2391 3170 2462 γεννήματος.

2053 2575 2105 2628 5.
2139 2573 2346 2627 Ούκοῦν
2393 2575 2484 2627 τοῦ
2529 2574 2699 2641 Λόγου
2747 2574 3048 2636 δεικνύντος
3093 2571 3289 2642 πολλὴν
3321 2570 3551 2624 ατοπίαν

1986 2665 2124 2718 κατὰ
2149 2664 2256 2717 τῶν
2285 2664 2550 2732 λεγόντων
2583 2665 2656 2736 μὴ
2677 2659 2814 2718 εἶναι
2840 2664 2964 2718 Υἰὸν
2981 2665 3134 2728 Θεοῦ,
3157 2663 3290 2716 ἀλλὰ
3316 2662 3439 2731 ποίη
3449 2652 3564 2732 pa"

1986 2755 2197 2824 ἀνάγκη
2246 2754 2430 2807 λοιπὸν
2485 2757 2634 2825 ἡμᾶς
2693 2755 3067 2824 συνομολογεῖν
3120 2754 3245 2807 Υἱὸν
3300 2749 3436 2805 εἶναι
3459 2751 3552 2805 τὸν

1986 2846 2208 2916 Κύριον.
2239 2847 2300 2898 Εἰ
2334 2846 2391 2899 δὲ
2417 2845 2544 2910 Υἱός
2572 2847 2740 2908 ἐστιν,
2769 2845 2956 2916 ὥσπερ
2979 2841 3069 2897 οὖν
3100 2845 3192 2897 καὶ
3213 2843 3376 2906 ἔστιν,
3399 2843 3552 2913 ὡμο⁴

1987 2937 2208 3007 λὸγηται
2240 2937 2296 2991 δὲ
2335 2939 2362 2990 ό
2392 2938 2518 3000 Υἱὸς
2553 2938 2654 2990 ούκ
2701 2936 2919 3002 ἔξωθεν,
2953 2935 3068 2988 ἀλλ’
3099 2938 3161 2988 ὲκ
3197 2935 3290 2988 τοῦ
3322 2933 3554 3004 γεννῶν-

1986 3048 2076 3095 τος
2109 3027 2247 3084 εἶναι
2278 3029 2387 3100 (4'2)
2409 3048 2423 3062 ·
2457 3029 2531 3102 μὴ
2565 3029 3006 3102 διαφερέσθωσαν
3032 3032 3150 3090 ταῖς
3174 3027 3381 3091 -λέξεσι,
3409 3026 3553 3080 καθά

1990 3127 2271 3195 προεῖπον,
2306 3123 2400 3176 ἐὰν
2447 3123 2542 3177 καὶ
2589 3124 2676 3176 ἐπ’
2713 3121 2876 3176 αὑτοῦ
2927 3121 3018 3175 τοῦ
3068 3121 3237 3189 Λόγου
3283 3120 3402 3172 ἀντὶ
3432 3118 3551 3183 τοῦ,

1991 3213 2071 3279 τῷ
2109 3213 2489 3284 γεννήσαντι,
2522 3211 2601 3278 τῷ
2625 3213 2948 3279 ποιήσαντι
2975 3209 3329 3281 ὀνομάζουσιν
3367 3209 3478 3281 (15)
3502 3209 3553 3261 οἱ

1994 3307 2160 3374 ἅγιοι,
2183 3306 2258 3370 ὡς
2282 3305 2572 3376 ἀδιαφόρου
2588 3304 2679 3357 τοῦ
2709 3305 2946 3376 ῥήματος
2970 3303 3120 3365 ὄντος
3150 3301 3361 3356 ἐπὶτῶν
3389 3299 3558 3354 τοιού-

1993 3417 2121 3463 των,
2151 3399 2262 3462 ἒως
2288 3399 2348 3451 τὸ
2376 3399 2516 3452 κατά
2555 3398 2714 3467 φύσιν
2743 3397 3100 3467 ὁμολογεῖται.
3143 3398 3216 3448 Οὐ
3246 3394 3354 3464 γάρ
3386 3395 3441 3446 αἱ
3468 3391 3557 3446 λέ-

1995 3489 2106 3558 ξεις
2129 3489 2227 3560 τὴν
2259 3489 2418 3558 φύσιν
2457 3487 2848 3559 παραιροῦνται
2872 3504 2885 3518 ο
2917 3487 3050 3541 ἀλλά
3089 3486 3286 3556 μᾶλλον
3320 3488 3352 3554 ἡ
3393 3482 3557 3552 φύσις

1994 3581 2092 3646 τὰς
2131 3582 2302 3649 λέξεις
2328 3583 2405 3644 είς
2441 3580 2637 3652 ἑαυτὴν
2673 3579 2905 3634 ἕλκουσα
2937 3577 3277 3651 μεταϐάλλει.
3308 3577 3418 3630 Καὶ⁵
3446 3575 3557 3647 γὰρ

1995 3674 2054 3726 οὐ
2091 3673 2352 3744 πρότεραι
2385 3669 2494 3724 τῶν
2525 3669 2722 3724 οὐσιῶν
2757 3671 2810 3723 αἱ
2840 3669 3014 3735 λέξεις
3051 3668 3181 3738 (44),
3215 3667 3328 3720 ἀλλ’
3368 3665 3422 3717 αἱ
3467 3663 3560 3715 οὗ-

1999 3763 2109 3817 σίαι
2139 3762 2372 3834 πρῶται.
2407 3761 2500 3815 καὶ
2526 3760 2774 3831 δεύτεραι
2797 3759 3000 3813 τούτων
3023 3761 3078 3813 αἱ
3107 3758 3300 3822 λέξεις.
3334 3756 3424 3808 Διὸ
3465 3755 3560 3807 καὶ

1996 3843 2124 3907 ὅταν
2172 3852 2395 3923 ἡούσία
2444 3851 2655 3920 ποίημα
2708 3851 2741 3920 ἢ
2793 3850 2998 3920 κτίσμα
3033 3848 3142 3920 (45)
3194 3845 3248 3921 ᾖ,
3293 3848 3412 3900 τότε
3446 3843 3507 3897 τὸ
3539 3885 3555 3907 ,

1995 3944 2266 4011 ἐποίησε,
2296 3943 2390 3996 καὶ
2432 3941 2512 4003 τὸ,
2553 3939 2806 4011 ἐγένετο,
2847 3942 2942 3994 καὶ
2978 3941 3060 4003 τὸ,
3099 3940 3319 4003 ἔκτισε,
3354 3935 3561 4008 κυρίως

1997 4036 2084 4088 ἐπ’
2113 4032 2290 4086 αὐτῶν
2311 4031 2524 4100 λέγεταί
2556 4047 2616 4084 τε
2645 4033 2739 4084 καὶ
2765 4030 3016 4101 σημαίνει
3041 4029 3100 4082 τὸ
3126 4028 3353 4097 ποίημα.
3389 4027 3560 4078 Ὅταν

1997 4125 2054 4189 δὲ
2083 4127 2115 4195 ὴ
2155 4123 2309 4175 οὐσία
2341 4121 2584 4192 γέννημα
2679 4122 2771 4174 καὶ
2801 4121 2913 4184 υίὸς
2933 4161 2948 4185 ,
2980 4119 3098 4174 τότε
3131 4119 3224 4183 τὸ,
3262 4117 3511 4182 ἐποίησε
3539 4155 3558 4178 ,

1999 4217 2094 4269 καὶ
2125 4215 2204 4277 τὸ,
2238 4212 2497 4283 ἐγένετο,
2530 4213 2624 4265 καὶ
2651 4212 2733 4274 τὸ,
2760 4212 3000 4266 ἔκτισεν
3030 4210 3161 4282 (46),
3190 4211 3289 4263 οὐκ
3325 4209 3405 4262 ἔτι
3455 4225 3558 4262 κυ-

2003 4307 2129 4379 ρίως
2156 4305 2240 4357 ἐπ’
2273 4302 2436 4358 αὐτοῦ
2482 4305 2680 4367 κεῖται,
2704 4303 2823 4357 οὐδὲ
2871 4302 3076 4371 ποίημα
3112 4300 3364 4371 σημαίνει
3395 4315 3409 4329 °
3441 4296 3558 4352 ἀλλ’

2000 4396 2119 4449 ἀντὶ
2162 4392 2277 4460 τοῦ,
2321 4392 2629 4462 ἐγέννησε,
2669 4393 2766 4462 τῷ,
2792 4391 3098 4458 ἐποίησεν,
3129 4389 3432 4459 ἀδιαφόρως
3475 4405 3562 4451 τις

2001 4487 2262 4558 κέχρηται
2305 4483 2415 4556 (47)
2459 4487 2680 4557 ῥήματι.
2720 4484 2985 4546 Πολλάκις
3017 4481 3146 4551 γοῦν
3169 4481 3399 4551 πατέρες
3435 4481 3563 4541 τοὺς

2007 4575 2065 4642 ἐξ
2094 4577 2270 4631 αὐτῶν
2297 4577 2498 4646 φύντας
2526 4578 2670 4638 υἱοὺς
2709 4575 2925 4639 δούλους
2954 4575 3160 4628 ἑαυτῶν
3189 4571 3511 4644 ὀνομάζουσι
3545 4590 3560 4604 ·

2006 4670 2101 4723 καὶ
2129 4670 2228 4723 οὐκ
2260 4668 2544 4740 ἀρνοῦνται
2579 4669 2638 4721 τὸ
2663 4669 2880 4737 γνήσιον
2909 4667 3007 4738 τῆς
3037 4667 3250 4735 φύσεως
3273 4681 3287 4694 ·
3319 4663 3413 4718 καὶ
3436 4663 3564 4717 πολ-

2005 4761 2158 4823 λάκις
2180 4761 2305 4824 τοὺς
2332 4760 2489 4824 ἰδίους
2513 4759 2728 4822 δούλους
2758 4758 3075 4830 φιλοφρονού
3085 4774 3252 4830 μενοι,
3275 4757 3438 4811 τέκνα
3460 4773 3563 4809 κα-

2006 4848 2191 4903 λοῦσι·
2226 4850 2318 4904 καὶ
2363 4850 2423 4903 οὐ
2451 4848 2749 4920 κρύπτουσι
2775 4850 2875 4922 τὴν
2907 4849 2965 4915 ἐξ
3003 4849 3176 4921 ἀρχῆς
3212 4847 3390 4901 αὐτῶν
3431 4846 3566 4917 κτῆ.

2008 5068 2226 5122 omissis
2265 5067 2616 5122 intermediis.

2081 5138 2192 5208 (45)
2234 5138 2322 5192 Sic
2345 5137 2564 5208 Seguer.
2589 5135 2802 5208 ngler.
2829 5134 3064 5208 Felckm.
3091 5136 3109 5188 l
3133 5136 3254 5208 (ξιξ.
3271 5135 3337 5208 ﬁt
3369 5149 3397 5186 a
3415 5132 3562 5208 μσς.

2009 5217 2062 5279 ft
2089 5201 2346 5264 Féltkm.
2375 5201 2591 5279 57'abcst
2718 5205 2891 5279 Editi,
2956 5207 3161 5279 ποίημα
3201 5201 3235 5279 ᾗ
3278 5201 3563 5279 ᾒκτίσμα.

2010 5277 2180 5330 Paulo
2229 5289 2351 5347 post
2399 5274 2824 5347 Segttcr."Basil.
2861 5274 3078 5345 Anglic.
3103 5274 3234 5344 Reg:
3268 5274 3499 5347 GoblcrL
3511 5284 3568 5328 et

2010 5343 2248 5402 Ὲιςιειίιιι.
2281 5350 2302 5401 1
2339 5357 2392 5401 et
2419 5343 2592 5407 5,"e1=‘
2625 5347 2818 5400 αὐτῶν.
2845 5343 3030 5400 Λιίἴίει
3061 5343 3209 5406 editi,
3241 5346 3332 5398 ὑπ’
3362 5343 3564 5398 αὐτῶν.

2012 5418 2146 5471 lbid.
2181 5419 2400 5488 Seguer.
2433 5417 2649 5472 Gobler.
2677 5427 2730 5472 et
2752 5414 3018 5488 Feleltmn
3041 5418 3092 5488 1,
3123 5414 3434 5481 λέγεταίτε.
3461 5413 3568 5468 Sed

2016 5488 2068 5540 in
2101 5488 2221 5542 aliis
2252 5485 2304 5541 et
2327 5489 2486 5542 editis
2526 5495 2674 5541 deest
2699 5503 2775 5539 τε.
2827 5485 2956 5538 Item
2988 5485 3182 5539 ibidem
3217 5499 3347 5538 mss.
3373 5497 3570 5538 omnes

2017 5557 2288 5628 σημαίνει.
2324 5557 2818 5628 Editioﬁonran,
2849 5555 3106 5628 σημαίνῃ,
3135 5554 3409 5628 mendose.

2084 5621 2192 5695 (46)
2235 5626 2458 5695 chuer.
2487 5627 2701 5682 Gobler.
2733 5621 2967 5678 Felckm.
2992 5626 3016 5678 1
3047 5621 3098 5679 et
3129 5626 3162 5678 4
3187 5625 3443 5678 omittunt
3474 5621 3573 5675 κη).

2010 5697 2071 5750 τὸ
2101 5696 2326 5750 ἔκτισεν.

2085 5766 2196 5837 (47)
2237 5768 2454 5837 Seguer.
2487 5765 2702 5822 Gobler.
2737 5762 2972 5818 Felckm.
3005 5766 3032 5819 1
3058 5773 3111 5820 et
3139 5763 3192 5829 ι.
3236 5761 3434 5834 χρῆταί
3462 5777 3545 5825 εις
