3972 6224
465 359 573 421 156
616 368 619 371 “
1031 357 1088 415 S.
1129 356 1503 413 ATIIANASII
1540 358 1693 414 OPP.
1733 356 1912 413 PARS
1949 357 1993 412 I.
2033 388 2105 399 --
2138 343 2509 414 HISTORICA
2550 356 2636 413 ET
2680 354 3097 416 DOGMATICA.
3598 361 3702 419 156

376 516 389 545 ι
459 473 706 546 jusmodi
730 473 966 529 fulcrum
999 472 1245 527 calamus
1277 486 1572 543 quassatus
1608 473 1715 527 illis
1760 481 1865 527 est.
1915 470 2022 526 Citc

2136 488 2224 534 vo;
2243 471 2303 523 τὸ
2319 470 2548 544 ἔρεισμα
2567 489 2579 502 ·
2616 471 3051 540 καταγνώσονται
3082 471 3189 545 γὰρ
3223 474 3382 540 εὐθὺς
3401 475 3627 545 ἑαυτῶν,
3649 480 3699 531 εί

370 546 390 647 ξ
462 566 610 622 enim
639 566 962 636 semetipsos
1001 571 1130 619 sunt
1182 564 1616 631 condemnaturi,
1662 564 1709 619 si
1750 563 2022 633 preprium

2135 560 2354 629 μάθοιεν
2386 561 2445 614 τὸ
2474 561 2572 631 τῆς
2601 562 2822 633 Γραφῆς
2853 562 3065 634 ἰδίωμα.
3086 564 3194 617 Καὶ
3219 565 3326 638 γὰρ
3348 565 3543 639 ὥσπερ
3564 566 3696 635 ,δοῦ-

373 666 419 720 ’.εί
469 657 766 729 Scriptura:
785 658 1073 715 didicerint
1096 657 1348 728 loquendi
1366 657 1605 712 modum.
1620 654 1821 725 Nempe
1836 671 2022 725 quem-

2130 650 2220 715 λος
2237 650 2454 719 λέγεται
2477 653 2505 704 ό
2536 652 2783 725 Σολομὼν
2983 653 3181 727 καίπερ
3212 655 3287 709 ὣν
3315 657 3459 721 υἱόςο
3500 658 3695 724 οὕτως,

380 736 383 740 ’
468 747 763 803 admodum
825 746 1114 814 Salomon,
1180 747 1394 802 tametsi
1455 746 1600 802 [ilius
1647 754 1797 812 erat,
1849 755 2022 800 tamen

2132 740 2218 793 ἵνα
2247 740 2315 793 τὰ
2350 744 2407 794 ἐν
2434 744 2545 805 τοῖς
2564 742 2845 814 προτέροις
2871 744 3133 816 εἰρημένα
3159 745 3319 799 πάλιν
3348 746 3608 819 εἴπωμεν,
3647 751 3697 802 εἰ

469 853 664 893 servus
684 846 768 892 est
795 837 1010 893 dictus:
1045 838 1138 903 ita,
1167 847 1230 892 ut
1265 854 1329 893 ea
1369 853 1491 908 quae
1526 853 1687 906 supra
1720 837 1831 891 dixi
1877 853 2031 907 repe—

464 938 601 996 tam,
635 931 761 986 licet
782 939 1057 1000 parentes,
1086 929 1247 1000 3'73
1276 929 1435 995 ﬁlios,
1463 944 1601 999 quos
1618 945 1685 983 ex
1729 944 1787 984 se
1824 943 2027 999 genue-

462 1030 613 1087 runt,
642 1021 888 1087 formari,
910 1021 1085 1076 creari
1107 1030 1162 1075 et
1184 1021 1300 1075 ﬁeri
1338 1021 1593 1087 dixerint,
1619 1028 1797 1075 tamen
1819 1035 1914 1076 eos
1938 1035 2030 1074 na-

463 1122 592 1169 tura
620 1114 759 1168 ﬁlios
789 1129 914 1170 esse
946 1129 1054 1169 non
1083 1121 1300 1185 negant.
1337 1111 1476 1167 Hinc
1505 1127 1633 1183 ergo
1662 1110 1945 1175 Ezechias,
1968 1118 2028 1164 ut

463 1207 607 1276 apud
635 1204 829 1262 Isaiam
876 1206 1107 1277 legitur,
1147 1206 1355 1260 orando
1399 1205 1579 1259 aiebat
1625 1221 1638 1256 :
1674 1202 1931 1289 'Namque
1960 1203 2024 1257 ab

462 1297 715 1353 hodierno
742 1298 828 1352 die
859 1298 1050 1352 liberos
1084 1298 1301 1366 faciam,
1327 1297 1418 1367 qui
1454 1294 1838 1350 annuntiabunt
1865 1294 2027 1364 justi-

463 1390 595 1442 tiam
629 1397 792 1452 tuam,
822 1387 1044 1442 Domine
1088 1387 1280 1442 salutis
1338 1402 1484 1441 metu.
1520 1388 1643 1456 Ipse
1678 1384 1842 1456 igitur
1869 1385 2022 1452 dixit,

462 1478 659 1548 faciam
679 1479 747 1532 ".
767 1478 1031 1549 Propheta
1057 1494 1182 1533 vero
1209 1479 1261 1531 in
1279 1479 1467 1533 eodem
1486 1477 1625 1532 libro
1638 1485 1692 1531 et
1709 1486 1903 1546 quarto
1921 1475 2026 1532 Re-

460 1584 590 1639 gum
609 1567 688 1624 sic
710 1569 954 1636 loquitur
982 1586 998 1625 :
1026 1568 1092 1623 Et
1117 1569 1220 1637 ﬁlii
1243 1570 1320 1623 tui
1339 1570 1427 1639 qui
1447 1569 1778 1639 egredientur
1798 1584 1863 1623 ea:
1889 1576 1936 1622 te
1957 1567 2021 1623 “.

459 1659 671 1727 Itaque,
700 1659 918 1730 faciam,
944 1675 1041 1731 pro
1062 1661 1295 1730 gignam,
1324 1659 1627 1730 usurpavit,
1652 1668 1705 1714 et
1724 1675 1819 1715 eos
1840 1659 1931 1730 qui
1958 1674 2025 1715 ex

458 1765 522 1806 se
546 1760 925 1815 nascerentur,
967 1762 1224 1821 tanquam
1255 1752 1345 1821 qui
1366 1751 1554 1806 tierent
1580 1750 1886 1820 appellavit.
1914 1748 2022 1806 Ne-

457 1855 550 1896 mo
575 1850 754 1897 tamen
795 1842 850 1897 in
871 1842 1099 1897 dubium
1134 1843 1430 1906 vocaverit,
1457 1841 1589 1912 quin
1619 1842 1687 1897 de
1718 1841 1829 1897 fetu
1863 1851 2024 1896 natu-

458 1931 561 1986 rali
594 1948 775 1987 sermo
806 1933 1093 1988 habeatur.
1122 1932 1232 1988 Eva
1282 1947 1501 2003 quoque
1536 1942 1822 2003 postquam
1866 1948 2026 2003 pepe-

455 2020 532 2075 rit
581 2021 743 2087 Cain,
791 2021 930 2076 dixit
976 2041 990 2076 :
1036 2022 1257 2077 Possedi
1309 2022 1565 2076 hominem
1613 2038 1706 2093 per
1743 2023 1908 2077 Deum
1957 2024 2023 2076 ³⁷.

454 2108 660 2182 Nempe
690 2126 808 2180 pro,
835 2113 1031 2183 peperi,
1065 2113 1224 2178 dixit,
1247 2114 1475 2182 possedi.
1498 2111 1634 2168 Nam
1661 2114 1786 2184 quia
1808 2123 2025 2184 partum

452 2201 609 2270 prius
634 2201 862 2266 viderat,
894 2203 1240 2272 postmodum
1271 2203 1430 2267 dixit,
1450 2203 1680 2274 possedi.
1712 2202 1821 2258 Nec
1846 2212 2023 2257 tamen

451 2299 675 2360 propter
700 2291 842 2347 hanc
871 2292 1201 2355 dictionem,
1250 2294 1489 2363 possedi,
1537 2293 1909 2348 arbitrantium
1942 2300 2028 2348 est

450 2378 593 2434 Cain
625 2380 967 2438 extrinsecus
1005 2392 1245 2452 emptum
1282 2384 1471 2451 fuisse,
1494 2400 1601 2440 non
1641 2399 1770 2438 vero
1800 2400 1864 2438 ex
1907 2383 2022 2454 ipsa

448 2482 576 2524 esse
609 2478 819 2526 natum.
875 2472 1136 2527 Similiter
1182 2473 1494 2543 patriarcha
1532 2472 1700 2529 Jacob
1745 2474 1883 2529 dixit
1932 2472 2025 2527 Jo—

450 2559 584 2628 seph
631 2577 645 2614 ι
694 2560 814 2617 Duo
867 2579 990 2633 ergo
1029 2563 1130 2633 ﬁlii
1189 2565 1306 2630 tui,
1353 2567 1443 2634 qui
1499 2564 1595 2618 tibi
1642 2565 1770 2635 facti
1795 2573 1917 2619 sunt
1967 2565 2026 2618 in

452 2648 733 2720 JEgypto,
810 2664 1093 2724 antequam
1175 2656 1399 2708 venirem
1462 2655 1531 2708 ad
1614 2664 1661 2710 te
1727 2656 1783 2709 in
1836 2655 2023 2727 Aﬂgy-

450 2748 634 2807 ptum,
688 2741 788 2794 mei
820 2750 963 2803 sunt,
1010 2740 1263 2811 Epitraim
1306 2753 1353 2796 et
1393 2742 1666 2796 Manasses
1707 2743 1772 2796 ³⁸.
1811 2742 1886 2798 De
1920 2743 2023 2800 Job

453 2827 586 2881 item
615 2827 730 2883 haec
758 2829 919 2883 habet
948 2816 1229 2899 Scriptura
1259 2849 1272 2884 :
1320 2829 1475 2884 Facti
1513 2841 1635 2884 sunt
1656 2832 1704 2885 ei
1729 2842 1926 2901 septem
1952 2835 2021 2903 ﬁ-

449 2916 512 2971 lii
540 2928 588 2971 et
610 2927 713 2973 tres
735 2918 865 2988 [Elite
882 2919 949 2975 ".
975 2919 1094 2986 Quo
1122 2921 1286 2976 etiam
1313 2922 1473 2977 modo
1498 2921 1708 2993 Moyses
1732 2923 1784 2976 in
1804 2924 1919 2994 lege
1942 2925 2023 2979 Io-

450 3014 614 3062 cutus
645 3016 729 3062 est
758 3025 772 3063 :
801 3005 862 3062 Si
888 3007 1055 3063 alicui
1096 3010 1200 3080 ﬁlii
1237 3011 1370 3081 facti
1399 3011 1619 3080 fuerint,
1659 3018 1734 3079 et,
1761 3012 1809 3064 si
1838 3011 2019 3082 fecerit

450 3098 652 3169 ﬁlium.

520 3187 577 3242 5.
608 3184 686 3241 En
714 3201 845 3258 ergo
872 3186 946 3242 illi
981 3203 1096 3255 eos,
1136 3189 1228 3260 qui
1255 3190 1419 3261 geniti
1450 3200 1597 3256 sunt,
1637 3190 1809 3249 laetos
1836 3202 1890 3248 et
1911 3191 2021 3249 for-

451 3290 630 3336 matos
655 3281 1012 3351 appellavere,
1043 3283 1244 3354 quippe
1273 3286 1365 3356 qui
1400 3303 1508 3343 non
1541 3288 1858 3360 ignorarent
1884 3291 2024 3346 nihil

449 3371 674 3437 referre,
700 3372 745 3428 si
779 3372 846 3428 de
874 3372 1000 3429 liliis
1022 3375 1269 3445 dicatur,
1295 3377 1430 3447 facti
1460 3389 1603 3448 sunt,
1641 3383 1872 3451 possedi,
1910 3384 2022 3451 vel,

454 3462 582 3533 feci,
611 3465 771 3518 modo
813 3464 954 3519 illius
980 3480 1074 3520 eos
1114 3482 1234 3523 esse
1263 3471 1612 3529 concedatur.
1651 3472 1894 3546 Namque
1926 3492 2025 3531 na-

451 3562 574 3607 tura
598 3562 654 3606 et
683 3552 885 3606 veritas
938 3563 1175 3609 mentem
1207 3556 1274 3610 ad
1304 3572 1363 3613 se
1410 3558 1821 3631 intelligendum
1855 3573 2016 3619 attra-

450 3641 610 3697 hunt.
643 3640 908 3708 Quocirca
943 3643 990 3698 si
1012 3644 1104 3713 qui
1134 3646 1410 3716 disputent
1438 3659 1618 3706 utrum
1652 3652 1914 3710 Dominus
1934 3671 2025 3713 res

449 3729 596 3788 facta
622 3731 708 3787 vel
739 3742 922 3789 creata
951 3735 1043 3798 sit,
1074 3736 1248 3803 primo
1284 3741 1354 3793 ab
1389 3741 1496 3797 illis
1532 3745 1883 3814 quaerendum
1917 3755 2020 3814 est,

449 3837 583 3878 num
603 3822 693 3880 ille
716 3824 789 3879 sit
814 3825 1005 3889 Filius,
1041 3824 1273 3883 Verbum
1313 3840 1367 3884 et
1391 3830 1669 3902 Sapientia
1690 3835 1713 3888 ?
1732 3834 1847 3892 Hoc
1867 3838 2012 3893 enim

450 3915 684 3984 probato
699 3932 824 3971 mox
848 3918 1124 3973 evanescit
1149 3921 1329 3976 omnis
1356 3921 1457 3978 hac
1480 3924 1546 3978 de
1566 3941 1625 3980 re
1644 3927 1904 3998 suspicio.
1921 3929 2023 3984 Ne-

453 4019 564 4073 que
583 4004 729 4059 enim
755 4021 841 4060 res
870 4004 1036 4071 facta,
1076 4006 1251 4064 Filius
1279 4018 1334 4064 et
1383 4009 1621 4068 Verbum
1659 4026 1839 4085 potest
1863 4034 2020 4084 esse;

451 4109 630 4165 neque
658 4095 862 4165 pariter
895 4096 1087 4161 Filius,
1138 4115 1225 4155 res
1270 4100 1413 4157 facta
1466 4119 1591 4160 esse
1640 4119 1839 4177 potest.
1890 4108 2023 4177 Quae

450 4200 578 4239 cum
628 4185 702 4240 ita
750 4186 877 4250 sint,
914 4187 1159 4257 profecto
1204 4192 1457 4249 omnibus
1507 4206 1659 4266 patet
1704 4199 1804 4255 has
1837 4216 2020 4268 voces,

448 4279 541 4349 qui
575 4277 700 4349 fecit
741 4279 916 4343 illum,
950 4280 1099 4335 nullo
1137 4281 1450 4350 adiumento
1484 4287 1551 4341 ad
1590 4288 1808 4345 illorum
1852 4293 2024 4348 haere-

449 4370 554 4423 sim
581 4386 723 4437 esse,
759 4371 853 4425 sed
892 4388 1011 4426 eam
1058 4372 1144 4429 his
1197 4377 1378 4445 potius
1427 4381 1800 4439 condemnari.
1849 4385 2025 4453 Siqui-

2129 833 2224 886 κα)⁵
2259 834 2616 904 ποιουμένους
2636 835 2731 887 καὶ
2755 835 3101 906 κτιζομένους
3122 837 3214 890 καὶ
3233 837 3544 907 γινομένους
3569 838 3698 901 τοὺς

2127 923 2188 989 ἐξ
2211 923 2416 977 έαυτῶν
2445 924 2556 996 (59)
2579 924 2877 995 φυομένους
2893 927 3038 990 υἱοὺς
3053 926 3259 996 λέγοιεν
3279 929 3328 981 οἱ
3354 930 3551 996 γονεῖς,
3575 929 3635 981 οὒ
3667 956 3695 967 ο

2124 1015 2213 1069 δὲν
2242 1011 2402 1086 ἦττον
2428 1017 2527 1070 οὐκ
2553 1018 2837 1089 ἀρνοῦνται
2861 1019 2958 1090 τὴν
2984 1020 3161 1089 φύσιν.
3179 1021 3236 1073 Ὀ
3264 1021 3392 1090 γοῦν
3428 1019 3697 1090 Ἐζεχίας,

2126 1107 2201 1171 ὼς
2217 1110 2272 1161 ὲν
2298 1108 2375 1178 τῷ
2404 1109 2598 1181 Ἡσαΐᾳ
2629 1109 2954 1181 γέγραπται,
2988 1113 3276 1184 εὐχόμενος
3308 1111 3489 1182 ἔλεγεν
3509 1129 3524 1143 ο
3559 1111 3698 1166 Ἀπὸ

2124 1202 2234 1273 γὰρ
2251 1202 2356 1271 τῆς
2366 1201 2628 1272 σήμερον
2638 1203 2842 1258 παιδία
2855 1204 3104 1273 ποιήσω,
3120 1205 3159 1259 ἂ
3171 1205 3567 1274 ἀναγγτλοῦσι
3580 1205 3702 1274 τὴν

2124 1296 2513 1363 δικαιοσύνην
2525 1297 2839 1365 σου,Κύριε
2853 1295 2962 1365 τῆς
2970 1296 3262 1363 σωτηρίας
3270 1297 3521 1365 μου.Καὶ
3532 1297 3701 1361 αὐτὸς

2129 1388 2228 1459 μὲν
2261 1387 2438 1457 ἔλεγε,
2456 1386 2714 1453 ποιήσω·
2747 1391 2775 1441 ὁ
2794 1389 2851 1443 δὲ
2873 1390 3155 1460 προφήτης
3182 1388 3238 1441 ἓν
3266 1405 3325 1441 τε
3345 1388 3491 1460 αὐτῷ
3512 1389 3589 1460 τῷ
3613 1389 3701 1459 βι-

2130 1480 2265 1553 ϐλίῳ
2292 1480 2425 1550 (60),
2456 1480 2551 1535 καὶ
2574 1484 2640 1553 τῇ
2664 1481 2898 1553 τετάρτῃ
2921 1480 3029 1534 τῶν
3059 1480 3349 1535 Βασιλειῶν
3371 1480 3510 1535 οὕτω
3536 1481 3697 1552 φησί’

2126 1572 2238 1626 Καὶ
2285 1574 2340 1626 οἱ
2374 1572 2492 1626 υἱοί
2518 1586 2656 1635 σου,
2701 1571 2758 1626 οἳ
2801 1572 3222 1637 ἐξελεύσονται
3248 1573 3318 1626 ἐκ
3360 1572 3495 1626 σοῦ.
3550 1570 3702 1627 Ἀντλ

2124 1662 2217 1717 τοῦ
2246 1660 2612 1734 τεννᾷν,ἄρα
2642 1662 2725 1725 τὸ,
2757 1661 2989 1729 ποιήσω
3012 1702 3026 1727 ,
3076 1661 3263 1734 εἴρηκε
3289 1678 3303 1692 ⁸
3347 1661 3439 1715 καὶ
3477 1663 3601 1726 τοὺς
3633 1661 3703 1728 ἐξ

2124 1754 2288 1810 αὐτοῦ
2319 1753 2639 1826 φυομένους,
2665 1754 2742 1818 ὡς
2774 1753 3125 1823 ποιουμένους
3158 1752 3310 1825 φησι.
3336 1753 3446 1806 Ka‘t
3474 1753 3533 1805 οὐ
3572 1752 3700 1806 δια-

2128 1845 2357 1918 φέρεταί
2386 1864 2490 1910 τις,
2521 1847 2597 1910 ὡς
2624 1848 2754 1918 περὶ
2783 1847 2877 1899 τοῦ
2911 1845 3069 1916 φύσει
3096 1845 3431 1916 γεννήματός
3470 1847 3615 1899 ἐστιν
3656 1847 3699 1917 ἡ

2125 1937 2269 2004 λέξις
2310 1937 2444 2011 (61).
2481 1939 2590 1993 Kal.
2640 1937 2754 1992 Εὔα
2799 1938 2855 1992 δὲ
2893 1937 3125 1992 τεκοῦσα
3156 1937 3246 1991 τὸν
3276 1937 3452 2003 Κάῖν,
3498 1932 3650 1997 εἶπεν
3680 1954 3700 1970 ο

2138 2029 2520 2100 Ἐκτησάμην
2547 2030 2858 2099 ἄνθρωπον
2897 2029 2995 2085 διὰ
3037 2029 3145 2083 τοῦ
3179 2028 3346 2083 Θεοῦ.
3408 2028 3551 2081 Ἀντὶ
3571 2027 3701 2094 τοῦ,

2123 2122 2337 2187 τεκεῖν,
2354 2123 2460 2194 ἄρα
2484 2122 2578 2176 καὶ⁵
2594 2121 2731 2193 αὐτὴ
2755 2121 2834 2183 τὸ,
2852 2120 3216 2191 ἐκτησάμην,
3233 2119 3440 2193 εἴρηκε.
3458 2119 3568 2174 Kal.
3583 2119 3702 2191 γὰρ

2124 2211 2385 2284 πρότερον
2425 2208 2608 2265 ἰδοῦσα
2647 2209 2741 2264 τὸν
2775 2209 2954 2274 τόκον,
2982 2208 3206 2281 ὕστερον
3234 2201 3354 2260 εἷπε
3386 2205 3447 2258 τὸ
3468 2246 3483 2271 ,
3515 2205 3703 2273 ἑκτη-

2123 2300 2346 2371 σὰμην.
2389 2301 2502 2355 Καὶ
2533 2299 2593 2353 οὐ
2627 2299 2715 2353 διὰ
2745 2299 2806 2352 τὸ
2825 2339 2840 2362 ,
2870 2297 3222 2367 ἐκτησάμην
3253 2296 3385 2368 (62),
3423 2295 3704 2366 νομίσειεν

2129 2393 2195 2447 ἄν
2222 2409 2305 2455 τις
2337 2390 2536 2458 ἔξωθεν
2563 2389 2865 2462 ἠγοράσθαι
2896 2388 2988 2444 τὸν
3015 2388 3176 2452 Κάῖν,
3216 2388 3309 2441 καὶ
3338 2386 3411 2457 μὴ
3433 2385 3492 2451 ἐξ
3524 2386 3703 2457 αὐτῆς

2120 2480 2389 2551 τετέχθαι.
2432 2481 2542 2532 Καὶ
2582 2481 2610 2532 ό
2663 2480 3001 2552 πατριάρχης
3031 2478 3118 2532 se
3172 2476 3365 2532 Ἰακὼὸ
3415 2476 3565 2545 ἔλεγε
3612 2476 3703 2548 τῷ

2133 2574 2332 2645 Ἰωσήφ
2353 2589 2367 2603 ·
2408 2572 2537 2626 Νῦν
2569 2567 2685 2625 οὖν
2718 2569 2826 2641 (63)
2860 2572 2914 2623 οἱ
2946 2569 3054 2623 δύο
3092 2568 3211 2622 υἱοί
3238 2582 3376 2633 σου,
3420 2569 3475 2629 οι
3524 2568 3703 2635 γενό-

2116 2665 2288 2734 μενοι
2323 2678 2424 2717 σοι
2446 2663 2517 2716 ἐν
2530 2662 2819 2731 Αἰγύπτῳ,
2847 2659 2960 2729 πρὸ
2991 2659 3097 2715 τοῦ
3112 2677 3189 2729 με
3213 2658 3411 2714 ἐλθεῖν
3445 2657 3592 2727 πρὸς
3615 2656 3704 2711 σὲ

2119 2756 2207 2821 εἰς
2222 2754 2545 2824 Αἴγυπτον,
2564 2751 2696 2821 ἐμοί
2724 2753 2900 2814 εἰσιν,
2938 2748 3187 2819 Ἐφραῒμ
3212 2748 3309 2802 καὶ
3331 2746 3697 2816 Μανασσῆς.

2120 2847 2230 2901 Ka‘t
2267 2846 2300 2917 ή
2339 2843 2532 2915 Γραφὴ
2561 2843 2618 2896 δὲ
2662 2842 2789 2913 περὶ
2833 2840 2926 2895 τοῦ
2968 2839 3088 2895 Ἰώϐ
3131 2856 3327 2910 φησιν’
3385 2839 3703 2909 Ἐγένοντο

2116 2936 2278 3004 αὐτῷ
2315 2936 2427 3008 (64)
2467 2935 2583 2991 υἱοὶ
2611 2934 2781 2998 ἑπτὰ,
2822 2932 2923 2989 καὶ
2951 2930 3266 3002 θυγατέρες
3292 2929 3472 3000 τρεῖς·
3501 2930 3699 3001 ὥσπερ

2117 3029 2211 3083 καὶ
2234 3028 2472 3099 Μωῦσῆς
2505 3025 2723 3095 εἴρηκεν
2759 3025 2816 3078 ἐν
2847 3022 2923 3095 τῷ
2955 3022 3122 3095 νόμιμ’
3158 3023 3291 3076 Ἐὰν
3314 3021 3381 3076 δὲ
3404 3017 3697 3093 γένωνταί

2118 3136 2235 3174 τινι
2266 3117 2386 3173 υἱοί
2409 3135 2422 3150 ·
2452 3117 2567 3179 καὶ,
2599 3117 2707 3169 ἐὰν
2729 3114 2955 3184 ποιήσῃ
2981 3114 3136 3168 υἱόν.

2193 3205 2244 3260 5.
2298 3206 2430 3260 Ἰδοὺ
2479 3204 2639 3260 πάλιν
2680 3204 2806 3270 τοὺς
2851 3202 3227 3275 γεννηθέντας,
3259 3201 3335 3267 ὡς
3365 3201 3698 3275 γενομένους

2121 3298 2218 3352 καὶ
2248 3295 2570 3368 ποιηθέντας
2599 3296 2883 3368 εἰρήκασιν
2905 3334 2919 3359 ,
2959 3293 3189 3358 ειδότες,
3233 3294 3314 3347 ὅτι
3351 3294 3455 3358 ἓως
3495 3294 3694 3365 ὁμολο-

2121 3388 2343 3457 γοῦνται
2373 3387 2478 3441 υἱοὶ
2513 3387 2646 3459 (65),
2691 3384 2795 3440 κᾶν
2835 3384 2967 3457 λέγῃ
2996 3402 3099 3451 τις,
3138 3383 3432 3455 ἐγένοντο,
3459 3386 3492 3458 ἢ
3518 3385 3699 3455 ἐκτη-

2121 3481 2345 3550 σάμην,
2384 3480 2417 3551 ἦ
2449 3479 2730 3548 ἐποίησα,
2767 3476 2917 3531 οὐδὲν
2960 3474 3226 3546 διαφέρει.
3284 3475 3347 3529 Ἦ
3382 3476 3491 3547 γὰρ
3529 3473 3696 3545 φύσις

2122 3573 2217 3627 καὶ
2267 3573 2299 3643 ἡ
2349 3571 2574 3643 ἀλήθεια
2612 3570 2759 3622 ἕλκει
2798 3567 2893 3638 τὴν
2931 3566 3166 3621 διάνοιαν
3232 3567 3310 3630 είς
3341 3567 3559 3638 ἑαυτήν.
3596 3565 3694 3619 Διὸ

2122 3664 2384 3737 καὶπρὸς
2413 3664 2540 3727 τοὺς
2572 3662 2886 3734 ζητοῦντας,
2919 3660 2968 3712 εἰ
3001 3660 3206 3729 κτίσμα
3226 3657 3319 3711 καὶ
3348 3657 3557 3727 ποίημά
3575 3655 3693 3731 (66)

2121 3753 2269 3806 ἐστιν
2293 3754 2321 3805 ό
2363 3751 2589 3824 Κύριος,
2641 3750 2748 3822 χρὴ
2800 3748 3064 3820 πρότερον
3102 3746 3282 3819 ζητεῖν
3314 3747 3362 3799 εί
3394 3745 3523 3809 Υἱός
3548 3748 3691 3813 ἐστι,

2121 3845 2216 3898 καὶ
2249 3843 2440 3911 Λόγος,
2476 3842 2570 3895 καὶ
2597 3839 2785 3909 Σοφία.
2823 3837 3037 3891 Τούτων
3059 3836 3167 3908 γὰρ
3191 3835 3689 3907 ἀποδεικνυμένων,

2122 3933 2444 3987 ἐκϐάλλεται
2474 3931 2634 3994 εὐθὺς
2664 3930 2756 3983 καὶ
2783 3926 3017 3982 παύεται
3045 3928 3078 3998 ἡ
3114 3927 3241 3998 περὶ
3267 3924 3360 3979 τοῦ
3385 3927 3692 3997 ποιήματος

2120 4027 2216 4078 καὶ
2247 4024 2545 4094 κτίσματος
2591 4021 2842 4076 ὑπόνοια·
2887 4019 3010 4073 οὔτε
3060 4017 3168 4089 γὰρ
3216 4018 3277 4071 τὸ
3320 4019 3529 4089 ποίημα
3557 4018 3691 4082 Υἱὸς

2121 4116 2215 4169 καὶ
2242 4115 2411 4185 Λόγος
2438 4113 2503 4168 ἂν
2536 4112 2644 4185 εἴη,
2675 4111 2797 4165 οὔτε
2839 4112 2868 4164 ὁ
2905 4110 3032 4174 Υἱὸς
3067 4110 3276 4182 ποίημα
3319 4108 3430 4179 (67)
3473 4108 3538 4163 ἂν
3574 4109 3687 4181 εἴη.

2121 4205 2337 4260 Τούτων
2364 4205 2420 4259 δὲ
2446 4204 2608 4257 πάλιν
2624 4203 2795 4266 οὕτως
2815 4202 3005 4266 ὅντων,
3039 4200 3248 4273 φανερὰ
3274 4201 3437 4254 πᾶσιν
3467 4200 3687 4254 ἀπόδειοε

2122 4298 2222 4366 ξις,
2255 4298 2329 4362 ὡς
2352 4299 2384 4368 ἡ
2410 4296 2552 4362 λέξις
2573 4300 2606 4367 ή
2623 4296 2872 4365 λέγουσα,
2893 4294 2972 4360 τῷ
2993 4293 3311 4360 ποιήσαντι
3330 4292 3533 4359 αὑτὸν,
3563 4294 3667 4347 οὐκ

2123 4389 2202 4450 εἰς
2220 4386 2402 4459 ὄνησίν
2420 4388 2536 4439 ἐστι
2556 4389 2624 4457 τῇ
2653 4385 2859 4456 αἱρέσει
2882 4382 3080 4450 αὐτῶν,
3099 4383 3232 4436 ἀλλὰ
3251 4381 3446 4454 μᾶλλον
3476 4382 3555 4446 εἰς
3581 4399 3689 4436 κα-

449 4461 573 4516 dem
606 4472 889 4518 ostensum
918 4475 1003 4520 est
1033 4465 1281 4532 verbum,
1315 4469 1459 4539 fecit,
1494 4472 1657 4527 etiam
1688 4490 1810 4529 cum
1839 4477 1904 4531 de
1933 4494 2022 4533 ve-

2126 4477 2410 4545 τὰγνωσιν.
2444 4476 2718 4529 Δέδεικται
2751 4474 2859 4547 γὰρ
2889 4475 2970 4527 ὄτι
3004 4475 3037 4544 ή
3066 4472 3180 4540 τοῦ,
3219 4472 3486 4541 ἐποίησε,
3519 4473 3685 4540 λέξις,

450 4552 533 4608 ris
552 4561 607 4609 et
635 4555 978 4610 naturalibus
1018 4555 1145 4611 liliis
1181 4557 1240 4612 lit
1289 4562 1512 4626 mentio,
1557 4580 1587 4618 a
1628 4562 1906 4635 Scriptura
1937 4567 2020 4622 di-

445 4644 574 4699 vina
615 4646 896 4718 usurpari;
949 4649 1090 4704 unde
1129 4665 1251 4704 cum
1300 4654 1587 4723 probatum
1630 4658 1701 4711 sit
1732 4658 2020 4717 Dominum

2123 4572 2214 4625 καὶ
2243 4570 2334 4622 ἐπὶ
2356 4568 2464 4621 τῶν
2508 4567 2744 4638 γνησίων
2784 4565 2877 4618 κα)⁵
2926 4563 3084 4634 φύσει
3137 4563 3341 4617 τέκνων
3384 4566 3440 4616 ὲν
3474 4567 3538 4636 τῇ
3565 4564 3688 4638 Θείᾳ.

2129 4667 2302 4718 κεῖται
2337 4662 2446 4733 (68)
2475 4661 2664 4732 Γραφῇ
2686 4677 2699 4689 ·
2724 4657 2845 4711 ὅθεν
2879 4655 2972 4710 τοῦ
2999 4656 3204 4728 Κυρίου
3231 4655 3686 4727 ἀποδεικνυμένου

518 4782 721 4871 1118³³1.
756 4800 988 4871 χχΩχξιιι,
1026 4786 1295 4871 19λὶιιχιο
1336 4790 1500 4848 LXX.
1575 4796 1621 4828 “
1670 4795 1797 4853 lsai.
1858 4817 2045 4868 xxxix,
2102 4802 2169 4870 7;
2224 4801 2290 4855 lV
2327 4800 2460 4871 Reg.
2499 4817 2594 4867 xx,
2629 4800 2715 4855 18.
2789 4798 2834 4830 ³⁷
2892 4796 3092 4853 Genes.
3136 4809 3212 4862 Iv,
3261 4795 3315 4854 1.
3389 4795 3434 4827 ³⁸
3485 4794 3685 4851 Cenes.

444 4870 634 4923 ιινιιι,
661 4853 714 4909 5.
793 4855 836 4887 ³³
861 4854 985 4910 Job.
1022 4873 1061 4924 I,
1083 4858 1139 4911 2.

671 4988 920 5063 Stagnum,
950 4990 1168 5063 λέγεται
1200 4990 1470 5063 Σολομὼν.

518 5058 631 5130 (69)
671 5058 1254 5130 Sic-(Seguer.ﬁGobler.
1286 5058 1507 5118 etFelc.
1536 5064 1586 5117 1.
1618 5063 1810 5120 Cteteri
1832 5076 1887 5122 et
1906 5068 2012 5124 edi-

446 5126 537 5197 tio
552 5126 811 5197 Commel.
826 5170 842 5195 ,
865 5126 933 5197 ἒξ
968 5131 1168 5186 αὐτῶν.

509 5196 633 5318 £60)
670 5198 893 5270 Seguer.
918 5196 1144 5283 ’Gohler.
1177 5211 1232 5256 et
1263 5201 1409 5288 Fglc.
1447 5201 1471 5254 1
1505 5211 1559 5256 et
1591 5203 1646 5266 4,
1670 5204 1728 5259 ὲν
1758 5204 1836 5294 τῷ
1849 5209 2014 5289 ..αὐτῷ

450 5265 506 5337 βι
531 5266 640 5344 λιιι)
667 5270 761 5344 καὶ
786 5272 843 5324 ὲν
877 5274 965 5343 τῇ.
993 5273 1125 5344 Ibid.
1156 5288 1252 5344 pro
1284 5290 1446 5344 ουτω,
1480 5270 1702 5344 Seguer.
1737 5293 1905 5344 αυτῳ.
1934 5340 1937 5343 Α

523 5309 639 5410 {iiii
670 5309 905 5410 ’ῥῖεξςῖιὲτῖ
917 5309 1252 5406 ²ἕι’ἕὲἷὲ.¹’ὶῖ
1276 5309 1702 5410 ἔίἰῖᾀοῖ.”⁶“⁹“’
1737 5309 1905 5348 “““⁹’
1934 5340 1937 5343 ‘

521 5405 909 5484 (62).Gobler._
929 5420 984 5466 et
1012 5410 1165 5484 Felc.
1197 5405 1237 5466 1
1270 5405 1548 5480 omittunt,
1590 5415 1685 5468 καὶ
1725 5416 1786 5471 οὐ
1825 5414 1913 5484 aia
1935 5417 2016 5484 τὸ,

449 5473 1012 5561 ἑκτησιὲμηνπμίἁεηι
1045 5482 1207 5561 paulo
1254 5494 1379 5561 ante
1424 5484 1504 5538 sic
1534 5473 1829 5561 '_scribunl,
1884 5473 2015 5561 ἆραξ

449 5495 792 5602 cummari}.
837 5495 1001 5535 IIuem
1037 5495 1207 5605 {paulo
1254 5495 1379 5537 ante
1424 5499 1504 5538 suc
1558 5495 1699 5539 scrin

448 5544 747 5632 Γεξῇὶὸδᾲ
768 5546 820 5603 Id
848 5587 866 5632 _,
893 5551 959 5632 οὐΔ
984 5550 1033 5603 δι
1065 5552 1251 5632 ἢτοῦ-το
1266 5553 1344 5618 τὸ,
1362 5554 1699 5632 ἐκτησάμην.

546 5615 636 5678 65)
675 5615 781 5670 Οὖν
812 5619 966 5673 abest
996 5636 1027 5675 a
1060 5621 1280 5676 Goliler.
1307 5615 1359 5677 et
1395 5615 1539 5678 Fel'c.
1573 5615 1625 5674 ἰ.

515 5684 636 5765 ,(64)
672 5685 820 5743 Felc.
859 5687 1073 5765 2,_cum
1118 5692 1277 5747 editis
1307 5693 1515 5765 omittit
1556 5692 1905 5765 αὐτῷηίιιιοίι
1959 5694 2013 5750 in

451 5752 574 5812 aliis
604 5752 737 5815 mss.
769 5758 1026 5820 omnibus
1056 5759 1271 5832 legitur.
1305 5761 1426 5817 Mox
1458 5752 1687 5835 chuer.’
1712 5752 1931 5822 Gobler.
1961 5773 2015 5821 et

2127 5000 2287 5083 l"‘_elc.~
2325 5001 2376 5065 1,
2420 4998 2610 5072 ὥσπερ
2648 5001 2742 5055 καὶ
2782 5002 3007 5074 Μωσῆς.
3046 4999 3154 5055 Alii
3195 5009 3250 5057 et
3299 5000 3447 5066 editi,
3499 5001 3689 5074 ὥσπερ

2120 5072 2597 5210 Μῗὲἒξέεευθτη
2627 5141 2677 5193 oi
2710 5140 2834 5194 υἱοί.
2854 5138 2972 5194 Μοχ
3005 5138 3151 5196 Felc.
3183 5141 3240 5206 2,
3280 5155 3379 5209 pro
3419 5139 3687 5209 ἐγένοντο,

2120 5212 2268 5296 ρι’ἰη
2315 5209 2438 5264 aliis
2469 5211 2668 5281 legitur
2697 5228 2829 5266 mss.
2879 5211 3199 5267 habetcum
3236 5211 3368 5266 edit.
3416 5209 3684 5265 Commel.

2116 5280 2465 5423 fT(6E6‘)oil_eg.
2509 5356 2563 5423 et
2597 5347 2742 5423 Eelc.
2774 5349 3135 5423 5,Αποίημαῆ
3172 5349 3394 5423 κτίσμα.
3419 5348 3541 5405 Μοχ
3578 5348 3694 5404 (ἓοσ

2117 5416 2336 5492 mea}:
2352 5416 2502 5492 Fclc.
2541 5421 2592 5485 1,
2624 5419 2857 5492 ςητείνῆ
2884 5416 3031 5492 Υἱός.

2194 5488 2304 5559 (67)
2347 5488 2576 5560 Seguer.
2618 5488 3099 5546 Gubler.'etl"elc.
3143 5490 3200 5556 1,
3245 5490 3518 5563 αάάιιιιιῆ
3565 5493 3690 5545 κτί-

2124 5575 2559 5713 σμᾶἰέ)“ϐοι)ιετ;
2583 5637 2639 5683 et
2659 5628 2821 5713 μῖξις.
2865 5627 2916 5693 1,
2941 5629 3209 5713 καλεῖται’.
3238 5628 3423 5713 Paulo
3443 5638 3567 5700 post
3587 5626 3690 5713 Se:

2305 5695 2638 5840 ἓεξὲιῖᾇιξέ
2643 5698 2720 5822 ἐῶ
2730 5697 2887 5768 φύσει
2912 5701 3005 5755 καὶ
3035 5699 3279 5771 γνησίου.
3321 5695 3599 5758 Alii'vero
3637 5705 3695 5754 et

2256 5808 2271 5835 ,
2347 5786 2374 5820 υ
2535 5786 2564 5822 ν
2588 5806 2599 5841 ι
2727 5806 2741 5820 .
