3972 6224
284 453 366 510 151
1412 461 1672 520 ORATIO
1711 462 1753 516 ll
1791 461 2068 518 CONTRA
2108 460 2428 518 ARIANOS.

3409 458 3516 516 188

288 569 436 642 φύσει
460 570 556 625 καὶ
577 556 810 644 γνησίόυ
851 574 1002 641 Υἱοῢ,
1031 576 1221 646 Λόγου,
1251 577 1342 630 καὶ
1368 578 1567 647 Σοφίας
1590 578 1698 632 ’τοῦ
1742 580 1823 632 Πα

1955 577 2253 631 naturalem
2287 590 2586 646 verumque
2611 573 2807 630 Filium
2836 617 2852 642 ,
2880 573 3116 630 Verbum
3141 616 3157 641 ,
3199 586 3362 646 atque
3411 575 3514 632 Sa-

289 663 429 738 τρδς,
456 663 558 718 πᾶν
606 665 838 736 λέγηται
883 668 968 720 ἐπ’
1017 667 1180 722 αὐτοῦ
1224 669 1306 734 τὺ,
1349 669 1669 737 ἐποίησεν,
1699 672 1732 741 ἢ
1763 672 1842 734 τὸ,

290 752 514 823 ἐγένετο
554 753 690 823 (69),
719 757 819 826 οὐχ
861 755 937 821 ῶς
981 761 1278 831 ποιήματος
1314 763 1465 826 ὄντος
1502 762 1666 815 αὐτοῦ
1695 763 1846 832 λέγε-

289 862 392 908 ται,
425 846 538 898 ἀλλ’
569 845 880 920 ἀδιαφόρως
925 853 990 921 τῇ
1027 849 1169 915 λέξει
1215 853 1452 923 χρῶνται
1491 855 1538 906 οἱ
1576 855 1740 923 ἇγιοι,
1769 856 1845 920 ὼς

287 936 374 989 ἐπὶ
410 936 505 988 τοῦ
549 937 880 1008 Σολομῶνος,
921 943 1014 995 καὶ
1056 942 1163 995 τῶν
1203 943 1441 1015 Ἐζεκίου
1477 946 1702 1000 τέκνων.
1738 948 1845 1000 Καὶ

286 1027 388 1098 γὰρ
417 1028 513 1080 καὶ
539 1029 718 1082 αὐτῶν
752 1034 1123 1104 γεννησάντων
1154 1034 1213 1099 ἐξ
1245 1037 1471 1101 ἑαυτῶν,
1497 1037 1838 1110 γέγραπται*

281 1119 552 1187 ἐποίησα,
589 1123 684 1176 καὶ
717 1124 1228 1196 (70),ἐκτησάμην,
1267 1129 1380 1193 καὶ,
1414 1129 1668 1200 ἐγένετο.
1705 1133 1845 1186 Οὐκ-

282 1209 371 1264 οῦν
420 1213 492 1265 τὰ
537 1213 761 1268 τοιαῦτα
798 1215 1024 1281 λεξείδια
1059 1219 1319 1284 πολλάκις
1367 1225 1840 1294 προφασισάμενοι

279 1302 328 1354 oi
359 1300 638 1372 θεομάχοι,
664 1304 934 1373 ὀφείλουσι
965 1306 1065 1360 κᾶν
1097 1308 1195 1377 ὀψέ
1227 1326 1356 1362 ποτε
1385 1312 1448 1364 ἐκ
1473 1312 1582 1363 τῶν
1615 1313 1839 1384 εἰρημέ-

281 1411 380 1447 νων
400 1394 699 1450 ἀποθὲσθαι
716 1397 813 1468 τὴν
833 1397 999 1468 ἀσεϐῆ
1024 1401 1300 1470 φρόνησιν,
1324 1403 1418 1455 καὶ
1433 1405 1697 1475 φρονῆσαι
1714 1423 1779 1458 πε
1789 1406 1839 1478 ρ).

278 1483 366 1535 τοῦ
401 1486 606 1555 Κυρίου
640 1486 722 1538 ὄτι
740 1487 868 1550 Υἱός
892 1489 1004 1558 (71)
1036 1491 1181 1543 ἐστιν
1221 1492 1471 1562 ἀληθινὸς
1497 1535 1511 1559 ,
1544 1497 1712 1564 Λόγος
1746 1499 1839 1551 καὶ

280 1573 446 1641 Σοφία
482 1574 579 1628 τοῦ
611 1576 842 1647 Πατρὸς,
874 1579 934 1630 οὐ
970 1579 1198 1650 ποίημα,
1244 1582 1304 1634 οὐ
1339 1583 1562 1655 κτίσμα.
1613 1587 1675 1638 El
1731 1587 1836 1659 γὰρ

277 1662 482 1732 ποίημά
524 1664 673 1718 ἐστιν
706 1668 735 1719 6
787 1667 930 1730 Υἱὸς,
954 1669 1012 1721 ὲν
1044 1670 1181 1740 ποίῳ
1209 1667 1316 1742 ἆρα
1340 1672 1480 1744 λόγῳ
1510 1675 1603 1728 καὶ
1639 1676 1750 1748 (72)
1777 1678 1837 1730 ὲν

277 1753 398 1823 ποίᾳ
425 1755 589 1825 σοφία
622 1757 850 1825 γέγονεν
881 1759 1069 1825 αὑτός;
1104 1763 1286 1816 Πάντα
1316 1765 1424 1836 γὰρ
1451 1765 1519 1820 τὰ
1559 1769 1836 1838 ποιήματα

275 1843 357 1898 διὰ
385 1845 480 1898 τοῦ
515 1847 691 1915 Λόγου
715 1851 808 1903 καὶ
837 1852 934 1922 τῆς
963 1854 1163 1922 Σοφίας
1190 1856 1403 1924 γέγονε,
1431 1858 1612 1923 καθὼς
1634 1860 1835 1930 γέγρα-

275 1953 418 1989 πται·
449 1937 654 1992 Πάντα
681 1940 752 1993 ἐν
785 1945 972 2011 Σοφίᾳ
997 1945 1287 2014 ἐποίησας
1307 1963 1320 1977 °
1367 1950 1479 2012 καὶ,
1515 1950 1718 2006 Πάντα
1759 1953 1833 2005 δι’

274 2029 455 2082 αὐτοῦ
479 2031 738 2098 ἐγένετο,
771 2035 869 2088 καὶ
903 2037 1078 2104 χωρὶς
1111 2041 1296 2094 αὐτοῦ
1323 2042 1557 2110 ἐγένετο
1582 2043 1723 2097 οὐδὲ
1741 2043 1829 2098 ἓν.

273 2121 330 2172 El
358 2121 414 2173 δὲ
440 2123 606 2186 αὑτός
647 2127 794 2178 ἐστιν
839 2128 868 2180 6
899 2129 1069 2197 Λόγος
1110 2131 1202 2183 κα)⁸
1238 2133 1271 2201 ή
1305 2133 1490 2201 Σοφία,
1523 2135 1580 2186 ὲν
1699 2135 1833 2188 πάν·

272 2228 332 2263 τα
394 2212 508 2282 (75)
541 2214 750 2282 γίνεται
780 2257 795 2282 ,
843 2219 943 2272 οὐκ
989 2219 1099 2292 ἄρα
1131 2223 1239 2275 τῶν
1279 2225 1614 2295 ποιουμένων
1660 2226 1827 2292 ἐστὶν,

270 2303 379 2356 οὐδε
412 2304 550 2369 ὅλως
575 2305 687 2361 τῶν
717 2309 984 2381 γενητῶν,
1023 2311 1158 2367 ἀλλὰ
1186 2314 1280 2368 τοῦ
1319 2316 1530 2388 Πατρὸς
1561 2317 1826 2388 γέννημα.

329 2575 380 2630 6.
419 2579 681 2633 Σκοπεῖτε
710 2581 823 2652 (74)
859 2583 967 2653 γὰρ
1007 2584 1202 2640 ὁπόσον
1247 2585 1358 2658 ἔχει
1404 2587 1602 2659 πτῶμα
1645 2588 1706 2642 τὸ
1741 2589 1828 2642 λέ-

264 2685 373 2736 γειν
401 2671 614 2742 ποίημα
650 2675 742 2725 τὸν
778 2676 873 2728 τοῦ
911 2675 1044 2728 Θεοῦ
1078 2678 1268 2747 Λόγον.
1308 2680 1468 2748 Λέγει
1519 2699 1619 2734 που
1667 2682 1825 2735 Σολο-

268 2759 378 2828 μὼν
423 2763 482 2814 ὲν
628 2765 1058 2838 Ἐκκλησιαστῇ,
1089 2769 1170 2822 ὃτι
1201 2771 1452 2839 Σύμπαν
1496 2771 1563 2825 τὸ
1602 2774 1826 2842 ποίημα

263 2851 384 2916 ἄξει
425 2857 459 2908 ό
500 2854 642 2920 Θεὸς
691 2858 780 2922 εις
822 2858 1046 2926 κρίσιν,
1098 2860 1168 2913 ἐν
1217 2863 1394 2916 παντὶ
1447 2865 1823 2934 παρεωρωμέ-

260 2960 361 3007 rei,
391 2945 616 3017 ἐὰν(75)
668 2948 912 3015 ἀγαθὸν,
946 2950 1041 3004 καὶ
1065 2951 1172 3004 ἐὰν
1197 2957 1480 3021 πονηρόν.
1530 2957 1736 3011 Οὐκοῦν
1774 2959 1822 3010 εί

261 3035 466 3108 ποίημά
497 3041 646 3092 ἐστιν
697 3041 726 3092 6
756 3039 959 3108 Λόγος,
1005 3041 1301 3114 ἀχθήσεται
1353 3046 1462 3116 (76)
1505 3049 1624 3101 καθ’
1679 3049 1821 3120 ὑμᾶς

259 3127 347 3179 καὶ
375 3129 538 3192 αὐτὸς
564 3131 644 3193 εἰς
673 3130 882 3201 κρίσιν;
909 3133 1019 3186 Καὶ
1049 3134 1152 3187 ποῦ
1194 3136 1377 3190 λοιπὸν
1409 3139 1440 3208 ή
1469 3139 1668 3210 κρίσις,
1703 3158 1823 3212 κρι-

1948 669 2206 737 pientiam
2232 667 2407 722 Patris
2432 682 2553 722 esse.
2586 685 2598 720 :
2633 665 2871 731 etiamsi,
2902 680 3028 720 cum
3058 665 3124 719 de
3149 665 3241 719 illo
3280 666 3513 720 habetur

1947 776 2147 826 sermo,
2175 760 2359 821 dictio.
2388 760 2532 828 fecit,
2560 759 2665 822 vel,
2700 759 2872 828 factus
2895 767 2990 822 est,
3012 757 3364 826 adhibeatur,
3399 775 3512 814 non

1947 851 1997 905 id
2031 852 2229 906 dicitur
2251 853 2405 921 quasi
2443 853 2529 906 ille
2554 868 2691 921 opus
2712 861 2884 917 esset,
2911 853 3004 907 sed
3027 853 3199 907 sancti
3217 854 3364 908 hisce
3387 869 3511 908 ver-

1945 942 2030 996 bis
2053 943 2362 1012 promiscue
2391 951 2636 1005 utuntur,
2665 944 2743 996 uti
2777 942 2846 996 de
2871 941 3163 997 Salomone
3190 951 3245 997 et
3266 941 3510 998 Ezechia:

1944 1035 2125 1090 liberis
2148 1035 2506 1091 ostendimus.
2541 1033 2688 1088 Licet
2714 1033 2856 1088 enim
2884 1048 2977 1088 eos
2993 1049 3058 1087 ex
3085 1034 3278 1103 seipsis
3292 1034 3510 1103 genuis-

1943 1134 2084 1188 sent,
2108 1126 2368 1195 scriptum
2401 1133 2486 1178 est
2511 1124 2883 1188 nihilominus,
2914 1124 3034 1193 feci,
3065 1126 3294 1192 possedi,
3330 1125 3506 1194 {actus

1940 1225 2037 1270 est.
2069 1213 2336 1281 Quocirca
2356 1215 2470 1283 jam
2502 1229 2726 1268 necesse
2751 1223 2834 1268 est
2861 1224 2918 1267 ut
2941 1215 3018 1268 illi
3059 1214 3151 1268 Dei
3179 1215 3388 1281 hostes,
3409 1215 3504 1284 qui

1939 1307 2344 1378 propugnandze
2375 1305 2597 1360 haeresis
2627 1320 2792 1359 causa
2835 1305 3146 1375 hujusmodi
3178 1322 3321 1376 saepe
3351 1307 3506 1376 obje-

1939 1411 2062 1450 cere
2089 1396 2335 1460 voculas,
2371 1411 2492 1449 seio
2517 1395 2707 1450 saltem
2738 1410 2802 1448 ex
2826 1395 2911 1449 bis
2933 1412 3052 1464 qua:
3079 1397 3318 1452 diximus
3347 1413 3504 1453 suam

1937 1483 2211 1552 deponant
2257 1484 2610 1545 sententiam,
2659 1498 2724 1536 ac
2759 1483 3012 1553 deinceps
3049 1488 3285 1542 sentiant
3321 1487 3504 1544 Domi-

1938 1589 2067 1628 num
2099 1589 2284 1628 verum
2331 1573 2558 1639 Filium,
2585 1572 2820 1628 Verbum
2866 1585 2920 1629 et
2965 1576 3296 1645 Sapientiam
3325 1577 3504 1637 Patris

1935 1679 2077 1728 esse,
2106 1681 2214 1719 non
2253 1674 2432 1718 autem
2472 1680 2583 1718 rem
2616 1665 2813 1721 factam
2865 1667 2948 1721 vel
2995 1678 3255 1723 creatam.
3285 1669 3418 1726 Nam
3455 1672 3502 1727 si

1934 1771 2022 1811 res
2048 1756 2188 1811 facta
2224 1769 2369 1812 esset
2400 1755 2592 1817 Filius.
2630 1757 2683 1810 in
2730 1773 2969 1827 quonam
3012 1759 3128 1828 ipse
3172 1760 3338 1815 verbo
3367 1777 3504 1830 qua-

1939 1863 2134 1903 namve
2181 1849 2236 1902 in
2276 1849 2540 1918 sapientia
2572 1847 2750 1904 lactus
2797 1848 3194 1906 esset?0mnia
3231 1851 3498 1920 siquidem

1864 1931 1908 1988 Β
1934 1953 2096 2009 Opera
2146 1957 2243 2010 per
2296 1939 2534 1995 Verbum
2567 1950 2622 1995 et
2667 1939 3000 2011 Sapientiam
3054 1942 3196 1998 facta
3240 1953 3387 2007 sunt,
3420 1943 3500 1998 uti

1933 2030 2191 2098 scniptum
2244 2039 2327 2085 est
2379 2048 2392 2084 :
2439 2029 2632 2085 Omnia
2681 2033 2734 2085 in
2795 2030 3071 2101 Sapientia
3112 2033 3351 2102 fecisti”
3378 2049 3393 2087 :
3421 2044 3496 2099 et,

1935 2120 2126 2174 Omnia
2156 2137 2248 2190 per
2274 2122 2443 2189 ipsum
2466 2123 2612 2190 facta
2655 2132 2797 2188 sunt,
2821 2131 2871 2177 et
2900 2125 3011 2177 sine
3051 2125 3164 2193 ipso
3193 2125 3390 2194 factum
3419 2136 3499 2180 est

1930 2211 2063 2264 nihil
2080 2212 2150 2267 “.
2171 2212 2227 2266 Si
2247 2227 2411 2282 porro
2438 2213 2552 2282 ipse
2581 2223 2662 2269 est
2679 2213 2842 2286 374
2860 2213 3098 2270 Verbum
3128 2225 3183 2272 et
3221 2216 3496 2287 Sapientia

1929 2306 1984 2360 in
2026 2323 2132 2377 qua
2164 2309 2348 2364 omnia
2397 2308 2551 2376 ﬁunt,
2587 2325 2692 2363 non
2732 2311 2898 2381 igitur
2920 2325 2985 2364 ex
3024 2325 3214 2366 eorum
3263 2325 3497 2366 numero

1927 2409 2010 2453 est
2031 2415 2152 2467 qua:
2177 2399 2334 2466 fiunt,
2357 2414 2423 2455 ac
2461 2401 2612 2454 nullo
2636 2401 2799 2457 modo
2825 2416 2914 2456 res
2941 2410 3024 2457 est
3043 2412 3246 2468 creata,
3274 2402 3366 2458 sed
3393 2399 3498 2457 Pa-

1930 2490 2031 2546 tris
2059 2499 2144 2546 est
2169 2490 2327 2547 fetus.

1995 2581 2048 2635 6.
2087 2581 2338 2652 Namque
2358 2584 2620 2638 attendite
2654 2591 2894 2652 quantus
2927 2583 2998 2638 sit
3025 2597 3198 2648 error,
3249 2581 3342 2636 Dei
3370 2580 3498 2637 Ver-

1925 2675 2054 2730 bum
2079 2692 2217 2745 opus
2241 2676 2528 2745 appellare.
2565 2674 2824 2730 Salomon
2862 2673 3044 2744 aliquo
3070 2674 3124 2728 in
3159 2673 3282 2728 loco
3308 2671 3496 2728 Eccle-

1925 2763 2107 2818 siastis
2135 2765 2252 2818 ait:
2290 2763 2597 2818 Universum
2641 2780 2769 2830 opus
2808 2762 2951 2816 Deus
2999 2763 3223 2816 adducet
3249 2762 3303 2815 in
3336 2761 3493 2832 judi-

1925 2854 2063 2907 cium
2096 2871 2190 2923 pro
2213 2856 2356 2909 omni
2379 2864 2578 2922 errato,
2626 2855 2730 2909 sive
2766 2854 2955 2908 bonum
2987 2855 3092 2908 sive
3130 2853 3328 2907 malum
3359 2852 3492 2906 illud

1922 2948 1992 3001 sit
2013 2947 2080 3001 ³⁸.
2109 2945 2248 3002 Num
2283 2963 2434 3020 ergo,
2466 2949 2513 3003 si
2545 2963 2681 3018 opus
2703 2955 2787 3002 est
2829 2945 3092 3011 Verbum,
3131 2945 3188 3000 in
3225 2944 3491 3014 judicium

1922 3055 2142 3110 quoque
2171 3043 2469 3096 secundum
2517 3057 2614 3096 vos
2655 3040 2989 3096 adducetur?
3035 3037 3139 3093 Ubi
3186 3038 3350 3109 igitur
3375 3039 3492 3108 jam

1917 3131 2182 3200 judicium
2218 3133 2458 3187 futurum
2480 3142 2584 3200 est,
2613 3133 2658 3188 si
2685 3133 2799 3202 ipse
2821 3131 2986 3201 judex
3012 3130 3291 3200 judicetur
3311 3131 3335 3184 l
3355 3129 3492 3197 Quis

256 3217 478 3287 νομένου
507 3218 602 3271 τοῦ
652 3219 882 3292 κριτοῦ;
932 3223 1015 3286 τίς
1047 3223 1102 3276 δὲ
1143 3227 1256 3288 τοῖς
1304 3226 1402 3296 μὲν
1451 3227 1680 3292 δικαίοις
1722 3230 1821 3295 τὰς

1928 3222 2080 3291 iustis
2105 3223 2532 3288 benedictiones,
2567 3231 2622 3278 et
2650 3223 2889 3294 indignis
2917 3223 3184 3293 supplicia
3205 3221 3489 3288 retribuet,

256 3309 502 3379 εὐλογίας
545 3310 748 3377 δώσει,
789 3315 900 3378 τοῖς
946 3315 1001 3367 δὲ
1052 3316 1290 3380 ἀναξίοις
1343 3318 1442 3382 τὰς
1493 3321 1769 3392 ἐπιτιμίας
1796 3362 1812 3387 ,

1928 3329 2040 3370 cum
2065 3314 2179 3383 ipse
2213 3315 2474 3370 Dominus
2495 3314 2800 3370 secundum
2823 3329 2921 3370 vos
2944 3331 3068 3370 cum
3096 3313 3354 3370 omnibus
3382 3321 3492 3369 stet

254 3403 544 3473 ἑστηκότος
583 3404 679 3458 τοῦ
711 3406 914 3476 Κυρίου
953 3407 1075 3461 καθ’
1129 3409 1274 3480 ὑμᾶς
1315 3412 1452 3480 μετὰ
1500 3415 1714 3468 πάντων
1761 3416 1820 3469 ὲν

255 3495 457 3563 κρίσεις
495 3495 640 3566 Ποίῳ
672 3497 729 3550 δὲ
769 3498 862 3552 καὶ
889 3501 1038 3570 νόμῳ
1069 3501 1384 3572 κριθήσεται
1417 3504 1576 3568 αὐτὸς
1602 3507 1630 3558 6
1657 3523 1818 3576 νομο-

256 3583 454 3655 θὲτηςς
488 3585 674 3639 Ταῦτα
721 3586 828 3640 τῶν
868 3589 1186 3660 ποιημάτων
1228 3590 1332 3644 ἴδιά
1356 3593 1505 3654 ἐστι,
1539 3591 1599 3644 τὸ
1640 3593 1818 3664 κρίνε-

253 3675 374 3729 σθαι
398 3717 413 3738 ,
442 3677 505 3730 τὸ
537 3679 688 3748 παρὰ
721 3679 813 3732 τοῦ
854 3681 988 3734 Υἱοῦ
1027 3682 1363 3751 εὐλογεῖσθαι
1412 3684 1522 3754 (77)
1555 3685 1648 3737 καὶ
1693 3687 1816 3738 ὲπι-

251 3769 528 3838 τιμᾶσθαι.
563 3769 838 3842 Φοϐήθητε
863 3771 1046 3826 λοιπὸν
1067 3774 1157 3828 τὸν
1195 3774 1404 3846 κριτὴν,
1440 3777 1533 3829 καὶ
1562 3774 1814 3847 πείσθητε

250 3858 325 3927 τῷ
355 3859 627 3931 Σολομῶνι
659 3860 889 3930 λέγοντι.
919 3864 980 3916 Εἰ
1003 3863 1111 3936 γὰρ
1136 3864 1356 3934 σύμπαν
1382 3866 1441 3918 τὸ
1467 3865 1676 3936 ποίημα
1699 3866 1815 3932 ἄξει

251 3949 278 4000 6
304 3949 434 4012 Θεὸς
465 3953 546 4013 εἰς
589 3952 793 4022 κρίσιν,
827 3953 856 4005 6
891 3953 948 4006 δὲ
981 3945 1108 4017 Υίδς
1135 3955 1234 4007 οὐκ
1272 3953 1390 4008 ἐστι
1426 3955 1533 4008 τῶν
1565 3956 1816 4027 κρινομέ-

249 4057 369 4102 νων.
398 4041 535 4098 ἀλλὰ
565 4044 660 4096 καὶ
694 4044 890 4113 μᾶλλον
922 4045 1034 4115 (78)
1069 4046 1398 4117 συμπάντων
1436 4047 1544 4099 τῶν
1572 4047 1812 4118 ποιημά-

247 4142 350 4180 των
401 4130 566 4194 αὑτός
601 4131 749 4184 ἐστιν
797 4133 826 4184 6
865 4136 1101 4205 κριτής·
1150 4135 1268 4199 πῶς
1322 4137 1382 4189 οὐ
1439 4136 1812 4207 λαμπρότερον

245 4215 394 4284 ἡλίου
430 4219 703 4276 δείκνυται
734 4223 808 4293 μὴ
841 4224 1050 4294 ποίημα
1069 4223 1144 4277 ὢν
1172 4225 1200 4276 6
1233 4218 1547 4288 regem:
1575 4227 1666 4280 τοῦ
1698 4229 1812 4281 Πα-

245 4305 367 4376 τρὸς
403 4308 515 4379 (79)
549 4311 739 4379 Λόγος,
788 4313 846 4365 ὲν
876 4307 920 4378 ᾧ
944 4311 1013 4366 τὰ
1043 4314 1320 4385 ποιήματα
1358 4316 1567 4384 γίνεταί
1613 4335 1672 4370 τε
1718 4317 1811 4371 καὶ

243 4398 522 4468 κρίνεται;
556 4401 621 4452 El
645 4402 712 4464 δ’,
743 4402 824 4455 ὅτι
851 4402 1180 4473 γέγραπται,
1205 4404 1423 4458 πιστὸν
1453 4407 1617 4470 ὄντα,
1649 4408 1809 4461 πάλιν

242 4491 496 4561 ταράττει
543 4492 738 4556 αὐτοὺς
785 4493 1121 4564 νομίζοντας,
1161 4494 1235 4558 ὡς
1280 4495 1373 4548 ἐπὶ
1413 4497 1629 4549 πάντων
1660 4498 1810 4566 λέγε-

247 4581 386 4648 σθαι,
419 4584 514 4635 καί
543 4584 630 4636 ἐπ’
664 4583 829 4638 αὐτοῦ
855 4583 936 4648 τὸ,
967 4586 1207 4652 πιστὸν,
1241 4587 1322 4638 ἔτι
1354 4587 1624 4640 πιστεύων
1659 4588 1810 4640 ὲκδέ-

1920 3404 2244 3474 in.judicio?
2279 3404 2394 3471 Qua
2432 3421 2592 3475 porro
2622 3405 2738 3476 lege
2757 3405 2873 3475 ipse
2904 3405 3184 3476 legislator
3213 3403 3489 3474 judicabi-

1919 3493 2048 3547 tur?
2071 3492 2196 3548 llaec
2230 3495 2417 3564 utique
2442 3510 2622 3548 rerum
2656 3494 2923 3548 factarum
2962 3493 3182 3564 propria
3217 3503 3366 3557 sunt,
3399 3493 3490 3563 ju-

1917 3583 2108 3650 dicari,
2136 3599 2166 3638 a
2206 3585 2344 3640 Filio
2369 3586 2614 3642 benedici
2641 3594 2695 3641 et
2715 3586 2918 3657 puniri.
2947 3585 3066 3640 lam
3098 3601 3228 3654 ergo
3249 3586 3486 3656 judicem

1916 3673 2122 3738 timete,
2155 3685 2208 3730 et
2233 3675 2510 3730 Salomoni
2546 3676 2869 3731 auscultate.
2906 3673 3042 3730 Nam
3086 3676 3132 3730 si
3167 3677 3485 3730 universum

1916 3778 2054 3834 opus
2089 3764 2231 3820 Deus
2261 3766 2493 3820 adducet
2517 3767 2570 3819 in
2600 3765 2867 3834 judicium
2889 3807 2907 3832 ,
2943 3765 3058 3835 ipse
3097 3774 3276 3820 autem
3310 3764 3488 3819 Filius

1915 3870 2024 3909 non
2059 3865 2379 3910 numeratur
2414 3857 2552 3910 inter
2582 3870 2676 3910 eos
2701 3855 2793 3924 qui
2823 3853 3154 3924 judicantur.
3183 3854 3278 3910 sed
3304 3855 3486 3924 potius

1915 3944 2031 4014 ipse
2062 3944 2444 4000 universorum
2470 3959 2693 4014 Operum
2710 3943 2873 4014 judex
2894 3953 2977 3999 est
2998 3959 3213 3999 :annon
3246 3945 3360 4001 sole
3384 3944 3489 4000 cla-

1918 4037 2035 4089 rius
2064 4046 2146 4090 est
2177 4036 2374 4090 Filium
2409 4052 2518 4091 non
2549 4051 2670 4091 esse
2693 4051 2854 4106 opus,
2877 4036 2971 4092 sed
2990 4034 3168 4091 Patris
3195 4052 3318 4093 esse
3351 4034 3488 4091 Ver-

1912 4127 2064 4192 bum,
2107 4127 2158 4180 in
2198 4141 2309 4197 quo
2349 4141 2512 4196 opera
2545 4135 2599 4181 et
2641 4127 2778 4180 liunt
2814 4135 2869 4180 et
2903 4126 3255 4197 judicantur?
3278 4125 3516 4193 Quodsi'

1913 4225 2044 4280 illud
2079 4226 2224 4296 quod
2271 4225 2533 4294 scriptum
2576 4233 2696 4288 est,
2737 4223 2827 4292 qui
2864 4222 3040 4292 ﬁdelis
3077 4233 3154 4276 est
3191 4221 3256 4288 “,
3292 4236 3485 4278 rursus
3553 4228 3558 4231 “

1911 4318 2034 4373 illos
2065 4318 2372 4383 conturbet,
2410 4316 2739 4387 perindeque
2763 4316 2830 4370 de
2859 4316 2953 4371 illo
3004 4330 3068 4370 ac
3115 4315 3184 4370 de
3223 4314 3484 4370 omnibus

1910 4425 2121 4472 vocem,
2174 4407 2370 4475 ﬁdelis,
2422 4407 2622 4462 dictam
2670 4414 2884 4476 putent,
2925 4407 3060 4476 quia
3103 4405 3313 4461 scilicet
3360 4420 3483 4460 cre-

1909 4501 2088 4554 dendo
2129 4500 2253 4554 lidei
2316 4499 2620 4553 mercedem
2665 4499 2898 4568 recipit:
2927 4497 3170 4568 profecto
3210 4505 3382 4553 restat
3424 4507 3485 4550 ut

1908 4588 2100 4643 eadem
2133 4589 2200 4644 de
2229 4604 2396 4644 causa
2419 4585 2658 4659 Moysem
2693 4587 3000 4658 increpent,
3023 4588 3118 4658 qui
3149 4601 3342 4657 nempe
3368 4585 3479 4641 ait:

310 4720 355 4752 “
389 4719 533 4774 Psal.
571 4735 691 4787 cm,
716 4721 807 4775 24.
884 4721 925 4753 δ’
953 4721 1112 4778 loan.
1143 4737 1182 4788 ι,
1214 4724 1267 4777 5.
1348 4723 1394 4755 ⁸³
1424 4723 1631 4779 Eccles.
1661 4741 1760 4787 xu,
1814 4727 1823 4778 4

1981 4725 2026 4758 ⁸³
2060 4724 2224 4780 Ilebr.
2273 4740 2357 4788 ιιι,
2391 4723 2448 4777 2.

313 4827 424 4902 (69)
465 4828 694 4902 Sgguer.
733 4841 784 4886 et
824 4831 968 4902 Felc.
1013 4835 1066 4898 4,
1099 4833 1131 4901 ἢ
1174 4835 1406 4902 ἐγένετο.
1444 4835 1588 4889 Felc.
1632 4837 1682 4901 5,
1714 4839 1807 4891 καὶ
1839 4845 1883 4895 D

244 4897 673 4973 tréwto._lfaulo
692 4913 814 4973 post
848 4901 1070 4970 Seguer.
1101 4897 1228 4973 Reg:
1263 4905 1407 4958 Felc.
1431 4906 1484 4968 5,
1515 4907 1628 4959 ἀλλ’
1658 4897 1806 4961 ἀδια-

242 4970 440 5093 ἓὸξιθυς.
467 4970 575 5024 Alii
599 4979 654 5025 et
674 4972 838 5026 editio
869 4973 1158 5040 Comtnel.,
1184 4970 1322 5028 ἀλλὰ
1351 4975 1638 5047 διαφόρως,
1659 4995 1808 5032 men-

282 5058 316 5090 0
381 5079 392 5089 .

282 5055 373 5092 058
381 5079 392 5089 .

310 5110 421 5180 (70)
463 5109 554 5166 Sic
587 5110 812 5181 Seguer.
844 5110 1064 5166 Gobler.
1096 5125 1149 5167 ct
1173 5113 1318 5168 Felc.
1350 5114 1374 5168 l
1403 5124 1458 5170 et
1484 5114 1535 5167 4.
1563 5113 1618 5169 In
1645 5116 1806 5172 editis

239 5189 293 5232 et
329 5181 448 5233 aliis
498 5181 590 5233 καί
621 5181 793 5236 deest.

310 5250 361 5317 (7
374 5250 421 5322 ΙΑ)
456 5249 547 5322 Sic
575 5249 799 5321 Seguer.
826 5251 958 5319 Reg.
983 5251 1148 5306 Basil.
1177 5252 1387 5322 Anglic.
1412 5255 1630 5310 Gobler.
1660 5256 1807 5312 Fclc.

239 5318 262 5370 1
294 5330 344 5372 et
373 5320 424 5372 4.
455 5320 509 5374 In
541 5318 670 5376 aliis
686 5330 867 5376 autem
898 5318 951 5375 et
978 5323 1136 5379 editis
1167 5318 1318 5378 deest
1359 5325 1526 5377 ἐστιν.

308 5391 420 5462 (72)
454 5391 547 5462 Sic
590 5389 819 5462 Seguer.
849 5392 1066 5446 Gobler.
1105 5403 1158 5446 et
1184 5393 1326 5448 Felc.
1375 5397 1397 5447 l
1434 5405 1489 5448 et
1515 5395 1568 5449 4.
1619 5397 1810 5452 Οεειθτί

236 5461 774 5536 et_edi_ti_orni_ttunt
811 5465 868 5515 ἐν
907 5463 1055 5536 ποία.
1084 5462 1291 5536 ibidem
1331 5464 1590 5536 _Seguer.,
1622 5468 1810 5536 γέγονε

239 5531 332 5605 καὶ
367 5531 548 5605 αὐτός.
579 5530 719 5605 Μοπ-
741 5531 966 5605 Seguer.
998 5530 1302 5605 Gobler._et
1331 5530 1473 5590 Felc.
1506 5537 1558 5599 i,
1587 5530 1811 5605 τῆς’Σοο

237 5597 359 5676 φίας
402 5601 592 5676 γέγονε
621 5597 1172 5676 καθῲς’γὲγραπται.
1213 5602 1446 5676 Fclc._4,
1476 5597 1572 5676 τῆς
1601 5597 1803 5676 Σοφίας

238 5668 416 5752 γέγονε
467 5668 572 5752 ’καὶ
621 5673 776 5752 ἀὑτᾲ
837 5668 1301 5744 ὡς’γέγραπται.
1362 5668 1797 5748 ΕόὶιΓειΙὶίιίυρ,

232 5742 327 5808 τῆς
355 5742 568 5812 Σοφέας,
604 5745 683 5806 ὡς
711 5742 1042 5813 γέγραπται.

299 5813 404 5883 (75)
444 5812 909 5885 δεευεῐὶεῃητὰ
958 5813 1152 5868 πάντα.
1197 5812 1318 5868 Mox
1353 5814 1531 5872 Felck.
1582 5816 1634 5885 4,
1667 5817 1800 5872 Οὐδὲ

231 5877 351 5950 ὅλως
383 5877 490 5940 τῶν
511 5877 822 5955 γεννητῶν.

1982 4839 2093 4909 (74)
2133 4838 2287 4906 Reg.,
2315 4840 2616 4891 σκοπεῖται.
2646 4837 2749 4891 Alii
2776 4851 2985 4909 fomnes
3004 4851 3160 4909 mss,
3205 4839 3476 4909 σκοπεῖτε,

1942 4907 2081 4963 ditio
2097 4909 2382 4970 Cornmel.,
2405 4911 2624 4961 σκοπεῖν
2670 4926 2750 4960 τε.
2774 4908 2904 4964 Ibid.
2935 4907 3480 4977 Seguerian.,6n6:ov

1920 4978 2220 5050 exsudEditi
2248 4987 2299 5032 el
2327 4978 2436 5050 alii,
2461 4978 2622 5050 πόσον
2647 4977 2780 5050 ἔχει.

1982 5048 2094 5117 (75)
2132 5048 2474 5117 Seguerian.,
2508 5048 2598 5100 καὶ
2630 5048 2746 5100 ἐάν.

1985 5115 2097 5187 (76)
2134 5115 2224 5172 Sic
2255 5117 2569 5186 chucrian.
2606 5117 2917 5172 Goblerian.
2948 5115 3304 5187 P‘elckmanJ
3339 5123 3394 5168 et
3421 5115 3475 5168 5.

1913 5186 2092 5242 Editio
2121 5189 2382 5242 Commel.
2415 5196 2466 5258 et
2496 5187 2608 5258 alii,
2635 5191 2764 5258 παρ’
2807 5186 3154 5258 ὑμῖν.ΡειιιΙο
3184 5193 3306 5258 post
3339 5201 3473 5258 mss.

1913 5275 2122 5322 omnes,
2155 5261 2267 5322 τοῖς
2307 5259 2404 5329 μὲν
2443 5257 2689 5323 δικαίοις,
2720 5254 2822 5310 ιιιιὶ
2847 5254 3013 5310 editio
3055 5254 3321 5309 Commel.
3377 5254 3476 5325 μὲν

1910 5329 2128 5383 omittit.
2166 5363 2178 5372 .

1986 5399 2098 5467 (77)
2135 5396 2451 5467 Segucrian.
2483 5405 2537 5450 et
2562 5396 2874 5467 Felckman.
2905 5394 2939 5447 4
2971 5393 3193 5467 addunt,
3231 5393 3324 5467 καὶ
3354 5395 3474 5448 ἔπι-

1913 5463 2345 5538 τιμᾶσθαι,’‹μιειξ
2367 5469 2418 5519 in
2453 5467 2573 5538 aliis
2598 5466 2842 5538 retieditis
2871 5467 3084 5538 desunt.
3115 5463 3238 5538 Mox
3269 5465 3474 5535 Segne-

1919 5533 2082 5598 rian.,
2109 5537 2363 5606 πείσθητε
2381 5535 2570 5606 καὶᾼτῷ
2592 5536 2886 5606 Σολομῶνις
2902 5536 2960 5606 Δεί
2989 5533 3362 5606 γὰρᾼσύμπανζ

1913 5643 1917 5646 -
1979 5608 2091 5674 (78)
2127 5603 2342 5662 Gobler.
2384 5616 2437 5657 et
2469 5604 2703 5674 Felckm.
2728 5603 2792 5674 7i,
2829 5603 2968 5674 ἀλλὰ
2999 5603 3205 5674 μᾶλλον
3231 5603 3466 5657 πάντων.

1907 5673 2026 5730 Mox
2059 5673 2283 5746 Seguer.
2315 5684 2369 5730 et
2400 5673 2638 5727 Fclt'kllt.
2673 5673 2728 5736 4,
2757 5673 3050 5726 δείκνυται.
3081 5673 3221 5728 Editi
3263 5682 3317 5728 et
3355 5674 3468 5738 alii,

1906 5747 2186 5800 δέδεικται.

1978 5817 2088 5885 (79)
2118 5817 2207 5868 Sic
2233 5811 2548 5885 Sequerinn.
2583 5821 2634 5865 et
2656 5813 2784 5885 Reg.
2801 5811 2948 5885 Editi
2975 5829 3102 5868 vero
3127 5813 3312 5885 etalil.
3332 5812 3360 5865 ὁ
3377 5811 3472 5866 Λό-

1909 5881 2018 5950 γος.
2054 5881 2254 5941 Ibidem
2289 5881 2676 5953 Seguerianus.
2711 5884 3026 5940 Goblerian.
3070 5895 3122 5939 et
3157 5882 3467 5938 Fcltknian.
