3972 6224
451 567 559 608 t-nt
588 574 603 610 :
631 551 838 609 Fidelis
870 553 1029 620 Deus,
1085 556 1172 625 qui
1199 572 1301 608 non
1339 556 1573 626 patietur
1598 572 1685 608 vos
1715 555 1909 608 tentari
1940 569 2030 607 su-

451 663 551 715 pra
578 647 634 700 id
665 647 804 717 quod
826 647 1042 716 potestis
1070 646 1136 701 ³⁵⁸.
1169 645 1368 701 Verum
1412 647 1584 702 sancti
1614 647 1707 715 qui
1733 646 1806 700 ita
1835 647 2027 715 loque-

453 737 676 801 bantur,
701 753 809 792 non
840 737 1076 790 humana
1110 736 1176 790 de
1223 736 1334 790 Deo
1363 737 1696 806 cogitabant,
1743 735 1838 790 sed
1864 749 2030 788 nove-

454 838 582 883 rant
607 828 876 895 duplicem
905 824 1024 882 es'se
1052 828 1222 889 vocis,
1264 828 1458 897 ﬁdelis,
1504 827 1646 895 apud
1691 824 2028 895 Scripturam

456 919 909 990 signiﬁcationem
944 937 958 972 :
1007 919 1213 973 scilicet
1251 919 1521 972 interdum
1563 934 1686 972 eum
1734 917 1826 988 qui
1859 918 2030 972 credit

458 1011 790 1082 signiﬁcare,
829 1009 1104 1064 interdum
1137 1025 1265 1064 vero
1303 1024 1428 1063 eum
1465 1010 1558 1078 qui
1587 1010 1784 1079 dignus
1814 1019 1897 1064 est
1941 1009 2030 1064 cui

457 1105 718 1159 credatur
741 1121 755 1157 :
779 1103 1017 1172 priorem
1043 1116 1208 1171 porro
1229 1101 1684 1172 signiﬁcationem
1712 1103 2027 1156 hominibus

457 1193 787 1259 convenire;
851 1192 1242 1261 posteriorem,
1306 1192 1438 1246 Deo.
1501 1193 1690 1261 Itaque
1731 1193 1904 1246 ﬁdelis
1949 1201 2032 1248 est

440 1266 734 1338 'Ahraham
757 1323 772 1348 ,
816 1283 944 1352 quia
974 1281 1217 1351 loquenti
1256 1281 1367 1336 Deo
1401 1283 1630 1336 credidit
1659 1302 1671 1337 :
1713 1282 1887 1337 ﬁdelis
1933 1298 2032 1336 au-

457 1385 567 1430 tem
594 1373 734 1429 Dens
755 1383 856 1438 est,
887 1374 1036 1443 quia,
1065 1382 1126 1426 ut
1152 1373 1303 1427 canit
1328 1373 1519 1436 David,
1568 1373 1771 1427 Fidelis
1807 1383 1883 1427 est
1918 1373 2027 1427 Do-

460 1467 632 1520 minus
657 1467 711 1520 in
740 1464 975 1518 omnibus
1000 1467 1166 1518 verbis
1199 1467 1309 1520 suis
1335 1466 1403 1531 “,
1435 1467 1741 1535 dignusque
1789 1465 1890 1520 ﬁde
1925 1474 2028 1531 est,

458 1573 559 1613 nec
584 1559 696 1613 ﬁeri
738 1568 916 1627 potest
945 1567 1002 1612 ut
1041 1557 1158 1626 ipse
1202 1558 1516 1611 mentiatur.
1549 1557 1680 1611 Item
1703 1598 1717 1623 ,
1744 1557 1804 1612 Si
1829 1573 1933 1627 qua
1971 1557 2032 1627 ﬁ-

457 1651 591 1706 delis
649 1650 993 1706 viduashabet
1033 1649 1099 1712 ",
1149 1651 1263 1704 haec
1326 1649 1504 1704 ﬁdelis
1556 1650 1860 1720 appellatur
1900 1650 2030 1719 quia

457 1751 602 1796 recte
634 1742 827 1796 credit.
858 1741 1057 1795 Fidelis
1092 1750 1274 1794 autem
1308 1755 1490 1795 sermo
1521 1751 1604 1796 est
1623 1741 1686 1806 “,
1714 1741 1844 1811 quia
1883 1739 2030 1810 quod

459 1832 619 1895 dixit.
653 1835 798 1887 credi
836 1833 998 1887 debet
1034 1850 1047 1885 :
1077 1831 1344 1901 siquidem
1377 1831 1431 1885 id
1457 1848 1640 1886 verum
1666 1807 1770 1897 est,
1802 1807 1915 1886 nec
1935 1832 2034 1887 ali-
2065 1807 2106 1865 Β

455 1933 540 1978 ter
566 1925 682 1979 ﬁeri
726 1934 927 1994 potest.
965 1923 1154 1994 itaque
1200 1924 1331 1978 illud
1381 1925 1544 1992 etiam
1590 1924 1736 1993 quod
1769 1924 2033 1992 scriptum

453 2022 560 2078 est,
592 2011 696 2077 Qui
715 2011 886 2080 ﬁdelis
917 2021 992 2065 est
1018 2013 1065 2066 ei
1096 2014 1184 2082 qui
1209 2014 1330 2083 fecit
1354 2011 1529 2077 illum,
1550 2012 1685 2066 nihil
1709 2012 1886 2066 simile
1908 2028 2033 2067 cum

455 2105 578 2157 aliis
610 2103 788 2167 habet,
837 2117 939 2158 nec
981 2104 1027 2158 is
1061 2104 1180 2171 ejus
1224 2112 1307 2159 est
1333 2119 1550 2168 sensus,
1582 2104 1726 2172 quod
1775 2103 1866 2158 ille
1915 2119 2033 2158 cre-

456 2194 636 2248 dendo
663 2202 849 2263 gratus
899 2203 984 2248 est
1019 2195 1264 2260 eﬂ'ectus,
1313 2195 1406 2251 sed
1439 2195 1585 2264 quod
1615 2210 1740 2250 cum
1770 2195 1883 2248 veri
1943 2192 2035 2249 Dei

457 2283 531 2338 sit
556 2283 747 2349 Filius,
785 2284 958 2339 ﬁdelis
983 2286 1096 2356 ipse
1122 2302 1340 2355 quoque
1361 2295 1463 2351 est,
1492 2286 1651 2355 eique
1677 2285 1729 2340 in
1755 2287 2033 2353 omnibus,

455 2391 579 2444 quae
607 2376 805 2431 dixerit
841 2376 1115 2444 feceritve,
1142 2379 1272 2434 ﬁdes
1310 2386 1395 2433 est
1427 2378 1754 2434 adhibenda.
1783 2377 2034 2449 Namque

457 2463 818 2520 immutabilis
872 2475 1172 2535 permanet,
1209 2482 1310 2522 nec
1348 2467 1402 2522 in
1453 2483 1554 2523 sua
1587 2470 1826 2524 humana
1860 2469 2035 2523 admi~

457 2555 782 2612 nistratione
813 2567 907 2613 aut
934 2573 1201 2629 corporeo
1241 2560 1475 2616 adventu
1529 2561 1695 2616 ullam
1728 2561 1895 2618 subiit
1913 2577 2036 2616 mu-

461 2649 746 2704 tationem.

535 2759 588 2814 7.
624 2757 715 2813 Sic
759 2774 890 2830 ergo
924 2761 1139 2815 retundi
1179 2770 1357 2831 potest
1411 2761 1630 2816 illorum
1671 2761 2032 2833 impudentia,

461 2850 689 2917 solaque
713 2865 781 2904 ex
822 2851 925 2905 hac
970 2852 1229 2915 dictione,
1282 2853 1428 2922 fecit,
1479 2861 1728 2908 errantes
1761 2868 1857 2909 eos
1889 2855 2036 2909 arbi-

458 2947 776 3008 trantesque
811 2938 904 2993 Dei
933 2937 1169 2994 Verbum
1196 2940 1395 2996 factum
1426 2957 1566 3007 esse,
1597 2942 1914 2999 facillimum
1951 2953 2036 3000 est

460 3029 730 3085 refellere.
758 3029 1102 3101 Quapmpter
1131 3049 1255 3087 cum
1288 3043 1468 3090 rectus
1509 3035 1580 3090 sit
1611 3035 1825 3090 illorum
1848 3036 2037 3092 verbo-

1022 344 1080 400 S.
1121 343 1498 401 ATHANASII
1535 344 1688 402 OPP.
1732 343 1912 400 PARS
1947 342 1988 398 1.
2027 371 2094 384 —
2134 341 2504 399 HISTORICA
2555 343 2638 397 ET
2677 339 3094 398 DOGMATICA.

454 465 593 519 Deus
623 463 798 534 ﬁdelis
846 471 896 516 et
940 479 1088 516 verus
1123 462 1208 528 εις
1251 477 1351 518 nec
1378 479 1486 519 non
1513 463 1742 518 Paulum
1794 462 2035 518 scriben-

2144 477 2290 530 χεται
2315 465 2415 533 τῆς
2458 461 2691 524 πίστεως
2716 459 2808 514 τὸν
2855 457 3076 530 μισθόν·
3120 457 3236 529 ὥρα
3276 459 3371 511 καὶ
3412 457 3500 512 διὰ
3539 459 3694 515 τοῦτο

3583 340 3688 397 160

2133 551 2292 606 πάλιν
2323 553 2519 615 αὐτοὺς
2560 550 2806 620 ἐγκαλεῖν
2855 551 3044 604 Μωσεί
3079 547 3188 620 (80)
3222 549 3318 621 μὲν
3356 549 3586 618 λέγοντι·
3627 550 3692 605 '0

2133 643 2276 711 Θεὸς
2321 644 2534 711 πιστὸς
2575 643 2674 696 καὶ
2718 643 3005 710 ἀληθινός
3031 657 3045 671 ο
3093 641 3170 712 τῷ
3216 641 3274 695 δὲ
3326 641 3523 712 Παύλῳ
3560 642 3695 714 γρά-

2131 753 2303 805 φοντι·
2337 736 2559 803 Πιστὸς
2592 740 2624 790 ό
2659 735 2833 801 Θεὸς,
2871 734 2937 800 ὃς
2966 737 3075 789 οὐκ
3113 733 3280 789 ἐάσει
3314 733 3469 804 ὑμᾶς
3499 749 3695 804 πεφαρ-

2131 830 2358 897 σθῆναι
2390 834 2544 898 ὑπερ
2571 829 2603 884 ὃ
2647 830 2929 885 δύνασθε.
2979 829 3138 884 Ἀλλὰ
3163 830 3335 884 ταῦτα
3363 830 3611 899 λέγοντες
3645 832 3692 884 oi

2132 924 2298 992 ἅγιοι,
2329 923 2429 975 οὐκ
2456 921 2767 992 ἀνθρώπινα
2795 922 2920 993 περὶ
2943 920 3036 975 τοῦ
3055 920 3189 975 Θεοῦ
3233 921 3547 975 διενοοῦντο·
3580 920 3693 973 ἀλλ’

2133 1011 2427 1079 ἐγίνωσκον
2463 1009 2683 1063 διπλοῦν
2712 1006 2850 1062 εἶναι
2873 1008 2965 1062 τὸν
2997 1008 3119 1062 νοῦν
3149 1011 3206 1062 ὲν
3239 1012 3304 1080 τῇ
3347 1010 3535 1081 Γραφῇ
3565 1011 3694 1080 περὶ

2129 1100 2237 1154 τοῦ
2261 1101 2506 1154 πιστοῦ·
2531 1101 2592 1152 τὸ
2621 1100 2718 1170 μὲν
2742 1101 2816 1163 ὡς
2842 1099 3092 1152 πιστεύον
3111 1099 3240 1170 (81),
3258 1100 3316 1152 τὸ
3341 1099 3418 1166 δὲ,
3437 1099 3512 1162 ὡς
3543 1098 3692 1164 ἀξιό-

2131 1205 2350 1242 πιστον
2388 1189 2482 1241 καὶ
2530 1188 2589 1241 τὸ
2631 1189 2729 1260 μὲν
2773 1190 2858 1241 ἐπ’
2908 1187 3230 1260 ἀνθρώπων,
3265 1190 3324 1242 τὸ
3348 1189 3406 1243 δὲ
3437 1191 3527 1244 ἐπὶ
3559 1190 3693 1244 Θεοῦ

2130 1280 2412 1353 ἁρμόζειν.
2464 1281 2659 1344 Πιστὸς
2695 1281 2824 1349 γοῦν
2857 1283 2885 1334 ό
2928 1281 3177 1352 Ἀϐραὰμ
3216 1279 3346 1350 (82),
3379 1283 3461 1335 ὅτι
3496 1281 3577 1352 τῷ
3602 1281 3696 1336 λα»

2129 1370 2311 1426 λοῦντι
2348 1372 2674 1426 πεπίστευκε
2715 1371 2854 1444 Θεῷ,
2877 1372 3066 1436 πιστὸς
3101 1373 3158 1425 δὲ
3187 1373 3216 1424 ό
3245 1372 3395 1437 Θεὸς,
3423 1373 3524 1433 ὅτι.
3561 1372 3694 1426 καθ-

2129 1461 2203 1526 ὼς
2228 1462 2417 1532 ψάλλει
2449 1462 2630 1526 Δαϐὶδ,
2663 1464 2884 1528 Πιστός
2917 1463 3087 1516 ἐστιν
3121 1463 3191 1516 ἐν
3249 1461 3400 1518 πᾶσι
3430 1464 3557 1530 τοῖς
3595 1467 3698 1520 .16-

2130 1570 2255 1623 γοις
2283 1553 2468 1606 αὐτοῦ
2498 1557 2531 1607 ὀ
2560 1555 2790 1621 Κύριος,
2821 1556 2914 1608 καὶ
2942 1555 3251 1620 ἀξιόπιστός
3281 1556 3416 1619 ἐστι,
3445 1557 3538 1610 καὶ
3569 1556 3697 1610 ἁδύ-

2130 1645 2286 1698 νατόν
2310 1647 2476 1709 ἐστιν,
2495 1645 2655 1698 αὐτὸν
2675 1646 2994 1715 ψεύσασθαι.
3014 1647 3144 1710 Καὶ,
3167 1647 3240 1701 Εἴ
3253 1648 3343 1714 τίς
3357 1649 3484 1701 ἐστι
3510 1647 3697 1717 πιστὴ

2134 1736 2318 1806 χήρας
2351 1737 2460 1810 (85)
2504 1738 2753 1807 ἔχουσα,
2785 1739 2874 1792 διὰ
2897 1739 2957 1795 τὸ
2987 1740 3166 1802 καλῶς
3199 1739 3492 1804 πιστεύειν,
3531 1741 3696 1812 πιστὴ

2133 1829 2398 1884 καλεῖται.
2436 1830 2631 1895 Πιστὸς
2659 1832 2716 1884 δὲ
2752 1833 2780 1884 ό
2813 1833 3004 1902 Λόγος,
3034 1833 3114 1885 ὅτι
3142 1833 3170 1886 ὃ
3206 1833 3423 1902 εἴρηκεν
3449 1873 3463 1899 ,
3491 1832 3698 1902 ὀφείλει

2134 1919 2515 1974 πιστεύεσθαι·
2559 1922 2753 1993 ἀληθὲς
2779 1923 2886 1994 γάρ
2912 1925 3046 1990 ἐστι,
3076 1924 3170 1977 καὶ
3196 1924 3295 1976 οὐκ
3323 1925 3467 1976 ἐστιν
3501 1924 3696 1988 ἄλλως.

2133 2011 2242 2064 Καὶ
2266 2010 2327 2063 τὸ
2361 2010 2470 2082 (84)
2491 2011 2798 2082 γεγράφθαι
2829 2013 3024 2076 τοίνυν,
3048 2013 3272 2067 Πιστὸν
3300 2016 3441 2068 ὄντα
3465 2014 3544 2079 τῷ
3577 2031 3700 2069 ποι-

2132 2101 2353 2166 ήσαντι
2401 2101 2608 2167 αὐτὸν,
2641 2104 2700 2156 ού
2733 2103 2869 2176 πρὸς
2899 2104 3091 2168 ἄλλους
3119 2105 3231 2176 ἔχει
3258 2107 3356 2176 τὴν
3381 2107 3696 2176 ὁμοιότητα’

2133 2192 2244 2246 οὐδ’
2271 2193 2351 2245 ὅτι
2385 2191 2671 2257 πιστεύων,
2708 2193 2997 2264 εὐάρεστος
3032 2195 3274 2264 γέγονεν,
3311 2196 3424 2250 ἀλλ’
3461 2199 3541 2250 ὅτι
3573 2197 3699 2262 Υἱὸς

2133 2282 2209 2337 ὢν
2245 2284 2338 2337 τοῦ
2373 2283 2624 2354 ἀληθινοῦ
2652 2285 2808 2348 Θεοῦ,
2849 2287 3037 2350 πιστός
3080 2288 3195 2340 ἐστι
3230 2287 3323 2341 καὶ
3363 2287 3522 2350 αὐτὸς
3553 2287 3701 2358 ὀφεί-

2133 2375 2240 2429 λων
2279 2375 2647 2440 πιστεύεσθαι,
2675 2378 2731 2429 ὲν
2759 2372 2838 2440 οἷς
2863 2377 2928 2432 ἂν
2951 2378 3081 2452 λέγῃ
3110 2378 3217 2449 (85)
3250 2381 3342 2432 κα).
3372 2383 3518 2452 ποιῇ.
3540 2381 3701 2442 αὐτὸς

2134 2467 2400 2537 ἄτρεπτος
2426 2467 2623 2538 μένων,
2661 2469 2755 2522 καὶ
2790 2469 2864 2540 μὴ
2897 2469 3270 2541 ἁλλοιούμενος
3296 2473 3352 2524 ὲν
3379 2474 3446 2542 τῇ
3487 2471 3701 2544 ἀνθρω-

2135 2559 2266 2631 πίνῃ
2294 2558 2575 2632 οἰκονομίᾳ
2601 2560 2696 2614 καὶ
2725 2563 2790 2631 τῇ
2825 2561 3072 2632 ὲνσάρκῳ
3103 2564 3388 2635 παρουσίᾳ.

2204 2765 2258 2818 7.
2301 2764 2486 2829 Οὕτως
2522 2764 2620 2836 μὲν
2647 2761 2740 2820 οῦν
2777 2767 2840 2822 ἄν
2865 2784 2969 2832 τις,
3003 2767 3138 2841 πρὸς
3171 2767 3271 2840 τὴν
3318 2768 3592 2823 ἀναίδειαν
3619 2770 3705 2822 αύ-

2133 2855 2242 2910 τῶν
2271 2857 2484 2929 χωρῶν,
2507 2856 2728 2911 δύναται
2749 2858 2843 2918 καὶ
2880 2858 2944 2910 ὲκ
2970 2859 3136 2928 μόνης
3155 2858 3274 2929 τῆς,
3305 2857 3579 2925 ἐποίησε,
3616 2859 3703 2912 λέ-

2136 2947 2272 3015 ξεως
2329 2948 2484 3020 (86),
2538 2949 2832 3020 διελέγχειν
2879 2951 3075 3012 αὐτοὺς
3129 2949 3509 3021 πλανωμένους
3538 2992 3554 3016 ,
3612 2953 3706 3006 καὶ

2134 3043 2453 3115 νομίζοντας
2475 3034 2613 3095 εῖναι
2645 3041 2853 3113 ποίημα
2879 3040 2970 3094 τὸν
2997 3040 3088 3094 τοῦ
3113 3041 3247 3094 Θεοῦ
3268 3042 3457 3112 Λόγον.
3484 3043 3704 3114 Ἐπειδὴ

457 3136 582 3177 rum
616 3136 833 3188 sensus,
863 3133 1182 3194 constetque
1206 3139 1273 3179 ex
1297 3140 1384 3191 eo,
1410 3126 1762 3196 quandonam
1789 3127 1949 3199 375
1976 3136 2030 3183 et

2144 3137 2187 3192 se
2228 3136 2339 3209 (87)
2368 3137 2460 3190 κα).
2493 3137 2526 3208 ή
2561 3135 2765 3190 διάνοια
2793 3134 2900 3190 τῶν
2932 3135 3328 3206 γεγραμμένων
3375 3136 3520 3189 ἐστὶν
3545 3136 3702 3207 ὀρθὴ,

459 3214 527 3267 ad
552 3215 682 3283 quid
706 3231 834 3280 vox,
859 3215 1006 3284 fecit,
1038 3215 1306 3271 referatur
1331 3237 1344 3270 :
1375 3233 1597 3273 necesse
1622 3229 1705 3275 est
1726 3236 1790 3274 ex
1821 3236 1884 3274 ea
1912 3221 2028 3290 ipsa

461 3305 839 3360 haereticorum
879 3308 1164 3362 ostendere
1187 3309 1582 3378 stnpiditatem,
1611 3311 1848 3366 maxime
1873 3311 1940 3378 si,
1971 3320 2032 3367 ut

458 3407 622 3454 antea
670 3399 941 3464 diximus,
973 3401 1040 3454 ad
1083 3400 1202 3471 ejus
1236 3411 1453 3472 tempus
1488 3411 1542 3457 et
1593 3419 1752 3458 usum
1783 3405 2031 3459 attende-

460 3493 654 3547 rimus.
684 3489 800 3546 Non
833 3491 1000 3562 igitur
1036 3508 1160 3547 cum
1207 3493 1323 3548 haec
1358 3494 1564 3550 diceret
1602 3495 1918 3564 Apostolus,
1965 3497 2034 3550 de

460 3583 570 3647 his,
601 3598 723 3653 quae
746 3593 872 3638 ante
903 3584 1233 3640 creationem
1264 3597 1440 3650 crant,
1475 3588 1635 3642 verba
1668 3587 1920 3654 faciebat,
1940 3587 2033 3643 sed

461 3674 642 3732 dehis
672 3678 940 3730 duntaxat
965 3692 1088 3746 qua:
1121 3675 1358 3733 Verbum
1399 3695 1621 3734 carnem
1673 3679 1874 3734 factum
1909 3694 2035 3750 spe-

462 3777 706 3835 ctarent;
749 3768 830 3824 sic
855 3769 999 3824 enim
1029 3769 1293 3840 scriptum
1325 3782 1408 3826 est
1445 3791 1458 3826 :
1490 3769 1658 3837 Unde,
1685 3772 1879 3840 fratres
1905 3787 2035 3825 san-

463 3861 862 3925 cti,vocationis
894 3859 1114 3914 celestis
1131 3862 1440 3931 participes,
1466 3864 1798 3917 considerate
1824 3871 2036 3932 aposto-

465 3952 576 4006 lum
609 3964 658 4007 ct
681 3954 980 4024 pontiﬁcem
1011 3955 1358 4024 confessionis
1385 3966 1580 4011 nostra!
1611 3955 1816 4022 Iesum,
1854 3957 1945 4027 qui
1968 3955 2036 4025 ﬁ-

440 4024 598 4097 ndclis
627 4053 702 4096 est
733 4044 781 4096 ei
805 4045 896 4113 qui
921 4043 1046 4112 fecit
1076 4044 1307 4099 illum”.
1327 4045 1683 4112 Quandonam
1716 4024 1878 4116 igitur
1899 4024 2036 4100 mis-

467 4150 563 4191 sus
591 4143 693 4202 est,
731 4144 826 4190 aut
879 4135 1225 4204 quandonam
1273 4147 1516 4194 nostram
1560 4140 1736 4194 induit
1779 4138 2038 4194 carnem?

573 4320 802 4395 f‘ADeut.
835 4337 1008 4395 xxxn,
1030 4322 1083 4380 4.
1179 4326 1226 4359 ⁸³
1268 4327 1290 4382 l
1333 4327 1462 4384 Cor.
1490 4343 1546 4395 x,
1581 4325 1666 4382 1'5.

469 4393 515 4428 δ’
541 4391 704 4448 Hebr.
735 4408 817 4458 ιιι,
843 4396 892 4455 1,
923 4392 978 4446 Ξ.

1776 4327 1822 4360 ⁸⁸
1852 4324 1996 4381 Psal.
2043 4322 2338 4394 cxuv,15.
2409 4323 2455 4354 δ’
2495 4319 2517 4376 I
2551 4319 2791 4376 Timoth.
2826 4335 2881 4387 ν,
2917 4319 3003 4374 16.

2137 3229 2455 3284 δεικνύουσα
2486 3228 2606 3300 τὴν,
2648 3228 2929 3296 ἐποίησε,
2960 3227 3125 3292 λέξιν,
3167 3228 3296 3280 πότε
3342 3229 3436 3282 καὶ
3475 3229 3615 3300 πρὸς
3654 3229 3706 3282 τί

2138 3319 2404 3391 λεγομένη
2441 3317 2765 3388 σημαίνεται
2789 3333 2804 3348 °
2837 3319 3130 3385 ἀναγκαῖον
3167 3317 3261 3371 καὶ
3289 3315 3347 3382 ἐξ
3384 3318 3552 3390 αὐτῆς
3595 3316 3704 3392 (88)

2138 3409 2305 3477 δεῖξαι
2333 3411 2440 3465 τῶν
2468 3408 2758 3484 αίρετικῶν
2799 3408 2894 3481 τὴν
2943 3408 3183 3478 ἀλογίαν,
3219 3409 3312 3462 ἐὰν
3355 3410 3608 3482 μάλιστα,
3633 3411 3707 3474 ὼς

2139 3506 2198 3559 ὲν
2231 3507 2342 3568 τοῖς
2374 3502 2679 3575 ἔμπροσθεν
2715 3503 3032 3573 εἰρήκαμεν,
3067 3503 3160 3555 καὶ
3197 3501 3384 3555 τούτου
3401 3503 3490 3556 τὸν
3516 3503 3707 3571 καιρὸν

2141 3599 2234 3652 καὶ
2274 3597 2370 3667 τὴν
2398 3594 2584 3668 χρείαν
2611 3593 2870 3664 λάϐοιμεν
2899 3593 3034 3663 (89).
3062 3593 3136 3647 Οὐ
3161 3593 3342 3648 τοίνυν
3369 3593 3437 3647 τὰ
3467 3595 3574 3664 πρὸ
3607 3599 3706 3665 τῆς

2141 3689 2370 3751 κτίσεως
2411 3687 2764 3758 διηγούμενος
2801 3687 2830 3738 ὁ
2880 3684 3198 3748 ’Δπόστολος
3249 3683 3422 3738 ταῦτα
3463 3685 3704 3754 εἴρηκεν,

2141 3779 2254 3834 ἀλλ’
2278 3781 2365 3834 ὅτε
2394 3781 2422 3832 ό
2452 3780 2620 3847 Λόγος
2642 3776 2776 3849 σὰρξ
2799 3775 3014 3845 ἐγένετο
3031 3793 3045 3808 ·
3073 3775 3214 3829 οὕτω
3233 3776 3340 3847 γὰρ
3355 3775 3660 3847 γέγραπται
3687 3792 3706 3807 ⁸

2141 3871 2339 3936 Ὅθεν,
2379 3869 2628 3938 ἀδελφοὶ
2679 3867 2833 3938 ἅγιοι
2872 3867 3006 3939 (90),
3041 3867 3317 3935 κλήσεως
3349 3868 3709 3934 ἐπουρανίου

2137 3964 2411 4033 μέτοχοι,
2452 3958 2863 4025 κατανοήσατε
2903 3958 3012 4011 τὸν
3061 3958 3408 4012 ἀπόστολον
3449 3956 3548 4010 καὶ
3609 3957 3710 4026 ἁρ-

2143 4046 2340 4117 χιερέα
2367 4045 2476 4114 τῆς
2502 4045 2820 4114 ὁμολογίας
2845 4043 3015 4114 ἡμῶν
3051 4046 3294 4113 Ἰησοῦν
3322 4045 3455 4116 (9|),
3489 4045 3712 4099 πιστὸν

2146 4139 2290 4191 ὄντα
2321 4135 2400 4203 τῷ
2441 4134 2760 4205 ποιήσαντι
2803 4137 3006 4190 αὐτόν.
3039 4136 3179 4190 Πότε
3214 4129 3307 4189 οὖν
3339 4134 3642 4206 ἀπεστάλη,
3675 4134 3708 4206 ἦ

3117 4317 3163 4350 ⁸³
3203 4314 3493 4371 lTimotIt’.
3530 4329 3628 4383 ιιι,
3653 4315 3708 4371 1.

467 4515 678 4586 γίνεταί
721 4530 780 4566 τε
840 4513 964 4586 (καί.
999 4511 1075 4586 Ῐιι
1107 4513 1230 4586 aliis
1301 4520 1356 4567 et
1409 4511 1597 4586 _edit_is
1637 4528 1699 4565 τε
1749 4510 2035 4586 omittitur.

2145 4509 2331 4586 Aliiet
2358 4509 2508 4586 e_di_li,
2539 4510 2630 4586 διὰ
2657 4509 2752 4586 τοῦ
2783 4508 2986 4573 καλῶς.

473 4581 594 4642 Μοχ
630 4585 948 4653 Segnerisn.
984 4583 1294 4638 Goblerian.
1325 4591 1378 4653 et
1409 4582 1722 4653 Felckman.
1761 4581 1814 4646 1,
1846 4581 2038 4653 πιστὸν

467 4657 618 4720 ὄντα,
667 4652 826 4726 πάλιν
879 4654 1150 4726 ταράττει
1186 4652 1417 4726 αὐτούς..
1455 4652 1595 4706 Editi
1630 4667 1814 4726 _\_'ero,_
1851 4652 2040 4726 πιστὸν

467 4729 595 4783 ὄντα
624 4725 704 4795 τῷ
728 4720 1010 4845 «etiamst
1037 4724 1219 4787 αὑτὸν,
1245 4724 1541 4794 σπαράττει
1572 4721 1732 4775 πάλιν
1755 4720 1970 4785 αὐτούς.

542 4796 653 4845 (80)
703 4797 794 4845 Sic
829 4828 846 4845 .
869 4795 1147 4845 ραυοι-ἰειη.
1177 4793 1380 4845 Regius
1411 4809 1560 4845 vero.
1586 4794 1830 4845 Μωῡσεῖ.
1863 4791 1970 4845 Edil

542 4796 653 4869 (80)
676 4791 812 4869 '_Sic_
828 4791 1380 4869 $eguer-iii_n_._Regius
1411 4809 1560 4869 vero,
1586 4794 1837 4869 Μέυῦσεῖ.
1863 4791 2041 4846 Editio

466 4863 758 4925 Comtnel..
791 4864 1191 4935 Mwﬁoﬁ.1bid.
1249 4863 1567 4935 seguerian.
1622 4863 1936 4935 Gobleritjn.
1989 4869 2044 4916 et

469 4937 614 4992 Felc.
645 4938 696 5000 1,
721 4937 750 4988 ὁ
777 4932 1086 5005 Baecula}:
1116 4933 1172 4987 δὲ
1202 4932 1416 5004 Παύλῳ.
1439 4933 1546 4986 Alii
1570 4941 1625 4987 et
1651 4933 1804 4998 editi,
1838 4932 2039 4996 Θεὸς...

469 5009 562 5062 καὶ
575 5006 662 5079 τῷ
692 5005 910 5079 [ῐαύλῳ.

540 5071 652 5148 (81)
691 5077 781 5130 Sic
812 5071 978 5148 Desii.
1025 5083 1079 5148 et
1132 5071 1383 5148 Felesm.
1409 5073 1581 5148 _5._At
1625 5088 1816 5148 omnes
1842 5073 1948 5148 _alii
1987 5082 2044 5148 et

469 5142 918 5211 ειιῖιί,’πιστεῦον.
944 5144 1112 5214 Paulo
1135 5153 1258 5214 post
1287 5142 1599 5198 Goblerian.
1633 5152 1688 5198 et
1716 5142 1954 5198 Felckm.
1989 5145 2040 5208 1,

470 5217 685 5288 tnijoﬁ
701 5216 848 5288 Θεοῦ
880 5213 1159 5288 ἁρμόζειν.

543 5286 655 5356 (82)
695 5281 1083 5356 Segucnanus,
1116 5283 1432 5356 Goblerian.
1471 5292 1525 5356 et
1558 5281 1702 5356 Felc.
1719 5283 1803 5356 _1,
1835 5282 2041 5356 ἐπειδή.

473 5352 671 5412 ibidem
707 5352 896 5417 lia—sil“
929 5355 1259 5412 πεπίστευκε
1279 5354 1357 5424 τῷ
1561 5353 1683 5407 Mox
1715 5352 1963 5419 Seguer"
1985 5352 2045 5406 ἐν

473 5426 606 5478 πᾶσι
635 5427 748 5487 τοῖς
787 5424 985 5493 λόγοις.
1029 5427 1249 5482 Gobler.
1287 5423 1343 5478 et
1382 5423 1526 5478 Felc.
1569 5424 1621 5487 1,
1661 5424 1719 5476 ὲν
1765 5425 1900 5476 πᾶσι
1931 5426 2044 5487 τοῖς

473 5495 674 5581 (Eppia.
704 5495 814 5581 alii
835 5506 886 5548 et
913 5497 1062 5581 e‘di‘ti,
1092 5495 1374 5581 ὲγςλόγοιςί
1411 5495 1542 5581 Ibid:
1576 5493 1794 5581 S‘eguer.
1821 5493 2041 5549 Gobler.

473 5563 618 5620 Fclc.
647 5565 670 5617 1
701 5576 756 5618 et
783 5563 835 5620 5.
869 5566 962 5618 καὶ
983 5566 1019 5619 ἃ
1043 5565 1219 5620 λαλῶν
1250 5564 1560 5631 ἀξιόπιστός
1596 5566 1732 5616 ἐστι.

547 5634 662 5706 (85)
691 5631 791 5706 διο
827 5632 971 5689 Felc.
1004 5635 1058 5699 4,
1101 5645 1159 5689 ut
1186 5647 1239 5706 et
1281 5637 1478 5705 legitur
1520 5634 1540 5706 I
1588 5632 1830 5706 Timoth.
1865 5632 2040 5706 v.16.

476 5704 820 5776 θιρςιιειξιιιιη
842 5707 1028 5776 χεῖρας
1055 5705 1313 5776 mendose
1341 5704 1438 5776 pro
1470 5705 1662 5776 χήρας.
1693 5704 1801 5776 Alii
1824 5714 1878 5759 et
1893 5704 2044 5776 editi,

478 5722 820 5770 ηι-ικυετιιιιιη
842 5722 924 5775 χει
963 5722 1028 5767 ας
1055 5722 1313 5760 mendose
1341 5722 1438 5772 pro
1507 5722 1662 5776 ηρας.
1693 5722 1796 5757 mn
1824 5722 2041 5769 eteoiu,

478 5777 644 5848 χήρα.
690 5771 892 5829 Ibidem
920 5722 1218 5847 geguerian
1251 5785 1304 5830 ct
1337 5722 1521 5831 Fc.ch
1556 5776 1604 5840 -ι,
1630 5773 1716 5829 διὰ
1758 5774 1814 5828 τό
1841 5773 2041 5838 καλῶς.

2369 4580 2516 4652 .Felc-
2545 4580 2601 4652 1:.
2633 4581 2730 4652 τῷ.

2206 4643 2344 4722 (85);
2361 4643 2692 4722 Seguerian.‘
2721 4651 2820 4722 ἐὰν
2861 4649 3014 4720 λέγῃ.
3052 4646 3196 4702 Idem
3240 4645 3373 4701 ibid.
3419 4653 3475 4700 et
3508 4643 3710 4699 Goble-

2138 4720 2280 4776 rian.
2307 4720 2454 4775 Felc.
2471 4722 2495 4774 1
2531 4729 2586 4774 et
2611 4720 2666 4785 Δ»,
2695 4720 2856 4782 αὐτός
2880 4721 3156 4773 υιηίιιιιιιι.

2215 4792 2325 4863 (86)
2366 4782 2760 4863 Goblet'ianaet
2785 4789 3013 4863 Felc._1,
3045 4788 3321 4844 δύνασθαι.
3352 4785 3490 4842 Ibid.
3515 4782 3714 4856 Segne-

2141 4856 2316 4926 ria'n.,'
2339 4861 2458 4932 τῆς,
2487 4856 2556 4932 ἦς
2587 4859 3082 4932 ὲτὲιίησε,-λέξεως.

2211 4923 2595 5002 (snnegim
2637 4923 2784 5002 Fe_lc.
2821 4929 2969 5002 5,_6é
3014 4929 3292 5002 omittunt.
3333 4925 3453 5002 Βίοις
3503 4923 3713 5002 segue-

2142 4994 2556 5071 ria‘nXGobier.
2594 5013 2650 5054 et
2699 5000 2845 5055 Fetc.
2879 5000 2932 5062 1,
2979 4999 3100 5071 τὴν,
3147 5001 3214 5071 ἢν
3255 4997 3498 5068 εποίησε,
3545 4994 3712 5063 λέξιν.

2141 5070 2275 5127 Ibid.
2314 5071 2457 5126 Felc.
2485 5071 2539 5128 4.
2568 5071 2704 5141 πρὸς
2729 5071 2780 5123 τί
2803 5069 3116 5141 λεγομένου.

2217 5143 2328 5211 (88)
2358 5141 2504 5196 Fclc.
2531 5141 2584 5202 5,
2615 5137 2911 5209 αναγκαῖον
2929 5137 2997 5211 -ἒξ
3018 5139 3206 5210 αὐτῆς.
3227 5138 3402 5194 Editio
3423 5137 3714 5211 Geminei},

2141 5205 2443 5280 ἀκαγκαῖον
2465 5212 2559 5265 καὶ
2581 5205 2795 5283 ἑαυτῆς.
2834 5209 2942 5265 Alii
2972 5225 3108 5265 mss.
3129 5205 3154 5275 ,’
3185 5212 3482 5278 ἀναγκαῖον
3519 5207 3616 5262 καὶ
3656 5205 3718 5272 ἐξ

2143 5283 2333 5476 αὑὲίῖ
2359 5349 2451 5405 Sic
2480 5349 2706 5419 Seguer.
2739 5349 2955 5406 Gohler.
2985 5358 3040 5404 et
3070 5346 3216 5404 Felc.
3254 5349 3306 5403 1.
3365 5348 3435 5404 At
3472 5345 3617 5426 Felc.
3650 5345 3716 5410 5,

2143 5421 2289 5476 λαμϐ
2331 5437 2529 5476 νωμεν.
2561 5421 2666 5474 Alii
2694 5431 2749 5475 et
2777 5421 2926 5476 editi.
2957 5420 3229 5476 λάϐωμεν.
3265 5418 3389 5474 Mox
3431 5433 3626 5476 ταυτα,
3659 5423 3716 5470 ut

2142 5418 2666 5492 λαμϐάνωμεν.ᾉιὶὶ
2694 5431 2749 5475 et
2777 5421 2926 5483 editi,
2957 5420 3229 5492 λάξωμεν.
3248 5418 3389 5492 Mox
3431 5418 3626 5492 ταῦτα,
3645 5423 3717 5492 _ut

2145 5484 2352 5616 ἓοίιειιῐξ
2376 5484 2556 5546 caeteri
2587 5507 2724 5547 mss.
2753 5499 2809 5546 et
2830 5491 2994 5546 editio
3017 5484 3306 5556 Commel.,
3331 5490 3483 5544 abest
3503 5502 3534 5541 a
3563 5484 3712 5540 Felc.

2187 5601 2201 5615 .
2229 5571 2283 5614 et
2356 5577 2439 5616 (ιε.

2187 5601 2201 5615 .
2229 5571 2283 5614 et
2308 5571 2439 5615 Heg.

2188 5578 2451 5702 ’(ῗῖοῗίέῗὲ
2479 5628 2953 5702 Segner._Gobler.
2979 5638 3035 5685 et
3061 5628 3208 5686 Felc.
3241 5630 3294 5695 1,
3332 5638 3386 5686 et
3411 5628 3716 5698 Scriptura.

2147 5699 2253 5758 Alii
2284 5717 2414 5756 vero
2437 5702 2587 5766 editi,
2622 5699 2838 5768 ἀδελφοί
2871 5717 2990 5768 μου.

2221 5772 2332 5844 (91)
2369 5770 2499 5843 Reg.
2527 5781 2582 5827 et
2613 5767 2823 5826 Felc.75
2855 5767 3115 5825 emittunt
3149 5767 3375 5838 Ἰησοῦν.
