3972 6224
1402 331 1664 390 ORATIO
1700 332 1745 389 ιι
1782 329 2066 389 CONTRA
2107 330 2432 389 ARlANOS.

3418 340 3525 396 {63

273 448 510 519 ὁπηνίκα
557 447 655 519 τὴν
693 449 969 520 ἡμετέραν
1017 451 1299 505 ἐνεδύσατο
1347 452 1554 524 σάρκας
1604 453 1742 506 Πότε
1784 452 1837 507 δὶ

1950 448 2303 516 Quandonam
2328 460 2529 507 nostrae
2551 449 2918 509 confessionis
2933 452 3175 523 pontifex
3196 465 3281 513 est
3309 456 3525 515 factus?

270 542 566 611 ἀρχιερεὺς
594 542 690 611 τῆς
720 538 1012 609 ὁμολογίας
1041 543 1073 612 ἡ
1084 542 1198 612 μῶν
1225 542 1516 614 γέγονεν,ἢ
1540 544 1649 605 ὅτε,
1678 558 1846 613 προσ-

272 633 502 700 ενέγκας
534 631 725 685 ἒαυτὸν
758 632 901 701 ὑπὲρ
946 633 1138 703 ἡμῶν,
1174 634 1391 704 ἡγειρεν
1426 637 1490 687 ὲκ
1531 633 1738 703 νεκρῶν
1784 634 1844 687 τὸ

274 723 453 793 σῶμα,
484 726 581 777 καὶ
599 723 692 775 νῦν
724 723 885 786 αὐτὸς
907 726 1033 789 τοὺς
1052 726 1520 798 προσερχομένους
1548 725 1713 779 αὑτοῦ
1732 725 1843 791 (92)

272 819 335 886 τῇ
359 817 545 869 πίστει
576 818 841 887 προσάγει
868 819 959 869 καὶ
985 818 1280 889 προσφέρει
1303 817 1381 887 τῷ
1408 818 1598 889 Πατρὶ,
1624 817 1846 889 λυτρού-

278 925 433 979 μενος
481 910 693 971 πάντας
719 951 733 974 ,
779 912 872 963 καὶ
917 912 1057 981 ὑπὲρ
1115 910 1331 963 πάντων
1390 910 1739 979 ἱλασκόμενος
1776 909 1846 964 τὰ

277 1000 411 1070 πρὸς
443 1000 540 1053 τὸν
568 1002 739 1066 Θεόν;
774 1002 848 1055 Οὐ
875 1001 970 1073 τὴν
1004 1002 1189 1055 οὐσίαν
1218 1003 1328 1074 ἄρα
1356 1001 1449 1055 τοῦ
1489 1002 1684 1070 Λόγου,
1725 1001 1844 1056 οὐδὲ

274 1092 368 1161 τὴν
396 1093 461 1144 ὲκ
494 1092 591 1144 τοῦ
636 1093 849 1163 Πατρὸς
892 1094 1122 1164 φυσικὴν
1164 1095 1417 1167 γέννησιν
1462 1095 1569 1165 (95)
1605 1095 1843 1164 σημᾶναι

276 1181 442 1234 θέλων
470 1183 499 1234 ὁ
541 1182 862 1247 Ἀπόστολος
888 1184 1095 1256 εἴρηκε,
1125 1185 1353 1240 Πιστὸν
1382 1185 1526 1238 ὄντα
1554 1184 1635 1249 τῷ
1672 1184 1843 1251 ποιή-

276 1289 448 1326 σαντι
476 1274 664 1327 αὐτόν
691 1292 705 1305 ·
741 1276 815 1345 μὴ
847 1276 1089 1342 γένοιτοί
1122 1277 1288 1329 ποιῶν
1331 1277 1438 1349 γάρ
1477 1278 1623 1330 ἐστιν
1659 1280 1686 1331 6
1738 1278 1842 1331 Λό-

276 1378 387 1430 γος,
418 1363 479 1415 οὒ
517 1363 835 1434 ποιούμενος
868 1364 1027 1428 αὐτός
1057 1383 1070 1395 ·
1109 1366 1244 1419 ἀλλά
1274 1366 1370 1437 τὴν
1401 1369 1479 1429 είς
1525 1366 1846 1438 ἀνθρώπους

279 1454 442 1507 αὐτοῦ
474 1454 699 1508 κάθοδον
724 1457 817 1508 καὶ
848 1456 1259 1527 ἀρχιερωσύνην
1288 1457 1604 1528 γενομένην,
1638 1459 1704 1529 ἢν
1747 1476 1846 1512 κα-

274 1545 377 1609 λῶς
410 1548 476 1600 ἀν
496 1563 581 1609 τις
616 1546 713 1599 ἴδοι
742 1547 805 1600 ὲκ
830 1547 929 1617 τῆς
979 1548 1117 1601 κατά
1149 1549 1244 1602 τὸν
1282 1549 1444 1618 νόμον
1468 1550 1675 1602 καὶτὸν
1722 1552 1846 1605 Ἀα-

275 1634 381 1707 ρὼν
411 1635 519 1706 (94)
568 1637 829 1707 ἱστορίας.
855 1636 1038 1699 Οὕτως
1084 1638 1292 1707 ’Δαρὼν
1318 1639 1378 1690 ού
1404 1641 1722 1708 γεγέννηται
1746 1640 1838 1709 ἀρ·

274 1729 507 1799 χιερεὺς,
530 1728 663 1782 ἀλλὰ
691 1729 993 1800 ἄνθρωπος,
1014 1730 1106 1781 καὶ
1126 1729 1263 1799 μετά
1292 1730 1500 1799 χρόνον,
1536 1732 1623 1783 ὅτε
1653 1731 1680 1782 6
1713 1731 1844 1794 Θεὸς

1949 539 2141 597 Nonne
2175 552 2307 596 tunc
2329 558 2475 606 cum,
2500 553 2787 612 postquam
2818 559 2916 613 pro
2936 545 3092 601 nobis
3124 561 3183 601 se
3212 546 3328 616 ipse
3363 548 3521 604 obtu-

1950 632 2122 697 lisset,
2154 649 2354 702 corpus
2376 634 2631 689 excitavit
2652 650 2714 689 ex
2741 636 2995 702 mortuis,
3011 653 3265 707 nuncque
3286 655 3405 703 eos,
3427 641 3522 710 qui

1951 719 2123 790 ipsius
2155 722 2555 791 amplectuntur
2584 724 2767 789 fidem,
2805 725 3026 781 adducit
3050 736 3104 781 et
3143 728 3303 783 offert
3348 727 3523 795 Patri,

1950 827 2141 867 omnes
2181 812 2477 880 redimens,
2508 822 2563 869 et
2592 830 2691 884 pro
2727 816 2983 872 omnibus
3023 816 3134 871 Deo
3175 819 3526 880 satisfaciens

1950 917 2185 973 eumque
2213 905 2507 975 propitium
2553 906 2827 962 reddens?
2858 906 2976 961 Non
3007 909 3190 979 itaque
3227 910 3523 979 Apostolus

1951 992 2114 1049 Verbi
2145 1005 2395 1050 naturam
2424 997 2507 1051 vel
2536 998 2837 1054 naturalem
2874 1014 2992 1067 ejus
3020 1016 3088 1055 ex
3131 999 3290 1056 Patre
3340 1011 3522 1057 ortum

1950 1084 2038 1140 bis
2072 1084 2414 1156 significabat
2454 1089 2701 1153 vocibus,
2749 1090 2853 1154 Qui
2886 1091 3060 1160 ﬁdelis
3085 1102 3161 1147 est
3200 1095 3249 1146 ei
3274 1094 3365 1163 qui
3396 1094 3521 1163 fecit

1950 1174 2146 1229 illum:
2179 1177 2351 1232 absit!
2386 1179 2651 1251 siquidem
2683 1180 2951 1246 efﬁciens,
2991 1199 3099 1249 non
3142 1184 3393 1240 effectum
3435 1194 3523 1241 est

1952 1263 2188 1321 Verbum
2221 1284 2234 1321 :
2260 1269 2353 1323 scd
2379 1268 2499 1338 ejus
2528 1270 2592 1324 ad
2626 1270 2871 1328 homines
2898 1274 3210 1339 adventum,
3234 1286 3285 1330 et
3314 1275 3522 1332 factum

1950 1362 2325 1430 pontiﬁcatum
2361 1363 2654 1427 indicabat,
2682 1374 2741 1419 ut
2770 1380 2837 1419 ex
2866 1366 3000 1435 legis
3020 1375 3074 1421 et
3097 1367 3332 1423 Aaronis
3350 1369 3522 1423 histu-

1951 1452 2032 1506 ria
2066 1452 2191 1506 licet
2217 1452 2544 1522 perspicere.
2576 1452 2684 1508 Nec
2714 1454 2859 1509 enim
2888 1459 3066 1511 Aaron
3090 1459 3329 1527 pontifex
3364 1459 3521 1530 geni-

1950 1553 2038 1599 tus
2065 1553 2168 1606 est,
2195 1545 2289 1599 sed
2332 1545 2493 1599 homo
2515 1585 2529 1609 ,
2562 1546 2655 1615 qui
2718 1558 2903 1616 postea
2924 1587 2939 1611 ,
2971 1564 3094 1602 cum
3134 1548 3242 1604 Deo
3294 1552 3520 1620 placuit,

1952 1634 2126 1691 factus
2156 1646 2240 1691 est
2276 1637 2517 1706 pontifex
2543 1655 2557 1703 ;
2585 1640 2728 1708 quod
2754 1640 2971 1709 quidem
3002 1658 3107 1695 non
3137 1643 3331 1711 quovis
3358 1646 3522 1700 modo

1951 1738 2131 1782 actum
2164 1738 2267 1794 est,
2288 1744 2389 1783 nec
2411 1729 2499 1785 ille
2531 1732 2809 1785 consuetis
2852 1746 2918 1785 ex
2956 1732 3295 1786 vestimentis
3340 1734 3521 1802 ponti-

271 1821 523 1890 ἠθέλησε,
559 1821 782 1888 γέγονεν
799 1822 1107 1893 ἀρχιερεύς-
1145 1823 1236 1875 καὶ
1268 1823 1486 1891 γέγονεν
1510 1823 1605 1892 οὐχ
1638 1822 1837 1888 ἁπλῶς,

1950 1815 2035 1870 fex
2066 1825 2150 1871 est
2185 1819 2425 1887 agnitus,
2458 1818 2550 1873 sed
2582 1817 2909 1887 epomidem,
2944 1822 3197 1888 poderem
3242 1832 3297 1875 et
3348 1823 3518 1876 ratio-

273 1913 385 1965 οὐδὲ
427 1914 491 1965 ὲκ
540 1913 647 1965 τῶν
697 1914 942 1985 συνήθων
993 1914 1220 1985 ἱματίων
1264 1917 1681 1988 γνωριζόμενος,
1726 1916 1842 1969 ἀλλ’

272 2003 784 2073 ὲπενδιδυσκόμενος
816 2005 925 2075 (95)
956 2007 1053 2075 τὴν
1081 2008 1350 2076 ἐπωμίδα,
1394 2008 1455 2060 τὸ
1486 2008 1711 2076 λογεῖον,
1752 2008 1842 2060 τὸν

274 2096 504 2166 ποδήρη,
534 2095 568 2148 ἆ
593 2098 646 2148 αί
674 2100 927 2164 γυναῖκες
961 2097 1055 2168 μὲν
1083 2100 1406 2169 εἰργάσαντο
1434 2098 1723 2171 προστάξει
1748 2099 1840 2153 τοῦ

272 2184 427 2248 Θεοῦ,
464 2190 525 2239 ὲν
554 2188 764 2251 τούτοις
798 2188 853 2241 δὲ
900 2190 1279 2260 εἰσερχόμενος
1324 2192 1404 2253 εἰς
1435 2191 1503 2243 τά
1550 2192 1699 2259 ἆγια,
1742 2192 1841 2262 τὴν

272 2278 410 2348 ὑπὲρ
443 2278 541 2330 τοῦ
584 2278 715 2330 λαοῦ
772 2280 958 2332 θυσίαν
1002 2281 1308 2354 προσέφερε
1335 2297 1349 2311 ⁸
1396 2284 1490 2335 καὶ
1534 2284 1591 2336 ὲν
1633 2282 1842 2346 τούτοις

276 2369 462 2439 ὧσπερ
492 2370 774 2439 ὲμεσίτευε
806 2375 868 2441 τῇ
898 2373 1135 2443 ὀπτασίᾳ
1160 2374 1251 2425 τοῦ
1276 2374 1431 2436 Θεοῦ,
1466 2376 1556 2427 καὶ
1585 2377 1703 2438 ταῖς
1735 2374 1842 2427 τῶν

273 2462 570 2533 ἀνθρώπων
620 2462 852 2527 θυσίαις.
918 2463 1073 2518 Οὕτω
1100 2465 1278 2519 τοίνυν
1325 2466 1418 2518 καὶ
1459 2469 1487 2520 ό
1534 2466 1734 2537 Κύριος
1774 2468 1832 2519 ιν

273 2554 411 2623 ἀρχῇ
468 2552 569 2621 μὲν
601 2550 669 2623 ἦν
706 2557 735 2607 ό
761 2555 933 2623 Λόγος
963 2572 977 2586 ·
1032 2557 1125 2609 καὶ
1170 2558 1199 2607 6
1243 2557 1413 2625 Λόγος
1456 2553 1525 2628 ἦν
1574 2558 1709 2629 πρὸς
1750 2558 1841 2612 τὸν

274 2644 421 2707 Θεὸν,
457 2646 554 2697 καὶ
596 2645 730 2707 Θεὸς
760 2642 829 2717 ἦν
856 2649 885 2699 6
915 2648 1087 2715 Λόγος
1116 2646 1227 2719 (96)
1251 2665 1264 2678 °
1300 2650 1388 2702 ὅτε
1426 2648 1482 2701 δὲ
1526 2648 1785 2720 ἠθέλησεν
1813 2651 1842 2702 6

272 2735 457 2807 Πατὴρ
487 2736 629 2808 ὑπὲρ
672 2738 889 2791 πάντων
920 2738 1088 2811 λύτρα
1132 2740 1369 2810 δοθῆναι,
1408 2741 1501 2795 καὶ
1529 2743 1660 2793 πᾶσι
1684 2741 1840 2812 χαρί-

273 2829 485 2895 σασθαι,
526 2828 646 2882 τότε
673 2830 737 2899 δὴ
788 2832 817 2882 6
862 2831 1051 2898 Λόγος,
1087 2832 1162 2895 ὡς
1218 2832 1424 2903 Ἀαρὼν
1468 2834 1557 2885 τὸν
1590 2834 1794 2905 ποδήρη
1821 2875 1836 2899 ,

270 2920 439 2983 οὕτως
468 2921 632 2984 αὐτὸς
680 2920 839 2974 ἔλαϐε
867 2922 964 2992 τὴν
990 2924 1095 2975 ἀπὸ
1116 2924 1219 2993 γῆς
1254 2925 1431 2994 σάρκα
1453 2923 1585 2996 (97),
1622 2925 1839 2996 Μαρίαν

268 3012 387 3063 ἀντὶ
418 3012 515 3083 τῆς
539 3013 869 3083 άνεργάστου
897 3014 997 3085 γῆς
1022 3014 1266 3087 ἐσχηκὼς
1296 3017 1505 3087 μητέρα
1537 3016 1629 3069 τοῦ
1656 3016 1841 3086 σώμα-

268 3117 373 3164 τος,
422 3102 509 3153 ἵνα
552 3100 690 3171 ἔχων
727 3103 786 3155 τὸ
832 3105 1273 3174 προσφερόμενον
1312 3106 1491 3170 αὐτὸς,
1542 3105 1616 3170 ὡς
1650 3107 1838 3176 ἀρχιε-

274 3195 393 3261 ρεὺς
439 3169 798 3263 (98),Ῠέαυτὸν
850 3169 1189 3267 προσενέγκῃ
1223 3197 1301 3267 τῷ
1362 3198 1535 3269 Πατρὶ
1564 3236 1578 3260 ,
1628 3169 1842 3268 καὶ.-τῷ
1869 3169 1911 3227 C

273 3283 385 3355 ἰδίῳ
418 3286 614 3355 αἵματι
668 3287 878 3351 πάντας
929 3291 1076 3360 ἡμᾶς
1114 3290 1224 3342 ἀπὸ
1265 3289 1374 3342 τῶν
1418 3290 1699 3361 αμαρτιῶν
1740 3308 1841 3345 κα-

270 3373 483 3446 θαρίσῃ,
535 3377 629 3428 καὶ
654 3377 763 3430 ἀπὸ
790 3376 899 3429 τῶν
920 3380 1128 3451 νεκρῶν
1155 3380 1452 3452 ἀναστήσῃ.

333 3465 387 3519 8.
413 3465 619 3519 Τούτου
648 3468 757 3540 γάρ
778 3464 845 3540 ἦν
871 3469 937 3523 τά
960 3469 1167 3523 παλαιὰ
1200 3471 1353 3524 σκιάο
1379 3472 1471 3524 καὶ
1494 3472 1629 3544 ὅπερ
1646 3472 1827 3525 πεποί-

269 3572 399 3624 ηκεν
439 3555 613 3609 ἐλθὼν
641 3559 670 3610 6
694 3558 904 3630 Σωτὴρ,
922 3558 1081 3613 τοῦτο
1101 3560 1240 3614 κατά
1262 3560 1353 3614 τὸν
1365 3560 1528 3632 νόμον
1554 3564 1840 3633 ὲσκιογρά-

268 3664 355 3714 φει
371 3650 400 3700 6
414 3648 627 3718 ’Λαρών
644 3649 990 3723 (99).Ὦσπερ
1017 3647 1110 3705 οὖν
1129 3653 1158 3704 6
1186 3651 1394 3724 Ἀαρὼν
1415 3654 1444 3706 6
1464 3653 1625 3717 αὐτὸς
1646 3653 1721 3707 ὢν
1738 3656 1838 3708 οὐκ

268 3738 564 3806 ὴλλάσσετο
607 3742 1015 3813 περιτιθέμενος
1054 3743 1152 3816 τὴν
1191 3746 1584 3815 ἀρχιερατικὴν
1610 3746 1834 3814 ἐσθῆτα,

266 3829 397 3884 ἀλλὰ
424 3832 604 3901 μένων
635 3833 663 3884 6
685 3834 869 3898 αὐτὸς,
899 3834 1233 3888 ἐκαλύπτετο
1258 3836 1418 3906 μόνον
1438 3852 1452 3866 ο
1484 3836 1580 3889 καὶ
1607 3838 1654 3888 εί
1684 3836 1835 3905 ἔλεγέ

268 3939 342 3986 τις
381 3924 648 3996 ἑωρακὼς
680 3926 843 3979 αὐτὸν
890 3929 1287 3999 προσφέροντα,
1332 3928 1462 3982 Ἰδοὺ
1504 3927 1695 3997 γέγονε
1747 3931 1837 3999 σήο

268 4031 426 4086 μερον
457 4018 488 4069 6
529 4015 739 4086 ’Λαρὼν
769 4018 1080 4089 ἀρχιερεὺς,
1112 4020 1211 4073 οὐκ
1241 4020 1533 4091 ἐσήμαινεν
1568 4020 1643 4092 (1)
1675 4021 1836 4074 αὐτὸν

263 4104 545 4177 ἄνθρωπον
585 4109 707 4161 τότε
750 4110 1072 4181 γεγενῆσθαι
1107 4128 1120 4141 ·
1155 4107 1222 4183 ἧν
1267 4111 1408 4184 γὰρ,
1457 4112 1550 4164 καὶ
1597 4112 1704 4182 πρὸ
1738 4110 1832 4165 τοῦ

263 4199 421 4251 αὑτὸν
468 4201 734 4272 ἀρχιερέα
786 4202 1057 4269 γενέσθαι,
1104 4203 1388 4275 ἄνθρωπος
1415 4219 1429 4233 ο
1487 4204 1601 4257 ἀλλ’
1636 4206 1716 4258 ὃτι
1765 4207 1831 4277 τῇ

261 4290 602 4363 λειτουργεία
648 4296 939 4366 πεποίηται
989 4296 1310 4366 ἀρχιερεὺς,
1365 4296 1719 4368 περιθέμενος
1762 4297 1834 4350 τὰ

263 4386 604 4454 πεποιημένα
636 4389 729 4440 καὶ
761 4387 1271 4440 κατασκευασθέντα
1304 4387 1378 4457 (2)
1407 4390 1595 4457 ἱμάτια
1629 4390 1695 4458 τῇ
1731 4388 1831 4459 ἀρ-

1946 1910 2067 1963 nale
2092 1908 2289 1975 induit,
2319 1926 2458 1978 quas
2485 1919 2662 1964 vestes
2687 1910 2781 1965 Dei
2807 1911 2965 1979 jussu
3006 1921 3293 1967 texuerant
3319 1913 3517 1993 mulie-

1945 2016 2070 2069 res;
2101 2002 2302 2071 quibus
2352 2002 2443 2056 ille
2482 2001 2705 2057 indutus
2736 2003 2788 2056 in
2840 2012 3031 2058 saneta
3086 2004 3516 2073 ingrediebatur,

1944 2103 2004 2147 ut
2043 2093 2375 2147 sacrificium
2419 2109 2518 2162 pro
2560 2094 2761 2164 papula
2791 2095 3052 2150 offerret:
3097 2110 3162 2149 ac
3207 2097 3370 2150 veluti
3405 2113 3519 2152 nie-

1943 2182 2069 2235 dius
2097 2182 2532 2237 constituebatur
2565 2183 2709 2238 inter
2741 2183 2833 2239 Dei
2866 2185 3129 2240 visionem
3155 2195 3209 2240 et
3233 2186 3517 2242 hominum

1944 2273 2215 2327 sacriﬁcia
2241 2274 2307 2329 ⁸ο.
2333 2272 2425 2330 Sic
2449 2276 2611 2347 igitur
2633 2278 2748 2347 ipse
2767 2292 2985 2347 quoque
3008 2275 3276 2332 Dominus
3292 2276 3344 2330 in
3366 2280 3523 2347 prin-

1944 2365 2088 2434 cipio
2114 2367 2333 2435 quidem
2386 2379 2502 2423 erat
2535 2368 2771 2423 Verbum
2830 2381 2884 2424 et
2931 2369 3169 2424 Verbum
3212 2380 3332 2425 erat
3373 2371 3518 2439 apud

1946 2457 2140 2526 Deum,
2170 2470 2225 2515 et
2259 2459 2399 2515 Deus
2421 2474 2539 2516 erat
2569 2455 2807 2516 Verbuu'i
2838 2463 2883 2494 "
2915 2482 2927 2517 :
2963 2479 3087 2518 cum
3119 2475 3302 2517 autem
3342 2464 3522 2519 voluit

1943 2547 2103 2605 Pater
2136 2561 2196 2607 ut
2226 2554 2458 2622 pretium
2492 2569 2590 2623 pro
2619 2554 2874 2609 omnibus
2906 2554 3240 2609 redimendis
3274 2555 3519 2609 solvere-

1944 2649 2052 2703 tur,
2078 2651 2132 2696 et
2160 2644 2333 2710 gratia
2383 2644 2437 2698 in
2480 2659 2671 2698 omnes
2709 2643 3072 2711 conferretur,
3118 2653 3247 2698 tunc
3279 2642 3515 2699 Verbum

1943 2750 2187 2801 carnem,
2219 2747 2277 2790 ut
2304 2737 2486 2791 Aaron
2513 2737 2789 2807 poderem,
2827 2737 3035 2806 accepit
3074 2757 3105 2790 e
3144 2746 3306 2802 terra,
3335 2747 3389 2791 et
3412 2737 3519 2792 Ma-

1943 2827 2107 2893 riam,
2141 2829 2294 2883 rudis
2335 2829 2508 2884 instar
2537 2841 2715 2895 terrae,
2748 2831 2995 2900 corporis
3029 2829 3115 2884 sui
3152 2840 3379 2884 matrem
3415 2829 3515 2884 ha-

1942 2920 2079 2986 buit,
2115 2929 2176 2975 ut
2203 2923 2334 2991 quid
2360 2924 2425 2976 ad
2456 2922 2816 2986 offerendum,
2844 2932 3102 2991 tanquam
3132 2922 3398 2991 pontifex,
3419 2922 3518 2976 ha-

1943 3013 2096 3077 bens,
2126 3014 2367 3082 seipsuln
2413 3014 2631 3069 offerret
2678 3013 2858 3079 Patri,
2889 3015 3247 3084 omniumque
3293 3023 3516 3083 peccata

1944 3106 2165 3173 proprio
2206 3105 2451 3160 ablueret
2490 3107 2774 3175 sanguine,
2806 3114 2861 3160 et
2905 3116 3134 3160 cunctos
3179 3122 3245 3159 ex
3284 3105 3516 3160 mortuis

1945 3194 2228 3248 excitaret.

2016 3472 2069 3528 8.
2102 3470 2296 3527 Vetera
2347 3472 2616 3543 siquidem
2682 3471 2913 3542 hujusce
2963 3471 3041 3525 rei
3091 3471 3285 3526 umbra
3336 3477 3511 3529 erant.

1939 3567 2195 3637 quodque
2226 3565 2475 3620 Salvator
2506 3574 2627 3634 post
2666 3579 2828 3619 suum
2860 3564 3153 3617 adventum
3203 3561 3431 3631 peregit,
3459 3560 3513 3614 id

1940 3662 2122 3715 Aaron
2162 3661 2216 3714 in
2254 3661 2371 3730 lege
2421 3658 2800 3713 adumbrabat.
2847 3656 3013 3727 Igitur
3051 3656 3511 3726 quemadmodum

1938 3751 2118 3808 Aaron
2149 3751 2291 3804 idem
2327 3760 2464 3817 erat,
2510 3764 2611 3803 nec
2656 3748 2970 3802 mutabatur
3022 3746 3386 3816 pontificalem
3428 3744 3515 3799 in-

1937 3846 2113 3900 duens
2162 3852 2385 3907 vestem,
2428 3841 2522 3896 sed
2570 3843 2710 3895 idem
2761 3854 3021 3902 manens,
3057 3853 3118 3892 ea
3165 3835 3512 3891 solummodo

1938 3935 2304 4005 operiebatur,
2336 3936 2410 3988 ita
2434 3942 2495 3987 ut
2528 3933 2574 3987 si
2600 3933 2724 4001 quis
2750 3931 2903 3985 illum
2931 3930 3248 3985 oil‘erentem
3281 3928 3513 3983 intuitus

1936 4027 2187 4089 dixisset,
2211 4025 2352 4080 Ecce
2386 4024 2568 4079 Aaron
2604 4023 2778 4077 factus
2806 4030 2891 4075 est
2918 4020 3079 4076 hodie
3105 4017 3377 4089 pontifex;
3401 4034 3509 4073 non

1937 4119 2025 4175 his
2051 4118 2229 4172 verbis
2257 4117 2621 4187 significasset
2651 4115 2803 4169 illum
2836 4122 2968 4168 tunc
2993 4112 3272 4166 hominem
3305 4109 3509 4165 factum

1934 4226 2078 4277 esse,
2110 4211 2309 4280 quippe
2346 4224 2466 4263 cum
2499 4209 2665 4262 homo
2694 4214 2841 4262 esset
2866 4212 3158 4274 antequam
3195 4202 3346 4257 fieret
3377 4217 3513 4271 pon-

1937 4305 2065 4357 tifex
2094 4321 2107 4357 :
2150 4303 2242 4357 sed
2276 4304 2453 4369 ipsum
2491 4298 2786 4354 indicasset
2808 4298 3054 4352 vestibus
3081 4293 3242 4349 factis
3263 4292 3511 4348 destina-

1934 4394 2111 4462 tisque
2152 4391 2490 4461 pontificatui
2534 4391 2811 4453 indutum,
2859 4388 3167 4458 pontificem
3206 4384 3510 4441 sacerdotio

264 4477 571 4547 χιερατείᾳ·
622 4477 713 4531 τὸν
745 4477 905 4529 αὑτὸν
956 4478 1156 4549 τρόπον
1204 4479 1300 4529 καὶ
1349 4479 1443 4530 ἐπὶ
1488 4479 1581 4530 τοῦ
1623 4478 1830 4548 Κυρίου

1950 4482 2135 4538 'actum
2170 4482 2359 4538 fuisse.
2390 4482 2534 4537 Sane
2555 4481 2721 4537 simili
2769 4480 2931 4534 modo
2965 4477 3283 4545 hujusmodi
3311 4474 3510 4531 dictio-

262 4566 478 4622 δυνατόν
511 4573 626 4623 ἐστι
658 4571 833 4633 καλῶς
868 4573 1025 4635 νοεῖν,
1066 4570 1141 4633 ὡς
1171 4571 1271 4624 οὐκ
1303 4570 1462 4633 ἄλλος
1494 4570 1683 4638 γέγονε
1727 4570 1824 4641 τὴν

334 4687 380 4723 ³⁸
421 4686 596 4742 Exod.
632 4702 801 4740 xxvm
830 4696 884 4741 et
906 4702 1088 4739 χχχιι.
1164 4686 1209 4718 ⁸³
1235 4684 1396 4739 Joan.
1428 4686 1545 4749 1,1.

330 4803 439 4875 (92)
475 4799 895 4875 Ρειεηὸζαύτῷ.
922 4798 1121 4855 Ibidem
1155 4797 1297 4854 Felc.
1334 4800 1388 4863 4,
1432 4798 1729 4870 προσφέρει
1750 4796 1827 4869 τῷ

684 4854 879 4959 Πατρςζ

328 4937 435 5013 (93)
463 4944 555 4996 Sic
584 4937 817 5013 (Si-guer.
849 4938 1066 5013 Gnhlrer.
1101 4937 1304 5013 Felc._l_
1332 4950 1383 5013 et
1415 4944 1469 5001 4,
1501 4938 1597 5013 sed
1633 4939 1684 5013 in
1709 4939 1826 5013 solo

263 5008 481 5082 Seguer.
525 5008 756 5082 addit—ur
800 5012 1063 5082 articulus
1104 5009 1220 5061 τοῦ.
1247 5010 1419 5082 Alfiet
1449 5008 1727 5082 cditi,_'.i}v
1763 5011 1825 5082 ἐκ

262 5077 462 5153 Πατρὸς
492 5082 651 5149 φύσει
698 5081 967 5153 γέννησιν.
1013 5080 1212 5133 Ibidem
1244 5078 1460 5133 Gobler.
1497 5089 1553 5133 et
1596 5077 1738 5132 Felc.
1777 5078 1825 5144 1,

260 5150 437 5227 εἴρηκε
457 5153 621 5227 αὑτὸν
644 5150 830 5227 πιστὸν
855 5152 1002 5227 ὄντα,
1028 5160 1131 5227 etc.

1245 5219 1489 5295 _'A__apt6v.
1515 5218 1649 5295 μοι
1692 5219 1823 5295 Reg.

261 5288 459 5362 Anglic.
487 5288 720 5349 et'Felc.
748 5291 804 5355 4,
844 5288 1185 5361 γεγέννηται.
1229 5288 1333 5343 Alii
1366 5288 1435 5344 et
1463 5291 1626 5353 editi,
1670 5290 1827 5359 γεγέ-

260 5381 427 5416 ντται.

466 5432 557 5487 Sic
587 5432 816 5501 Seguer.
841 5430 1004 5485 Basil.
1025 5430 1236 5503 Anglic.
1259 5429 1408 5503 Reg.
1437 5430 1653 5503 Goblcr.
1674 5429 1819 5484 Felc.

264 5502 288 5557 1
320 5499 367 5557 et
388 5499 441 5558 5.
476 5499 822 5558 C:eteriveru
854 5512 906 5554 et
935 5502 1083 5566 editi,
1122 5501 1596 5569 ἐπενδυσκόμενος.
1622 5499 1822 5554 Ibidem

265 5574 473 5641 Seguer.
507 5574 729 5628 Gobler.
764 5570 910 5624 Felc.
941 5572 964 5624 1
998 5581 1053 5625 et
1084 5571 1140 5634 4,
1166 5572 1442 5640 ἐπωμίδα,
1471 5571 1561 5624 τὸν
1590 5571 1822 5641 ποδήρη,

263 5643 315 5696 τὸ
340 5645 531 5698 λόγιον.

325 5697 423 5783 (96)
471 5714 701 5770 Gobler.
754 5719 813 5783 et
843 5710 1041 5783 Fe_lr._l
1084 5712 1375 5783 omittunt,
1410 5710 1503 5764 καὶ
1552 5711 1721 5779 Λόγος
1757 5706 1824 5782 ἦν

263 5776 378 5857 πρὸς
402 5776 493 5840 τὸν
521 5785 685 5849 Θεὸν,
716 5782 815 5833 καὶ
838 5781 965 5843 Θεὸς
987 5776 1053 5851 ἦν
1090 5785 1116 5833 6
1145 5781 1334 5846 Λόγος.

1935 4589 2053 4639 nes,
2093 4575 2267 4643 [actus
2319 4581 2426 4637 est,
2465 4581 2579 4636 aut,
2624 4571 2840 4640 e/fectus
2873 4580 2971 4636 est,
3010 4578 3153 4624 recte
3178 4567 3247 4623 de
3277 4566 3509 4624 Domino

2002 4795 2112 4864 (97)
2147 4793 2237 4847 Sic
2271 4791 2494 4864 Seguer.
2529 4789 2767 4864 _Gohl_er._
2781 4798 2834 4841 et
2868 4787 3013 4864 Felc.
3040 4786 3092 4864 ‘l_.
3119 4785 3258 4864 Editj
3302 4799 3432 4864 vero
3455 4794 3509 4837 et

1932 4854 2045 4926 alii.
2080 4854 2251 4925 οὓτως
2281 4854 2376 4915 καί
2422 4859 2586 4923 αὐτὸς
2638 4858 2832 4912 ἕλαὸεν
2867 4859 2974 4911 ἀπὸ
3015 4858 3119 4927 γῆς
3159 4854 3507 4926 ἀνθρωπίνην

1931 4939 2130 4999 σάρκα.
2164 4934 2306 4987 Felc.
2342 4934 2394 4996 5,
2432 4932 2539 4983 ἀπὸ
2571 4929 2917 4999 ἀνθρωπίνης
2951 4930 3148 4999 σάρκα.

2007 4991 2115 5077 (98)
2155 4991 2414 5077 Stagnum,
2442 5001 2530 5077 Δὢν
2583 4991 2891 5077 ἀρχιερεύςξ
2954 4991 3120 5051 Paulo
3178 5008 3302 5065 post
3342 4994 3507 5059 idem,

1935 5072 2141 5137 πάντας
2162 5072 2733 5145 ἀπὸᾼτῶνὰμαρτιῲν.
2786 5138 2824 5145 _
2862 5140 2874 5145 _
2971 5139 2984 5145 _
3117 5137 3131 5145 _
3208 5135 3253 5145 ,ί

2005 5135 2240 5216 (λείη-δίο
2272 5135 2742 5216 Seguer'._Guh|_z-r.
2785 5138 2988 5216 Fcl_c._i
3021 5146 3075 5216 ςι
3104 5137 3156 5189 4.
3193 5135 3260 5216 At
3292 5135 3508 5216 editift

1934 5204 2046 5277 alii,
2080 5204 2402 5283 σκιογραφέἶ
2442 5214 2469 5264 6
2511 5210 2741 5280 Ἀαρὼν,
2764 5212 2801 5283 Αό
2828 5209 2988 5283 αὐτὸς
3016 5206 3090 5283 ὢν
3124 5207 3215 5283 καὶ
3270 5205 3369 5257 οὐκ
3408 5204 3504 5274 ηλ-

1931 5286 2160 5354 λάσσετο
2193 5277 2601 5354 περιτιθέμενος
2613 5277 2623 5280 ⁷
2635 5285 2743 5354 την
2755 5277 3036 5354 Δίερατικῦψ
3070 5277 3290 5354 έσθῆτα.

2001 5357 2075 5425 (Ι)
2106 5353 2203 5425 δὶα
2232 5348 2539 5425 δὐειιιξιὶ-ει
2574 5348 2703 5425 Ιξυε.
2728 5348 2915 5425 (ξιειςιί
2949 5360 3000 5399 et
3032 5348 3184 5425 editi,
3208 5348 3500 5425 ἐσήμανεν.

1931 5417 2067 5479 de'
2098 5417 2345 5491 Seguerf,
2384 5422 2488 5492 πρὸ
2518 5421 2611 5473 τοῦ
2646 5417 2806 5471 αὑτὸν
2840 5417 3250 5492 ἀρχιερὲαὶὲυίρ.
3284 5417 3506 5492 [ἰείη-(ξι

1932 5496 2075 5550 Felc.
2106 5485 2296 5562 5,’πρὸ
2319 5485 2743 5562 τοῦ’άρχιερεὺς
2791 5485 3060 5555 γενέσθαι.
3113 5487 3254 5542 Editi
3288 5495 3342 5540 et
3387 5485 3501 5552 alii,

1932 5568 2042 5638 πρὸ
2069 5564 2163 5638 τιεῖ)
2186 5560 2735 5638 ἀρχιερέαηγενέσθαι.
3051 5626 3062 5638 .
3180 5627 3214 5638 __
3240 5628 3248 5637 ⁸

2004 5637 2079 5707 (2)
2105 5624 2318 5707 anier.
2350 5624 2574 5707 infide.
2598 5626 3151 5707 μκατενσκευασμένα.
3180 5627 3377 5707 ibidem
3404 5624 3517 5707 ξε-

1931 5695 2083 5778 gum".
2122 5700 2483 5778 Reg._Au_gli_c.
2518 5698 2733 5778 Gohler'.
2772 5695 2912 5750 Felc.
2938 5699 2958 5751 ί
2989 5695 3043 5751 et
3075 5699 3128 5764 5,
3150 5700 3214 5769 τῇ
3244 5698 3509 5768 ἱερατείᾳ-

1928 5766 2034 5831 Alii
2064 5787 2115 5831 ct
2144 5766 2293 5837 editi,
2318 5766 2386 5839 τῇ
2414 5766 2787 5837 ἁρχιερατείᾳ.
