3972 6224
363 223 370 229 ’
409 259 514 314 ιεδ

969 239 1031 306 ‘S.
1071 249 1441 304 ATHANASII
1481 247 1633 304 OPP.
1674 246 1849 302 PARS
1887 248 1929 303 l.
1970 276 2038 290 --
2076 244 2440 300 HISTORICA
2479 243 2565 298 ET
2605 229 3031 300 DOGMATICA;

3517 243 3627 302 ιδι

410 385 703 443 possumus
720 367 1218 436 interpretari,eum
1241 366 1486 421 videlicet
1507 381 1668 420 came
1691 373 1970 432 assumpta

2077 363 2246 434 σάρκα
2261 361 2458 426 λαϐὼν,
2487 361 2597 414 ἀλλ’
2620 363 2648 413 ὁ
2671 359 2828 421 αὐτὸς
2853 357 2946 422 ὣν,
2974 355 3304 409 ἐκαλύπτετο
3330 354 3502 428 ταύτῃ
3523 352 3623 426 (3)°

410 479 521 518 non
556 463 725 516 alium
751 459 921 514 fuisse
953 459 1180 523 factum,
1215 457 1310 512 sed
1339 457 1502 527 3'76
1531 456 1780 510 eumdem
1825 469 1964 520 esse,

410 554 612 621 illaque
643 551 816 606 solum
846 550 1057 618 contegi
1089 568 1101 601 :
1152 547 1304 602 nefas
1341 556 1519 601 autem
1573 554 1656 600 est
1689 543 1920 598 Verbum
1949 583 1964 608 ,

411 649 679 707 quatenus
703 639 968 702 Verbum,
1002 637 1202 691 factum
1234 652 1353 692 esse
1383 637 1655 706 cogitare;
1688 635 1780 690 sed
1811 634 1970 688 intel-
2000 668 2002 670 τ

411 731 683 802 ligendum
713 739 798 784 est
827 728 1088 794 Verbum,
1123 745 1246 784 cum
1278 737 1424 782 esset
1444 727 1621 797 opifex
1650 736 1703 781 et
1735 734 1968 789 creator,

411 837 637 891 corpore
665 821 809 876 facto
843 830 896 874 et
921 829 1124 885 creato,
1161 820 1305 890 quod
1334 835 1432 888 pro
1459 819 1620 872 nobis
1660 827 1842 889 posset
1881 818 1968 874 of-

412 911 573 976 ferre,
611 921 798 981 postea
843 912 1088 966 indutum
1114 953 1128 978 ,
1176 911 1481 980 pontilicem
1536 909 1738 964 factum
1768 910 1969 977 fuisse,

411 1018 533 1072 quae
554 1019 716 1057 causa
749 1011 833 1058 est
851 1019 948 1057 cur
978 1002 1177 1056 factum
1219 1002 1449 1054 dicatur.
1480 1001 1665 1070 Itaque
1693 1001 1740 1055 si
1779 1001 1970 1055 Domi-

411 1111 517 1149 nus
545 1097 710 1150 homo
739 1111 849 1149 non
872 1104 955 1150 est
982 1093 1181 1156 factus,
1218 1094 1492 1147 decertent
1518 1093 1737 1159 Ariani;
1765 1093 1848 1149 sin
1882 1110 1976 1148 au-

413 1193 520 1238 tem
543 1183 781 1240 Verbum
807 1200 935 1241 caro
969 1188 1170 1239 factum
1195 1194 1294 1250 est,
1320 1185 1448 1254 quid
1479 1185 1624 1238 aliud
1656 1185 1724 1238 de
1749 1184 1970 1239 homine

412 1273 557 1329 facto
584 1275 870 1329 dicendum
891 1283 1026 1340 erat,
1063 1289 1248 1342 quam,
1273 1275 1361 1343 qui
1383 1273 1554 1342 ﬁdelis
1591 1281 1669 1326 est
1688 1274 1736 1326 ei
1769 1275 1859 1342 qui
1897 1275 1973 1342 fe-

412 1365 485 1416 cit
527 1365 724 1418 illum?
765 1365 833 1420 Ut
879 1365 1020 1418 enim
1066 1365 1282 1433 proprie
1311 1365 1377 1419 de
1418 1363 1595 1418 Verbo
1626 1364 1863 1430 dicitur,
1905 1363 1972 1418 1η

411 1457 667 1527 principio
688 1464 801 1509 erat
836 1453 1054 1508 Verbum
1083 1455 1150 1520 ⁸³,
1176 1454 1249 1508 ita
1272 1454 1555 1508 hominum
1586 1455 1868 1524 pr0prium
1891 1463 1975 1510 est

411 1547 530 1601 ﬁeri
556 1554 610 1602 et
645 1546 840 1600 creari.
873 1543 1006 1610 Quis
1034 1561 1180 1615 ergo,
1219 1545 1264 1598 si
1308 1543 1598 1599 Dominum
1628 1545 1823 1599 viderit
1858 1554 1974 1599 tan-

413 1654 578 1708 quam
634 1637 908 1691 hominem
949 1637 1357 1701 ambulantem,
1403 1635 1682 1706 Deumque
1727 1653 1785 1691 se
1813 1636 1971 1692 factis

2070 455 2163 507 καὶ
2193 454 2274 517 τὸ,
2297 452 2521 522 γέγονε,
2558 452 2650 504 καὶ
2681 451 2760 514 τὸ,
2787 447 3116 513 πεποίηται,
3143 448 3240 517 οὐχ
3271 449 3353 501 ὅτι
3379 449 3407 500 ὁ
3430 447 3622 515 Λόγος,

2066 543 2100 620 ᾖ
2127 546 2297 614 Λόγος
2321 545 2456 604 ἐστὶ,
2481 541 2768 610 πεποίηται
2795 543 2932 592 νοεῖν
2957 537 3112 606 θέμις
3133 552 3146 564 °
3178 539 3290 590 ἀλλ’
3337 539 3417 591 ὅτι
3451 538 3629 606 Λόγος

2067 636 2142 689 ὢν
2165 633 2508 706 δημιουργὸς,
2543 631 2765 701 ὕστερον
2788 628 3075 700 πεποίηται
3124 627 3428 698 ἀρχιερεὺς,
3469 629 3628 681 ἐνδυ-

2069 729 2301 798 σάμενος
2336 725 2492 796 σῶμα
2516 725 2578 778 τὸ
2606 723 2828 793 γενητὸν
2868 722 2943 792 (Ii)
2969 723 3060 775 καὶ
3093 721 3332 792 ποιητὸν,
3369 723 3506 793 ὅπερ
3531 723 3631 777 καὶ

2068 823 2451 892 προσενεγκεῖν
2499 818 2637 889 ὑπὲρ
2685 816 2840 887 ἡμῶν
2880 815 3117 880 δύναται,
3165 815 3245 866 διὸ
3277 815 3370 868 καὶ
3412 815 3632 884 λέγεται.

2070 911 2414 983 πεποιῆσθαι.
2447 911 2509 962 Εἰ
2547 909 2644 980 μὲν
2669 904 2761 961 οὖν
2783 907 2842 960 οὐ
2871 907 3090 975 γέγονεν
3136 905 3418 978 ἄνθρωπος
3457 908 3485 958 ὁ
3513 907 3634 961 Κύ-

2072 1023 2184 1078 ριος
2210 1044 2223 1068 ,
2261 1003 2614 1074 μαχέσθωσαν
2646 1001 2696 1053 οἱ
2741 999 3004 1070 ’Λρειανοί
3047 997 3122 1068 (5)
3147 1015 3161 1028 ο
3205 1000 3252 1050 εί
3293 998 3350 1051 δὲ
3385 1000 3413 1050 ὁ
3453 999 3631 1067 Λόγος

2071 1095 2209 1168 σάρξ
2235 1095 2464 1164 ἐγένετο,
2492 1092 2543 1145 τί
2578 1091 2682 1145 ἔδει
2723 1091 2850 1161 περὶ
2895 1089 3174 1158 γεγονότος
3211 1088 3494 1160 ἀνθρώπου
3541 1090 3635 1143 λέ-

2069 1202 2184 1254 γειν
2201 1184 2257 1256 ἢ,
2283 1184 2500 1236 πιστὸν
2527 1182 2672 1235 ὄντα
2695 1180 2774 1245 τῷ
2802 1179 3120 1246 ποιήσαντι
3145 1181 3367 1242 αὑτόν;
3403 1180 3489 1243 Ὠς
3521 1180 3640 1250 γὰρ

2072 1278 2201 1331 ἴδιον
2235 1275 2362 1346 περὶ
2397 1274 2488 1326 τοῦ
2521 1274 2693 1341 Λόγου
2745 1273 2939 1335 εἰπεῖν,
2987 1272 3082 1324 Ἐν
3118 1270 3273 1340 ἀρχῇ
3315 1266 3396 1340 ἦν
3433 1273 3466 1324 ό
3515 1274 3637 1326 Λό-

2072 1384 2175 1436 γος
2203 1366 2300 1436 (6),
2335 1364 2505 1428 οὕτως
2535 1362 2832 1434 ἀνθρώπων
2863 1362 2991 1415 ἴδιόν
3025 1365 3138 1416 ἐστι
3164 1362 3225 1415 τὸ
3255 1362 3496 1430 γίνεσθαι
3537 1364 3640 1416 καὶ

2072 1457 2354 1512 ποιεῖσθαι.
2393 1457 2488 1520 Τίς
2516 1456 2646 1526 γοῦν
2691 1454 2811 1509 ίδὼν
2855 1455 2949 1508 τὸν
2978 1455 3201 1526 Κύριον,
3245 1455 3320 1518 ὡς
3348 1454 3642 1526 ἄνθρωπον

2071 1549 2490 1622 περιπατοῦντα,
2522 1550 2614 1602 καὶ
2646 1549 2777 1602 Θεὸν
2815 1551 2880 1602 ὲκ
2915 1548 3024 1600 τῶν
3061 1547 3236 1619 ἔργων
3263 1546 3637 1618 δεικνύμενον,

2073 1642 2171 1694 οὐκ
2201 1641 2265 1695 ἂν
2292 1640 2561 1712 ἠρώτησε,
2588 1640 2669 1704 τίς
2699 1637 2886 1693 τοῦτον
2919 1639 3173 1710 ἐποίησεν
3203 1638 3484 1709 ἄνθρωπον
3515 1637 3590 1708 (7)
3618 1653 3641 1702 ;

411 1731 796 1794 declarantem,
823 1744 930 1784 non
961 1728 1288 1792 sciscitetur,
1342 1729 1594 1797 quisnam
1627 1729 1789 1783 istum
1829 1729 1971 1784 fece-

2077 1733 2170 1796 Τίς
2189 1733 2245 1786 δὲ
2269 1732 2427 1785 πάλιν
2454 1731 2624 1794 οὕτως
2649 1731 2942 1802 ἐρωτηθεὶς
2970 1731 3069 1782 οὐκ
3090 1731 3155 1783 ἂν
3178 1729 3520 1801 ἀπεκρίνετο,
3549 1731 3638 1783 ὅτι

411 1821 485 1874 rit
512 1819 825 1896 hominem?
848 1818 980 1884 Quis
1011 1829 1189 1873 autem
1229 1819 1302 1872 ita
1352 1819 1718 1888 interrogatus
1755 1835 1862 1874 non
1890 1836 1976 1874 re-

412 1911 722 1978 sponderet,
759 1911 1000 1974 Patrem,
1029 1911 1178 1964 illum
1203 1910 1398 1966 fecisse
1435 1911 1732 1977 hominem,
1763 1911 1976 1981 ipsum-

411 2018 518 2073 que
558 2004 868 2072 pontilicem
914 2003 1072 2056 nobis
1112 2002 1344 2058 misisse.
1401 2001 1564 2072 Atqui
1613 2003 1754 2058 hanc
1803 2003 1974 2073 ipsam

412 2094 758 2158 sententiam,
781 2103 1101 2162 tempusque
1115 2103 1168 2148 et
1190 2109 1476 2164 personam
1495 2110 1561 2148 ex
1583 2095 1699 2163 ipso
1718 2097 1977 2165 Apostolo

412 2184 507 2254 qui
537 2183 772 2252 scripsit.
803 2186 892 2254 qui
917 2185 1089 2254 ﬁdelis
1111 2194 1189 2238 est
1218 2187 1266 2239 ei
1287 2187 1376 2256 qui
1410 2187 1533 2255 fecit
1578 2186 1754 2251 illum,
1783 2187 1977 2242 melius

413 2276 540 2330 licet
558 2275 790 2339 discere,
822 2277 868 2331 si
901 2292 1094 2347 nempe
1115 2279 1181 2332 ad
1208 2294 1270 2333 ea
1301 2295 1422 2349 qua:
1446 2280 1771 2334 antecedunt
1802 2289 1977 2333 atten-

412 2366 674 2421 derimus.
704 2363 822 2419 Una
864 2363 1008 2419 enim
1045 2367 1216 2421 series
1246 2376 1348 2430 est,
1385 2382 1450 2422 ac
1484 2367 1550 2422 de
1585 2368 1774 2422 eodem
1801 2367 1978 2437 agitur

413 2455 592 2509 hocin
618 2455 912 2524 Scriptura:
936 2457 1073 2511 loco.
1103 2457 1224 2511 Haec
1242 2459 1424 2527 itaque
1447 2459 1638 2514 scribit
1662 2459 1714 2512 in
1739 2457 1977 2528 Epistola

413 2547 481 2602 ad
518 2545 813 2602 Hebraeos:
866 2546 1004 2612 Quia
1036 2564 1158 2618 ergo
1199 2550 1348 2618 pueri
1399 2551 1574 2603 carnis
1618 2558 1668 2604 et
1705 2550 1978 2620 sanguinis

410 2640 690 2708 participes
725 2639 854 2708 facti
877 2649 1018 2705 sunt,
1044 2641 1153 2709 ipse
1188 2657 1388 2711 quoque
1411 2641 1658 2695 similiter
1681 2642 1978 2695 earumdem

409 2729 672 2798 particeps
715 2729 860 2796 fuit,
902 2739 958 2783 ut
996 2746 1088 2798 per
1134 2742 1356 2783 mortem
1399 2746 1516 2781 eum
1554 2730 1978 2800 destrueret,qui

413 2819 600 2871 mortis
629 2819 905 2886 imperium
936 2819 1111 2882 habet,
1138 2820 1192 2871 id
1229 2828 1304 2871 est
1335 2818 1628 2885 diabolum,
1663 2829 1710 2872 et
1733 2820 1978 2875 liberaret

412 2925 498 2964 eos
520 2911 612 2980 qui
643 2911 828 2963 timore
863 2912 1048 2963 mortis
1090 2927 1180 2979 per
1210 2921 1377 2964 totum
1403 2911 1563 2964 vitam
1595 2911 1807 2964 obnoxii
1830 2923 1978 2965 erant

413 3001 677 3055 servituti.
731 3000 1008 3066 Nusquam
1040 3003 1179 3054 enim
1219 3002 1428 3071 angelos
1469 3002 1842 3070 apprehendit,
1889 3003 1978 3056 sed

413 3109 588 3146 semen
627 3092 854 3146 Abraha:
895 3093 1254 3162 apprehendit.
1293 3092 1438 3146 Unde
1473 3094 1648 3146 debuit
1675 3110 1764 3162 per
1801 3095 1979 3146 omnia

416 3182 671 3252 fratribus
710 3183 901 3236 similis
939 3184 1076 3252 ﬁeri,
1103 3195 1162 3237 ut
1212 3185 1510 3238 misericors
1559 3187 1704 3254 ﬁeret
1733 3193 1780 3237 et
1804 3184 1976 3254 fidelis

413 3272 652 3342 pontifex
696 3272 748 3324 in
781 3272 862 3325 his
896 3289 1012 3342 qua:
1055 3275 1122 3326 ad
1164 3273 1327 3326 Deum
1355 3284 1626 3342 spectarat,
1665 3284 1720 3327 ut
1746 3275 1978 3342 expiaret

413 3375 628 3432 peccata
665 3365 864 3434 populi.
926 3364 994 3419 In
1024 3381 1083 3419 eo
1115 3367 1251 3419 enim
1301 3367 1355 3418 in
1407 3382 1508 3436 quo
1553 3367 1728 3435 ipsum
1784 3367 1976 3420 tentari

415 3460 674 3529 contigit,
713 3469 882 3528 potest
924 3460 1005 3513 his
1041 3461 1129 3530 qui
1155 3469 1425 3513 tentantur
1469 3460 1740 3512 auxiliari.
1789 3457 1971 3522 Unde,

414 3549 606 3619 fratres
654 3549 848 3611 sancti,
890 3550 1174 3603 vocationis
1201 3551 1425 3604 caelestis
1467 3551 1772 3619 participes,
1797 3550 1972 3604 consi-

2075 1827 2103 1878 ὁ
2135 1824 2324 1894 Πατὴρ
2348 1823 2534 1876 τοῦτον
2558 1823 2633 1894 (8)
2655 1823 2910 1892 ἐποίησεν
2927 1819 3350 1892 ἄνθρωπον,καὶ
3379 1819 3642 1873 ἀπέστει-

2073 1914 2162 1969 λεν
2194 1915 2353 1967 αὑτὸν
2391 1917 2523 1984 ἡμῖν
2565 1914 2855 1984 ἁρχιερέα;
2887 1913 2982 1984 τὴν
3023 1913 3079 1965 δὲ
3107 1911 3358 1981 τοιαύτην
3391 1910 3644 1964 διάνοιαν

2075 2005 2281 2058 καὶτὸν
2317 2004 2528 2075 καιρὸν,
2570 2006 2664 2056 καὶ
2693 2005 2753 2056 τὸ
2784 2003 3092 2072 πρόσωπον,
3125 2001 3283 2064 αὐτὸς
3310 2004 3338 2054 ὁ
3383 2001 3646 2054 ’Λπόστο-

2075 2096 2165 2161 λος
2194 2099 2222 2149 ὁ
2251 2097 2345 2150 καὶ¹
2385 2095 2622 2167 γράψας,
2657 2094 2872 2148 πιστὸν
2905 2095 3047 2148 ὄντα
3078 2092 3158 2158 τῷ
3190 2091 3504 2158 ποιήσαντι
3531 2095 3646 2148 αὐ-

2076 2185 2202 2249 τὸν,
2224 2185 2458 2257 δηλῶσαι
2487 2186 2683 2256 μᾶλλον
2710 2185 2887 2249 ἱκανός
2914 2186 3079 2249 ἐστιν,
3113 2184 3207 2237 ἐὰν
3234 2184 3301 2237 τά
3328 2184 3646 2256 ἔμπροσθεν

2076 2278 2324 2349 λάϐωμεν
2346 2296 2359 2310 ·
2395 2279 2492 2349 μία
2519 2277 2628 2349 γὰρ
2661 2277 2943 2332 ἀκολουθία
2966 2278 3082 2329 ἐστὶ
3124 2275 3220 2347 (9),
3253 2277 3345 2330 καὶ
3383 2278 3508 2345 περὶ
3538 2275 3643 2329 τοῦ

2077 2369 2240 2422 αὐτοῦ
2267 2370 2328 2422 τὺ
2353 2369 2685 2439 ἀνάγνωσμα
2714 2369 2991 2439 τυγχάνει.
3025 2368 3229 2440 Γράφει
3265 2367 3440 2420 τοίνυν
3479 2370 3536 2422 ὲν
3566 2370 3643 2440 τῇ

2077 2463 2330 2532 ἐπιστολῇ
2348 2465 2410 2532 τῇ
2435 2462 2566 2533 πρὸς
2582 2461 2862 2531 Ἐϐραίους
2882 2459 3076 2514 ταῦτα’
3096 2460 3255 2514 Ἐπεὶ
3275 2455 3388 2514 οὖν
3405 2460 3477 2513 τὰ
3499 2475 3640 2513 παι-

2077 2551 2174 2604 δία
2195 2549 2622 2618 κεκοινώνηκεν
2648 2551 2890 2619 αἵματος
2927 2549 3023 2602 καὶ
3052 2549 3294 2617 σαρκὸς,
3324 2550 3422 2602 καὶ
3454 2549 3647 2614 αὐτὸς

2077 2642 2504 2710 παραπλησίως
2514 2640 2770 2710 μετέσχε
2785 2639 2901 2694 τῶν
2921 2639 3138 2703 αὐτῶν,
3165 2641 3265 2693 ἵνα
3282 2639 3382 2694 διὰ
3407 2639 3513 2694 τοῦ
3541 2644 3649 2694 θα-

2077 2735 2260 2790 νάτου
2283 2731 2628 2802 καταργήσῃ
2662 2732 2768 2784 τὸν
2797 2730 2862 2784 τὸ
2904 2729 3114 2798 κράτος
3149 2731 3367 2798 ἔχοντα
3395 2727 3502 2781 τοῦ
3533 2732 3644 2782 ϐαρ

2077 2827 2260 2881 νὰτου
2285 2865 2300 2889 ,
2336 2823 2611 2878 τουτέστι
2659 2822 2766 2876 τὸν
2803 2820 3082 2875 διάϐολόν
3103 2859 3120 2885 ,
3164 2820 3262 2873 καὶ
3312 2817 3643 2887 ἀπαλλάξῃ

2078 2919 2346 2981 τούτους,
2370 2914 2502 2968 ὅσοι
2532 2915 2690 2983 φόϐῳ
2717 2911 2974 2966 θανάτου
3011 2910 3333 2976 διαπαντὸς
3379 2909 3484 2963 τοῦ
3530 2907 3645 2977 ζῇν

2004 3040 2047 3098 c
2080 3007 2278 3075 ἔνοχοι
2309 3003 2471 3076 ἦσαν
2499 3005 2778 3069 δουλείας
2827 3002 2961 3074 (10),
3001 3004 3083 3055 οὺ
3132 3002 3240 3071 γὰρ
3279 2999 3474 3067 δήπου
3534 3000 3642 3068 ἀγ-

2079 3099 2269 3169 γέλων
2288 3095 2762 3165 ἐπιλαμϐάνεται,
2801 3095 2962 3150 ἀλλὰ
2997 3094 3334 3162 σπέρματος
3383 3091 3643 3161 Ἀϐραὰμ

2073 3184 2543 3256 ἐπιλαμϐάνεται.
2595 3186 2772 3239 Ὅθεν
2818 3183 3033 3253 ὤφειλε
3086 3181 3235 3235 κατὰ
3280 3180 3476 3233 πάντα
3509 3180 3644 3245 τοῖς

2073 3279 2353 3348 ἀδελφοῖς
2403 3275 2772 3347 ὁμοιωθῆναι,
2822 3276 2924 3330 ἵνα
2971 3272 3244 3341 ἐλεήμων
3272 3272 3509 3342 γένηται
3536 3272 3642 3326 καὶ

2074 3370 2288 3436 πιστὸς
2313 3367 2620 3438 ἀρχιερεὺς
2639 3369 2710 3421 τὰ
2733 3365 2882 3433 πρὸς
2901 3364 3007 3418 τὸν
3021 3365 3188 3426 Θεὸν,
3207 3365 3293 3428 εὶς
3315 3361 3379 3416 τὸ
3399 3360 3640 3416 ἱλάσκε-

2079 3465 2217 3516 σθαι
2258 3459 2365 3524 τάς
2413 3459 2700 3528 ἁμαρτίας
2751 3456 2861 3527 (ll)
2907 3455 3012 3508 τοῦ
3058 3454 3245 3508 λαοῦο
3317 3454 3386 3506 ἐν
3429 3445 3477 3518 ᾧ
3523 3451 3640 3521 γὰρ

2078 3551 2374 3604 πέπονθεν
2414 3548 2594 3613 αὐτὸς
2625 3546 2966 3615 πειρασθείς
2992 3583 3008 3610 ,
3055 3544 3302 3598 δύναται
3347 3543 3468 3609 τοῖς
3513 3557 3642 3596 πει-

412 3642 597 3696 derate
643 3642 938 3710 apostolum
973 3651 1020 3696 et
1051 3644 1352 3711 pontiﬁcem
1396 3644 1737 3712 confessionis
1784 3652 1977 3697 nostrae

2077 3641 2410 3710 ραζομένοις
2435 3637 2762 3706 βοηθῆσαι.
2796 3637 2992 3700 Ὅθεν,
3010 3635 3256 3704 ἀδελφοὶ
3286 3635 3456 3705 ἅγιοι,
3485 3635 3639 3701 κλή-

412 3730 620 3801 Jesum,
645 3734 736 3802 qui
757 3732 929 3802 ﬁdelis
957 3742 1035 3787 est
1066 3734 1116 3787 ei
1140 3734 1231 3803 qui
1266 3733 1389 3803 fecit
1425 3733 1600 3789 illum.

486 4002 538 4056 9.
571 4000 704 4066 Quis
727 4003 842 4057 haec
869 4004 1032 4057 verba
1047 4003 1213 4072 possit
1236 4004 1432 4074 legere,
1455 4006 1587 4074 quin
1602 4005 1833 4061 Arianos
1860 4014 1969 4062 sta-

414 4089 512 4142 tim
541 4091 898 4157 condemnet,
935 4091 1261 4161 beatumque
1309 4093 1605 4146 admiretur
1628 4093 1970 4161 Apostolum,

413 4179 509 4249 qui
533 4192 638 4233 tam
671 4181 926 4248 praeclare
957 4188 1039 4234 est
1083 4181 1333 4234 locutus?
1356 4180 1583 4245 Quando
1620 4183 1764 4235 enim
1794 4181 1970 4238 factus

484 4293 530 4324 ⁵⁸
559 4290 715 4347 Joan.
751 4301 790 4356 ις
827 4293 879 4346 1.
954 4293 1000 4324 ⁸³
1028 4290 1192 4346 Hebr.
1221 4308 1281 4354 ιι,
1317 4291 1514 4360 14-18;
1558 4307 1638 4356 ιιι,
1669 4292 1721 4358 1,
1743 4293 1798 4346 2.

2068 3751 2226 3800 σεως
2254 3732 2610 3800 ἐπουρανίου
2634 3730 2897 3799 μέτοχοι,
2922 3728 3333 3793 κατανοήσατε
3363 3727 3468 3780 τὸν
3490 3727 3640 3781 ἁπό-

2072 3832 2298 3882 στολον
2347 3825 2446 3880 καὶ
2484 3823 2757 3892 ἀρχιερέα
2799 3821 2910 3888 τῆς
2943 3822 3261 3890 ὁμολογίας
3305 3818 3472 3889 ήμῶν
3518 3821 3638 3889 Ἰη-

2072 3921 2250 3979 σοῦν,
2289 3915 2508 3970 πιστὸν
2537 3915 2682 3968 ὄντα
2708 3912 2785 3977 τῷ
2809 3911 3125 3977 ποιήσαντι
3153 3913 3353 3964 αὐτόν.

2143 4009 2195 4063 9.
2233 4007 2328 4069 Τίς
2360 4007 2457 4076 τὴν
2485 4002 2790 4073 περικοπὴν
2823 3999 3023 4070 ταύτην
3055 3998 3181 4069 ὃλην
3218 3997 3637 4066 ἀναγινώσκων,

2077 4101 2136 4152 οὐ
2165 4099 2272 4151 τῶν
2318 4098 2412 4167 μὲν
2459 4097 2512 4146 Ἀ
2525 4092 2748 4165 ρειανῷν
2795 4089 3210 4158 καταγινώσκει,
3246 4089 3333 4141 τὸν
3367 4088 3421 4140 δὲ
3457 4089 3637 4158 μακά-

2085 4208 2196 4261 ριον
2242 4186 2557 4241 Ἀπόστολον
2622 4184 2888 4255 θαυμάζει
2943 4181 3073 4254 (12),
3123 4179 3301 4242 καλῶς
3347 4179 3637 4255 είρηκὸτα;

487 4405 561 4481 (5)
595 4405 818 4481 segnem
844 4416 895 4459 et
919 4404 1060 4481 Felc.
1094 4406 1331 4481 4,_a':)1f]_.
1374 4405 1602 4481 Gobler._
1635 4415 1689 4460 et
1730 4406 1873 4481 Felc.
1918 4409 1968 4473 1,

2077 4424 2226 4481 guer.
2247 4407 2462 4481 Gobler.
2485 4414 2538 4481 et
2557 4403 2780 4481 Felc._l,
2940 4401 2997 4454 δὲ
3047 4400 3220 4481 πάλιν.
3261 4398 3451 4481 ούτως.
3479 4396 3637 4481 'Edili

409 4461 770 4548 qh'iﬂ'v._E:lili
807 4485 862 4528 et
900 4477 1030 4548 alii,
1053 4461 1251 4548 ταύτῃ.
1278 4461 1400 4548 mox
1532 4476 1700 4544 Λόγος
1751 4478 1903 4533 abest
1924 4461 1968 4532 7a,

410 4543 558 4600 ἕποιεν.
592 4546 644 4614 5:
666 4543 962 4614 seguer.,il
993 4545 1180 4612 Λόγος,
1206 4543 1492 4599 ἰιιειιόοεὸ.
1620 4543 1626 4544 ⁷
1703 4613 1706 4614 ν
1886 4550 1893 4555 ’

485 4613 744 4734 (4)6Fclc.
773 4615 828 4678 4,
861 4613 1134 4684 γεννητόν.
1168 4615 1357 4670 (Swteri
1393 4625 1446 4669 et
1487 4615 1651 4669 editio
1681 4613 1967 4680 Commel.,

485 4702 576 4734 νητ
606 4702 652 4734 ν.

407 4701 469 4738 γε
478 4701 652 4738 νητον.

714 4751 934 4823 Seguer.
960 4753 1390 4823 Anglican.llcg.
1429 4753 1645 4823 Goluler.
1671 4754 1814 4811 Felc.
1855 4756 1877 4808 1
1918 4769 1971 4810 et

409 4824 462 4880 ι.
506 4825 576 4877 At
607 4823 772 4876 Basil.
815 4833 868 4876 et
892 4822 1035 4877 Felc.
1066 4824 1120 4882 '2,
1153 4825 1200 4874 εἰ
1221 4822 1276 4875 δὲ
1303 4823 1438 4885 ὅλως
1466 4822 1618 4892 σάρξ.
1653 4825 1813 4888 Edili,
1847 4827 1970 4879 εἰδὲ

410 4895 528 4964 ὅλος
557 4892 710 4964 σάρξ.
738 4892 934 4964 Ibidem
961 4893 1186 4964 Seguer.
1223 4892 1444 4964 Gobler.
1474 4892 1619 4964 Eutr,
1653 4899 1674 4946 1
1729 4906 1783 4949 et
1811 4896 1843 4948 4
1868 4937 1880 4952 .
1918 4895 1970 4947 τί

410 4962 539 5034 ἔδει.
574 4961 678 5034 Alii
712 4970 776 5034 et_
803 4962 955 5034 editi,
1001 4961 1052 5012 τί
1079 4961 1181 5034 δεῖ.
1235 4961 1364 5034 lt_e_m
1413 4962 1542 5034 ibid.
1588 4963 1810 5034 Srguer.
1863 4966 1970 5019 Go-

409 5033 545 5087 bler.
577 5032 721 5105 elc.
813 5040 878 5105 et_
898 5033 951 5094 5,
975 5031 1101 5102 περὶ
1126 5031 1426 5105 γεγονότος.
1484 5031 1684 5105 Basil.,
1713 5034 1837 5105 περὶ
1873 5034 1966 5087 τοῦ

410 5101 1053 5174 γινομένουξ-Λιιεξίεειι.,
1078 5101 1204 5174 περξι
1224 5101 1524 5174 γινομένου.
1551 5101 1713 5170 Editi,
1733 5101 1857 5174 περὶ
1880 5121 1970 5172 γε·

412 5170 657 5240 νομένου.
693 5170 818 5240 Mox
843 5170 985 5224 Felc.
1005 5171 1080 5240 *4,
1112 5170 1206 5240 ita}
1234 5170 1341 5240 γάρ
1367 5171 1511 5222 ῐόιον.

415 5375 560 5446 Felc.
589 5381 612 5431 1
642 5388 696 5431 et
719 5377 770 5442 4,
795 5375 1036 5446 γίνεσθαι
1065 5380 1155 5431 καὶ
1176 5375 1461 5442 ποιεῖσθαι,
1492 5375 1688 5434 οιῖιιοκ
1712 5423 1725 5445 ,
1766 5383 1840 5445 ὡς
1879 5383 1969 5434 άν-

413 5445 647 5521 θρωπον.
678 5447 783 5521 Alii
810 5445 863 5501 et
889 5449 1038 5515 editi,
1067 5447 1315 5516 γενέσθαι
1350 5449 1443 5501 καὶ
1474 5449 1834 5519 πεποιῆσθαι,
1877 5452 1969 5521 qui
2017 5469 2030 5521 ξ

410 5525 468 5569 et
493 5517 570 5581 ὡς
600 5517 879 5570 omittunt.

483 5585 559 5660 (_7)
585 5585 746 5660 Basil.
776 5584 906 5660 Reg.
935 5595 988 5640 et
1012 5587 1153 5660 Fele.
1183 5589 1236 5649 5,
1268 5588 1519 5660 ἐποίησεν
1553 5587 1834 5660 ἄνθρωπον
1878 5590 1969 5660 καὶ
2036 5597 2040 5602 ’

397 5653 727 5722 ,ἀπέστειλεν
771 5656 920 5726 ἡμῖν,
960 5657 1176 5711 omissis
1225 5653 1552 5713 internicdiis
1624 5653 1822 5712 Ibidem
1869 5655 1967 5711 Sv-

2078 4469 2132 4534 ἕι
2155 4479 2266 4541 alii,
2299 4477 2330 4541 ἣ
2365 4477 2448 4540 τίς
2472 4475 2663 4537 οὕτως.
2699 4473 2825 4525 Item
2847 4473 3070 4540 Seguer.
3110 4469 3265 4541 ibid.,
3291 4469 3634 4541 dissaepiunt).

2076 4538 2290 4604 Golilei‘.
2321 4538 2464 4601 Felc.
2502 4547 2526 4598 1
2558 4555 2608 4600 et
2641 4544 2694 4606 4,
2729 4538 3074 4613 ἀπεκρίνατο.
3100 4539 3209 4593 Alii
3230 4549 3284 4593 et
3325 4540 3473 4601 editi,
3501 4538 3640 4589 ἁπε-

2075 4619 2474 4769 3‘ffglyseguer.
2503 4683 2719 4738 Gobler.
2741 4693 2796 4736 et
2825 4679 2968 4735 Felc.
3006 4680 3030 4732 1
3059 4721 3074 4745 ,
3111 4677 3292 4732 αὐτόν.
3349 4675 3540 4733 (lateri
3581 4685 3638 4732 et

2075 4763 2225 4820 editi,
2251 4763 2454 4808 τοῦτον.

2091 4896 2098 4897 ί
2146 4829 2221 4897 (9)
2259 4821 2936 4897 SlC__St’.gllel'._Angllca_n.
2981 4816 3485 4897 ﬁoblerianti-Felc.
3520 4813 3545 4866 l
3580 4824 3638 4897 et

2076 4896 2130 4959 4,
2153 4887 2221 4950 ἰιι
2244 4905 2297 4948 et
2335 4887 2578 4946 Nannius
2623 4887 2840 4958 legerat.
2865 4891 2917 4942 In
2951 4890 3069 4943 aliis
3113 4898 3167 4942 et
3210 4887 3636 4959 editisAdesunt,

2077 4956 2169 5019 ἐάν
2207 4965 2277 5017 τὰ
2299 4961 2599 5033 ἔμπροσθεν
2619 4956 2866 5033 λάϐωμεν
2887 4976 2898 4988 ·
2925 4959 3156 5033 μία-γάρ
3172 4956 3466 5033 ρικολρυθία
3495 4956 3634 5033 ἐστί.

2077 5036 2293 5089 Gohler.
2330 5024 2427 5085 ’ρι’
2455 5030 2598 5103 Fclc_.
2645 5036 2688 5103 1
2735 5024 2937 5103 nollent-
2993 5024 3087 5103 εὰν
3125 5024 3236 5103 τῷν
3305 5024 3635 5103 ξμτιιροσθεν.ἶ

2077 5104 2278 5157 Ibidem
2315 5103 2536 5168 Seguer.
2560 5101 2777 5154 Gobler.
2813 5098 2954 5152 Felc.
2992 5099 3017 5150 1
3055 5107 3108 5168 et
3151 5099 3214 5162 4,
3249 5097 3340 5168 καὶ
3380 5097 3507 5168 περὶ
3538 5097 3636 5146 τοῦ

1996 5195 2005 5242 ς
2077 5173 2260 5226 αὐτοῦ.
2293 5164 2432 5225 Edili
2468 5178 2521 5224 et
2562 5171 2674 5242 alii,
2704 5171 2800 5242 καςι
2820 5170 2956 5242 περὶ
2994 5167 3205 5242 τούτου.
3247 5165 3371 5242 _M_0x
3409 5164 3633 5235 Séguer.

483 5238 558 5309 (6)
583 5239 674 5294 Sic
717 5239 942 5310 Seguer.
992 5238 1361 5310 Beg.Basi[i.
1392 5239 1599 5310 Anglic.
1647 5250 1699 5296 et
1729 5243 1872 5298 Frlc.
1913 5242 1965 5295 4.

483 5281 558 5309 (ν,
585 5281 675 5319 ...ε
718 5281 942 5321 ηυντ...
1004 5281 1136 5310 ωδ.
1177 5281 1361 5293 -........
1392 5281 1471 5292 .-..
1515 5281 1599 5293 ..ω
1647 5281 1699 5296 ν.
1729 5281 1872 5298 μιν.
1913 5281 1965 5295 τ.

410 5307 679 5379 Λιγοωιετι
704 5319 758 5379 et
787 5311 963 5379 editi,
989 5305 1056 5379 ἦν
1085 5309 1275 5377 Λόγος.
1309 5308 1431 5361 Mox
1478 5281 1702 5379 geguer.
1746 5313 1964 5368 Gobler.
2034 5339 2038 5342 -

2076 5243 2217 5297 Fclc.
2249 5243 2281 5295 4
2315 5251 2366 5292 et
2399 5242 2452 5304 5,
2482 5242 2545 5310 τῇ
2574 5240 2709 5310 πρὸς
2749 5236 3026 5310 Ἐϐραίους
3060 5236 3334 5310 επιστολῇ.

2150 5312 2258 5378 (l0)
2287 5311 2430 5364 Felc.
2467 5306 2544 5373 4,
2566 5306 2793 5362 θανάτου
2828 5306 2920 5361 καὶ
2969 5306 3230 5370 δουλείας.
3286 5307 3430 5360 Idem
3475 5318 3642 5372 punio

2075 5393 2196 5453 post
2217 5381 2428 5453 omittit
2448 5379 2592 5453 κατά
2620 5380 2812 5453 πάντα.

2147 5451 2257 5520 (11)
2292 5448 2513 5517 Seguer.
2554 5448 2772 5502 Gobler.
2812 5455 2863 5520 et
2898 5443 3047 5501 Felc.
3084 5446 3132 5509 1,
3180 5445 3278 5508 τὰς
3328 5444 3638 5516 ἁμαρτίας.

2077 5520 2214 5574 Editi
2241 5517 2458 5589 aliique,
2486 5523 2604 5589 ταῖς
2651 5517 2962 5589 ἁμαρτίαις.

2148 5590 2258 5657 (12)
2290 5582 2508 5657 δυᾲιιιιιδ.
2541 5588 2670 5657 Reg.
2693 5582 2922 5641 'Gobler.
2951 5595 3005 5639 et
3038 5585 3182 5640 Fclc.
3217 5587 3270 5657 1,
3315 5582 3644 5640 Ἆπόστολον

2078 5656 2494 5728 erudiendi!“
2526 5671 2579 5713 et
2606 5656 2755 5719 editi,
2790 5657 3107 5710 ’Λπόστολον
3140 5657 3199 5708 οὐ
3225 5656 3518 5728 θαυμάζει.
