3972 6224
233 358 331 417 165

1353 364 1618 421 ORATIO
1655 365 1696 420 ll
1736 363 2012 422 CONTRA
2049 364 2373 423 ARIANOS.

231 476 360 532 Πότε
389 476 504 548 γὰρ
535 479 846 549 πεποίηται,
881 480 975 534 καὶ
999 479 1128 534 πότε
1159 479 1455 544 ἀπόστολος
1482 481 1726 550 γέγονεν,
1758 481 1801 533 ει

1911 480 2241 551 etfectusque
2262 489 2346 536 est
2372 481 2671 550 apostolus,
2717 481 2823 536 nisi
2870 497 2994 537 cum
3050 483 3204 553 ipse,
3235 492 3297 539 ut
3344 499 3480 548 nos.

235 571 303 643 μὴ
336 573 427 623 ὅτε
481 571 877 641 παραπλησίως
927 575 1056 642 ἡμῖν
1094 572 1318 642 μετέσχε
1367 573 1460 625 καὶ
1508 570 1670 635 αὐτὸς
1695 571 1806 642 (15)

233 660 457 732 αἵματος
481 665 576 714 καὶ
603 664 800 734 σαρκός
825 679 838 723 ;
885 664 994 716 Καὶ
1019 664 1148 715 πότε
1183 666 1405 731 γέγονεν
1433 663 1678 734 ἐλεήμων
1713 665 1808 716 καὶ

233 753 414 815 πιστὸς
444 754 759 824 ἀρχιερεὺς,
812 755 844 822 ἢ
894 755 981 806 ὅτε
1032 755 1175 809 κατὰ
1207 754 1384 807 πάντα
1422 758 1534 817 τοῖς
1562 755 1809 822 ἀδελφοῖς

231 843 481 915 ὡμοιώθη
510 861 524 908 ;
559 844 814 915 ὡμοιώθη
837 844 892 897 δὲ
926 846 1067 910 τότε,
1115 846 1204 898 ὅτε
1251 847 1474 914 γέγονεν
1502 845 1805 916 ἄνθρωπος,

233 934 584 1006 ἐνδυσάμενος
611 936 707 1005 τὴν
730 935 999 1006 ἡμετέραν
1028 936 1228 1006 σάρκα.
1259 935 1467 988 Οὐκοῦν
1524 936 1650 1005 περὶ
1706 935 1807 1002 τῆς

234 1028 366 1081 κατὰ
386 1029 480 1079 τὸν
508 1027 795 1098 ἄνθρωπον
822 1028 929 1097 (14)
963 1027 1273 1098 οἰκονομίας
1320 1027 1411 1079 τοῦ
1458 1027 1631 1093 Λόγου
1666 1027 1804 1096 γρά-

235 1137 341 1187 ρων
376 1121 405 1171 ὁ
431 1118 645 1182 Παῦλος
673 1117 847 1187 ἔλεγε,
892 1117 1113 1171 πιστὸν
1168 1118 1312 1170 ὄντα
1349 1116 1428 1182 τῷ
1481 1115 1805 1182 ποιήσαντι

232 1209 429 1271 αὑτὸν,
461 1208 558 1260 καὶ
580 1209 640 1260 οὺ
673 1209 798 1279 περὶ
828 1208 928 1276 τῆς
988 1207 1173 1270 οὐσίας
1228 1206 1321 1260 τοῦ
1366 1208 1559 1274 Λόγου.
1595 1207 1805 1276 Μηκέτι

231 1298 398 1350 τοίνυν
425 1297 686 1368 μαίνεσθε
720 1298 970 1366 λέγοντες
1014 1299 1225 1368 ποίημα
1250 1294 1389 1352 εἶναι
1413 1298 1504 1350 τὸν
1545 1297 1639 1349 τοῦ
1668 1296 1804 1349 Θεοῦ

230 1388 394 1455 Λόγον
428 1388 562 1456 (15).
605 1389 760 1440 Ἔστι
799 1389 908 1458 γὰρ
935 1388 1097 1451 αὐτὸς
1142 1388 1267 1450 Υἱὸς
1297 1387 1454 1456 φύσει
1488 1389 1801 1458 μονογενής.

231 1479 356 1532 Τότε
382 1480 440 1532 δὲ
467 1480 626 1549 ἔσχεν
654 1479 935 1547 ἀδελφοὺς,
980 1480 1070 1532 ὅτε
1120 1481 1217 1551 τὴν
1254 1479 1443 1550 ὁμοίαν
1476 1483 1604 1550 ἡμῖν
1631 1478 1806 1531 ἐνεδύ-

232 1590 354 1626 σατο
384 1573 584 1643 σάρκα,
615 1572 682 1644 ἢν
702 1573 797 1625 καὶ
822 1573 1140 1644 προσφέρων
1193 1574 1352 1637 αὐτὸς
1381 1574 1492 1644 (ili)
1525 1574 1590 1626 δι’
1617 1572 1801 1636 αὐτοῦ,

227 1664 514 1735 ἀρχιερεὺς
529 1663 841 1734 ὠνομάσθη,
861 1665 954 1716 καὶ
976 1663 1192 1732 γέγονεν
1219 1664 1464 1735 ἐλεήμων
1485 1665 1577 1716 καὶ
1594 1665 1800 1726 πιστός·

230 1757 470 1829 ἐλεήμων
499 1758 618 1828 μὲν,
649 1757 732 1809 ὅτι
766 1756 908 1826 ὑπὲρ
935 1757 1090 1827 ἡμῶν
1118 1757 1228 1827 (17)
1270 1756 1640 1828 προσενέγκας
1672 1757 1801 1807 ἐαυ-

1909 573 2090 627 carnis
2119 582 2174 626 et
2193 573 2477 641 sanguinis
2506 571 2611 626 fuit
2639 573 2945 642 particeps?
2973 573 3201 639 Quando
3220 590 3348 630 vero
3374 577 3482 630 mi-

1909 666 2140 718 sericors
2162 673 2215 716 et
2241 663 2415 717 ﬁdelis
2443 662 2683 732 pontifex
2719 674 2803 717 est
2848 663 3044 728 factus,
3081 664 3184 718 nisi
3226 680 3350 720 cum
3382 680 3480 735 per

1907 756 2090 808 omnia
2123 753 2382 809 fratribus
2423 754 2617 808 similis
2662 754 2764 810 fuit
2807 755 3071 809 effectus?
3112 757 3260 824 quod
3293 758 3480 827 utique

1909 859 2040 900 tunc
2100 846 2299 899 accidit
2343 861 2466 899 cum
2516 853 2703 899 nostra
2750 862 2912 899 carne
2965 857 3246 916 assumpta
3295 846 3476 904 factus

1910 939 2073 992 homo
2105 946 2207 992 est.
2238 939 2429 1004 itaque
2459 939 2525 992 de
2567 939 2806 992 humana
2856 937 3018 991 Verbi
3069 940 3481 1008 dispensatione
3579 968 3584 994 -.

1907 1045 2014 1082 non
2047 1029 2112 1082 de
2140 1037 2331 1082 natura
2361 1028 2518 1084 Verbi
2551 1029 2662 1084 hare
2689 1029 2907 1098 scripsit
2937 1029 3157 1095 Paulus,
3183 1032 3274 1100 qui
3302 1029 3477 1099 ﬁdelis
3576 1025 3586 1042 ”

1906 1120 2053 1172 estei
2085 1121 2173 1188 qui
2223 1120 2345 1187 fecit
2375 1119 2546 1172 illum.
2607 1117 2724 1172 Jam
2772 1135 2902 1188 ergo
2932 1119 3173 1174 insanire
3223 1119 3477 1187 desinite,

1907 1227 2007 1266 nec
2045 1212 2278 1281 amplius
2329 1212 2634 1267 contendite
2681 1211 2771 1266 Dei
2837 1210 3072 1266 Verbum
3125 1227 3237 1267 rem
3277 1212 3475 1268 factam

1905 1302 2329 1371 csse.Siquidem
2353 1305 2464 1371 ipse
2485 1312 2564 1356 est
2589 1301 2898 1372 unigenitus
2916 1313 3106 1357 natura
3127 1301 3478 1359 Filius.'l‘unc

1905 1403 2083 1448 autem
2103 1394 2292 1447 habuit
2311 1394 2525 1458 fratres,
2545 1409 2665 1447 cum
2685 1408 2906 1447 carnem
2931 1395 3101 1448 nostri
3133 1397 3363 1450 similem
3387 1397 3475 1450 in-

1905 1487 2039 1546 duit.
2070 1501 2234 1554 quam
2271 1501 2364 1553 per
2393 1500 2451 1538 se
2486 1487 2598 1554 ipse
2644 1486 2893 1548 offerens.
2920 1487 3157 1556 pontifex
3180 1489 3480 1558 appellatus

1904 1577 2064 1646 377
2095 1585 2196 1640 est,
2234 1575 2518 1645 factusque
2553 1584 2636 1629 est
2684 1577 2996 1631 misericors
3025 1586 3079 1631 et
3108 1578 3274 1632 fidelis
3303 1596 3316 1632 :
3353 1579 3456 1633 mi-

1907 1670 2142 1723 scricors
2169 1668 2408 1737 quidem,
2441 1667 2569 1736 quia
2611 1682 2733 1720 cum
2783 1667 3023 1735 seipsum
3068 1682 3164 1736 pro
3191 1668 3346 1723 nobis
3376 1667 3476 1723 ob-

1910 1761 2055 1824 tulit,
2095 1764 2266 1814 nOStri
2297 1769 2380 1814 est
2405 1761 2660 1812 misertus
2687 1775 2700 1812 :
2735 1759 2905 1813 ﬁdelis
2938 1775 3088 1822 vero,
3117 1775 3224 1814 non
3259 1761 3384 1829 quia
3410 1760 3477 1814 ﬁ-

228 1850 312 1900 τὸν
333 1827 574 1917 ήηλέησεν
605 1848 770 1916 ἡμᾶς’
806 1847 993 1910 πιστὸς
1028 1846 1105 1910 δὲ,
1141 1848 1200 1900 οὐ
1257 1848 1491 1911 πίστεως
1544 1847 1801 1918 μετέχων,

1911 1853 1996 1907 dei
2023 1853 2290 1922 particeps
2314 1859 2417 1916 est,
2445 1861 2538 1904 aut
2565 1851 2618 1903 in
2647 1851 2880 1918 aliquem
2909 1850 3100 1914 credit,
3141 1853 3219 1904 uti
3243 1827 3475 1917 nos,sed

229 1941 342 1994 οὐδὲ
365 1941 445 2004 εἰς
462 1957 585 1993 τινα
613 1939 881 1992 πιστεύων
902 1939 1087 2010 ὥσπερ
1107 1942 1284 2010 ἡμεῖς’
1304 1939 1436 1993 ἀλλὰ
1455 1939 1804 1993 πιστεύεσθαι

230 2033 452 2102 ὀφείλων
483 2033 612 2104 περ).
630 2025 708 2086 ὧν
734 2032 844 2102 (18)
872 2032 965 2084 ἐὰν
1000 2032 1132 2105 λέγῃ
1159 2032 1252 2085 κα)⁸
1281 2034 1433 2102 ποιῇ,
1481 2033 1576 2086 καὶ
1606 2033 1687 2086 ὅτι
1715 2050 1805 2084 πι-

232 2125 354 2195 στὴν
385 2123 578 2177 Θυσίαν
607 2123 902 2194 προσφέρει
931 2123 1029 2194 τὴν
1082 2123 1346 2193 μένουσαν
1398 2123 1493 2176 καὶ
1524 2125 1598 2195 μὴ
1628 2124 1804 2178 διαπί-

233 2234 485 2272 πτουσαν.
515 2218 579 2268 Αἱ
617 2216 715 2286 μὲν
739 2217 848 2288 γὰρ
872 2216 1012 2270 κατὰ
1042 2219 1204 2286 νόμον
1245 2217 1678 2288 προσφερόμεναι
1705 2219 1804 2270 οὐκ

231 2303 366 2378 εἶχον
397 2307 458 2359 τὸ
491 2306 702 2370 πιστὸν,
735 2305 854 2358 καθ’
879 2306 1087 2377 ἡμέραν
1121 2305 1544 2376 παρερχόμεναι,
1573 2309 1665 2360 καὶ
1687 2308 1803 2359 δεό-

233 2412 384 2466 μεναι
408 2394 570 2448 πάλιν
595 2393 914 2464 καθαρσίων
939 2395 972 2463 ἡ
1005 2393 1062 2446 δὲ
1085 2393 1179 2446 τοῦ
1198 2394 1447 2464 Σωτῆρος
1470 2394 1631 2448 θυσία
1657 2395 1803 2461 ἅπαξ

230 2487 494 2556 γενομένη
528 2485 637 2556 (19)
661 2483 976 2538 τετελείωκε
1025 2485 1086 2538 τὸ
1129 2486 1256 2547 πᾶν,
1298 2485 1391 2537 καὶ
1423 2485 1585 2556 πιστὴ
1613 2485 1802 2552 γέγονε

233 2579 464 2650 μένουσα
484 2577 571 2630 διὰ
609 2577 828 2640 παντός.
864 2578 973 2630 Καὶ
1019 2575 1228 2648 Ἀαρὼν
1264 2575 1363 2646 μὲν
1391 2573 1515 2646 ἔσχε
1539 2576 1665 2638 τοὺς
1691 2575 1803 2628 δια-

232 2671 566 2742 δεχομένους,
596 2670 688 2724 καὶ
718 2671 913 2740 ὃλωςὴ
948 2669 1088 2722 κατὰ
1135 2669 1295 2738 νόμον
1355 2666 1594 2738 ίερατεία
1625 2667 1802 2739 χρόνῳ

234 2764 323 2814 καὶ
347 2762 565 2833 θανάτῳ
595 2760 908 2833 παρήμειϐε
954 2761 1078 2824 τοὺς
1110 2760 1422 2830 προτέρους·
1463 2763 1490 2814 ὁ
1521 2759 1576 2812 δὲ
1601 2760 1803 2830 Κύριος

233 2853 582 2924 ἀπαράϐατον
635 2855 731 2908 καὶ
775 2852 1083 2906 ὰδιάδεκτον
1105 2850 1242 2921 ἔχων
1265 2850 1366 2923 τὴν
1396 2851 1802 2923 ἀρχιερωσύνην

234 2943 415 3008 πιστὸς
440 2945 666 3012 γέγονεν
699 2944 1008 3015 ἀρχιερεὺς,
1049 2943 1376 3015 παραμένων
1423 2943 1531 3006 ἀεὶ,
1586 2943 1679 2995 καὶ
1733 2944 1798 3014 τῇ

234 3038 528 3109 ἐπαγγελία
580 3037 771 3100 πιστὸς
791 3037 1077 3106 γενόμενος
1104 3035 1236 3105 (20),
1301 3037 1381 3099 εἰς
1412 3035 1473 3088 τὸ
1515 3035 1801 3088 ἐπακούειν

1905 1945 2030 2014 quia
2063 1945 2115 1997 in
2146 1943 2231 1998 his
2263 1959 2387 2013 quae
2417 1943 2500 1996 vel
2531 1941 2728 1996 dixerit
2760 1941 2840 1995 vel
2870 1939 3077 2004 fecerit,
3107 1941 3254 1995 credi
3277 1942 3472 2006 debet,

1903 2049 1968 2088 ac
2001 2033 2156 2087 ﬁdele
2179 2042 2545 2101 constansque
2573 2031 2898 2085 sacrificium
2923 2045 3030 2084 non
3059 2030 3264 2084 ﬂuxum
3281 2031 3460 2086 oﬁ‘ert.

1902 2125 2034 2180 Nam
2056 2127 2188 2194 legis
2213 2125 2480 2180 sacriﬁcia
2523 2124 2656 2177 nihil
2699 2122 2854 2177 ﬁdele
2887 2123 2999 2178 sive
3039 2123 3253 2177 ﬁrmum
3306 2124 3474 2178 habe-

1903 2218 2052 2280 bant,
2087 2232 2211 2270 cum
2233 2215 2462 2286 singulis
2490 2215 2684 2269 diebus
2709 2214 3065 2284 praeterirent,
3084 2229 3329 2282 novaque
3352 2230 3475 2268 rur-

1902 2325 1997 2364 sus
2024 2309 2325 2378 indigerent
2356 2310 2709 2376 purgatione;
2732 2313 2788 2358 at
2809 2303 3112 2359 Salvatoris
3134 2305 3463 2360 sacriﬁcium

1903 2401 2070 2455 semel
2097 2409 2373 2469 peractum
2397 2399 2578 2452 omnia
2599 2397 2844 2466 perfecit,
2859 2396 3120 2467 ﬁdeleque
3136 2405 3220 2451 est
3245 2394 3472 2462 factum,

1901 2508 2024 2546 cum
2060 2500 2277 2546 maneat
2310 2500 2592 2559 perpetuo.
2628 2487 2892 2542 Praeterea
2929 2488 3129 2543 Aaroni
3161 2488 3313 2544 luere
3334 2503 3465 2542 suc-

1901 2598 2188 2646 cessores,
2233 2581 2567 2648 omninoque
2618 2580 2754 2650 legis
2803 2581 3193 2644 sacerdotium,
3229 2589 3474 2648 tempore

1901 2685 1954 2729 et
1985 2684 2156 2728 morte
2181 2672 2596 2735 interveniente,
2623 2671 2831 2740 priores
2860 2672 3105 2724 mutabat
3136 2669 3472 2724 sacerdotes.

1900 2767 1970 2821 At
1992 2766 2253 2820 Dominus
2280 2763 2657 2834 pontiﬁcatum
2685 2761 2846 2815 habet
2867 2761 2960 2831 qui
2985 2776 3082 2815 nec
3135 2760 3348 2822 transit,
3371 2774 3474 2814 nec

1905 2856 1994 2911 cui
2023 2856 2332 2911 succeditur
2364 2875 2376 2908 :
2407 2857 2549 2910 unde
2574 2857 2746 2912 ﬁdelis
2765 2856 2940 2911 factus
2960 2865 3043 2910 est
3061 2854 3322 2924 pontifex,
3341 2854 3472 2923 quia

1901 2963 2116 3017 semper
2148 2957 2330 3002 manet
2372 2948 2441 3001 “.
2497 2947 2582 3001 Fit
2610 2962 2828 3016 quoque
2869 2945 3231 3016 promissione
3273 2945 3470 3012 ﬁdelis,

1903 3055 2024 3094 cum
2051 3054 2146 3093 eos
2169 3039 2262 3108 qui
2295 3039 2362 3092 ad
2396 3039 2548 3093 illum
2582 3039 2848 3092 accedunt
2883 3037 3158 3103 exaudiat,
3192 3051 3291 3091 nec
3320 3035 3473 3090 fallat

234 3131 321 3184 καὶ
342 3130 417 3202 μὴ
439 3130 648 3200 πλανᾷν
674 3131 798 3192 τοὺς
859 3128 1338 3200 προσερχομένους.
1364 3126 1532 3180 Τοῦτο
1554 3128 1612 3180 δὲ
1640 3128 1801 3182 πάλιν

1911 3145 2166 3200 unquam.
2205 3129 2258 3184 ld
2303 3131 2428 3184 item
2469 3145 2535 3183 ex
2575 3129 2813 3199 Epistola
2863 3129 3004 3183 beati
3039 3127 3181 3183 Petri
3231 3128 3357 3182 licet
3389 3128 3472 3181 di-

232 3225 319 3277 καὶ
350 3222 456 3276 ἀπὸ
484 3223 587 3291 τῆς
613 3221 929 3290 Ἐπιστολῆς
949 3219 1040 3273 τοῦ
1073 3220 1306 3290 μεγάλου
1327 3219 1531 3290 Πέτρου
1558 3219 1667 3290 (21)
1696 3237 1800 3290 μα-

232 3316 337 3369 θεῖν
350 3314 548 3379 ἔξεστι,
567 3313 830 3382 λέγοντος·
849 3314 1031 3368 ’Ὥστε
1044 3314 1140 3366 καὶ
1155 3317 1208 3366 οἱ
1219 3313 1560 3382 πάσχοντες
1571 3313 1720 3366 κατὰ
1737 3315 1801 3367 τὸ

233 3405 454 3475 θέλημα
472 3407 578 3460 τοῦ
605 3405 776 3467 Θεοῦ,
808 3404 1002 3469 πιστῷ
1030 3406 1242 3471 κτίστῃ
1266 3405 1796 3472 παρατιθέσθωσαν

233 3498 334 3565 τὰς
349 3500 581 3553 ἑαυτῶν
596 3496 822 3566 ψυχάς⁹
845 3498 1029 3561 πιστὸς
1052 3499 1158 3569 γάρ
1171 3500 1336 3560 ἐστιν,
1351 3497 1450 3550 οὐκ
1470 3496 1803 3566 ἀλλασσόμε-

233 3607 332 3654 νος,
381 3591 496 3644 ἀλλ’
545 3593 632 3645 ἀεὶ
687 3591 976 3662 διαμένων,
1035 3591 1130 3643 καὶ
1192 3589 1474 3652 ἀποδιδοὺς
1534 3587 1570 3642 ἃ
1626 3588 1795 3658 ἐπηγ-

232 3697 290 3749 γε
297 3682 462 3735 ίλατο.

299 3772 384 3825 10.
441 3770 708 3842 Ἑλλήνων
760 3769 857 3841 μὲν
889 3763 978 3824 οὖν
1011 3771 1058 3823 ot
1105 3768 1382 3838 λεγόμενοι
1433 3770 1562 3839 παρ’
1616 3769 1800 3832 αὐτοῖς

233 3863 563 3934 ψευδώνυμοι
591 3862 700 3916 θεοὶ
745 3859 868 3915 οὔτε
913 3862 990 3932 τῷ
1021 3859 1178 3924 εἶναι,
1212 3860 1334 3913 οὕτε
1365 3859 1442 3929 τῷ
1474 3861 1801 3929 ἐπαγγέλλε-

237 3952 476 4006 εθαίείσι
512 3952 709 4004 πιστοί·
739 3951 860 4004 οὔτε
919 3951 1026 4020 γὰρ
1056 3954 1104 4004 οἱ
1142 3950 1294 4004 αὐτοί
1343 3951 1447 4002 εἰσι
1503 3950 1798 4020 πανταχοῦ,

235 4041 363 4095 ἀλλὰ
383 4043 476 4095 καὶ
498 4044 547 4094 οἱ
580 4040 720 4094 κατὰ
746 4041 940 4102 τόπους
967 4039 1099 4109 (22),
1133 4040 1210 4111 τῷ
1239 4040 1415 4111 χρόνῳ
1463 4039 1800 4114 ῆιαφθείρον-

233 4151 336 4196 ται,
366 4135 460 4188 καὶ
493 4134 620 4204 περὶ
651 4132 876 4194 ἑαυτοὺς
897 4131 1277 4203 καταρρέουσι·
1313 4131 1392 4184 διὸ
1435 4133 1528 4184 καὶ
1559 4135 1680 4185 κατ’
1709 4133 1806 4184 αὑ-

233 4225 334 4278 τῶν
358 4227 386 4278 ό
414 4223 584 4291 Λόγος
618 4224 732 4292 βοᾷ,
755 4223 836 4275 ὅτι
865 4221 1044 4284 πίστις
1077 4221 1175 4274 οὐκ
1210 4220 1426 4290 ἴσχυσεν
1462 4222 1572 4291 (25)
1615 4224 1672 4274 ὲν
1703 4223 1802 4275 αὑ-

235 4321 358 4380 τοῖς,
391 4316 488 4370 καὶ
514 4315 656 4384 ὕδωρ
704 4312 894 4383 ψευδές
929 4314 1055 4376 εἰσι,
1107 4313 1201 4364 καὶ
1239 4313 1338 4364 οὐκ
1391 4311 1506 4364 ἐστι
1540 4313 1720 4376 πίστις
1747 4315 1804 4367 ὲν

238 4409 431 4470 αὐτοῖς.
469 4407 529 4459 Ὀ
553 4405 610 4457 δὲ
636 4403 742 4455 τῶν
765 4403 900 4456 ὅλων
929 4403 1021 4454 καὶ
1047 4402 1204 4471 μόνος
1250 4400 1326 4471 τῷ
1351 4402 1461 4456 6w;
1484 4401 1651 4466 ὅντως
1703 4403 1798 4457 καὶ

237 4499 478 4569 ἀληθινὸς
508 4496 582 4550 ὢν
614 4495 744 4558 Θεὸς
778 4495 890 4565 (24)
917 4494 1103 4556 πιστός
1141 4495 1308 4558 ἐστιν,
1347 4495 1375 4545 ὁ
1393 4494 1553 4557 αὐτὸς
1580 4493 1674 4559 ὣν,
1703 4497 1796 4549 καὶ

1908 3236 2078 3276 scere.
2115 3219 2324 3291 Itaque,
2358 3221 2551 3290 inquit,
2585 3232 2632 3273 et
2656 3222 2708 3272 Iri
2735 3221 2826 3290 qui
2869 3220 3147 3289 patiuntur
3189 3218 3473 3274 secundum

1907 3310 2228 3364 voluntatem
2259 3310 2376 3376 Dei,
2400 3309 2547 3378 ﬁdeli
2599 3308 2839 3364 Creatori
2874 3309 3230 3362 commendent
3264 3309 3474 3362 animas

1907 3420 2031 3458 suas
2074 3403 2141 3458 ".
2176 3401 2377 3456 Fidelis
2422 3403 2566 3456 enim
2607 3411 2709 3467 est,
2755 3402 2849 3471 qui
2903 3415 3010 3454 non
3048 3411 3326 3465 mutatur.
3373 3400 3472 3456 sed

1909 3507 2120 3563 semper
2142 3501 2444 3562 permanet,
2465 3500 2518 3544 et
2541 3505 2604 3545 ea
2632 3491 2808 3545 reddit
2840 3505 2960 3560 qua:
2990 3499 3074 3546 est
3103 3491 3399 3560 pollicitus.

1976 3767 2066 3822 10.
2103 3767 2256 3822 Falsi
2303 3773 2484 3820 autem
2516 3765 2799 3835 gentilium
2836 3764 2911 3818 dii
2948 3779 3125 3834 neque
3171 3763 3348 3833 quoad
3374 3777 3474 3817 na-

1905 3867 2084 3913 turam
2115 3873 2290 3928 neque
2319 3855 2500 3926 quoad
2529 3857 2802 3925 promissa
2857 3855 3042 3909 ﬁdeles
3079 3865 3208 3908 sunt
3228 3854 3296 3907 ⁸⁸.
3359 3852 3473 3907 Nec

1905 3951 2050 4005 enim
2085 3949 2188 4018 ipsi
2220 3949 2421 4018 ubique
2451 3948 2742 4010 exsistunt,
2767 3947 2900 4016 quin
2919 3947 3082 4000 etiam
3110 3945 3197 4000 his
3229 3946 3282 3999 in
3312 3945 3472 4008 locis,

1905 4041 1998 4096 ubi
2050 4048 2198 4104 sunt,
2234 4047 2477 4107 tempore
2513 4039 2814 4108 depereunt
2843 4052 2907 4092 ac
2948 4052 3046 4106 per
3077 4051 3138 4091 se
3175 4037 3472 4092 destruun-

1901 4140 2013 4186 tur.
2051 4129 2189 4184 Hinc
2238 4131 2500 4184 adversus
2529 4129 2652 4182 illos
2692 4128 2891 4182 clamat
2938 4127 3178 4183 Verbum
3221 4128 3380 4183 ﬁdem
3413 4129 3472 4183 in

1900 4223 2007 4278 illis
2034 4238 2140 4276 non
2171 4221 2429 4286 valuisse,
2459 4229 2512 4274 et
2545 4219 2738 4274 falsam
2770 4234 2866 4274 eos
2890 4234 3012 4274 esse
3035 4233 3255 4289 aquam,
3286 4219 3477 4274 tidem-

1901 4328 2006 4382 que
2044 4313 2099 4366 in
2127 4312 2234 4366 illis
2263 4326 2373 4365 non
2405 4325 2548 4366 esse.
2591 4311 2661 4364 At
2709 4309 2861 4365 solus
2906 4318 2961 4365 et
3009 4325 3173 4365 verus
3219 4311 3469 4365 omnium

1900 4405 2045 4460 Deus
2074 4404 2250 4460 ﬁdelis
2272 4413 2375 4468 est,
2409 4405 2501 4473 qui
2532 4403 2672 4458 idem
2700 4412 2753 4458 et
2786 4413 2891 4466 est,
2923 4413 2976 4458 et
3006 4403 3118 4458 ait:
3173 4402 3349 4458 Videte
3367 4421 3470 4470 me,

1903 4498 2069 4552 videte
2119 4496 2256 4567 quod
2295 4513 2387 4566 ego
2442 4512 2560 4550 sum
2584 4497 2652 4562 ⁸⁷,
2693 4504 2768 4560 et,
2823 4511 2928 4550 non
2984 4511 3098 4549 sum
3150 4496 3470 4562 mutatus”.

305 4620 349 4650 "
369 4619 533 4674 Hebr.
565 4636 664 4686 vn,
694 4621 785 4674 24.
861 4620 905 4652 ³⁵
948 4619 967 4672 l
1016 4619 1158 4674 Petr.
1191 4634 1264 4684 tv,
1331 4619 1418 4672 19.
1494 4619 1541 4650 ⁸⁸
1595 4618 1793 4674 Jerem.

1911 4663 1916 4683 ,
1957 4623 2011 4676 5.
2089 4621 2134 4652 ⁸⁷
2169 4619 2388 4674 Deuter.
2420 4633 2592 4680 xxxii,
2616 4617 2706 4672 59.
2783 4617 2830 4648 ³⁸
2863 4616 3096 4672 Malach.
3150 4632 3234 4682 ιιι,
3272 4617 3326 4670 6.

305 4756 410 4825 (l3)
441 4755 667 4823 Seguer.
704 4766 754 4811 et
778 4756 932 4826 Reg.,
962 4758 1110 4826 ἡμῖν.
1135 4754 1296 4818 Editi,
1331 4755 1480 4825 ὑμῖν.
1516 4754 1649 4826 Ibid.
1694 4755 1791 4809 Se-

1911 4755 2073 4826 ἡμῶν.
2105 4752 2809 4826 Ιιιὶἀεεῐιιδεευθιξ.μίλῖοὺιειή.Δ
2844 4752 3002 4826 Felc.
3038 4753 3063 4806 1
3096 4761 3152 4826 et
3207 4753 3262 4826 4,
3300 4771 3472 4825 προσ-

242 4843 381 4895 guer.
405 4827 624 4881 Gobler.
657 4835 709 4879 et
731 4825 918 4881 Felcll
953 4825 1012 4879 et
1036 4826 1089 4890 5,
1113 4826 1337 4896 μετέσχε
1359 4826 1452 4878 καὶ
1477 4825 1658 4888 αὐτός.
1676 4826 1793 4880 Ca:-

244 4897 343 4966 teri
368 4906 416 4966 el
439 4896 589 4966 editi,
627 4897 884 4966 μετέσχεν
906 4896 1084 4966 αὐτόςἶ

306 4965 412 5035 (14)
437 4963 684 5035 ὃθςιιειίη
720 4963 858 5019 κατὰ
888 4968 950 5019 τὸ
998 4963 1354 5035 ἀνθρώπινον.
1402 4963 1526 5019 Mox
1566 4965 1705 5018 idem
1741 4973 1794 5020 et

1911 4964 2041 5020 rete.
2073 4965 2126 5025 ιι,
2160 4963 2224 5017 av
2253 4964 2388 5035 λέγῃ

241 5023 541 5103 Anglican."
561 5023 778 5090 Gob'ler.
809 5035 950 5090 Felc.
983 5036 1005 5088 1
1035 5023 1158 5088 et}
1197 5035 1415 5096 habent,
1448 5037 1639 5088 πιστὸν
1668 5036 1795 5088 ὄντα

241 5106 311 5175 τῷ
337 5107 624 5178 ποιήσαντι
650 5107 832 5169 αὑτὸν,
856 5107 950 5178 καὶ
975 5106 1036 5158 οὐ
1065 5106 1193 5175 περὶ
1222 5103 1337 5178 *τῆς
1381 5105 1566 5178 οὐσίας
1599 5105 1792 5178 Λόγου,

243 5174 354 5243 qua:
383 5174 590 5233 in'aliis
622 5187 677 5230 et
699 5179 861 5232 editis
888 5177 1084 5231 desunt
1107 5191 1119 5226 :
1142 5174 1238 5229 Sed
1259 5184 1313 5228 et
1333 5191 1396 5228 ea
1440 5174 1688 5230 Nannius
1718 5176 1795 5230 le-

244 5257 401 5314 gerat.
958 5313 963 5314 7
1418 5313 1448 5314 ί
1598 5313 1603 5314 ί

307 5316 414 5384 (15)
445 5316 538 5370 Sic
593 5315 912 5385 Seguerian.
938 5313 1154 5370 Gobler.
1204 5315 1352 5377 item,
1411 5313 1554 5368 Fele.
1585 5313 1611 5366 1
1663 5321 1717 5367 et
1761 5313 1797 5367 4

245 5385 448 5448 habent,
467 5387 558 5466 τὸν
578 5387 673 5466 τοῦ
703 5383 1220 5466 Θεοξῃᾼόγονλειε.
1246 5385 1300 5466 _5,
1323 5384 1530 5466 ποίημα
1559 5379 1797 5466 εἷναιλέ-

247 5471 416 5576 ξοόῖτες
440 5457 532 5510 τὸν
564 5459 757 5526 Λόγον.
783 5456 887 5508 Alii
907 5464 962 5509 cl.
986 5455 1135 5520 editi,
1168 5455 1376 5525 ποίημα
1418 5455 1663 5523 λέγοντες
1704 5454 1794 5507 τὸν

248 5553 261 5576 Α
325 5542 418 5578 ,ον.

312 5567 418 5667 ὦ).
448 5596 539 5652 Sic
570 5596 799 5667 Seguer.
830 5594 970 5667 μσς.
997 5594 1181 5667 _Basil.
1207 5594 1424 5649 Gobler.
1468 5593 1610 5648 Felc.
1661 5593 1685 5645 1
1740 5601 1795 5667 et

250 5660 294 5714 1.
310 5660 436 5720 Editi
457 5683 582 5722 vero
602 5660 804 5728 et'alii,
825 5660 1135 5737 ﬁg'lbidem
1159 5680 1290 5737 mss.
1320 5678 1527 5730 omnes,
1552 5661 1793 5734 προσφέ-

255 5748 346 5801 ρων
373 5738 546 5801 αὐτός.
579 5737 747 5801 Editi,
777 5735 1097 5806 προσφέρων
1125 5735 1306 5806 αὐτόν.

308 5807 408 5880 (Π)
441 5800 669 5881 Seguer.
723 5800 780 5862 et
825 5800 1059 5862 'Felcfti.
1103 5806 1172 5861 At
1227 5804 1318 5888 alii
1375 5811 1427 5860 et
1483 5803 1630 5873 editi,
1663 5800 1790 5873 περὶ

1892 4823 2122 4893 ἐνέγκας
2156 4823 2368 4893 ἑαυτόν.
2401 4824 2461 4876 In
2491 4824 2612 4877 aliis
2645 4834 2698 4893 et
2728 4823 2888 4877 editis
2913 4825 3066 4893 deest
3088 4823 3296 4878 ἑαυτόν.

1970 4887 2082 4963 (18)
2106 4887 2262 4965 Περι
2289 4887 2364 4945 ὧν
2397 4894 2548 4965 abest
2579 4910 2608 4947 a
2644 4891 2787 4965 Fele.
2842 4893 2895 4965 5.
2928 4891 3131 4965 Ibidem
3163 4894 3387 4962 Seguer.
3418 4900 3476 4946 et

2361 4964 2545 5036 n._Alii
2572 4972 2624 5036 et
2654 4963 2804 5036 editi,
2838 4963 2937 5036 εὰν
2964 4962 3119 5036 λέγῃ.

1969 5035 2078 5105 (19)
2103 5028 2550 5105 Γενομένη’ὀθθει
2567 5034 2627 5105 in
2656 5032 2798 5087 Felc.
2824 5028 3214 5105 4._Pa_ul0"post
3245 5028 3471 5105 §e_g_uer.

1899 5099 2134 5161 Go'bl.'et
2161 5099 2304 5174 Felc.
2341 5099 2391 5165 1,
2425 5105 2518 5156 καὶ
2537 5102 2672 5167 ὅλως
2705 5105 2739 5174 ὴ
2771 5103 2932 5174 κατά.
2971 5099 3217 5174 seguer._,
3252 5099 3473 5174 ibidem,

1898 5176 1989 5228 τὸν
2012 5175 2194 5244 νόμον.
2226 5173 2418 5228 Caneri
2445 5184 2501 5244 et
2527 5174 2678 5237 editi,
2706 5168 2800 5225 καὶ
2826 5173 2994 5234 ὅντως
3014 5168 3218 5240 η’κατὰ
3249 5168 3438 5239 νόμον.

1975 5243 2086 5314 (20)
2115 5243 2361 5314 Seguer.,
2389 5243 2687 5312 γινόμενος.

1967 5308 2078 5383 (21)
2111 5308 2326 5383 Gobler.
2357 5308 2412 5367 et
2460 5308 2604 5383 Fclc.
2660 5314 2710 5378 1,
2756 5309 2849 5364 τοῦ
2897 5308 3192 5383 άποσῖόλου
3240 5309 3470 5383 Πέτρου.

1900 5377 2022 5437 Mox
2056 5377 2388 5452 iidem,Reg.
2418 5393 2468 5436 et
2507 5377 2755 5452 Seguer.,
2789 5379 2929 5434 κατὰ
2960 5379 3020 5433 τὸ
3048 5377 3386 5450 θέλημαᾼὶὶί
3415 5390 3474 5434 et

1897 5454 2062 5508 editio
2090 5452 2376 5516 Commel.,
2404 5452 2542 5504 κατὰ
2576 5452 2802 5521 θέλημα.

1992 5523 2082 5590 22)
2115 5521 2335 5591 Seguer.
2373 5521 2512 5574 κατὰ
2537 5522 2661 5583 τοὺς
2690 5519 2906 5582 τόπους.

1992 5526 2082 5590 22)
2115 5526 2335 5591 Seguer.
2373 5526 2512 5574 κατὰ
2537 5526 2622 5573 τοὺ

1971 5526 2085 5662 ἓ25)
2116 5591 2307 5654 Basil.,
2327 5591 2622 5662 ἐνίσχυσεν.

1972 5593 2064 5662 (25
2116 5593 2622 5659 Βεείιηὲνίσχυσεν.

1969 5593 2085 5733 (24)
2112 5661 2327 5733 Gobler,
2362 5669 2415 5712 et
2449 5659 2592 5733 Felc.
2650 5659 2702 5724 1,
2727 5655 2955 5733 Υἱὸς
2997 5659 3092 5733 καί
3141 5658 3293 5722 Θεός.
3344 5657 3470 5712 Mox

1899 5727 2145 5799 Sicimina,
2184 5729 2322 5788 ἴδετέ
2354 5745 2440 5798 με,
2494 5728 2650 5782 ἴδετε.
2711 5727 2817 5783 Alii
2865 5739 2915 5786 et
2959 5731 3086 5786 editi
3132 5741 3471 5800 postremum

1897 5801 2032 5853 ἴδετε
2066 5801 2341 5853 omittunt.

1917 5801 2032 5855 δετε
2066 5801 2341 5858 omittunt.
