3972 6224
455 273 560 330 16⁸1

1011 271 1080 329 8.
1121 267 1495 326 ATHANASII
1534 267 1688 326 OPP.
1724 263 1908 323 PARS
1945 264 1988 321 ι.
2025 294 2096 307 -
2135 259 2512 319 HISTORICA
2550 258 2638 314 ET
2681 257 3102 315 DOGMATICA.

3579 262 3688 319 168

452 387 591 444 Hinc
609 385 784 443 etiam
814 386 935 456 ejus
955 385 1133 442 Filius
1159 385 1336 465 ﬁdelis
1380 393 1487 452 est,
1514 384 1607 454 qui
1641 390 1696 438 et
1726 383 1840 452 ipse
1868 394 2012 435 sem-

2133 377 2302 446 ιέγων·
2335 374 2523 429 Ἰδετέ
2544 390 2642 444 με,
2675 373 2851 429 laete.
2879 374 2968 428 ὅτι
2995 373 3110 444 ἐγώ
3134 376 3270 443 ειμι,
3292 374 3405 439 καὶ,
3439 377 3550 430 οὐκ
3577 377 3695 443 ἠλ-

449 495 549 551 per
597 487 703 544 est,
751 493 854 534 nec
907 489 1169 541 mutatur,
1205 493 1306 533 nec
1337 486 1531 533 natura
1581 491 1683 532 nec
1727 473 2014 544 promissis

451 566 620 623 fallax
648 576 754 633 est,
788 577 850 642 ut
891 568 1086 622 iterum
1113 567 1307 622 scribit
1351 566 1646 637 Apostolus
1688 565 1754 618 ad
1786 561 2019 617 Thessa-

453 658 793 714 lonicenses:
829 657 1032 712 Fidelis
1055 667 1132 713 est
1160 661 1251 730 qui
1277 675 1364 713 vos
1384 669 1554 722 uocat,
1585 658 1675 728 qui
1698 666 1747 710 et
1787 655 2013 721 faciet".

453 747 593 803 Cum
639 751 782 802 enim
827 763 890 802 ea
929 764 1050 818 qua:
1101 750 1363 818 promittit
1408 748 1588 809 eﬁicit,
1633 746 1806 802 ﬁdelis
1836 754 1921 802 est
1963 746 2017 800 in

455 839 638 894 verbis
677 840 814 894 suis.
854 838 1011 906 Quod
1047 850 1226 895 autem
1256 841 1358 895 hoc
1402 840 1726 894 vocabulum
1755 840 2010 892 immuta-

454 931 718 987 bilitatem
763 931 1050 1002 signiﬁcet,
1086 933 1226 988 idem
1261 933 1346 987 his
1389 931 1573 987 verbis
1613 931 1869 986 Hebraeos
1918 930 2019 985 do-

347 1080 352 1085 .
454 1032 575 1078 cet:
613 1022 674 1077 Si
701 1039 804 1076 non
827 1024 1120 1090 credimus,
1148 1023 1240 1078 ille
1273 1022 1449 1092 fidelis
1497 1031 1785 1093 permanet,
1832 1037 2021 1090 negare

455 1114 684 1184 «ipsum
726 1132 833 1169 non
871 1125 1066 1184 potest.
1104 1114 1293 1184 ltaque
1327 1115 1450 1184 jure
1482 1115 1678 1170 merito
1721 1113 2020 1184 Apostolus

454 1204 525 1260 de
578 1221 840 1276 corporea
893 1205 1056 1261 Verbi
1104 1208 1393 1277 praesentia
1444 1221 1752 1262 sermonem
1808 1205 2021 1258 habens

456 1295 951 1365 dixitzAposto‘lum
983 1308 1033 1352 et
1061 1300 1150 1368 qui
1171 1299 1345 1368 ﬁdelis
1367 1298 1608 1368 esteiqui
1637 1297 1762 1367 fecit
1784 1296 2018 1364 illum“;

455 1389 661 1460 quibus
709 1390 898 1460 utique
952 1391 1133 1446 verbis
1186 1391 1425 1445 05tendit
1488 1389 1674 1444 Jesum
1739 1388 2020 1444 Christum

453 1479 620 1534 etiam
681 1479 884 1534 factum
945 1480 1244 1546 hominem,
1295 1481 1408 1536 heri
1458 1488 1513 1534 et
1565 1481 1723 1535 hodie
1768 1480 2020 1535 eumdem

453 1585 598 1633 esse,
643 1579 804 1639 atque
845 1571 896 1624 in
938 1579 1253 1640 perpetuum
1295 1579 1508 1640 tempus
1541 1584 1662 1624 esse
1709 1569 2020 1624 immutabi-

458 1661 586 1716 lem.
639 1661 710 1714 At
759 1676 885 1715 vero
925 1661 1382 1730 quemadmodum
1439 1661 1691 1715 humanae
1740 1661 1886 1716 illius
1920 1676 2019 1716 ua-

2115 470 2382 538 λοίωμιιιο
2414 468 2495 522 διὸ
2513 468 2606 521 καὶ
2631 467 2660 520 ὁ
2682 465 2868 520 τούτου
2915 465 3042 530 Υἱὸς
3076 466 3264 531 πιστός
3293 468 3459 530 ἐστιν,
3483 470 3570 522 ἀεὶ
3587 469 3686 532 ὢν,

2117 559 2212 614 καὶ
2235 561 2334 612 οὐκ
2357 557 2750 628 ἀλλοιούμενος,
2783 555 2902 610 οὐδὲ
2929 557 3341 628 διαψευδόμενος
3369 557 3493 612 οὔτε
3523 562 3582 613 ὲν
3608 559 3692 630 τῷ

2117 647 2276 715 εἶναι,
2299 649 2420 703 οὔτε
2453 651 2510 702 ἐν
2540 648 2618 719 τῷ
2664 647 3112 717 ἐπαγγέλλεσθαι,
3164 649 3416 721 καθάπερ
3467 651 3631 706 πάλιν
3661 655 3695 707 ὁ

2130 745 2446 808 Ἀπόστολος
2469 745 2693 815 γράφων
2711 743 3159 798 Θεσσαλονικεῦσι
3187 744 3284 815 μέν
3300 761 3450 815 φησι·
3468 746 3696 813 Πιστὸς

2118 842 2153 892 ὁ
2181 835 2384 892 καλῶν
2404 834 2579 906 ὑμᾶς,
2605 834 2672 901 ὃς
2687 834 2784 888 καὶ
2811 833 3050 900 ποιήσει
3066 835 3200 904 (25)·
3225 837 3283 889 ἐν
3298 837 3403 908 γὰρ
3420 836 3497 907 τῷ
3517 840 3695 891 ποιεῖν
3798 891 3808 906 τ

2117 926 2588 998 ἃὲπαγγέλλεται,
2645 925 2832 990 πιστός
2879 927 2995 980 ἐστι
3047 926 3241 980 λαλῶν·
3310 927 3583 998 Ἑϐραίοις
3633 928 3696 982 δὲ
3805 960 3815 967 -

2122 1023 2250 1094 περὶ
2291 1019 2388 1075 τοῦ
2415 1020 2701 1092 σημαίνειν
2756 1019 2857 1091 τὴν
2910 1018 3053 1084 λέξιν
3109 1018 3312 1092 ταύτην
3343 1021 3436 1074 καὶ
3485 1021 3597 1093 (26)
3631 1021 3700 1074 τὸ

2119 1113 2471 1168 ἀναλλοίωτον
2491 1112 2661 1177 οὕτως
2694 1113 2912 1186 γράφει·
2956 1115 2999 1166 Ε
3005 1115 3024 1166 ι
3073 1112 3508 1183 ἀπιστήσομεν,
3541 1115 3698 1169 ἐκεῖ-

2119 1221 2227 1270 νος
2250 1205 2463 1270 πιστὸς
2485 1202 2669 1273 μένει·
2714 1203 3092 1272 ἀρνήσασθαι
3153 1203 3370 1258 ἑαυτὸν
3397 1207 3470 1260 οὐ
3513 1204 3699 1260 δύναο

2121 1311 2236 1349 ται.
2261 1295 2468 1350 Οὐκοῦν
2491 1296 2713 1359 εἰκότως
2742 1298 2769 1349 ὁ
2803 1295 3117 1359 ’Λπόστολος
3132 1295 3229 1367 τὴν
3259 1296 3574 1369 σωματικὴν
3598 1297 3699 1351 τοῦ

2121 1387 2296 1456 Λόγου
2318 1387 2618 1460 παρουσίαν
2659 1387 3009 1457 διηγούμενός
3041 1404 3204 1459 φησιν
3243 1388 3374 1459 (27)·
3413 1391 3703 1444 ’Λπόστο-

2120 1482 2235 1533 λον
2257 1477 2353 1531 καὶ
2413 1475 2632 1530 πιστὸν
2672 1476 2817 1529 ὄντα
2870 1476 2950 1543 τῷ
2997 1477 3318 1544 ποιήσαντι
3359 1479 3563 1544 αὐτὸν,
3595 1480 3704 1533 δει-

2122 1571 2273 1634 κνὺς,
2305 1570 2386 1623 ὅτι
2420 1569 2514 1622 καὶ
2538 1567 2822 1639 ἄνθρωπος
2879 1569 3168 1639 γενόμενος
3203 1568 3408 1639 Ἰησοῦς
3440 1572 3698 1642 Χριστὸς,

2123 1661 2249 1732 χθὲς
2273 1660 2366 1714 καὶ
2393 1662 2628 1732 σήμερον
2663 1663 2691 1713 ό
2718 1661 2898 1724 αὐτὸς,
2928 1661 3022 1714 καὶ
3051 1662 3129 1725 είς
3160 1661 3286 1724 τοὺς
3313 1662 3511 1727 αἰῶνας
3535 1663 3704 1718 άναλ·

458 1761 616 1817 turm,
648 1753 941 1807 sacerdotii
992 1751 1235 1814 nomine,
1275 1752 1521 1805 meminit
1551 1753 1878 1820 Apostolus:
1937 1753 2017 1808 sic

2133 1727 2341 1816 ιοίωτός
2388 1727 2674 1806 ὲσῑτιίΚαὶ
2703 1750 2890 1823 ὥσπερ
2932 1751 3029 1823 τῆς
3067 1752 3178 1821 (28)
3233 1753 3704 1826 ἐνανθρωπήσεως

457 1843 620 1896 etiam
667 1860 772 1897 non
831 1844 922 1897 diu
966 1843 1038 1896 de
1084 1843 1202 1912 ejus
1237 1843 1525 1896 divinitate
1559 1844 1732 1907 siluit,
1768 1843 1860 1897 sed
1897 1859 2024 1899 mox

457 1933 706 1986 meminit
738 1933 1002 2003 ejusdem,
1034 1950 1143 2004 quo
1179 1929 1282 1989 nos
1325 1935 1528 2003 ubique
1580 1934 1832 1990 redderet
1861 1949 2024 1989 secu-

460 2040 574 2088 ros,
608 2025 906 2094 praesertim
941 2025 1030 2077 ubi
1057 2023 1123 2078 de
1152 2025 1272 2093 ejus
1319 2025 1623 2079 humilitate
1671 2025 1934 2094 loquitur,
1967 2033 2027 2079 ut

458 2114 636 2184 ipsms
660 2113 1003 2168 altitudinem
1027 2123 1419 2186 paternamque
1469 2099 1807 2185 majestate'm
1842 2115 2023 2171 statim

457 2221 933 2276 cognosceremus.
968 2207 1057 2260 Ait
1080 2207 1281 2277 igitur:
1320 2207 1538 2277 Moyses
1574 2206 1838 2272 famulus,
1867 2206 2026 2260 Chri-

459 2303 581 2352 stus
635 2307 818 2352 autem
873 2296 1047 2352 Filius
1094 2298 1304 2352 erat“:
1347 2306 1402 2352 et
1459 2298 1550 2351 ille
1596 2297 1816 2366 quidem
1853 2297 2026 2351 ﬁdelis

457 2400 575 2444 erat
610 2391 661 2444 in
702 2389 884 2454 domo,
917 2391 1018 2444 iste
1049 2405 1178 2443 vero
1214 2405 1382 2460 super
1420 2389 1666 2454 domum,
1696 2400 1883 2458 utpote
1931 2384 2026 2459 qui

455 2495 576 2536 eam
632 2481 1000 2546 aediﬁcaverit,
1029 2480 1256 2550 ejusque
1295 2481 1550 2536 dominus
1603 2483 1674 2536 sit
1705 2497 1770 2536 ac
1819 2480 2024 2550 opifex,

457 2579 512 2626 et
538 2587 660 2626 eam
699 2580 956 2640 tanquam
1011 2571 1266 2626 dominus
1301 2583 1544 2626 sanctam
1576 2571 1787 2627 efﬁciat.
1846 2571 2027 2640 Siqui-

456 2663 577 2718 dem
611 2662 848 2734 Moyses,
891 2666 983 2732 qui
1034 2663 1198 2717 homo
1228 2673 1419 2716 natura
1450 2672 1586 2726 erat,
1616 2663 1790 2718 ﬁdelis
1820 2672 1902 2718 est
1932 2663 2017 2717 fa-

458 2765 601 2813 ctus.
634 2770 756 2808 cum
790 2755 916 2820 Deo;
951 2756 1039 2823 qui
1073 2770 1167 2824 per
1183 2753 1419 2808 Verbum
1452 2757 1796 2825 loquebatur,
1837 2757 2027 2811 crede-

459 2857 574 2899 ret:
611 2843 847 2900 Verbum
878 2858 1083 2904 autem.
1120 2861 1228 2900 non
1249 2846 1408 2899 veluti
1451 2861 1538 2900 res
1571 2847 1817 2916 quaedam
1851 2845 2014 2910 facta,

459 2944 582 2989 erat
626 2936 961 3004 incorpore,
995 2945 1091 2989 aut
1124 2946 1182 2989 ut
1219 2952 1307 2991 res
1353 2949 1536 2990 creata
1578 2937 1633 2991 in
1674 2945 1878 3000 creata,
1927 2938 2020 2993 sed

464 3023 610 3079 Deus
664 3035 783 3080 erat
841 3029 894 3078 in
951 3041 1138 3091 carne,
1197 3035 1253 3080 et
1303 3026 1481 3095 opifex
1538 3043 1603 3082 ac
1651 3028 1940 3082 fabricator
1972 3029 2027 3083 in

463 3131 627 3184 opere
683 3133 714 3170 a
755 3132 813 3170 se
850 3126 1188 3172 constructo.
1252 3117 1519 3172 Praeterea
1564 3119 1730 3190 378
1781 3120 2028 3176 homines

462 3225 630 3264 carne
657 3211 1087 3274 circumdantur,
1136 3218 1197 3264 ut
1226 3209 1336 3264 sint
1375 3219 1429 3265 et
1469 3213 1803 3265 consistant:
1845 3221 1898 3265 at
1930 3211 2026 3267 Dei

463 3299 704 3356 Verbum
737 3302 898 3356 homo
929 3302 1102 3358 factus
1140 3312 1243 3368 est,
1270 3314 1328 3357 ut
1361 3319 1580 3358 carnem
1628 3313 1872 3358 sanctam
1909 3303 2026 3358 red-

464 3389 655 3456 deret;
687 3399 741 3444 et
773 3392 864 3459 qui
893 3390 1154 3446 Dominus
1173 3403 1312 3458 erat,
1345 3393 1485 3446 servi
1519 3393 1745 3463 ﬁguram
1801 3407 2021 3447 assum-

461 3481 588 3550 psit.
655 3478 817 3534 Verbi
861 3482 1005 3535 enim
1043 3496 1196 3535 serva
1222 3490 1308 3536 est
1337 3498 1423 3537 res
1456 3483 1634 3538 omnis
1673 3493 1874 3546 creata,
1909 3496 2030 3552 quae

464 3569 534 3622 ab
576 3569 698 3639 ipso
743 3569 882 3623 facta
917 3577 971 3624 et
1022 3571 1241 3624 condita
1279 3570 1404 3625 fuit.
1469 3571 1596 3626 Inde
1628 3587 1792 3642 porro
1816 3579 2031 3626 constat

463 3659 600 3713 illud
631 3660 701 3713 ab
732 3659 992 3727 Apostolo
1024 3661 1250 3724 dictant,
1283 3661 1429 3730 fecit,
1467 3661 1693 3716 minime
1722 3662 2031 3732 signiﬁcare

463 3749 666 3805 factum
695 3748 865 3804 fuisse
898 3749 1152 3816 Verbum,
1185 3753 1280 3806 sed
1325 3769 1527 3822 corpus
1574 3754 1840 3807 duntaxat
1882 3753 2029 3822 quod

462 3840 643 3894 simile
675 3841 847 3894 nostri
875 3841 1119 3910 accepit:
1149 3841 1388 3914 hincque
1411 3841 1587 3898 factus
1623 3842 1807 3910 homo,
1847 3841 2019 3897 frater

464 3939 650 3983 noster
677 3937 762 3984 est
787 3931 1108 3999 appellatus.

543 4199 629 4252 Η.
656 4197 812 4265 Quod
838 4201 884 4255 sl
908 4210 1189 4255 ostensum
1217 4211 1320 4268 cst,
1360 4217 1485 4256 cum
1515 4203 1642 4272 quis
1666 4203 1731 4257 de
1763 4203 1882 4272 ipso
1897 4202 2032 4258 Ver-

469 4290 538 4345 Lo
578 4292 830 4360 loquens,
857 4293 1145 4358 vocabulo,
1169 4293 1316 4362 fecit,
1353 4297 1543 4360 utitur,
1572 4310 1696 4349 eum
1728 4296 1858 4350 illud
1889 4296 2030 4361 loco,

2123 1841 2287 1896 αὐτοῦ
2317 1840 2405 1895 διὰ
2430 1841 2531 1910 τῆς
2585 1841 2993 1912 ἀρχιερωσύνης
3047 1842 3370 1913 μνημονεύει
3403 1843 3631 1916 γράφων
3672 1846 3706 1898 ὁ

2135 1931 2589 2003 ’Λπόστολος·(29)
2607 1931 2746 1985 οὕτω
2761 1933 2854 1985 καὶ
2880 1930 3039 1986 πάλιν
3053 1933 3153 1986 οὐκ
3167 1933 3439 2004 ἐσιώπησε
3458 1935 3703 2008 μακρὰν,

2123 2023 2238 2077 ἀλλ’
2263 2023 2422 2086 εὐθὺς
2455 2024 2582 2094 περὶ
2609 2023 2708 2091 τῆς
2741 2021 2989 2093 θεότητος
3006 2023 3168 2077 αὐτοῦ
3205 2022 3549 2095 μνημονεύει,
3569 2042 3709 2080 πανο

2121 2114 2287 2186 ταχοῦ
2313 2115 2410 2185 τῆς
2445 2113 2739 2183 ἀσφαλείας
2769 2115 3068 2184 γινόμενος,
3103 2115 3230 2169 ἔνθα
3255 2116 3486 2186 μάλιστα
3513 2117 3574 2170 τὸ
3602 2134 3709 2171 τα·

2123 2206 2304 2260 στεινὸν
2326 2206 2601 2276 ὀνομάζει,
2637 2205 2702 2258 ἵν’
2732 2203 2896 2269 εὐθὺς
2921 2207 3084 2260 αὐτοῦ
3125 2207 3223 2276 τὴν
3255 2207 3560 2278 ὑψηλότητα
3605 2211 3719 2262 καὶ·

2124 2297 2224 2368 τὴν
2248 2297 2518 2367 πατρικὴν
2551 2295 2942 2366 μεγαλειότητα
2975 2295 3351 2366 γινώσκωμεν.
3377 2298 3515 2370 Φησὶ
3539 2297 3696 2366 γοῦν·

2136 2388 2195 2440 ’0
2226 2387 2322 2458 μὲν
2354 2387 2559 2457 Μωσῆς
2579 2386 2857 2458 θεράπων,
2890 2388 2919 2440 ὁ
2952 2386 3008 2440 δὲ
3052 2386 3284 2456 Χριστὸς
3333 2387 3478 2450 Υἱός·
3516 2389 3709 2442 κάκείο

2125 2495 2214 2543 νος
2247 2478 2345 2545 μὲν
2370 2479 2559 2540 πιστὸς
2589 2479 2671 2541 είς
2693 2478 2785 2531 τὸν
2814 2473 2981 2542 οἷκον,
3013 2471 3166 2543 οὗτος
3205 2478 3263 2531 δὲ
3293 2478 3386 2531 ἐπὶ
3411 2478 3500 2532 τὸν
3530 2474 3706 2542 οἷκον,

2126 2569 2200 2634 ὡς
2228 2569 2388 2634 αὐτὸς
2418 2567 2577 2623 αὑτὸν
2607 2571 3038 2634 κατασκευάσας,
3075 2571 3168 2624 καὶ
3208 2571 3394 2641 κύριος
3425 2569 3588 2624 αὑτοῦ
3605 2572 3710 2625 καὶ

2126 2661 2453 2731 δημιουργὸς
2500 2662 2798 2732 τυγχάνων,
2857 2662 2950 2714 καὶ
2969 2661 3045 2725 ὡς
3082 2661 3213 2726 Θεὸς
3255 2663 3493 2729 ἁγιάζων
3517 2662 3704 2716 αὐτόν.

2139 2754 2196 2808 '0
2226 2753 2324 2825 μὲν
2349 2753 2456 2824 γὰρ
2499 2753 2722 2823 Μωσῆς,
2765 2753 3048 2822 ἄνθρωπος
3080 2752 3238 2822 φύσει
3266 2751 3360 2817 ὢν,
3384 2753 3571 2817 πιστὸς
3589 2753 3712 2821 ἐγέρ

2128 2863 2249 2899 νετο
2280 2846 2417 2913 (50),
2443 2845 2714 2900 πιστεύων
2746 2845 2822 2916 τῷ
2851 2845 2938 2897 διὰ
2964 2844 3057 2897 τοῦ
3092 2845 3263 2911 Λόγου
3287 2843 3532 2898 λαλοῦντι
3552 2845 3712 2915 αὺτῷ

2128 2934 2262 3006 Θεῷ·
2290 2936 2318 2987 ό
2346 2935 2402 2988 δὲ
2454 2936 2623 3003 Λόγος
2668 2934 2764 3004 οὐχ
2815 2933 3001 3004 ὥσπερ
3043 2951 3126 2997 τις
3150 2934 3258 2987 τῶν
3281 2935 3519 3004 γενητῶν
3545 2930 3613 3005 ἦν
3644 2937 3712 2988 ὲν

2056 3063 2096 3117 C
2131 3026 2360 3097 σώματι,
2391 3027 2510 3079 οὐδὲ
2531 3027 2605 3090 ὡς
2632 3026 2836 3095 κτίσμα
2864 3027 2919 3078 ὲν
2942 3025 3254 3096 κτίσμαστι,
3288 3025 3424 3078 ἀλλὰ
3471 3025 3603 3117 Geo;
3641 3028 3712 3079 ὲν

2134 3117 2296 3190 σαρκὶ
2319 3118 2410 3170 καὶ
2433 3117 2777 3188 δημιουργὸς,
2803 3117 2895 3169 καὶ
2950 3117 3390 3186 κατασκευαστὴς
3419 3119 3476 3170 ὲν
3497 3116 3574 3186 τῷ
3605 3135 3712 3171 κα-

2133 3210 2551 3264 τασκευασθέντι
2612 3211 2704 3262 ὑπ’
2753 3207 2940 3262 αὐτοῦ.
2997 3209 3106 3262 Καὶ
3164 3210 3213 3260 οἱ
3273 3208 3372 3279 μὲν
3427 3208 3710 3280 ἄνθρωποι

2133 3301 2294 3354 ἓνεκα
2313 3301 2408 3354 τοῦ
2441 3298 2580 3354 εἶναι
2634 3301 2728 3354 καὶ
2775 3300 3068 3368 ὑφεστάναι
3119 3301 3295 3370 σάρκα
3352 3300 3714 3371 περιὸέϐλην-

2133 3408 2222 3444 ται
2251 3392 2381 3460 (51)·
2413 3393 2442 3444 ό
2469 3391 2527 3443 δὲ
2558 3390 2650 3443 τοῦ
2677 3389 2809 3443 Θεοῦ
2837 3389 3005 3458 Λόγος
3032 3389 3191 3442 ’ἑνεκα
3216 3390 3309 3443 τοῦ
3340 3391 3581 3458 ἁγιάζειν
3604 3391 3711 3461 τὴν

2137 3481 2314 3554 σάρκα
2335 3483 2555 3550 γέγονεν
2575 3481 2879 3551 ἄνθρωπος’
2903 3483 2996 3533 καὶ
3010 3479 3208 3554 Κύριος
3235 3479 3329 3546 ὢν,
3356 3483 3413 3534 ὲν
3433 3485 3497 3552 τῇ
3522 3486 3707 3553 μορφῇ

2133 3571 2228 3624 τοῦ
2259 3571 2441 3625 δούλου
2461 3568 2548 3643 ἦν·
2589 3571 2746 3642 δούλη
2804 3571 2914 3640 (3‘2)
2963 3571 3072 3642 γὰρ
3113 3571 3207 3624 τοῦ
3260 3573 3434 3641 Λόγου
3492 3573 3526 3643 ὴ
3556 3575 3712 3627 πᾶσα

2136 3663 2329 3727 κτίσις,
2367 3666 2399 3734 ή
2433 3665 2562 3734 παρ’
2612 3662 2775 3716 αὐτοῦ
2822 3662 3084 3731 γενομένη
3136 3663 3226 3715 καὶ
3271 3665 3568 3733 ποιηθεῖσα.
3611 3665 3710 3718 Ἐκ

2135 3755 2191 3808 δὲ
2213 3759 2400 3808 τούτου
2435 3755 2780 3826 συνέστηκεν,
2809 3756 2890 3808 ὅτι
2914 3757 3007 3809 καὶ
3040 3756 3099 3808 τὸ
3135 3756 3422 3826 λεγόμενον
3451 3754 3600 3827 παρὰ
3625 3755 3710 3825 τῷ

2150 3845 2474 3916 ’Δποστόλῳ,
2528 3847 2837 3913 ἐποίησεν,
2872 3849 2934 3900 οὐ
2963 3847 3281 3919 ποιούμενον
3336 3848 3572 3901 δείκνυσι
3611 3847 3710 3901 τὸν

2137 3934 2330 4002 Λόγον,
2363 3935 2476 4016 ἀλλ’
2497 3937 2634 4007 ὅπερ
2663 3936 2852 3990 ἐλαϐεν
2872 3938 3054 4007 ὅμοιον
3098 3941 3231 4009 ἡμῖν
3264 3939 3373 4009 (55)
3426 3938 3599 4007 σῶμα·
3619 3927 3711 3989 ’διὸ

2138 4028 2232 4081 καὶ⁵
2296 4027 2560 4097 ἀδελφὸς,
2601 4029 2756 4099 ἡμῶν
2832 4030 3162 4102 ἐχρημάτισε
3247 4031 3535 4102 γενόμενος
3607 4032 3710 4084 άν-

2139 4116 2373 4188 θρωπος.

2211 4207 2296 4260 11.
2334 4208 2397 4260 Εἰ
2422 4207 2478 4261 δὲ
2506 4207 2790 4274 δέδεικται,
2825 4211 2927 4273 ὅτι,
2976 4210 3078 4265 κᾶν
3102 4212 3186 4264 ἐπ’
3208 4211 3369 4266 αὑτοῦ
3395 4213 3488 4266 τοῦ
3529 4211 3710 4278 Λόγου

2137 4315 2222 4362 τις
2235 4300 2343 4368 (34)
2357 4299 2488 4370 λέγῃ
2511 4301 2590 4364 τὸ,
2611 4301 2918 4367 ἐποίησεν,
2938 4301 3059 4354 ἀντὶ
3074 4303 3188 4366 τοῦ,
3207 4303 3518 4372 ἐγέννησε,
3534 4303 3704 4370 λέγει·

463 4383 671 4453 genuit,
707 4399 1005 4458 usurpare:
1033 4401 1199 4455 quam
1231 4387 1332 4450 illi,
1363 4402 1572 4456 quaeso,
1607 4403 1830 4457 pravam
1864 4389 2024 4444 inter-

2141 4388 2298 4441 ποίαν
2341 4387 2448 4460 ἄρα
2495 4389 2847 4461 παρεξευρεῖν
2887 4390 3128 4444 ἐπίνοιαν
3191 4391 3271 4445 ἔτι
3304 4392 3500 4462 μᾶλλον
3538 4407 3710 4444 κακο-

542 4611 589 4642 "
622 4608 643 4663 l
667 4609 911 4666 Thessal.
940 4628 993 4679 ν,
1019 4611 1107 4667 24.

543 4797 656 4871 (25)
691 4798 782 4856 Sic
805 4800 1026 4871 Srguer.
1056 4800 1269 4856 Goblcr.
1297 4801 1441 4857 Fclc.
1477 4802 1502 4856 1
1551 4809 1607 4858 et
1629 4801 1684 4856 4.
1717 4803 1819 4857 Alii
1853 4815 2032 4859 autem

461 4877 514 4922 et
547 4871 714 4939 editio
742 4871 1025 4939 Commel.,
1056 4874 1212 4924 ποιεῖ.

544 4937 655 5010 (ﬁli)
693 4938 937 5010 Seguer”
966 4937 1162 4994 καὶτὸ.
1198 4940 1336 4996 Editi
1387 4950 1441 4995 et
1492 4941 1583 4996 alii
1629 4958 1722 4994 και
1751 4943 2028 5000 omittunt.

470 5005 591 5082 Mox
625 5005 847 5082 Seguér.
883 5009 1096 5065 Gobler.
1133 5010 1262 5082 Felc
1308 5013 1329 5064 l
1364 5021 1418 5082 et
1453 5011 1506 5071 4.
1537 5013 1872 5082 ἀρνήσασθαι
1906 5016 2033 5066 ἐαυ-

470 5077 590 5152 τόνἒ
606 5077 717 5152 an;
745 5089 798 5135 et
823 5082 970 5140 editi,
997 5081 1334 5151 ἀρνήσασθαι
1355 5081 1462 5152 γὰρ
1492 5077 1701 5152 ἑαυτόν.

543 5149 654 5221 (2'7)
685 5149 907 5221 Seguer.
945 5149 1163 5206 Gobler.
1191 5152 1336 5206 Felc.
1394 5149 1506 5205 fet
1552 5151 1607 5213 4,
1651 5169 1833 5221 φησιν.
1889 5151 2031 5206 Editi

469 5224 527 5270 et
553 5219 663 5289 alii,
684 5219 909 5289 ἔφησεν.

542 5287 653 5363 (28)
677 5287 1013 5363 $egir_et'i_an.,
1036 5291 1174 5363 ἐστιή
1198 5292 1308 5344 Καὶ
1329 5291 1517 5363 ὥσπερ
1537 5291 1655 5362 τῆς.
1686 5289 1825 5346 Editi
1848 5300 1900 5346 et
1921 5292 2032 5357 alii,

470 5355 720 5432 ἐστι-’ΔΛιρ
746 5355 836 5410 καὶ
870 5361 942 5422 ὠς
958 5364 1107 5432 Δπερὶ
1127 5362 1246 5432 τῆς.

471 5489 489 5504 .
546 5425 671 5504 (29)_
689 5425 910 5504 Seguer.
946 5425 1162 5504 Goblet'.
1183 5425 1389 5504 'l"elc.ri
1425 5441 1478 5485 et
1498 5431 1549 5495 4,
1568 5431 1794 5504 γράφων
1883 5431 2032 5482 Παῦ-

473 5494 582 5613 Ξῒξ,
606 5494 967 5616 ρὲιτωπάλιν.
998 5499 1165 5555 Paulo
1193 5513 1315 5572 post
1337 5503 1492 5555 iidem
1535 5494 1631 5571 pro
1663 5494 1807 5564 ἔνθα,
1838 5503 2033 5555 habent

567 5581 634 5615 αυ
669 5582 722 5616 α.

468 5577 722 5618 ινταυυα.

543 5633 652 5702 (50)
679 5634 927 5701 Sentiet,
957 5638 1160 5692 ἐγίνετο
1201 5639 1368 5695 Paulo
1398 5651 1513 5711 pos'
1551 5640 1693 5696 Felc.
1736 5640 1790 5698 ι.
1819 5655 1902 5702 τις
1927 5639 2032 5691 τῶν

1185 4614 1230 4646 ⁸⁸
1271 4613 1291 4666 l
1321 4613 1460 4668 Tim.
1492 4631 1551 4680 tt,
1585 4616 1670 4669 Η.
1747 4617 1788 4647 ⁶¹
1821 4614 1984 4672 Hebr.
2018 4633 2102 4680 In,
2131 4620 2184 4673 5.

2177 4822 2296 4858 ενντι
2304 4822 2426 4858 των.

2137 4821 2588 4948 γεῖἕῗῖἕῖέῌωεε.
2616 4888 2826 4948 omnes.
2856 4874 3032 4948 Editio
3052 4875 3339 4948 commel.,
3374 4875 3703 4948 περιϐεϐλη-

2137 4962 2246 4999 ται.
2280 4945 2395 5019 mo;
2428 4942 2862 5019 ch_uer.,__'e'y23ta
2890 4945 2982 4999 τοῦ
3003 4945 3364 5019 ἁγιάζεινᾼτὴν
3391 4942 3584 5019 σάρκα.
3617 4942 3708 5015 γέο

2139 5033 2313 5138 γονὲν.
2345 5015 2536 5068 (Σίειετί
2555 5023 2606 5068 et
2628 5013 2972 5076 eJili,Z='.ver.sv
2991 5018 3084 5071 τοῦ
3116 5013 3359 5086 ἁγιάζειν
3382 5013 3479 5088 τὴν
3505 5013 3704 5088 σάρκα,

2139 5101 2232 5138 γεν
2271 5101 2444 5138 μενος.

2177 5101 2262 5138 ενο
2270 5101 2444 5148 μενος.

2139 5101 2444 5154 γενόμενος.

2144 5223 2177 5224 ἡ
2213 5155 2322 5224 (52)
2358 5155 2592 5224 Anglie.,
2620 5155 2816 5210 δοῦλοι.
2869 5157 3069 5209 Ibidem
3115 5158 3362 5220 Seguer.,
3392 5156 3609 5212 Gobler.
3649 5165 3707 5209 et

2140 5223 2285 5296 Feilc.
2308 5223 2362 5285 ⁷1,
2391 5227 2423 5295 ἡ
2452 5226 2764 5296 παρ’γαύτοῦ
2796 5224 3078 5296 γενομένη.
3115 5225 3250 5280 Editi
3277 5228 3494 5296 aliique,
3529 5225 3708 5296 6t‘u-3-

2140 5295 2235 5365 τοῦ
2269 5295 2550 5365 γενομένη.
2576 5295 2741 5348 Paulo
2759 5307 2881 5361 post
2912 5295 3133 5364 Seguer.
3167 5295 3560 5351 Gobler.'Felr.
3595 5295 3620 5348 1
3649 5305 3706 5365 et

2142 5363 2196 5437 ᾧ,
2237 5363 2527 5437 παρᾴξτεῦ
2581 5366 2918 5421 ’Λποστόλου.
2969 5363 3074 5420 Alii
3104 5376 3158 5420 et
3212 5367 3364 5431 editi,
3421 5367 3571 5437 παρὰ
3625 5364 3705 5435 τῷ

2155 5433 2473 5506 Ἀποττόλῳ.

2213 5505 2322 5576 (55)
2349 5505 2569 5576 Seguer.
2607 5505 2822 5576 Goliler.
2853 5514 2908 5560 et
2944 5505 3088 5560 Fele.
3117 5505 3166 5568 l,
3216 5507 3368 5576 ἡμῖν.
3406 5505 3598 5562 Cameri
3649 5514 3707 5558 et

2139 5573 2305 5647 editio
2329 5573 2614 5647 (Σειιίιιιιειη
2645 5575 2822 5647 ἡμῶν.

2210 5644 2322 5710 (54)
2367 5642 2756 5716 ὅρμοι-(Πομ.
2789 5656 2840 5700 ct
2875 5644 3051 5701 Fclck.
3089 5645 3142 5708 4,
3172 5646 3303 5719 λέγι
3328 5663 3340 5675 ·
3370 5646 3459 5700 alii
3491 5655 3545 5700 et
3575 5643 3664 5700 ed.
