3972 6224
389 411 488 467 171

955 404 1013 461 S.
1054 402 1429 460 ATIIANASII
1468 403 1620 461 ΟΡΡ.
1655 401 1835 458 PARS
1869 400 1911 455 1.
1952 430 2021 441 -
2059 397 2433 456 HISTORICA
2468 397 2557 453 ET
2597 395 3022 454 DOGMA'HCA.

3523 393 3629 447 171

387 522 604 578 discant
627 515 823 572 Filium
874 512 1052 584 ipsum
1104 528 1250 581 esse,
1306 522 1365 568 ut
1411 529 1579 584 supra
1611 512 1816 568 dictum
1845 520 1950 574 est,

2077 511 2293 566 ιέτωσαν
2321 508 2432 581 (48)
2464 509 2701 582 πρῶτον,
2723 509 2949 572 ὄτιΥιός
2976 509 3123 562 ἐστιν
3141 544 3156 572 ,
3195 506 3271 570 ὡς
3304 505 3398 561 καὶ
3432 505 3492 559 ὲν
3517 509 3632 570 τοῖς

387 629 490 668 nec
522 608 753 666 Verbum
792 621 906 664 rem
939 603 1137 660 factam
1169 620 1316 667 esse,
1351 620 1451 660 nec
1494 605 1585 659 illa
1625 604 1745 659 loca
1783 603 1952 674 379

389 706 456 760 de
481 705 604 774 ejus
631 701 914 757 divinitate
943 713 1065 755 esse
1095 698 1469 768 intelligenda,
1522 698 1616 753 sed
1643 697 1960 767 expenden-

389 797 519 851 dum
551 809 660 865 qua
697 793 764 848 de
808 805 974 847 causa
1009 803 1188 857 quove
1239 789 1403 844 modo
1449 789 1654 859 scripta
1712 787 1956 842 fuerint:

391 888 536 960 quod
562 886 609 942 si
629 885 753 956 quis
780 883 1051 953 exquirat,
1072 896 1138 935 ea
1161 880 1229 934 de
1258 880 1497 935 humana
1527 879 1958 950 dispensatione,

391 995 558 1050 quam
593 976 769 1035 nostri
820 989 986 1030 causa
1041 971 1307 1042 suscepit,
1339 972 1485 1027 dicta
1536 985 1661 1026 esse
1705 969 1958 1040 reperiet.

393 1069 530 1125 llinc
555 1069 698 1125 enim
743 1083 868 1122 cum
898 1065 1093 1121 Petrus
1116 1065 1365 1129 dixisset,
1398 1062 1686 1116 Dominum
1715 1072 1765 1116 et
1799 1061 1960 1116 Chri-

393 1173 534 1216 stum
559 1177 676 1232 eum
702 1159 848 1229 fecit,
871 1158 1136 1213 continuo
1163 1154 1392 1220 addidit,
1432 1153 1571 1208 hunc
1603 1152 1787 1206 Jesum
1807 1167 1961 1222 quem

394 1270 482 1308 vos
505 1251 843 1318 cruci/ixistis
863 1250 909 1281 “
925 1268 938 1304 :
957 1264 1022 1302 ex
1047 1248 1248 1318 quibus
1260 1243 1510 1316 profecto
1527 1243 1731 1300 nemini
1754 1257 1860 1297 non
1878 1252 1964 1299 est

394 1346 766 1408 manifestum,
807 1343 970 1412 idque
998 1351 1052 1396 et
1073 1341 1194 1395 istis
1221 1339 1446 1409 patebit,
1474 1337 1638 1392 modo
1662 1335 1830 1391 velint
1853 1351 1966 1389 ser-

394 1438 576 1494 monis
597 1443 908 1492 contextum
948 1433 1262 1492 observare,
1298 1429 1384 1486 his
1417 1427 1563 1484 Petri
1598 1426 1776 1482 verbis
1819 1425 1965 1480 indi-

398 1530 510 1586 cari
541 1543 650 1584 non
677 1526 896 1597 quidem
923 1532 1180 1579 naturam
1213 1521 1402 1586 Verbi,
1426 1522 1524 1576 .sed
1551 1519 1732 1590 ipsum
1759 1532 1961 1574 secun-

397 1624 527 1679 dum
566 1629 818 1676 naturam
853 1620 1148 1673 humanam
1180 1612 1386 1670 factum
1422 1627 1567 1670 esse.
1623 1609 1768 1677 Quid
1815 1611 1960 1664 enim

397 1713 715 1770 cruciﬁxum
761 1720 846 1767 est
878 1717 1074 1781 praeter
1113 1703 1356 1776 corpus?
1406 1704 1502 1774 qui
1542 1700 1758 1757 veroid
1809 1699 1956 1769 quod

2057 602 2366 675 ἔμπροσθεν
2395 603 2629 674 εἴρηται,
2678 602 2776 656 καὶ
2815 602 2876 656 οὐ
2909 600 3119 673 ποίημα
3170 600 3200 652 ὁ
3229 601 3420 668 Λόγος,
3447 600 3541 653 καὶ
3567 601 3630 652 οὐ

2058 698 2139 751 δεῖ
2163 697 2262 760 τὰς
2287 695 2540 758 τοιαύτας
2568 694 2740 762 λέξεις
2765 695 2846 759 είς
2873 695 2974 766 τὴν
3014 693 3241 764 θεότητα
3293 691 3460 745 αὑτοῦ
3494 692 3636 763 λαμ-

2060 787 2268 851 ϐάνειν,
2291 785 2406 841 ἀλλ’
2437 787 2661 860 ὲρευνᾷν
2681 786 2770 840 διὰ
2832 786 2885 839 τί
2917 785 3012 840 καὶ
3049 783 3168 846 πῶς
3203 783 3374 838 ταῦτα
3403 783 3512 854 (49)
3539 784 3635 852 γέ-

2059 896 2319 951 γραπται,
2348 879 2441 933 καὶ
2466 878 2684 943 πάντως
2724 879 3026 949 ἀπαντήσει
3044 881 3155 943 τοῖς
3201 876 3450 950 ζητοῦσιν
3476 879 3510 948 ἡ
3540 878 3638 930 ἀν-

2060 969 2302 1042 Θρωπίνη
2327 970 2626 1041 οίκονομία,
2647 971 2715 1042 ἢν
2752 970 2818 1024 δι’
2859 972 3006 1042 ἡμᾶς
3058 969 3358 1036 ἀνεδέξατο.
3387 969 3495 1021 Καὶ
3525 967 3638 1037 γὰρ

2061 1065 2154 1118 καὶ
2185 1065 2217 1116 ό
2246 1065 2451 1135 Πέτρος
2469 1061 2726 1135 εἰρηκὼς,
2752 1063 2970 1132 Κύριον
3012 1061 3113 1116 καὶ
3153 1061 3412 1130 Χριστὸν
3444 1061 3640 1114 αὐτόν

2061 1152 2370 1219 ἐποίησεν,
2436 1151 2595 1215 εὐθὺς
2621 1152 2889 1222 ἐπήγαγε,
2939 1151 3156 1205 τοῦτον
3201 1149 3308 1205 τὸν
3368 1150 3637 1218 Ἰησοῦν,

2063 1243 2136 1296 ὃν
2187 1241 2358 1312 ὑμεῖς
2402 1239 2838 1308 εσταιφάισατε·
2867 1241 2964 1294 καὶ
3009 1241 3145 1293 πᾶσι
3173 1240 3364 1308 γέγονε
3380 1240 3638 1309 φανερόν

2061 1336 2269 1404 γένοιτο
2293 1335 2338 1388 δ’
2371 1334 2438 1388 ἂν
2467 1335 2562 1388 καὶ
2611 1333 2837 1399 τούτοις,
2895 1334 2990 1389 ἐὰν
3019 1335 3122 1407 τὴν
3162 1334 3274 1405 (50)
3313 1333 3645 1387 ἀκολουθίαν

2061 1427 2392 1497 τηρήσωσινς,
2427 1428 2508 1480 ὅτι
2531 1425 2592 1479 οὐ
2616 1425 2714 1497 τὴν
2741 1425 2928 1479 οὐσίαν
2952 1424 3045 1479 τοῦ
3077 1425 3272 1494 Λόγου,
3304 1424 3461 1489 ἀλλὰ,
3497 1422 3647 1476 κατὰ

2061 1519 2122 1572 τὸ
2152 1516 2509 1590 ἀνθρώπινον,
2539 1517 2701 1571 αὑτὸν
2722 1517 3054 1588 πεποιῆσθαι
3077 1518 3250 1587 ἔλεγε.
3281 1516 3349 1570 Τί
3376 1516 3486 1588 γάρ
3516 1517 3646 1568 ἐστι

2062 1609 2124 1664 τὸ
2154 1609 2550 1680 σταυρούμενον
2579 1610 2613 1681 ἢ
2645 1609 2704 1663 τὸ
2741 1609 2934 1682 σῶμα;
2979 1610 3040 1663 τὸ
3084 1610 3142 1664 δὲ
3199 1609 3509 1681 σωματικὸν
3537 1608 3646 1663 τοῦ

2063 1702 2239 1769 Λόγου
2269 1701 2386 1765 πῶς
2422 1697 2536 1771 εἶχε
2567 1703 2806 1773 σημᾶναι
2829 1702 2862 1773 ἢ
2885 1700 2971 1756 διὰ
2985 1701 3080 1755 τοῦ
3105 1703 3300 1766 εἰπεῖν,
3325 1702 3648 1770 ἐποίησεν;

404 1804 562 1861 Verbi
587 1817 908 1874 corporeum
939 1806 1023 1856 est
1058 1797 1234 1870 potuit
1263 1795 1441 1866 aptius
1469 1793 1774 1864 signiﬁcare
1793 1806 1957 1860 quam

2077 1791 2238 1856 ἰλλως
2255 1809 2314 1844 τε
2340 1793 2434 1846 καὶ
2475 1792 2536 1846 τὸ
2572 1791 2858 1863 λεγόμενον
2901 1792 3152 1858 ἐνταῦθα,
3203 1793 3513 1861 ἐποίησεν,
3546 1793 3650 1864 ὀρ-

397 1869 704 1957 vocabulo;
718 1892 889 1962 fecit?
938 1869 1253 1960 quanquam
1293 1886 1409 1940 haec
1448 1885 1567 1954 ipsa
1595 1881 1784 1947 dictio,
1815 1880 1961 1950 fecit,

2077 1882 2166 1954 θὴν
2185 1882 2297 1954 ἔχει
2315 1883 2415 1955 τὴν
2443 1883 2697 1940 διάνοιαν.
2717 1886 2792 1937 υύ
2819 1884 2927 1957 γὰρ
2947 1883 3157 1955 εἴρηκε,
3185 1884 3328 1939 καθά
3353 1887 3646 1956 προεῖπον,

399 1997 604 2042 rectam
648 1985 739 2040 hic
796 1983 1005 2038 obtinet
1037 1978 1514 2050 signiﬁcationem.
1561 1972 1680 2030 Nec
1706 1974 1853 2029 enim
1880 1972 1968 2027 di-

400 2081 503 2143 xit,
534 2088 594 2134 ut
619 2090 781 2147 supra
807 2071 1209 2137 annotavimus,
1240 2069 1389 2126 Fecit
1414 2085 1538 2124 eum
1562 2065 1824 2130 Verbum,
1848 2065 1965 2133 sed,

405 2174 687 2228 Dominum
714 2184 865 2224 eum:
896 2181 1072 2236 neque
1094 2165 1146 2220 id
1178 2172 1414 2227 tantum,
1450 2162 1566 2229 sed,
1595 2161 1737 2230 apud
1759 2175 1868 2224 vos,
1891 2167 1966 2224 et,

2079 1975 2359 2046 Ἐποίησεν
2377 1975 2538 2028 αὑτὸν
2554 1976 2742 2044 Λόγον,
2767 1975 2918 2040 ἀλλὰ,
2947 1977 3162 2044 Κύριον
3190 1977 3395 2032 αὐτόν’
3414 1976 3508 2030 καὶ
3523 1976 3648 2045 (51)

2067 2063 2164 2132 οὐχ
2214 2062 2420 2128 ἁπλῶς,
2475 2063 2587 2117 ἀλλ’
2641 2067 2730 2130 είς
2775 2063 2952 2133 ὑμᾶς,
3003 2064 3116 2129 καὶ,
3165 2065 3234 2119 ἐν
3277 2063 3442 2134 μέσῳ
3472 2063 3654 2134 ὑμῶν

2066 2155 2371 2221 ἐποίησεν,
2413 2154 2528 2209 ἴσον
2571 2154 2651 2226 τῷ
2683 2158 2876 2222 εἰπεῖν,
2909 2157 3177 2221 ἀπέδειξε.
3215 2157 3324 2210 Καὶ
3351 2155 3508 2210 τοῦτο
3537 2157 3649 2210 αύ-

399 2268 458 2320 in
479 2264 646 2319 medio
671 2261 826 2316 vestri
865 2260 1008 2330 fecit,
1051 2257 1195 2328 quod
1251 2256 1393 2310 idem
1442 2262 1527 2309 est
1597 2268 1662 2308 ac
1705 2250 1964 2306 ostendit.

2077 2246 2128 2299 τὸ
2149 2246 2260 2318 (52)
2288 2249 2319 2300 ό
2339 2246 2565 2317 Πέτρος,
2597 2247 2900 2319 ἀρχόμενος
2951 2247 3053 2318 τῆς
3089 2247 3340 2319 τοιαύτης
3367 2246 3652 2318 ἀρχιδιδα-

404 2356 548 2410 Sane
575 2353 628 2409 id
652 2352 845 2408 Petrus
873 2352 1010 2421 ipse,
1059 2347 1374 2420 primariam
1409 2346 1614 2400 hancce
1664 2341 1968 2398 doctrinam

401 2443 753 2516 promulgare
798 2441 1090 2510 incipiens,
1145 2436 1325 2492 verbis
1381 2433 1695 2506 hujusmodi
1741 2439 1970 2486 annota-

400 2539 509 2594 vit:
555 2537 669 2592 Viri
695 2534 982 2596 Israelita,
1028 2530 1208 2586 audite
1242 2528 1401 2584 verba
1445 2528 1587 2582 hmo:
1634 2525 1817 2580 Iesum
1851 2522 1971 2577 Na-

402 2643 676 2695 zarenam,
701 2627 870 2682 virum
890 2640 1040 2696 quem
1071 2623 1209 2678 Deus
1231 2620 1375 2692 apud
1415 2635 1502 2674 vos
1541 2617 1772 2672 ostendit
1800 2615 1972 2669 virtu-

403 2725 566 2787 tibus,
606 2719 867 2792 prodigiis
887 2725 939 2772 et
971 2716 1156 2786 signis,
1193 2729 1312 2784 quia
1349 2711 1489 2766 Deus
1529 2725 1624 2781 per
1655 2708 1807 2762 illum
1845 2706 1970 2776 fecit

401 2818 460 2871 in
485 2815 655 2870 medio
687 2812 868 2874 uestri,
901 2811 1040 2865 sicut
1065 2807 1169 2878 ipsi
1195 2805 1342 2861 scitis
1360 2805 1428 2860 “.
1504 2804 1692 2873 Itaque
1732 2800 1879 2870 quod
1914 2798 1971 2852 in

403 2909 511 2964 ﬁne
568 2907 665 2971 ait,
695 2904 840 2975 fecit,
873 2902 1015 2958 idem
1059 2899 1238 2963 initio,
1285 2895 1571 2957 vocabulo.
1604 2892 1851 2958 ostendit,
1889 2888 1974 2943 di-

404 3015 582 3063 xerat.
633 3001 883 3073 Namque
911 3015 976 3056 ex
1024 2996 1196 3067 signis
1245 3002 1298 3050 et
1350 2991 1630 3049 miraculis
1655 3003 1778 3060 quae
1807 2984 1975 3041 edidit

405 3096 690 3159 Dominus,
723 3103 978 3150 ostensus
997 3100 1080 3146 est
1103 3105 1210 3143 non
1238 3085 1466 3157 simplex
1490 3084 1676 3146 homo,
1705 3079 1799 3136 sed
1827 3077 1972 3132 Deus

2070 2338 2315 2402 σκαλίας,
2351 2338 2488 2410 μετά
2511 2340 2947 2412 παρατηρήσεως
2971 2340 3261 2410 ἐσήμανεν,
3297 2338 3459 2411 ἡνίκα
3500 2337 3653 2410 πρὸς

2069 2431 2266 2494 αὐτοὺς
2321 2430 2533 2500 ἐλεγενδ
2587 2430 2835 2499 Ἄνδρες
2897 2429 3272 2499 Ἰσραηλῖται,
3342 2429 3655 2483 ἀκούσατε

2068 2521 2210 2590 τοὺς
2237 2523 2456 2591 λόγους
2473 2523 2743 2589 τούτους·
2779 2522 3012 2592 Ἰησοῦν
3040 2523 3150 2576 τὸν
3189 2521 3518 2591 Ναζωραῖον
3534 2521 3650 2574 ἆν-

2070 2614 2183 2683 δρα
2211 2613 2331 2669 ἀπὸ
2357 2614 2470 2669 τοῦ
2499 2614 2646 2670 Θεοῦ
2687 2614 3184 2686 ἀποδεδειγμένον
3209 2617 3296 2681 είς
3348 2613 3503 2684 ὑμᾶς
3525 2612 3648 2685 (53)

2071 2704 2386 2780 δυνάμεσι,
2414 2706 2510 2763 καί
2541 2705 2765 2775 τέρασι,
2799 2706 2895 2760 καί
2952 2707 3242 2776 σημείοις,
3273 2701 3363 2772 οἷς
3392 2706 3654 2774 ἐποίησε

2073 2796 2146 2850 δι’
2176 2796 2362 2851 αὐτοῦ
2420 2800 2454 2852 ὁ
2499 2797 2642 2864 Θεὸς
2690 2797 2762 2851 ἐν
2801 2797 2966 2867 μέσῳ
3015 2796 3201 2866 ὑμῶν,
3230 2795 3422 2862 καθὼς
3471 2797 3652 2850 αὐτοὶ

2073 2886 2290 2941 οῖδατε.
2333 2887 2408 2940 Τὸ
2434 2887 2541 2959 ἄρα
2563 2886 2698 2960 πρὸς
2733 2886 2813 2959 τῷ
2848 2887 2989 2940 τέλει
3031 2885 3338 2957 λεγόμενον,
3372 2885 3651 2953 ἐποίησε,

2073 2978 2231 3032 τοῦτο
2261 2981 2318 3033 ὲν
2344 2982 2410 3051 τῇ
2443 2981 2582 3051 ἀρχῇ
2608 2979 2848 3052 εἴρηκεν,
2875 2977 3207 3043 ἀπέδειξενο
3241 2977 3348 3031 ἀπὸ
3402 2976 3511 3049 γὰρ
3535 2976 3655 3031 τῶν

2076 3071 2318 3142 σημείων
2376 3071 2466 3124 καὶ
2502 3065 2576 3124 ὧν
2602 3071 2774 3124 ὲποίει
2822 3071 2934 3141 (54)
2991 3069 3302 3140 θαυμασίων
3354 3070 3383 3121 ό
3418 3068 3649 3139 Κύριος.

406 3205 528 3245 esse
558 3187 615 3243 in
655 3199 907 3256 corpore,
958 3191 1014 3237 et
1053 3179 1317 3234 Dominus
1363 3191 1428 3232 ac
1470 3174 1743 3230 Christus.
1787 3169 1974 3226 Simile

2077 3161 2369 3234 ἀπεδείχθη
2395 3163 2494 3233 οὐχ
2540 3163 2725 3226 ἁπλῶς
2750 3159 3054 3234 ἄνθρωπος,
3098 3159 3236 3215 ἀλλὰ
3296 3159 3428 3224 Θεὸς
3471 3159 3547 3213 ὢν
3587 3161 3654 3211 ὲν

406 3293 628 3352 quoque
649 3288 732 3333 est
761 3275 924 3346 quod
967 3289 998 3327 a
1043 3270 1255 3326 Joanne
1313 3268 1366 3322 in
1399 3265 1694 3335 Evangelio
1741 3261 1972 3317 dicitur:

411 3371 620 3429 Idcirco
641 3387 763 3441 ergo
801 3383 918 3422 eum
954 3364 1134 3419 Judaei
1168 3363 1336 3432 magis
1371 3356 1832 3430 persequebantur,
1875 3369 1978 3407 non

410 3473 616 3519 tantum
637 3460 775 3534 quod
803 3459 1032 3514 solvebat
1057 3454 1376 3517 Sabbatum,
1398 3450 1488 3506 sed
1509 3459 1558 3504 et
1602 3448 1819 3502 Patrem
1854 3461 1979 3517 pro-

407 3560 584 3630 prium
641 3554 848 3610 dicebat
889 3552 1078 3615 Deum,
1131 3546 1387 3619 (aqualem
1437 3561 1493 3599 se
1542 3542 1742 3614 faciens
1786 3538 1975 3594 Deo".

409 3649 521 3707 Nec
542 3649 689 3706 enim
715 3657 846 3702 tunc
882 3644 1149 3699 Dominus
1191 3640 1370 3711 seipse
1410 3635 1582 3693 Deum
1630 3633 1820 3689 ﬁnxit:
1852 3644 1978 3688 cum

409 3743 556 3800 Deus
590 3740 815 3797 omnino
869 3737 987 3792 ﬁeri
1033 3751 1141 3790 non
1173 3739 1372 3804 queat;
1405 3729 1501 3786 sed
1544 3743 1602 3785 se
1648 3725 1819 3782 Deum
1858 3737 1981 3780 esse

409 3833 667 3903 operibus
701 3827 1046 3893 ostendebat,
1081 3825 1160 3881 uti
1187 3825 1304 3895 ipse
1334 3821 1430 3885 ait,
1470 3819 1530 3874 Si
1557 3817 1686 3872 mihi
1725 3833 1827 3871 non
1866 3830 1980 3870 cre-

411 3925 560 3990 ditis,
585 3924 773 3977 saltem
796 3920 1038 3992 operibus
1060 3917 1276 3979 credite,
1301 3923 1361 3968 ut
1383 3910 1710 3983 cognoscatis
1735 3909 1863 3980 quia
1885 3922 1978 3977 ego

414 4020 469 4071 in
509 4016 671 4070 Patre
697 4023 745 4069 et
774 4013 937 4067 Pater
976 4013 1030 4065 in
1069 4025 1148 4063 me
1189 4006 1353 4064 est“.
1394 4004 1485 4060 Sic
1525 4017 1657 4074 ergo
1683 4001 1978 4056 Dominum

413 4117 468 4162 e‘t
495 4107 697 4177 Regem
722 4120 845 4159 eum
875 4103 1005 4158 fecit
1045 4100 1206 4155 Pater
1238 4099 1292 4152 in
1334 4096 1513 4152 medio
1554 4094 1733 4149 nostri
1765 4101 1814 4146 ct
1839 4090 1980 4162 apud

414 4214 518 4256 nos
542 4198 634 4266 qui
659 4195 812 4267 prius
859 4209 970 4248 non
1019 4190 1397 4247 credebamus.
1451 4185 1609 4241 Unde
1661 4183 1827 4239 etiam
1860 4199 1983 4252 per-

416 4291 666 4360 spicuum
697 4297 779 4343 est
805 4300 953 4350 eum,
989 4281 1082 4352 qui
1108 4295 1172 4335 eo
1195 4285 1441 4347 tempore
1463 4274 1728 4330 Dominus
1758 4287 1840 4327 ac-
1865 4269 1982 4327 Rex

413 4397 538 4439 esse
583 4378 998 4441 ostendebatur,
1047 4389 1157 4429 non
1203 4380 1335 4426 tunc
1376 4366 1646 4436 incepisse
1687 4363 1887 4432 Regem
1930 4370 1986 4415 et

417 4475 709 4530 Dominum
748 4469 890 4535 ﬁeri,
917 4466 1010 4523 sed
1053 4463 1287 4536 ccepisse
1319 4457 1660 4516 dominatum
1700 4453 1984 4511 ostendere

487 4657 532 4690 ⁸³
557 4655 679 4710 Act.
711 4669 772 4718 ιι,
802 4652 893 4707 56.
967 4653 1013 4686 °'
1037 4650 1168 4708 ibid.
1197 4648 1290 4703 22.

2080 3253 2313 3326 σώματι,
2344 3255 2438 3308 καὶ
2468 3254 2671 3326 Κύριος
2721 3253 2880 3316 αὐτὸς
2907 3252 3024 3324 (55)
3062 3251 3137 3307 ὥν
3168 3253 3201 3306 ό
3245 3251 3498 3324 Χριστός.
3523 3251 3657 3304 Τοι-

2076 3347 2230 3402 οῢτόν
2251 3351 2364 3402 ἐστι
2396 3349 2490 3404 καὶ
2510 3349 2570 3402 τὸ
2599 3349 2658 3402 ὲν
2683 3350 2794 3411 τοῖς
2813 3346 3161 3416 Εὐαγγελίοις
3183 3345 3472 3417 λεγόμενον
3497 3345 3656 3416 παρὰ

2075 3439 2169 3494 τοῦ
2211 3440 2475 3494 Ἰωάννου·
2497 3439 2599 3493 Διὰ
2629 3439 2804 3493 τοῦτο
2850 3433 2962 3494 οὖν
2984 3437 3227 3506 μᾶλλον
3247 3435 3498 3490 ἐδίωκον
3536 3438 3655 3490 αὑ-

2077 3530 2186 3584 τὸν
2207 3533 2262 3584 οἱ
2310 3529 2602 3596 Ἰουδαῖοι,
2637 3529 2726 3584 ὅτι
2753 3531 2826 3585 οὐ
2843 3531 3034 3601 μόνον
3065 3532 3209 3586 ἔλυε
3232 3529 3299 3584 τὸ
3321 3527 3653 3590 Σόδὸατον,

2078 3621 2240 3676 ἀλλὰ
2276 3621 2376 3675 καί
2423 3621 2657 3690 Πατέρα
2709 3620 2862 3675 ἴδιον
2909 3621 3084 3692 ἔλεγε
3124 3621 3234 3675 τὸν
3289 3619 3458 3684 Θεὸν,
3509 3619 3659 3672 [cor

2078 3712 2296 3769 ἑαυτὸν
2325 3711 2510 3767 ποιῶν
2538 3711 2618 3778 τῷ
2662 3708 2802 3777 Θεῷ.
2853 3712 2927 3767 οὐ
2959 3712 3068 3784 γὰρ
3096 3711 3355 3765 ἔπλαττεν
3381 3708 3571 3763 ἑαυτὸν
3620 3711 3658 3760 ὁ

2079 3805 2281 3878 Κύριος
2311 3806 2430 3858 τότε
2452 3803 2603 3858 Θεόνο
2631 3803 2750 3857 οὐδὲ
2787 3803 2896 3876 γάρ
2919 3791 3055 3865 ὅλως
3089 3799 3200 3872 (56)
3229 3801 3306 3855 ἔνι
3334 3798 3658 3869 ποιούμενος

2079 3898 2230 3962 Θεός·
2256 3898 2389 3952 ἀλλά
2417 3896 2731 3951 ἀπεδείκνυε
2788 3894 2876 3949 διὰ
2905 3893 3013 3947 τῶν
3059 3892 3253 3965 ἔργων,
3304 3892 3496 3961 λέγων’
3525 3889 3659 3944 Κᾶν

2078 3989 2207 4060 ἐμοὶ
2230 3988 2316 4058 μὴ
2339 3988 2676 4055 πιστεύητε,
2703 3985 2827 4052 τοῖς
2846 3985 3044 4057 ἔργοις
3051 4003 3168 4055 μου
3185 3985 3297 4058 (57)
3321 3984 3657 4045 πιστεύετε,

2081 4082 2180 4134 ἵνα
2206 4078 2412 4150 γνῶτε,
2441 4078 2550 4131 ὅτι
2585 4077 2700 4147 ἐγὼ
2748 4077 2819 4132 ἐν
2860 4078 2941 4144 τῷ
2978 4077 3184 4145 Πατρί,
3215 4076 3317 4130 καὶ
3366 4078 3398 4129 ὁ
3446 4073 3658 4141 Πατὴρ

2079 4171 2150 4225 ἐν
2175 4170 2322 4239 ἐμοί.
2355 4167 2538 4230 Οὕτως
2580 4167 2757 4220 τοίνυν
2809 4165 3016 4239 Κύριον
3069 4168 3162 4220 καὶ
3227 4165 3458 4219 Βασιλέα
3490 4164 3661 4218 αὐτὸν

2084 4262 2379 4334 πεποίηκεν
2435 4261 2464 4312 ό
2514 4257 2702 4330 Πατὴρ
2754 4259 2812 4311 ἐν
2854 4259 3003 4331 μέσῳ
3069 4258 3223 4330 ἡμῶν
3267 4256 3399 4329 (58),
3439 4256 3531 4310 καὶ
3573 4256 3660 4318 εἰς

2085 4357 2230 4428 ἡμᾶς
2276 4354 2403 4416 τοὺς
2433 4351 2694 4424 πρότερον
2719 4349 3092 4414 ἀπειθοῦντας.
3134 4350 3244 4403 Καὶ
3298 4347 3456 4420 δῆλόν
3483 4348 3656 4410 ἐστιν,

2084 4447 2160 4510 ὼς
2189 4449 2217 4500 ό
2243 4445 2340 4500 νῦν
2366 4441 2570 4515 Κύριος
2602 4441 2696 4496 καὶ
2746 4441 3003 4506 Βασιλεὺς
3054 4439 3523 4512 ἀναδεικνύμενος,
3554 4440 3660 4492 οὐκ

1368 4645 1582 4702 "Joan.
1618 4638 1906 4707 ν,16,18.
1979 4638 2024 4675 ⁸⁸
2049 4635 2208 4692 Joan.
2257 4652 2315 4700 x,
2373 4633 2467 4689 58.

489 4820 602 4898 (ξε)
633 4817 727 4898 Sic
750 4814 982 4898 Staret:
1038 4800 1974 4898 Gob‘sr-..,F*3‘£-,“BENE?!

2085 4809 2139 4852 et
2166 4795 2408 4850 Nannius
2436 4793 2583 4864 legit.
2615 4791 2719 4846 Alii
2743 4799 2796 4847 et
2827 4791 2978 4856 editi,
3011 4788 3374 4852 διδασκαλίας.

2159 4867 2269 4898 man
2303 4865 2501 4898 ηηιιιι...
2573 4872 2622 4898 ι.
2656 4861 2776 4898 usus
2849 4863 2870 4898 ι
2954 4863 3031 4898 ει.-
3073 4863 3221 4898 ams.-
3272 4859 3366 4898 sn:

414 4869 984 4957 Na‘niii’usvl—egithditi
1008 4898 1134 4957 vero
1162 4878 1316 4935 etalii
1358 4879 1619 4957 omittunt
1645 4869 1868 4957 τάηαύτά
1883 4869 1986 4957 34a).

461 4941 857 5018 ἀνθανέτῶσαν.
894 4954 1018 5008 Mox
1075 4951 1299 5021 Seguer.
1352 4947 1667 5021 δίψιοι-,ει
1703 4941 1846 5021 Felc.
1877 4942 1902 4994 1
1932 4947 1986 5021 et

460 5008 1003 5104 Ϊὲέεἷήὲάίζλιίκιιεη
1068 5008 1314 5093 εἴπομεν.
1376 5008 1656 5074 (Σωιειὶει
1710 5012 1861 5076 editi,
1905 5008 1985 5063 si-

419 5111 618 5157 παμεν.
761 5133 765 5137 -
905 5113 908 5116 ’
974 5111 981 5125 ’

635 5133 820 5224 Ταῦτα
844 5122 997 5241 abest
1017 5178 1063 5241 με·
1094 5160 1412 5241 Segucrian.

637 5219 1108 5311 S—oeigueriaﬁ'n.,_sav
1141 5219 1246 5311 καὶ
1263 5231 1384 5311 τήνζ
1415 5225 1551 5283 Ibid.
1581 5222 1823 5311 Rtegaet

422 5311 478 5374 5,
497 5290 1166 5377 Hiéigdé’tab‘éémgm.
1198 5290 1582 5377 Μυτίξεμιιειχη
1595 5290 1825 5377 βόθροι.
1842 5290 1988 5377 Feic.

571 5361 874 5448 ζίκατάτδ
897 5361 1255 5448 ἀνθρώπινον.
1281 5369 1386 5424 Alii
1419 5361 1473 5424 et
1499 5365 1666 5422 editio
1698 5361 1990 5429 Commel.,

423 5448 565 5504 κατά
595 5447 685 5500 τὸν
717 5448 812 5501 ἄνθ
821 5447 1019 5516 ρωπον.

497 5503 863 5589 (SH-segne}.
893 5514 1110 5589 Gobler_.
1147 5510 1299 5589 Felc.
1327 5511 1456 5589 iuet
1483 5507 1538 5589 ἦ,
1573 5503 1668 5589 καί
1692 5503 1991 5589 ,οωίιιιιιιπ

425 5571 630 5644 ιιιίίιέιίι
658 5571 903 5647 (niuem,
965 5595 1021 5639 et
1069 5578 1437 5646 Εειο.1,ἀλλ’
1472 5571 1552 5642 εις
1601 5575 1750 5647 ἡμᾶς
1802 5572 1898 5647 καὶ
1929 5571 1993 5647 gv

426 5638 919 5786 Ᾰὶίί
949 5638 1004 5710 et
1021 5653 1186 5710 editio
1226 5638 1700 5717 (ἶόῐιιιιιθιηῦμᾶς
1737 5650 1792 5698 et
1841 5638 1995 5712 ὑμῶν

443 5747 493 5786 ia
569 5746 600 5783 ιι
633 5769 646 5783 .

424 5736 646 5786 habent.

406 5777 1053 5872 οῗῐέέῖῐιςι-,βοβιεικι
1090 5789 1346 5872 calide:
1393 5789 1446 5872 ¹.ν
1494 5777 1998 5872 τὶδξτῇαιῖῑίξδίίῗῖἑ

407 5851 1117 5948 .8ρξιιέι·.”ϐ’ὁὺιει“ἱιιη.,ἐι
1148 5861 1293 5917 Felc.
1326 5861 1379 5926 i,
1410 5851 1906 5929 ἀρχιδιδασκαλίας,
1938 5858 1999 5904 ιιι

2118 4853 2544 4991 ῐ(εζξεε)ὃὶ(;οι›ιειτῖ,
2573 4861 2798 4918 etFelc.
2849 4863 2902 4928 ι,
2952 4853 3031 4924 είς
3073 4863 3241 4931 ἡμᾶς.
3265 4859 3371 4912 Alii
3424 4864 3478 4912 et
3501 4853 3658 4923 editi,

2137 4956 2165 4991 ς
2226 4956 2262 4991 υ.
2303 4953 2350 4991 ς.

2085 4953 2165 5003 εις
2186 4953 2350 5003 υμας.

2087 4956 2647 5131 ῖῆξῗῗξεειιειίοηη
2682 5012 2734 5058 et
2754 5001 2912 5072 Reg.,
2953 5001 3196 5072 ἐποίησε.
3249 4999 3356 5053 ΑΙΙί
3406 5005 3462 5052 et
3501 4995 3658 5060 editi,

2118 5095 2186 5131 πο
2211 5095 2281 5131 ει.

2118 5095 2281 5131 ποιει.

2163 5147 2277 5212 (55)
2297 5143 2614 5216 Seguerian.
2655 5141 2870 5216 ΚύρειςΔ
2883 5143 2987 5216 καί
3007 5141 3188 5216 αὐτός.

2161 5206 2275 5288 (56)
2302 5206 2644 5288 saginanam,
2676 5206 2758 5268 ει·
2782 5212 2927 5268 Felc.
2957 5213 3012 5280 1,
3045 5211 3164 5264 οὐδὲ
3216 5209 3324 5284 γὰρ
3363 5207 3522 5270 δλως.
3551 5206 3664 5261 Alii

2090 5299 2143 5344 et
2173 5285 2328 5348 editi,
2363 5285 2484 5338 οὐδὲ
2513 5285 2666 5348 ὅλως.

2165 5357 2603 5429 (57)1l_dOp_ab_est
2627 5369 2658 5408 a
2691 5353 3033 5429 Seguerianz,
3064 5358 3118 5429 et
3148 5349 3382 5429 fele}.

2309 5425 2645 5507 Gobleriam,
2703 5416 2946 5480 et'Felc.
2989 5416 3040 5488 1⁷,
3067 5421 3242 5543 ημῶν.
3297 5418 3442 5474 Felc.
3476 5416 3671 5498 4,.αὑ-

2165 5517 2222 5543 ιν-
2257 5496 2389 5543 llud.
2421 5495 2758 5543 Seauermn-.
2786 5506 2840 5543 et.
2878 5491 3023 5543 Felc.
3119 5532 3132 5543 .
3159 5493 3238 5543 sic
3281 5491 3448 5543 ἡμᾶς.
3481 5487 3584 5540 Alll
3611 5496 3669 5539 et

2092 5487 2222 5553 τῶν.
2257 5487 2389 5550 lbid.
2421 5495 2758 5566 Segueriary,
2786 5506 2840 5548 et
2878 5487 3031 5566 Felc.
3159 5493 3238 5566 ei;
3281 5491 3467 5566 ᾐμᾶςλ
3481 5487 3584 5540 Alii
3611 5496 3669 5539 et

2095 5569 2261 5625 editio
2284 5556 2573 5632 Commevlq
2607 5564 2779 5635 ὑμῶν,
2810 5571 2896 5635 et,
2950 5564 3043 5635 Δείς
3091 5556 3401 5635 ὑμᾶςῙ-ῌοχ
3435 5556 3664 5635 ξεειιςς.

2095 5638 2305 5710 Anglic.
2343 5627 2568 5710 Gobler.
2768 5627 2774 5629 '
2801 5633 2826 5686 1
2860 5642 2914 5710 et
2937 5631 2992 5697 4,
3021 5633 3050 5685 ὃ
3087 5627 3181 5710 καὶ
3210 5630 3412 5710 ’δῆλονζ
3446 5627 3671 5710 inaliis

2097 5719 2152 5764 et
2180 5697 2337 5762 Editis
2365 5707 2393 5760 ὃ
2423 5707 2592 5760 deest.
2617 5705 2820 5759 Ibidem
2873 5703 3095 5773 Seguer.
3127 5697 3355 5773 Gobler:
3373 5697 3515 5754 Felc.
3555 5701 3578 5753 i
3614 5707 3672 5752 et

2099 5779 2153 5848 4,
2177 5779 2252 5844 ὡς
2270 5780 2297 5832 ό
2324 5777 2436 5832 νῦν.
2472 5775 2575 5831 Alii
2605 5785 2658 5832 et
2681 5774 2845 5829 editio
2875 5769 3166 5837 Coinmel.,
3202 5771 3277 5834 ὡς
3298 5769 3414 5822 νῦν.
