3948 6236
339 303 434 364 181
1437 311 1699 368 ORATIO
1735 313 1776 368 ll
1817 315 2096 372 CONTRA
2134 318 2458 376 ARIANOS.

3491 321 3596 378 182

337 423 498 487 αὐτός
526 423 672 476 ἐστιν
705 425 735 478 0
763 423 890 488 Υἱὸς
941 422 1036 478 τοῦ
1079 425 1232 480 Θεοῦ·
1265 427 1540 501 ἄνθρωποι
1567 431 1676 504 γὰρ
1718 433 1915 500 πάντες

2024 437 2200 510 bigat,
2253 440 2347 495 sed
2391 455 2492 511 pro
2541 449 2690 496 certo
2743 441 2941 496 habeat
2989 440 3168 498 omnis
3193 439 3390 496 domus
3429 438 3596 495 Israel

338 513 624 570 ὑπεύθυνοι
655 514 886 570 θανάτου
910 516 1038 572 sisi.
1069 517 1282 588 Μηκέτι
1319 521 1610 592 τοιγαροῦν
1637 524 1916 594 ἀμφιδαλ-

334 606 474 660 λέτω
507 604 586 678 (8)
633 623 739 670 τις,
793 607 912 660 ἀλλ’
961 608 1216 676 ἀσφαλῶς
1261 612 1574 678 γινωσκέτω
1633 617 1742 679 πᾶς
1770 610 1918 682 οἶκος

347 697 582 770 Ἰσραὴλ,
607 699 688 751 ὄτι
713 690 870 764 οὗτος
897 701 926 752 0
963 699 1186 770 Ἰησοῦς,
1209 701 1270 755 ὃν
1307 701 1650 776 ἐθεωρήσατε
1677 707 1916 779 σχήματι

334 789 640 862 ἄνθρωπον,
671 789 930 844 ποιοῦντα
961 795 1164 865 σημεῖα
1185 795 1280 848 καὶ
1309 793 1532 848 τοιαῦτα
1555 795 1712 868 ἔργα,
1739 797 1774 852 ἃ
1814 815 1918 870 μη-

335 885 440 950 δεὶς
477 885 698 940 πώποτε
730 887 1046 959 πεποίηκεν,
1070 889 1234 954 αὑτός
1283 893 1431 946 ἐστιν
1477 893 1508 944 0
1557 892 1794 964 Χριστὸς
1821 894 1915 949 κα).

337 976 526 1050 Κόρα
554 979 632 1052 (9)
660 981 898 1036 πάντων.
943 982 1054 1036 Καὶ
1095 983 1204 1054 γὰρ
1233 983 1328 1038 καὶ
1377 983 1662 1058 ἄνθρωπος
1690 986 1916 1058 γενόμε-

333 1088 440 1134 νος,
470 1073 567 1126 κα)⁵
595 1071 820 1144 κληθεὶς
859 1073 1084 1144 Ἰησοῦς,
1123 1075 1312 1146 ὥσπερ
1349 1075 1408 1130 ἐν
1457 1078 1571 1140 τοῖς
1627 1077 1914 1149 προτέροις

333 1162 558 1234 εἴπομεν
607 1163 742 1235 (10),
769 1166 870 1219 οὐκ
911 1165 1194 1238 ἠλαττώθη
1248 1167 1328 1239 τῷ
1371 1168 1700 1240 ἀνθρωπίνῳ
1728 1169 1912 1236 πάθει,

333 1251 464 1306 ἀλλὰ
499 1253 702 1322 μᾶλλον
759 1254 854 1308 καὶ
903 1255 962 1309 ἐν
997 1256 1076 1327 τῷ
1105 1258 1394 1330 ποιηθῆναι
1433 1257 1545 1332 (11)
1605 1261 1912 1334 ἄνθρωπος,

334 1343 549 1407 ζώντων
573 1345 672 1399 καὶ
703 1345 914 1413 νεκρῶν
957 1347 1343 1404 ἀποδείκνυται
1397 1351 1624 1422 Κύριος.
1674 1351 1911 1423 Ἐπειδὴ

332 1435 457 1504 γὰρ,
493 1435 572 1499 ὡς
604 1430 760 1490 εἶπεν
791 1438 821 1490 0
862 1439 1202 1506 Ἀπόστολος,
1231 1441 1302 1495 ἐν
1321 1440 1398 1512 τῇ
1419 1443 1610 1512 Σοφίᾳ
1639 1443 1745 1498 τοῦ
1765 1444 1914 1500 Θεοῦ

333 1527 438 1579 οὐκ
465 1525 623 1596 ἔγνω
645 1530 680 1582 ό
700 1528 930 1598 κόσμος
947 1529 1048 1583 διὰ
1074 1531 1186 1600 τῆς
1229 1535 1450 1602 σοφίας
1479 1535 1586 1589 τὸν
1613 1534 1781 1601 Θεὸν,
1807 1538 1918 1604 ηὐ-

330 1617 596 1686 δόκησεν
645 1621 679 1673 d
725 1620 871 1686 Θεὸς
895 1618 1020 1692 ;(12)
1071 1620 1171 1676 διὰ
1230 1623 1340 1691 τῆς
1391 1625 1618 1695 μωρίας
1660 1624 1766 1680 τοῦ
1807 1643 1918 1694 κη-

323 1711 629 1780 ρύγματος
671 1711 869 1768 σῶσαι
923 1713 1068 1780 τοὺς
1118 1717 1516 1784 πιστεύοντας
1537 1735 1552 1751 ·
1620 1717 1764 1772 οὕτω
1817 1719 1928 1771 καὶ-

332 1809 490 1878 ὴμείς
517 1809 570 1862 οἱ
597 1807 892 1882 ἄνθρωποι,
945 1811 1130 1882 ἐπειδὴ
1182 1811 1282 1865 οὐκ
1333 1811 1674 1883 ἠθελήσαμεν
1707 1811 1795 1865 διὰ
1819 1811 1914 1866 τοῦ

333 1897 502 1964 Λόγου
531 1897 702 1952 αὐτοῦ
729 1899 1026 1968 ἐπιγνῶναι
1083 1901 1176 1954 τὸν
1207 1900 1361 1967 Θεὸν,
1393 1903 1486 1956 καὶ
1503 1900 1788 1956 δουλεῦσαι
1834 1901 1914 1973 τῷ

333 1988 484 2058 φύσει
503 1991 742 2064 δεσπότῃ
769 1993 928 2064 ἡμῶν
958 1993 1038 2066 τῷ
1065 1995 1226 2065 Λόγῳ
1248 1995 1342 2048 τοῦ
1380 1995 1858 2068 Θεοῦιηύδόκησεν
1885 1995 1914 2048 0

331 2081 452 2146 Θεὸς
479 2085 544 2138 ἐν
577 2083 849 2157 ἀνθρώπῳ
873 2086 1040 2153 δεῖξαι
1079 2087 1178 2158 τὴν
1241 2089 1434 2142 ἐαυτοῦ
1465 2087 1783 2161 κυριότητα,
1818 2090 1914 2143 καὶ

333 2173 536 2241 πάντας
556 2176 782 2231 έλκῦσαι
809 2179 955 2250 πρδς·
979 2180 1188 2235 ἑαυτόν.
1247 2182 1326 2234 Δι’
1365 2179 1655 2254 ἀνθρώπου
1712 2181 1770 2235 δὲ
1801 2180 1912 2254 (15)

329 2266 478 2335 ψιλοῦ
499 2269 665 2322 τοῦτο
689 2271 1180 2343 ποιῆσαι-ἀπρεπὲς
1209 2267 1298 2344 ἦν·
1336 2273 1424 2326 ενα
1469 2272 1565 2345 μὴ,
1628 2273 1914 2344 ἄνθρωπον

333 2356 522 2429 Κύριον
551 2359 788 2430 ἔχοντες,
823 2362 1278 2435 ἀνθρωπολάτραι
1311 2363 1619 2436 γενώμεθα’
1645 2364 1736 2419 διὰ
1759 2363 1916 2418 τοῦτο

329 2451 534 2514 αὐτὶ)ςὸ
575 2452 750 2521 Λόγος
783 2453 924 2526 σὰρξ
950 2455 1191 2524 ἐγένετο,
1225 2457 1322 2510 καὶ
1369 2457 1594 2512 ἐκάλεσε
1641 2458 1706 2511 τὸ
1744 2455 1918 2528 ὄνομα

331 2541 483 2596 αὐτοῦ
519 2545 733 2615 Ἰησοῦν
769 2546 904 2616 (14),
926 2549 1020 2602 κα).
1045 2547 1217 2612 οὕτως
1241 2549 1496 2620 ἐποίησεν
1519 2549 1684 2604 αὐτόν
1712 2550 1918 2624 Κύριον

332 2635 419 2689 καὶ
451 2637 694 2706 Χριστὸν
743 2640 773 2692 0
819 2640 1032 2712 Πατήρ·
1065 2641 1179 2694 ῐσον
1225 2641 1305 2713 τῷ
1361 2643 1554 2706 εἰπεῖν,
1609 2642 1705 2706 Ei;
1731 2641 1796 2696 τὸ
1821 2659 1910 2696 κυ-

2024 529 2170 586 hunc
2207 529 2396 586 Jesum
2439 546 2602 602 quem
2639 533 2816 604 ﬁgura
2850 533 3125 588 hominem
3153 533 3385 601 vidistis,
3413 533 3596 604 signo-

2019 638 2142 678 rum
2197 633 2582 695 tantorumque
2628 636 2910 682 auctorem
2945 640 3190 696 operum,
3236 637 3360 696 quae
3409 624 3596 680 nullus

2019 728 2260 784 unquam
2313 713 2444 784 egit,
2499 714 2677 785 ipsum
2721 731 2846 772 esse
2886 715 3166 772 Christum
3210 724 3264 770 et
3301 713 3594 770 Dominum

2018 805 2290 861 omnium.
2337 805 2586 878 Namque
2617 805 2798 864 factus
2827 807 2956 863 licet
2983 815 3038 862 et
3063 813 3292 862 vocatus
3311 805 3494 871 Jesus,
3535 812 3596 860 ut

2019 907 2180 956 antea
2214 897 2479 965 diximus,
2521 915 2629 956 non
2664 911 2749 956 est
2779 909 2960 956 tamen
3003 900 3242 954 humana
3285 899 3598 954 conditione

2017 989 2351 1060 diminutus,
2381 993 2478 1050 sed
2505 995 2706 1063 potius,
2739 1007 2866 1049 cum
2889 992 3052 1046 homo
3078 989 3256 1045 factus
3277 997 3382 1055 est,
3408 989 3599 1043 viren-

2023 1083 2158 1137 tium
2187 1093 2242 1138 et
2273 1093 2614 1140 mortuorum
2653 1083 2920 1138 Dominus
2967 1090 3058 1138 est
3090 1081 3422 1136 declaratus.
3455 1077 3598 1142 Quia

2019 1177 2177 1240 enim,
2209 1185 2270 1231 ut
2294 1177 2369 1233 ait
2393 1178 2710 1249 Apostolus,
2735 1179 2792 1232 in
2826 1175 3103 1247 Sapientia
3143 1173 3238 1228 Dei
3261 1189 3372 1226 non
3403 1187 3599 1241 cogno-

2019 1267 2092 1320 uit
2114 1265 2340 1320 mundus
2375 1267 2542 1322 Deum
2573 1285 2664 1339 per
2710 1267 3049 1338 sapientiam,
3090 1263 3294 1334 placuit
3345 1261 3454 1315 Deo
3507 1277 3599 1330 per

2017 1351 2305 1408 stultitiam
2349 1354 2742 1420 pradicationis
2795 1352 2966 1407 salvos
2998 1349 3173 1420 facere
3227 1346 3492 1402 credentes
3525 1347 3592 1398 θ’.

2019 1445 2110 1500 Sic
2129 1445 2473 1516 etiam,‘quia
2511 1461 2612 1502 nos
2649 1446 2898 1502 homines
2933 1459 3026 1514 per
3064 1443 3190 1512 ejus
3217 1439 3456 1496 Verbum.
3495 1452 3600 1493 no-

2017 1537 2224 1593 luimus
2265 1535 2436 1592 Deum
2479 1551 2792 1608 agnoscere,
2845 1551 2945 1590 nec
2990 1533 3086 1590 Dei
3130 1531 3336 1598 Verbo,
3368 1529 3464 1602 qui
3497 1544 3599 1584 na-

2017 1639 2139 1684 tura
2173 1637 2360 1684 noster
2384 1627 2650 1683 Dominus
2694 1641 2798 1692 est,
2844 1627 3052 1684 servire
3084 1645 3096 1680 :
3125 1623 3328 1696 placuit
3377 1621 3491 1677 Deo
3541 1620 3596 1674 in

2019 1719 2240 1776 homine
2279 1734 2440 1775 suum
2475 1719 2763 1774 ostendere
2789 1718 3155 1780 dominatum,
3195 1727 3498 1784 omnesque
3525 1713 3595 1765 ad

1947 1798 1988 1854 Β
2018 1811 2259 1882 seipsum
2305 1803 2602 1866 attrahere.
2651 1807 2755 1865 Per
2785 1823 2996 1864 merum
3021 1817 3202 1863 autem
3233 1805 3511 1861 hominem
3540 1802 3596 1856 id

2018 1905 2314 1960 dedecehat
2363 1904 2502 1966 ﬁeri,
2559 1919 2627 1958 ne
2675 1902 2952 1960 hominem
2995 1901 3278 1956 dominum
3311 1897 3594 1960 habentes,

2022 1997 2263 2052 hominis
2307 1997 2550 2052 cultores
2601 1991 2966 2050 efﬁcerentur.
3026 1991 3370 2063 Quapropter
3415 1989 3596 2059 ipsum

2025 2087 2261 2144 Verbum
2285 2102 2416 2144 caro
2449 2087 2651 2143 factum
2680 2093 2785 2150 est,
2847 2093 2902 2139 et
2952 2085 3170 2138 vocarit
3227 2097 3426 2136 nomen
3478 2079 3596 2149 ejus

2017 2181 2227 2250 Iesum,
2262 2191 2426 2254 atque
2453 2182 2526 2237 ita
2561 2196 2687 2236 cum
2719 2178 3010 2236 Dominum
3049 2187 3104 2234 et
3145 2176 3425 2232 Christum
3471 2173 3600 2230 fecit

2017 2275 2200 2338 Pater,
2253 2273 2306 2328 id
2351 2282 2456 2338 est,
2503 2271 2630 2327 iecit
2661 2279 2720 2325 ut
2745 2269 3120 2326 dominaretur
3149 2277 3203 2323 ct
3231 2275 3505 2337 regnaret,
3537 2274 3598 2319 ut

2020 2371 2075 2424 in
2126 2367 2348 2423 nomine
2393 2365 2548 2434 Jesu,
2588 2379 2750 2435 quem
2783 2379 2885 2419 vos
2921 2360 3298 2427 cruciﬁxistis,
3329 2357 3599 2429 quemad-

2020 2455 2240 2510 modum
2270 2467 2432 2508 omnc
2461 2468 2602 2522 genu
2637 2451 2894 2516 ﬂectitur,
2931 2451 3003 2506 ita
3032 2461 3087 2506 et
3110 2449 3400 2504 Dominum
3421 2455 3476 2501 et
3494 2444 3602 2500 Re-

2020 2563 2141 2620 gem
2185 2547 2363 2618 ipsum
2404 2545 2624 2610 Filium,
2670 2555 2723 2600 et
2763 2545 2980 2599 Patrem
3023 2558 3118 2614 per
3155 2556 3282 2598 eum
3337 2553 3601 2612 agnosce-

2024 2651 2230 2694 remus.

333 2734 540 2804 predew-
559 2734 725 2788 αὔτδν
754 2737 850 2790 καὶ
874 2735 1176 2808 βασιλεύειν
1232 2737 1510 2809 ἐποίησεν,
1547 2738 1616 2792 ἵν’
1679 2739 1738 2792 ἐν
1788 2736 1868 2808 τῷ
1927 2737 2152 2806 ὀνόματι
2186 2731 2384 2796 Ἰνσοῦ,
2414 2730 2472 2785 ὃν
2502 2731 2658 2803 ὑμεῖς
2678 2727 3078 2801 ἐσταυρώσατε,
3102 2724 3290 2796 ὥσπερ
3335 2723 3442 2775 πᾶν
3468 2719 3600 2790 γόνυ

330 2829 590 2902 κάμπτει,
621 2829 765 2885 οὕτω
793 2833 886 2886 καὶ
907 2831 1110 2907 Κύριον
1131 2835 1225 2888 καὶ
1253 2834 1486 2888 Βασιλέα
1529 2835 1692 2888 αὐτόν
1711 2852 1770 2888 τε
1795 2835 1887 2888 τὸν
1929 2833 2052 2888 Υἱόν
2086 2828 2557 2900 ἐπιγινώσκωμεν,
2590 2827 2683 2882 καὶ
2714 2827 2780 2880 δι’
2805 2823 2969 2882 αὑτοῦ
2993 2824 3084 2878 τὸν
3112 2822 3352 2893 Πατέρα.

395 2923 488 2977 17-
551 2924 826 2978 Ἰουδαίων
889 2925 990 2996 μέν
1026 2920 1120 2980 οὖν
1162 2925 1277 2997 (15)
1321 2927 1371 2980 οἱ
1436 2926 1700 2992 πλεῖστοι,
1744 2927 1915 2981 ταῦτα

2092 2923 2180 2978 17.
2235 2921 2332 2977 His
2387 2921 2589 2977 auditis
2643 2918 2888 2990 plerique
2939 2916 3253 2972 Iudaeorum
3317 2915 3391 2968 ita
3443 2913 3599 2970 fuere

331 3017 640 3080 ἀκούοντες,
675 3017 1073 3088 ἐνετράπησαν,
1103 3018 1198 3071 κα)⁵
1254 3017 1442 3072 λοιπὸν
1475 3017 1794 3087 ἐπέγνωσαν
1822 3015 1922 3072 τὸν

331 3109 586 3181 Χριστὸν,
615 3109 692 3174 ὡς
723 3109 782 3163 ἐν
811 3112 931 3173 ταῖς
969 3109 1209 3182 Πράξεσι
1267 3111 1603 3180 γέγραπται·
1644 3109 1830 3183 ἐπειδὴ
1857 3111 1914 3166 δὲ

327 3201 382 3252 ei
407 3201 817 3272 ’Δρειομανῖται
844 3199 1125 3274 αἱροῦνται
1173 3202 1468 3274 ἀπομένειν
1527 3201 1770 3256 Ἰουδαῖοι
1819 3201 1916 3255 καὶ

332 3291 598 3364 μάχεσθαι
631 3291 712 3363 τῷ
741 3292 956 3364 Πέτρῳ,
987 3293 1144 3366 φέρε,
1175 3293 1274 3358 τὰς
1314 3295 1508 3366 ὁμοίας
1535 3293 1710 3360 λέξεις
1732 3295 1916 3360 αὐτοῖς

331 3383 726 3456 παραθώμεθαο
766 3381 894 3447 ἴσως
919 3384 1022 3437 κᾶν
1050 3383 1223 3448 οὕτως
1253 3383 1562 3458 ἐντραπῶσι
1583 3424 1598 3450 ,
1647 3385 1916 3458 μαθόντες

329 3476 420 3547 τὴν
445 3473 739 3546 συνήθειαν
785 3477 884 3547 τῆς
932 3475 1084 3541 θείας
1111 3477 1358 3549 Γραφῆς.
1395 3479 1520 3532 Ὅτι
1577 3479 1679 3551 μὲν
1707 3474 1802 3534 οὖν
1828 3480 1915 3534 ἀτ-

329 3567 430 3632 διος
462 3569 582 3639 (16)
609 3569 817 3642 Κύριός
843 3573 958 3626 ἐστι
983 3571 1076 3624 καὶ
1116 3569 1376 3635 Βασιλεὺς
1418 3573 1447 3624 0
1475 3572 1728 3642 Χριστὸς,
1758 3573 1918 3645 δῆλον

331 3662 548 3732 γέγονεν
586 3663 652 3717 ἐκ
683 3663 790 3717 τῶν
824 3663 1258 3736 προειρημένων.
1293 3664 1388 3718 καὶ
1413 3664 1587 3729 οὐδείς
1634 3666 1806 3730 ἐστιν,
1859 3665 1918 3731 ὃς

331 3753 658 3822 ἀμφιϐάλλει
714 3754 846 3826 περὶ
907 3754 1116 3809 τούτου.
1151 3755 1278 3819 Υἱὸς
1333 3753 1444 3826 γὰρ
1487 3753 1564 3810 ὢν
1613 3755 1708 3809 τοῦ
1757 3755 1915 3820 Θεοῦ,

331 3847 500 3917 ὅμοιος
539 3845 712 3900 αὐτοῦ
749 3846 862 3916 (17)
883 3845 950 3900 ἂν
987 3845 1094 3918 εἴη·
1123 3847 1308 3917 ὅμοιος
1339 3846 1395 3899 δὲ
1427 3845 1524 3911 ὢν,
1550 3847 1767 3911 πάντως
1801 3849 1918 3901 ἐστὶ

333 3939 414 3992 καὶ
449 3940 663 4013 Κύριος
695 3940 790 3994 καὶ
807 3937 1088 4004 Βασιλεύς·
1140 3939 1302 4003 αὐτὸς
1337 3939 1447 4011 γάρ
1504 3957 1690 4010 φησιν⁹
1735 3940 1790 3993 '0
1813 3939 1918 4010 ἐμὲ

329 4031 600 4100 ἑωρακὼς
622 4031 844 4100 ἑώρακε
869 4031 977 4086 τὸν
997 4029 1250 4099 Πατέρα.
1279 4033 1402 4084 Ὅτι
1432 4031 1490 4086 δὲ
1515 4032 1609 4086 καὶ
1641 4031 1773 4087 αὐτὸ
1823 4032 1920 4103 μό-

329 4140 413 4176 νον
438 4123 498 4177 τὸ
527 4124 830 4194 λεγόμενον
859 4123 1011 4196 παρὰ
1027 4123 1122 4177 τοῦ
1157 4123 1385 4195 Πέτρου,
1417 4123 1530 4194 (18)
1565 4125 1786 4193 Κύριον
1813 4125 1920 4178 αὖε·

2021 3015 2344 3073 commutati
2367 3025 2428 3070 ut
2455 3014 2733 3072 Christum
2759 3011 3104 3087 agnoverint,
3138 3007 3600 3080 quemadmodum

2017 3110 2072 3166 in
2097 3109 2323 3166 Actibus
2349 3109 2608 3166 scribitur
2637 3109 2704 3164 ”.
2743 3107 2944 3163 Verum
2975 3101 3420 3176 quandoquidem
3445 3102 3602 3155 Aria-

2019 3203 2073 3257 ni
2097 3203 2271 3259 Judzei
2293 3217 2614 3274 permanere
2641 3210 2804 3272 atque
2838 3199 3102 3254 adversus
3129 3195 3354 3250 Petrum
3373 3199 3616 3250 conten-'

1985 3313 1994 3320 ·
2019 3295 2144 3350 dere
2165 3295 2554 3350 decreverunt:
2583 3293 2746 3364 383
2765 3306 2886 3364 age,
2900 3289 3108 3345 similes
3133 3287 3387 3358 loquendi
3405 3285 3616 3340 modos‘

2017 3387 2098 3444 eis
2123 3401 2490 3458 proponamus
2509 3405 2523 3442 :
2541 3387 2786 3440 futurum
2813 3383 2954 3438 forte
2984 3391 3069 3438 est
3094 3389 3153 3437 ut
3175 3379 3278 3435 hoc
3297 3387 3458 3450 pacto
3478 3389 3603 3433 tan-

2019 3479 2143 3535 dem
2163 3479 2380 3548 cedant,
2406 3480 2496 3534 ubi
2523 3479 2719 3534 divinae
2741 3475 3037 3547 Scriptura:
3063 3487 3268 3529 morem
3291 3470 3598 3528 didicerint.

2019 3571 2210 3645 itaque
2230 3571 2512 3629 Christum
2548 3581 2810 3627 aeternum
2847 3569 3139 3624 Dominum
3169 3577 3224 3621 et
3255 3565 3456 3636 Regem
3480 3579 3603 3619 esse

2020 3673 2242 3722 constat
2270 3681 2338 3720 ex
2367 3680 2532 3736 supra
2580 3663 2759 3729 dictis,
2807 3661 3100 3731 nullusque
3139 3667 3224 3714 cst
3264 3657 3358 3728 qui
3399 3657 3504 3712 hac
3534 3655 3602 3710 de

2021 3775 2080 3814 re
2101 3758 2332 3812 dubitet.
2361 3756 2500 3812 Cum
2529 3745 2675 3812 enim
2706 3754 2878 3810 Filius
2904 3752 2998 3808 Dei
3040 3751 3131 3818 sit,
3177 3751 3323 3806 illius
3364 3747 3600 3804 similem

2023 3849 2205 3918 ipsum
2231 3862 2355 3903 esse
2381 3861 2606 3903 necesse
2627 3857 2728 3900 est.
2763 3843 2903 3912 Quia
2933 3857 3098 3914 porro
3125 3841 3321 3898 similis
3350 3839 3469 3908 ejus
3493 3847 3598 3904 est,

2021 3940 2294 3996 Dominus
2318 3948 2372 3995 et
2400 3938 2514 3994 R‘ex
2539 3929 2856 3994 necessario
2881 3945 2986 3992 est.
3023 3935 3142 4005 ipse
3171 3933 3316 3988 enim
3343 3933 3420 3986 ait
3453 3949 3466 3985 :
3495 3929 3602 3996 Qui

2022 4049 2102 4087 me
2167 4033 2322 4098 vidit,
2375 4031 2507 4086 vidit
2559 4029 2777 4085 Patrem
2801 4031 2868 4084 9".
2924 4027 3078 4096 Quod
3126 4033 3308 4081 autem
3343 4024 3457 4080 sola
3487 4023 3603 4077 hmc

2021 4123 2166 4180 Petri
2195 4123 2403 4191 gverba,
2458 4123 2747 4176 Dominum
2797 4137 2914 4176 eum
2966 4129 3016 4174 et
3051 4118 3322 4175 Christum
3379 4117 3502 4187 fecit
3529 4115 3600 4182 ",

329 4213 428 4268 τὸν
455 4215 718 4282 ἐποίησε
743 4215 841 4269 καὶ
879 4215 1158 4284 Χριστὸν,
1183 4216 1244 4268 οὐ
1276 4217 1489 4287 ποίημα
1509 4211 1650 4270 εἶναι
1670 4215 1764 4269 τὸν
1789 4216 1915 4270 Υἱὸν

2024 4215 2224 4272 Filium
2271 4231 2410 4286 opus
2447 4211 2723 4270 csse'non
2774 4213 3099 4285 signiﬁcent,
3130 4227 3198 4267 ex
3225 4209 3604 4266 benedictione

331 4307 606 4377 σιμαίνει,
643 4306 852 4373 ἔξεστιν
882 4307 1007 4360 ἰδεῖν
1029 4305 1138 4360 ἀπὸ
1164 4305 1263 4377 τῆς
1288 4307 1534 4375 εὐλογίας
1569 4303 1665 4358 τοῦ
1709 4306 1910 4360 Ἰσαάκ·

2025 4309 2180 4365 Isaac
2235 4283 2364 4364 licet
2419 4307 2730 4378 perspicere
2758 4326 2773 4362 :
2802 4283 3120 4377 quanquam
3155 4306 3272 4360 haec
3311 4305 3493 4373 imago
3532 4300 3603 4355 ad

329 4396 424 4452 κᾶν
461 4399 694 4470 ἀμυδρά
712 4417 830 4462 πως
864 4399 897 4469 ἡ
933 4396 1096 4452 εἰκὼν
1127 4397 1265 4469 αὕτη
1299 4398 1432 4470 πρὸς
1467 4399 1528 4452 τὸ
1555 4398 1915 4470 προκείμενον

2024 4417 2135 4457 rem
2173 4401 2240 4458 de
2268 4417 2375 4472 qua
2412 4401 2625 4472 agimus
2669 4399 3080 4470 exprimendam
3118 4397 3284 4470 paulo
3314 4395 3604 4452 obscurior

329 4487 380 4565 ᾗ.
415 4495 560 4564 Ἔφη
601 4493 787 4549 τοίνυν
818 4493 896 4564 τῷ
926 4495 1028 4563 μὲν
1081 4491 1298 4557 Ἰακὼϐ,
1337 4493 1525 4547 Γίνου
1564 4493 1770 4562 κύριος
1806 4493 1914 4547 τοῦ

2024 4504 2124 4551 est.
2157 4494 2324 4567 Igitur
2349 4494 2439 4550 ille
2471 4493 2538 4549 ad
2561 4491 2734 4549 Jacob
2759 4492 2895 4548 dixit
2922 4511 2935 4548 :
2977 4491 3021 4546 Ε
3025 4493 3105 4546 ias
3141 4491 3388 4546 dominus
3412 4490 3602 4560 fratris

329 4583 592 4656 ἁδελροῦ
629 4601 770 4640 σου·
811 4585 889 4656 τῷ
949 4585 1007 4638 δὲ
1047 4583 1237 4650 Ἠσαῦ,
1309 4584 1452 4639 Ἰδοὺ
1471 4585 1693 4653 Κύριον
1723 4585 1914 4640 αὑτὸν

2024 4589 2099 4642 tui
2128 4588 2218 4656 ⁹⁶;
2273 4588 2342 4644 ad
2385 4586 2531 4644 Esau
2582 4595 2786 4654 autem,
2853 4584 2989 4641 Ecce
3042 4602 3162 4640 eum
3205 4586 3284 4639 tui
3327 4584 3601 4640 dominum

329 4677 586 4746 ἐποίησά
607 4693 750 4732 σου.
769 4677 830 4731 Ei
849 4676 950 4748 μὲν
971 4671 1064 4730 οὖν
1085 4675 1166 4742 τὸ,
1191 4676 1462 4745 ἐποίησε,
1477 4677 1577 4748 τὴν
1605 4676 1792 4730 οὐσίαν
1819 4678 1912 4732 κα)⁴

2024 4679 2122 4750 feci
2148 4681 2220 4734 ".
2283 4678 2440 4746 Quod
2483 4679 2530 4734 si
2576 4679 2764 4743 dictio,
2813 4678 2959 4748 fecit,
3005 4678 3096 4734 hic
3148 4688 3398 4733 naturam
3433 4676 3602 4732 Jacob

329 4769 420 4840 τὴν
456 4771 638 4842 ἀρχὴν
659 4769 774 4840 (l9)
825 4769 926 4840 τῆς
959 4768 1226 4839 γενέσεως
1253 4767 1348 4822 τοῦ
1383 4767 1576 4822 Ἰακὼῦ
1597 4769 1914 4841 ἐσήμαινεν,

2022 4772 2256 4843 ejusque
2277 4780 2434 4828 ortus
2457 4771 2787 4842 principium
2815 4769 3149 4842 signiﬁcaret
3167 4811 3183 4836 ,
3213 4785 3392 4840 neque
3419 4777 3598 4822 tamen

411 4937 460 4966 θ’
491 4933 513 4987 1
543 4933 682 4987 Cor.
717 4933 870 4999 1,21.
974 4931 1020 4962 ”
1059 4929 1181 4985 Act.
1241 4943 1302 4996 ιι,
1334 4929 1422 4984 '57.
1529 4932 1577 4962 "
1615 4929 1774 4987 Joan.
1813 4947 1920 4998 xiv,
1951 4935 2009 4989 9.
2082 4933 2129 4966 "
2159 4933 2279 4990 Act.
2305 4949 2368 4998 ιι,
2393 4931 2483 4988 36.
2561 4933 2608 4966 "
2646 4933 2844 4990 Cenes.
2875 4951 3048 5001 xxv",
3081 4933 3173 4988 29.
3275 4932 3320 4963 ’⁷
3349 4929 3484 4986 ibid.
3508 4927 3597 4982 57.

399 5077 473 5148 (8)
507 5075 606 5132 Sic
641 5075 1132 5148 Segueﬁanalieg.
1165 5070 1476 5142 Anglicum,
1508 5080 1561 5125 et
1593 5071 1736 5128 Felc.
1769 5073 1914 5128 4.Αι

332 5144 504 5203 ca‘tcri
545 5157 603 5202 et
629 5147 784 5214 editi,
812 5144 1198 5216 ἀμφιδαλέτω..

395 5219 473 5288 (9)
523 5213 870 5288 Segucrian.,
901 5213 996 5270 καὶ
1026 5217 1054 5268 0
1084 5213 1306 5288 Κύριος.

395 5283 510 5360 (10)
551 5283 647 5344 Sic
677 5288 998 5360 Seguerj‘an.
1039 5283 1512 5360 ljngGoblerian.
1545 5285 1688 5339 F'cle.
1722 5287 1773 5350 1,
1805 5283 1912 5339 iet

332 5359 382 5413 5.
405 5355 518 5414 ἈΙἷί
545 5369 730 5414 autem
757 5355 814 5411 ct
832 5357 982 5422 editi,
1019 5355 1272 5424 εἴπαμεν.

399 5428 827 5510 (H)_Seguer.,
871 5423 1185 5499 γενηθῆναι.
1240 5425 1486 5494 Golden,
1542 5436 1599 5482 et
1657 5423 1802 5479 Felc.
1855 5425 1926 5490 1,’

330 5499 675 5570 γεννηθῆναιζ

399 5566 623 5642 (12),:1),
651 5569 786 5642 Θεός
809 5566 961 5623 deest
995 5569 1048 5642 i_n
1085 5569 1322 5642 Seg.,.ct
1353 5566 1515 5642 fele.
1561 5567 1620 5642 ξι.
1658 5567 1909 5642 Seguer._,

335 5637 627 5710 ἰιιίιΙ.,’ἀλλ“
651 5639 971 5710 ηὐδόκησεν.
997 5637 1180 5695 Paulo‘
1197 5648 1320 5710 post
1351 5637 1512 5704 idem,
1528 5637 1702 5701 οὕτως
1723 5637 1906 5709 ἐπειδὴ

335 5709 424 5763 κα),
451 5711 617 5780 ἡμεῖς
641 5709 939 5780 ἄνθρωποι,
973 5710 1091 5764 οὐκ.

403 5779 514 5854 (15)
549 5780 616 5833 Ai
644 5779 804 5837 abest
831 5795 862 5834 ιι
889 5779 1202 5850 Seguerian.
1249 5779 1461 5836 Gobler.
1499 5779 1643 5836 Felc.
1707 5781 1730 5834 1
1769 5788 1823 5835 ct
1847 5779 1898 5834 1.

2093 5071 2206 5144 (id)
2242 5073 2483 5140 Golden,
2538 5081 2593 5127 et
2647 5071 2796 5144 Felc.
2855 5073 2906 5138 1,
2942 5071 3169 5144 ἐκαλεσε
3202 5068 3295 5122 καὶ
3344 5065 3600 5138 ἐποίησεν

2018 5142 2436 5214 αὐτὸνΚύριον,
2467 5143 2696 5214 omissis
2725 5142 3080 5214 intermediis.

2089 5215 2200 5282 (15)
2235 5213 2343 5272 Οὖν
2379 5215 2533 5269 deest
2568 5213 2622 5267 in
2665 5213 3018 5282 Segueriano:

2087 5277 2199 5356 (16)
2224 5285 2613 5356 Seguerianus,
2637 5277 2951 5338 Goblerian.
2989 5280 3134 5337 Felc.
3173 5281 3198 5334 1
3224 5289 3277 5334 et
3303 5280 3357 5346 4,
3388 5277 3596 5342 ἀϊδίοιςδ

2013 5353 2158 5410 Editi
2181 5353 2249 5412 et
2276 5353 2388 5423 alii,
2416 5355 2602 5419 ἀΐδιος.

2116 5426 2202 5489 17)
2231 5421 2394 5484 Basil.
2436 5425 2650 5480 Gobler.
2685 5422 2816 5489 Reg.
2849 5421 2993 5476 Felc.
3030 5421 3054 5474 1
3081 5429 3134 5476 et
3159 5423 3213 5486 4,
3245 5421 3416 5489 αὐτῷ.

2116 5440 2202 5489 1'3)
2231 5440 2394 5484 uasu.
2436 5440 2650 5480 uomer.
2685 5440 2762 5476 ne
2804 5463 2816 5476 .
2849 5440 2993 5476 l‘elC.
3030 5440 3054 5474 ι
3081 5440 3134 5476 οι
3159 5440 3213 5486 4,
3245 5440 3416 5474 αυτω.

2116 5496 2201 5568 18)
2231 5496 2567 5568 Goblerian.,
2606 5501 2659 5546 et
2690 5440 2921 5568 Fefgd,
2953 5491 3193 5568 aspirati
3221 5475 3464 5568 Πέτρου..

2091 5560 2204 5638 (19)
2231 5567 2325 5638 Sic
2353 5560 2734 5638 ms_s.,_przeter
2775 5560 3116 5638 Felckng,
3171 5563 3288 5638 qui,
3335 5560 3395 5638 ut
3444 5560 3618 5638 editi“

2022 5629 2226 5692 habet:
2279 5637 2376 5707 τὴν
2405 5629 2594 5688 οὐσίαν
2651 5631 2882 5707 καὶῂτῇς
2933 5629 3202 5707 γενέσεως
3229 5635 3422 5707 ᾁρχήν.
3461 5629 3595 5707 ibid.

2019 5701 2360 5776 Seguerianl,
2391 5707 2675 5776 ἐσήμαινε.
2725 5701 2961 5776 _Gobler.
3019 5715 3072 5760 et
3107 5701 3432 5768 Fclckiriﬁl,
3467 5701 3604 5773 ἐσήιι

2017 5774 2172 5848 μανε.
2199 5775 2306 5832 Alii
2321 5783 2374 5832 et
2404 5774 2532 5831 editi
2563 5774 2838 5845 σημαίνει.
