3948 6236
412 282 508 337 191

1015 287 1073 341 8.
1115 287 1486 344 ΛΤΙΙΛΝΛΒΙΙ
1525 288 1676 344 OPP.
1719 288 1904 343 PARS
1940 287 1980 344 1.

2130 286 2501 342 HISTORICA
2538 287 2626 342 ΕΤ
2665 289 3083 348 ΒΟΕΜΑΤΙΟΛ.

3543 290 3650 346 19!

404 404 576 471 possit
614 403 912 472 producere
951 415 1288 461 creaturam:
1316 417 1460 464 certe
1484 407 1623 463 idem
1664 407 1730 462 de
1755 407 1980 478 singulis

2099 409 2396 478 ιιουργεῖνς
2425 407 2488 460 Ei
2539 407 2595 460 δὲ
2632 406 2837 477 κτίσμα
2869 407 2942 459 ὢν
2990 409 3308 480 δημιουργεῖ
3355 407 3449 460 καὶ
3487 407 3650 470 αὐτὸς

405 495 670 551 creaturis
711 497 816 550 erit
871 496 1312 568 intelligendum,
1359 515 1550 568 nempe
1598 499 1718 554 illas
1763 514 1980 569 quoque

405 601 593 640 creare
609 602 791 656 posse.
809 588 964 654 Quod
993 591 1036 644 si
1063 607 1092 644 a
1121 592 1276 647 vobis
1292 593 1627 655 conceditur,
1655 592 1785 660 quid
1805 591 1981 646 Verbo

403 690 542 744 opus
565 675 684 739 fuit,
701 693 824 732 cum
851 679 1138 736 inferiores
1156 697 1185 736 a
1203 683 1575 752 superioribus
1589 682 1724 737 edici
1750 693 1977 752 queant:

402 767 490 820 Vel
532 769 722 822 saltem
765 785 889 824 cum
934 789 1021 827 res
1051 773 1278 843 singulae
1312 774 1465 828 facta:
1495 773 1772 842 potuerint
1807 789 1837 826 a
1872 772 1981 826 Deo

405 857 564 911 initio
604 861 814 922 audire,
864 861 1009 926 Fias,
1049 873 1123 925 et,
1161 863 1400 926 Efﬁcere,
1443 873 1606 932 atque
1652 863 1727 918 ita
1755 864 1984 919 fuissent

407 949 703 1016 productae.
733 950 928 1007 Verum
961 969 1134 1023 neque
1165 955 1216 1008 id
1246 956 1508 1025 scriptum
1540 964 1642 1020 est,
1665 971 1840 1025 neque
1865 956 1982 1010 ﬁeri

401 1042 604 1108 potuit.
643 1040 798 1098 Nulla
847 1046 1012 1098 enim.
1039 1061 1222 1100 rerum
1251 1062 1373 1117 quae
1401 1049 1538 1101 fiunt
1567 1063 1731 1102 causa
1761 1057 1842 1102 est
1870 1047 1983 1102 eili-

405 1131 602 1186 ciens:
643 1149 768 1188 nam
825 1137 1009 1190 omnia
1060 1153 1154 1207 per
1190 1137 1428 1193 Verbum
1476 1138 1618 1193 facta
1657 1148 1804 1204 sunt,
1836 1141 1979 1210 quod

410 1239 541 1279 sane
567 1239 672 1279 non
703 1226 916 1284 fecisset
939 1233 1146 1295 omnia,
1181 1232 1228 1287 si
1255 1233 1430 1302 ipsum
1455 1248 1674 1301 quoque
1695 1231 1928 1286 Verbum
1953 1248 1984 1287 e

413 1315 574 1372 rebus
607 1321 806 1374 creatis
845 1329 1008 1375 esset.
1065 1319 1174 1376 Nec
1221 1325 1364 1376 enim
1411 1322 1494 1377 vel
1539 1324 1711 1392 angeli
1757 1333 1985 1393 possunt

410 1421 616 1473 creare,
645 1425 770 1465 cum
809 1412 913 1481 ipsi
964 1414 1075 1468 sint
1107 1416 1294 1481 creati,
1318 1416 1441 1471 licet
1479 1415 1552 1470 ita
1585 1417 1854 1471 senserint
1877 1415 1986 1470 Va-

412 1495 671 1566 lentinus,
696 1500 933 1557 Marcion
966 1512 1021 1558 et
1049 1503 1334 1572 Basilides,
1375 1521 1610 1577 quorum
1642 1524 1738 1564 vos
1763 1509 1985 1564 aemula-

410 1597 559 1643 tores
605 1592 771 1657 estis;
805 1609 904 1650 nec
933 1596 1037 1659 sol,
1065 1606 1123 1650 ut
1167 1605 1290 1666 pote
1332 1607 1566 1664 creatus,
1594 1599 1736 1669 quod
1760 1616 1866 1656 non
1901 1611 1985 1658 est

411 1678 574 1736 faciet
618 1692 680 1738 ut
730 1686 845 1751 sit;
892 1702 990 1742 nec
1043 1687 1208 1743 homo
1257 1689 1532 1745 hominem
1571 1688 1848 1757 formabit,
1883 1708 1984 1748 nec

413 1772 551 1842 lapis
581 1776 792 1846 emnget
813 1777 1063 1847 lapidem,
1087 1794 1188 1836 nec
1211 1779 1358 1850 ligno
1386 1781 1591 1852 lignum
1623 1781 1771 1836 dabit
1808 1782 1984 1838 incre-
2015 1775 2056 1830 Β

413 1874 685 1922 mentum.
717 1868 820 1923 Sed
852 1869 994 1924 Deus
1031 1870 1145 1939 ipse
1175 1882 1260 1926 est
1294 1872 1388 1942 qui
1423 1873 1696 1927 hominem
1741 1873 1794 1927 in
1828 1884 1980 1929 uter’o

415 1955 634 2023 format,
657 1958 752 2026 qui
785 1969 997 2015 montes
1039 1961 1289 2027 collocat,
1320 1961 1414 2032 qui
1457 1963 1662 2030 lignum
1689 1963 1936 2032 producit
1963 1982 1976 2018 :

413 2047 530 2118 ipse
557 2058 739 2103 autem
769 2050 950 2113 homo,
972 2051 1064 2121 qui
1094 2052 1336 2108 scientiae
1356 2067 1523 2122 capax
1553 2063 1656 2118 est,
1695 2054 1854 2108 istam
1881 2070 1990 2109 ma-

415 2140 607 2193 teriam
635 2140 783 2194 varie
807 2139 1003 2196 format
1035 2151 1088 2198 et
1111 2145 1407 2214 componit,
1433 2153 1591 2215 atque
1605 2161 1668 2200 ea
1691 2161 1812 2215 qua:
1837 2155 1986 2212 sunt,

416 2227 495 2281 uti
523 2228 734 2290 didicit.
763 2231 968 2302 effingit
1007 2243 1061 2288 et
1093 2233 1318 2305 figurat;
1360 2235 1600 2305 satisque
1628 2237 1702 2290 illi
1734 2245 1818 2292 est
1844 2237 1990 2306 quod

415 2319 528 2374 sint
561 2318 700 2376 facta
731 2338 745 2376 :
782 2332 893 2377 tum
926 2340 1049 2380 vero
1074 2335 1284 2381 natura:
1304 2342 1413 2381 non
1445 2327 1667 2398 ignarus
1689 2343 1821 2393 suae,
1856 2329 1904 2383 si
1929 2343 1990 2384 re

414 2412 597 2482 aliqua
630 2413 888 2486 indigeat,
921 2432 950 2471 a
987 2417 1095 2474 Deo
1125 2419 1178 2474 id
1205 2422 1352 2474 novit
1377 2435 1498 2476 esse
1521 2421 1876 2491 poscendum.

2080 499 2282 570 κτίσμα
2306 497 2439 568 (60)·
2469 497 2623 551 ἔσται
2653 499 2743 551 καὶ
2771 499 2854 567 ἐφ’
2876 499 3102 552 ἑκάστου
3120 499 3414 569 κτίσματος
3432 495 3493 548 τὸ
3518 495 3652 549 αύτὸ

2080 591 2387 654 νοούμενον,
2418 589 2561 643 ὥστε
2575 590 2833 644 δύνασθαι
2860 590 2953 644 καὶ
2976 589 3112 642 αὐτὰ
3137 588 3247 658 (61)
3274 589 3336 660 δη
3347 589 3646 658 μιουργεῖν.

2081 686 2190 738 Καὶ
2225 684 2273 736 εί
2305 682 2464 736 τοῦτο
2491 681 2632 735 οὕτω
2655 682 2929 752 βούλεσθε,
2958 682 3041 744 τίς
3069 683 3103 752 ἡ
3136 681 3293 750 χρεία
3324 677 3417 731 τοῦ
3453 676 3650 745 Λόγου,

2079 776 2390 848 δυναμένων
2421 775 2528 828 τῶν
2571 776 2984 846 ὑποϐεϐηκότων
3029 774 3179 845 παρά
3210 773 3317 824 τῶν
3358 767 3656 842 ὑπερεχόν-

2080 887 2187 923 των
2213 868 2484 938 γίνεσθαι;
2517 869 2549 940 ἢ
2577 869 2710 932 ὅλως
2738 867 3032 939 δυναμένου
3063 867 3156 920 καὶ
3190 863 3329 918 κατὰ
3353 863 3449 934 τὴν
3478 859 3656 935 ἀρχὴν

2082 961 2309 1014 ἑκάστου
2335 959 2442 1012 τῶν
2474 959 2778 1030 γενομένων
2807 958 3032 1013 ἀκοῦσαι
3071 955 3222 1028 παρὰ
3248 954 3340 1008 τοῦ
3361 952 3491 1006 Θεοῦ
3509 969 3522 982 ο
3555 953 3654 1004 Γε-

2081 1051 2194 1115 νοῦ,
2229 1051 2344 1114 καὶ,
2381 1049 2641 1122 Ποιήθητι
2660 1068 2674 1082 ·
2705 1049 2798 1102 καὶ
2830 1048 3000 1112 οὕτως
3025 1047 3088 1101 ἂν
3110 1047 3336 1099 ’ἑκαστον
3361 1044 3651 1113 ἐδημιουρ-

2080 1144 2246 1209 γεῖτο.
2319 1141 2456 1194 Ἀλλ’
2510 1139 2629 1193 οὐδὲ
2683 1140 2989 1209 γέγραπται
3041 1137 3216 1200 τοῦτο,
3262 1133 3384 1187 οὔτε
3431 1131 3654 1186 δυνατὸν

2079 1229 2149 1304 ἦν
2185 1232 2319 1302 (62).
2364 1231 2485 1285 Τῶν
2508 1231 2617 1303 γὰρ
2662 1231 2961 1303 γινομένων
3013 1228 3162 1282 οὐδέν
3208 1229 3324 1279 ὲστι
3372 1223 3654 1294 ποιητικὸν

2080 1324 2282 1378 αἴτιοψ
2331 1324 2506 1378 πάντα
2537 1323 2646 1396 γάρ
2687 1323 2776 1376 διὰ
2811 1321 2902 1374 τοῦ
2943 1321 3115 1389 Λόγου
3168 1319 3420 1388 γέγονεν·
3456 1315 3556 1367 οὐκ
3585 1312 3654 1366 ἂν

2081 1417 2455 1489 ἐργασαμένου
2471 1418 2565 1470 κσι)⁵
2577 1416 2740 1470 αὐτοῦ
2754 1415 2822 1469 τὰ
2844 1415 3040 1478 πάντα,
3069 1414 3117 1466 εί
3136 1413 3229 1466 καὶ
3253 1410 3414 1473 αὐτὸς
3440 1411 3467 1463 6
3483 1409 3655 1476 Λόγος

2079 1510 2187 1565 τῶν
2203 1509 2514 1581 κτισμάτων
2536 1505 2605 1580 ἦν
2619 1524 2633 1538 ·
2663 1507 2785 1563 οὐδὲ
2803 1507 2911 1580 γάρ
2923 1507 3043 1560 οὐδὲ
3059 1505 3277 1575 ἄγγελοι
3305 1501 3654 1574 δημιουργεῖν

2079 1601 2415 1674 δυνήσονται,
2429 1601 2824 1673 κτίσματα(65)
2841 1600 2990 1663 ὄντες
3012 1599 3104 1652 καὶ
3114 1598 3284 1660 αὐτοὶ,
3305 1595 3408 1650 κᾶν
3423 1592 3656 1648 Οὐαλεν-

2080 1697 2224 1757 τίνος
2257 1696 2351 1748 καὶ
2380 1693 2642 1766 Μαρκίων
2672 1693 2766 1746 καὶ
2805 1691 3117 1758 Βασιλείδης
3141 1686 3364 1742 τοιαῦτα
3394 1683 3652 1758 φρονῶσι.

2085 1787 2178 1840 καὶ
2223 1787 2379 1856 ὑμεῖς
2411 1786 2632 1839 ἐκείνων
2670 1784 2908 1856 ζηλωταὶ
2943 1783 3244 1852 τυγχάνητε
3277 1778 3418 1851 (64)’
3461 1775 3580 1830 οὐδὲ
3625 1775 3659 1828 6

2085 1876 2251 1948 ἥλιος,
2281 1877 2485 1948 κτίσμα
2506 1875 2600 1943 ὢν,
2627 1878 2841 1948 ποιήσει
2874 1874 3005 1928 ποτὲ
3033 1873 3096 1926 τὸ
3120 1872 3192 1944 μὴ
3214 1869 3274 1925 ὃν
3303 1871 3380 1933 είς
3400 1866 3458 1921 τὸ
3481 1861 3618 1920 εἶναι
3636 1881 3654 1895 ·

2085 1968 2207 2022 οὐδὲ
2240 1967 2526 2040 ἄνθρωπος
2549 1969 2835 2040 ἄνθρωπον
2865 1967 3058 2022 πλάσει
3085 1964 3218 2035 (65),
3255 1962 3375 2016 οὐδὲ
3394 1959 3540 2022 λίθος
3571 1958 3659 2011 λίο

2087 2060 2176 2114 Θον
2204 2062 2504 2131 ὲπινοήσει,
2536 2061 2655 2114 οὐδὲ
2676 2059 2830 2124 ξύλον
2855 2059 3008 2127 ξύλον
3039 2057 3260 2126 αὐξήσει
3279 2071 3292 2084 ·
3326 2053 3438 2108 ἀλλ’
3464 2055 3490 2106 6
3525 2051 3660 2115 Θεὸς

2089 2150 2189 2221 μέν
2227 2152 2373 2205 ἐστιν
2413 2153 2442 2205 6
2479 2151 2731 2206 πλάσσων
2776 2153 2834 2204 ὲν
2872 2149 3048 2221 κοιλία
3079 2147 3380 2219 ἄνθρωπον,
3415 2143 3508 2197 καὶ
3555 2142 3661 2213 ὅρη

2085 2236 2271 2310 τιῦεὶς,
2309 2245 2404 2300 καὶ
2449 2245 2600 2310 ξύλον
2637 2242 2925 2316 μηκύνων·
2955 2244 2983 2296 6
3024 2240 3080 2294 δὲ
3110 2239 3389 2311 ἅνθρωπος
3428 2234 3663 2302 ἐπιστή-

2089 2351 2196 2406 μης
2217 2335 2290 2388 ῶν
2318 2336 2586 2401 δεκτικὸς,
2614 2335 2818 2406 ταύτην
2852 2331 2962 2404 (66)
2987 2331 3085 2403 τὴν
3116 2331 3246 2400 ὓλην
3268 2325 3542 2396 συντίθησι
3563 2323 3662 2376 καὶ

2089 2428 2532 2500 μεταρῤυθμίζει,
2581 2428 2674 2482 καὶ
2717 2428 2786 2482 τὰ
2836 2426 2964 2480 ὄντα
3004 2422 3314 2494 ἐργάζεται,
3354 2420 3428 2484 ὡς
3455 2415 3659 2489 ἔμαθεο

416 2503 511 2556 καὶ
555 2507 765 2578 ἀγαπᾷ,
811 2508 895 2562 ὄτι
930 2509 1334 2581 μόνον.γέγονε⁶
1371 2514 1468 2584 τήν
1499 2529 1559 2565 τε
1611 2513 1772 2582 φύσιν
1822 2514 2199 2582 ἐπιγινώσκων
2227 2519 2325 2591 τὴν
2353 2519 2464 2591 (67)
2500 2520 2693 2574 ἑαυτοῦ
2723 2561 2738 2587 ,
2773 2518 2867 2572 ἐάν
2925 2534 3066 2581 τινος
3131 2515 3339 2587 δέηται,
3405 2511 3493 2564 τὸν
3529 2508 3662 2562 Θεὸν

413 2591 555 2650 οἶδεν
589 2599 779 2655 αίτείν.

485 2687 577 2744 Si.
604 2689 789 2759 Itaque
820 2692 867 2746 si
901 2691 1045 2748 Deus
1073 2709 1289 2763 quoque
1315 2695 1430 2764 ipse
1453 2709 1518 2749 ex
1546 2695 1770 2748 materia
1805 2710 1890 2749 res
1915 2695 1996 2749 fa-

2165 2694 2258 2753 22.
2288 2695 2349 2749 Ei
2386 2694 2485 2766 μὲν
2525 2689 2618 2748 οὖν
2650 2693 2744 2748 καὶ
2775 2695 2802 2745 6
2831 2693 2963 2756 Θεὸς
3007 2691 3064 2758 ἐξ
3098 2689 3230 2760 ὕλης
3258 2689 3403 2741 ἐστὶν
3433 2683 3666 2757 ὲργαξό’

417 2797 538 2836 cere
555 2790 610 2835 et
633 2796 960 2852 componere
981 2783 1222 2840 dicatur:
1249 2785 1362 2839 lucc
1389 2800 1524 2839 sane
1553 2784 1820 2838 sententia
1850 2784 1993 2839 Gen-

417 2873 592 2927 tilium
627 2883 730 2940 est,
771 2875 1094 2944 artifexque,
1115 2891 1223 2930 non
1251 2885 1430 2929 autem
1458 2876 1678 2932 effector
1702 2878 1804 2930 erit
1827 2875 1991 2930 Deus.

418 2961 702 3017 Materiam
754 2972 931 3018 tamen
985 2966 1087 3020 hoc
1133 2964 1296 3020 modo
1336 2963 1572 3020 Verbum
1619 2965 1730 3020 Deo
1781 2965 1992 3035 jubenti

419 3054 739 3110 ministrans
779 3055 995 3111 efﬁciat.
1043 3056 1148 3112 Sed
1201 3059 1248 3114 si
1296 3074 1360 3113 ea
1393 3075 1515 3128 quae
1565 3075 1674 3114 non
1728 3071 1878 3126 sunt,
1903 3077 1999 3130 per

420 3146 700 3215 proprium
733 3145 971 3202 Verbum
995 3158 1155 3204 vocat
1181 3159 1239 3204 ut
1269 3150 1379 3204 sint
1406 3169 1421 3205 :
1455 3161 1598 3206 certe
1626 3150 1860 3206 Verbum
1888 3167 1996 3206 non

421 3249 506 3295 est
531 3241 672 3294 inter
696 3256 758 3294 ca
789 3256 912 3310 qua:
936 3257 1044 3295 non
1071 3251 1200 3297 sunt
1223 3251 1276 3297 et
1309 3253 1592 3310 vocantur,
1617 3261 1684 3300 ne
1715 3246 1861 3300 aliud
1903 3262 2001 3300 no-

421 3331 508 3385 bis
529 3332 879 3399 qua'rendum
907 3332 978 3387 sit
1002 3332 1259 3399 Verbum,
1285 3351 1380 3404 per
1401 3337 1547 3405 quod
1577 3337 1721 3392 istud
1745 3349 1998 3393 vocatum

423 3422 609 3476 fuerit.
638 3421 772 3476 Nam
817 3421 996 3478 Verbo
1048 3423 1232 3479 omnia
1270 3424 1409 3480 facta
1459 3435 1610 3482 sunt.
1645 3427 1799 3493 Quod
1830 3429 1875 3483 si
1909 3445 2004 3498 per

424 3511 660 3568 Verbum
694 3514 837 3570 Deus
868 3531 956 3571 res
981 3525 1130 3572 creat
1157 3524 1212 3570 et
1235 3515 1384 3583 facit,
1419 3516 1596 3588 ipsum
1625 3517 1868 3588 profecto
1894 3535 2003 3574 non

422 3614 508 3659 est
530 3620 562 3659 c
594 3604 758 3659 rebus
787 3606 986 3660 creatis
1016 3616 1071 3662 et
1095 3606 1274 3673 factis,
1305 3609 1397 3664 sed
1433 3611 1614 3679 potius
1647 3609 1741 3665 Dei
1766 3611 2004 3666 creantis

426 3693 662 3751 Verbum
711 3704 816 3762 est,
861 3698 1006 3767 quod
1050 3698 1215 3753 etiam
1265 3715 1331 3754 ex
1371 3699 1548 3756 Patris
1586 3702 1862 3770 operibus,
1885 3716 2006 3772 qua:

426 3785 604 3856 ipsum
642 3786 874 3843 Verbum
922 3788 1070 3853 facit,
1100 3793 1471 3861 cognoscitur,
1515 3793 1776 3862 quoniam
1825 3793 2005 3862 ipsum

425 3889 509 3933 est
538 3879 592 3933 in
615 3877 794 3943 Patre,
823 3891 879 3936 et
910 3880 1070 3936 Pater
1092 3883 1144 3937 in
1177 3900 1265 3948 eo,
1292 3894 1347 3939 et
1365 3884 1459 3954 qui
1491 3884 1669 3954 ipsum
1695 3885 1848 3952 vidit,
1873 3886 2009 3943 vidit

428 3967 641 4024 Patrem
682 3972 746 4034 ι’,
779 3973 850 4027 ob
896 3984 1104 4029 natura:
1156 3975 1365 4030 scilicet
1414 3977 1799 4045 pr0prietatem
1860 3993 2010 4032 sum-

2098 2805 2256 2859 μενος
2286 2788 2380 2840 καὶ
2417 2786 2702 2848 συντιθεὶς,
2744 2784 3049 2854 Ἑλληνικὸν
3095 2781 3194 2853 μὲν
3235 2779 3346 2849 (68)
3369 2779 3430 2832 τὸ
3460 2776 3665 2848 φρόνη-

2099 2896 2194 2950 μα,
2218 2879 2313 2932 καὶ
2341 2877 2612 2948 τεχνίτης,
2644 2877 2704 2930 ού
2734 2876 2959 2946 ποιητὴς
2979 2875 3043 2928 ἂν
3070 2872 3288 2945 κληθείη
3311 2875 3339 2925 6
3362 2871 3510 2933 Θεός.
3545 2869 3669 2940 Ἐρ-

2095 2967 2345 3039 γαζέσθω
2377 2967 2486 3040 (69)
2517 2968 2574 3021 δὲ
2610 2968 2758 3038 ὅμως
2781 2967 2922 3020 οὕτω
2955 2967 3051 3038 τὴν
3083 2965 3212 3035 ὓλην
3243 2967 3271 3018 6
3296 2962 3462 3030 Λόγος
3499 2975 3670 3032 προσ-ο

2096 3063 2418 3132 ταττόμενος
2449 3062 2543 3115 καὶ⁵
2586 3059 2873 3132 ὑπουργῶν
2905 3058 2982 3131 τῷ
3011 3057 3147 3128 Θεῷ.
3167 3058 3230 3110 Ei
3254 3055 3308 3108 δὲ
3325 3055 3391 3109 τά
3417 3053 3516 3106 ούκ
3537 3052 3669 3105 ὄντα

2099 3153 2254 3207 καλεῖ
2285 3150 2373 3204 διὰ
2402 3151 2496 3204 τοῦ
2525 3150 2654 3203 ίδίου
2687 3150 2860 3218 Λόγου
2891 3153 2968 3213 είς
3008 3149 3069 3202 τὸ
3097 3143 3255 3209 εἶναι,
3281 3146 3380 3200 οὐκ
3411 3143 3525 3196 ἐστι
3559 3140 3672 3195 τῶν

2105 3244 2178 3316 μὴ
2206 3243 2374 3297 ὅντων
2405 3242 2498 3296 καὶ
2543 3241 2889 3313 καλουμένων
2917 3243 2945 3294 6
2975 3240 3166 3307 Λόγος,
3201 3239 3287 3290 ἴνα
3321 3235 3394 3307 μὴ
3431 3233 3524 3288 καὶ
3547 3233 3671 3285 ἔτε-

2107 3353 2195 3408 ρον
2243 3335 2414 3404 Λόγον
2447 3334 2717 3406 ζητῶμεν,
2766 3334 2832 3386 δι’
2875 3326 2935 3386 οὗ
2975 3333 3066 3386 καὶ
3107 3326 3257 3394 οὗτος
3294 3328 3403 3401 (70)
3431 3325 3667 3397 ἐκλήθη·

2103 3427 2258 3498 Λόγῳ
2307 3427 2414 3498 γὰρ
2463 3425 2532 3478 τά
2576 3427 2676 3480 οὐκ
2731 3425 2859 3478 ὄντα
2906 3425 3120 3493 γέγονε.
3157 3421 3268 3477 Καὶ
3325 3422 3373 3474 εί
3409 3419 3475 3473 δι’
3505 3414 3674 3472 αὑτοῦ

2104 3518 2279 3582 κτίζει
2293 3521 2557 3581 καὶποιεῖ,
2575 3519 2675 3572 οὐκ
2695 3518 2810 3571 ἐστι
2833 3517 2942 3570 τῶν
2958 3515 3287 3588 κτιζομένων
3306 3513 3398 3567 καὶ
3419 3509 3678 3580 ποιουμέ-

2105 3629 2211 3666 νων
2241 3611 2401 3676 αύτός
2424 3629 2437 3642 ⁸
2483 3610 2620 3666 ἀλλὰ
2663 3611 2860 3682 μᾶλλον
2891 3611 2982 3663 τοῦ
3028 3610 3300 3674 κτίζοντος
3340 3605 3472 3660 Θεοῦ
3502 3603 3678 3672 Λόγος

2107 3705 2273 3768 ἐστὶν,
2299 3705 2447 3767 ὅστις
2478 3705 2573 3758 καὶ
2599 3705 2663 3757 ὲκ
2702 3703 2811 3756 τῶν
2851 3703 3026 3774 ἔργων
3064 3700 3156 3754 τοῦ
3197 3699 3430 3771 Πατρὸς,
3462 3689 3535 3749 ὧν
3559 3693 3672 3766 (71)

2107 3795 2268 3860 αὐτὸς
2322 3797 2351 3849 6
2406 3796 2576 3864 Λόγος
2635 3794 2945 3867 ἐργάζεται,
3005 3792 3346 3862 γινώσκεται,
3389 3791 3470 3843 ὃτι
3510 3787 3676 3850 αύτὸς

2109 3889 2166 3942 ὲν
2225 3887 2304 3959 τῷ
2354 3887 2528 3960 Πατρί
2582 3890 2716 3952 ἐστι,
2763 3889 2858 3940 καὶ
2901 3891 2930 3940 6
2964 3887 3152 3956 Πατὴρ
3201 3887 3258 3938 ἐν
3303 3883 3468 3954 αύτῷ,
3525 3882 3677 3935 καὶὸ

2109 3979 2368 4052 ἑωρακὼς
2418 3980 2580 4033 αὐτὸν
2631 3979 2840 4052 ἑώρακε
2894 3979 2981 4032 τὸν
3040 3977 3276 4049 Πατέρα,
3317 3975 3405 4030 διὰ
3447 3974 3506 4028 τὸ
3548 3973 3680 4026 ίδιον

432 4073 685 4129 mamque
724 4059 846 4115 Filii
890 4062 942 4116 in
987 4064 1244 4119 omnibus
1281 4065 1444 4135 387
1478 4080 1602 4120 cum
1637 4064 1794 4121 Patre
1822 4066 1996 4122 simili-

2114 4073 2212 4141 τῆς
2267 4071 2456 4134 ούσίας
2498 4071 2594 4124 καὶ
2649 4071 2749 4142 τὴν
2798 4072 2938 4124 κατὰ
2999 4071 3174 4123 πάντα
3233 4068 3522 4139 ὁμοιότητα
3581 4065 3680 4119 τοῦ

433 4149 696 4204 tudinem.
735 4150 1021 4215 Quomodo
1053 4155 1233 4223 itaque
1258 4171 1344 4210 res
1373 4171 1467 4222 per
1495 4155 1670 4225 ipsum
1703 4166 1871 4223 creat,
1903 4158 2009 4212 nisi

434 4240 554 4310 ejus
587 4243 657 4297 sit
689 4241 925 4297 Verbum
956 4253 1010 4299 et
1043 4243 1359 4315 Sapientia?
1394 4245 1678 4312 Quomodo
1713 4263 1842 4303 vero
1870 4245 2006 4304 Ver-

434 4329 564 4387 bum
591 4342 645 4388 et
676 4334 953 4404 Sapientia
978 4337 1152 4406 possit
1177 4351 1320 4402 esse,
1353 4338 1398 4394 si
1423 4337 1541 4408 ejus
1567 4347 1777 4394 natura:
1797 4355 1904 4394 non
1936 4341 2008 4395 sit

438 4421 579 4480 fetus
603 4427 877 4496 pi-oprius,
903 4428 995 4482 sed
1016 4443 1081 4484 ex
1113 4428 1285 4484 nihilo
1309 4444 1528 4500 quoque
1553 4428 1730 4486 factus
1764 4433 1879 4500 ipse
1900 4431 2006 4486 sit?

528 4543 572 4574 "
611 4541 770 4598 Joan.
801 4559 913 4607 xw,
943 4543 1030 4609 10,
1057 4543 1111 4599 9.

515 4653 624 4728 (60)
663 4655 898 4728 ΕθΙεΙςῐη.
935 4658 990 4722 4,
1021 4657 1310 4728 κτίσματα.

515 4726 628 4794 (6H
671 4725 761 4780 Sic
793 4725 1015 4795 Seguer.
1044 4725 1262 4782 Gobler.
1308 4726 1546 4782 Felekm.
1582 4727 1604 4782 I
1635 4736 1689 4783 et
1709 4727 1764 4783 4.
1812 4728 1883 4783 At
1921 4727 2013 4784 alii

440 4805 495 4851 et
524 4795 677 4858 editi,
704 4796 964 4852 δύνασθαί
992 4815 1121 4850 ποτε
1152 4798 1245 4852 καὶ
1269 4799 1426 4852 αὐτά.

515 4864 627 4938 (6:!)
669 4867 758 4922 Sic
787 4868 1008 4938 Seguer.
1042 4867 1260 4938 Gobler.
1293 4866 1528 4922 Felekm.
1567 4867 1596 4938 i
1641 4875 1692 4938 et
1723 4865 1776 4922 4.
1817 4866 2010 4938 Ca'teri

441 4935 647 5010 vei-oet
671 4939 822 5010 editi,
840 4935 966 5010 οὔτε
989 4937 1502 5010 γέγρατεταιᾴτοῦτο,
1520 4936 1643 5010 οὔτε
1671 4937 1892 5010 δυνατὸν
1919 4935 2008 5010 ἦν.

512 5005 625 5080 (65)
667 5007 893 5080 seguer.
929 5005 1148 5062 Goble'r.
1181 5007 1418 5063 Felckm.
1470 5009 1494 5061 1
1537 5020 1592 5062 et
1615 5008 1680 5072 4,
1714 5005 2008 5080 κτίσματα.

445 5076 631 5148 Alii‘et
663 5078 810 5148 editi.
841 5080 1070 5148 κτίσμα.

519 5146 649 5218 (δέ),
673 5145 764 5203 Sic
795 5145 1021 5218 Seguer.
1055 5146 1272 5202 Gobler.
1305 5147 1542 5203 Felekm.
1584 5148 1602 5202 l
1646 5157 1698 5204 et
1731 5148 1785 5204 ι.
1820 5149 1887 5203 At
1921 5150 2011 5205 alii

447 5224 501 5270 et
527 5216 1024 5289 editi,_toyx&:ets.

519 5285 630 5358 (65)
666 5285 906 5358 Εειρίιὲἰιι.
955 5289 1020 5348 4.
1075 5287 1324 5342 πλάσσει.
1370 5285 1490 5358 Mox
1537 5287 1782 5358 Seguer.,
1827 5288 1940 5343 ἀλλ’
1989 5290 2017 5344 6

449 5353 707 5430 θεὸςΔ
739 5359 884 5430 εστιν
905 5361 935 5413 6
966 5359 1220 5430 πλάσσων
1266 5360 1325 5412 ὲν
1357 5357 1533 5430 κοιλίᾳ
1563 5353 1867 5430 ἄνθρωπον.
1897 5359 2014 5430 ΛΙῙὶ

449 5431 505 5500 et
530 5425 657 5500 editi
679 5465 694 5488 ,
727 5429 861 5482 ἀλλὰ
891 5430 1022 5494 Θεὸς
1057 5429 1156 5500 μέν
1183 5431 1330 5483 ἐστιν
1356 5431 1386 5482 6
1424 5425 1678 5482 πλάσσων
1709 5429 1774 5482 ἐκ
1807 5428 2014 5494 κοιλίας

449 5491 540 5545 τὸν
567 5493 870 5552 ἄνθρωπον.

526 5563 638 5642 ’_
663 5563 916 5642 _Felckm.
946 5569 1004 5642 4,
1039 5568 1230 5642 ταύτῃ.

524 5637 634 5708 (67)
661 5634 885 5706 Sequor.
919 5641 1016 5708 τήν
1047 5634 1263 5694 οιιιίιίἶι.
1291 5637 1432 5693 Idem
1459 5637 1653 5692 ibidem
1683 5645 1745 5708 et
1769 5636 2010 5708 Gobler.,

454 5701 690 5764 Foicknl.
725 5701 762 5762 1⁷
777 5717 828 5764 et
857 5709 908 5776 4,
937 5701 1030 5762 ἑᾶν
1056 5726 1197 5772 τινος
1223 5709 1427 5781 δέηται.
1460 5708 1597 5764 Editi
1627 5716 1676 5763 et
1704 5707 1813 5776 alii,
1846 5707 1908 5762 ἄν
1932 5723 2012 5760 τι·

2109 4160 2236 4214 Υίοῦ
2270 4161 2406 4231 πρὸς
2459 4159 2550 4216 τὸν
2598 4160 2834 4232 Πατέρα.
2882 4158 3006 4224 Πῶς
3031 4155 3125 4214 οὖν
3175 4159 3242 4213 δι’
3284 4155 3447 4211 αὑτοῦ
3481 4153 3678 4218 κτίζει,

2107 4250 2157 4302 εί
2194 4247 2268 4321 μὴ
2291 4251 2320 4303 6
2346 4250 2518 4318 Λόγος
2549 4250 2696 4304 ἐστὶν
2746 4249 2909 4304 αὐτοῦ
2949 4251 3042 4304 καὶ
3074 4251 3106 4322 ἠ
3141 4249 3309 4318 Σοφία
3353 4249 3504 4320 (72);
3553 4247 3684 4310 Πῶς

2104 4340 2162 4395 δὲ
2194 4343 2365 4412 Λόγος
2391 4344 2458 4397 ἂν
2488 4343 2575 4415 εἴη
2608 4344 2702 4398 καὶ
2725 4344 2914 4412 Σοφία,
2939 4346 2989 4397 εί
3017 4343 3092 4414 μὴ
3123 4343 3252 4396 ίδιον
3293 4343 3537 4414 γέννημα
3577 4342 3682 4412 τῆς

2104 4434 2292 4498 οὐσίας
2323 4434 2506 4501 αὑτοῦ,
2544 4436 2658 4490 ἀλλ’
2694 4436 2754 4501 ἐξ
2784 4438 2883 4490 οὐκ
2906 4437 3074 4491 ὄντων
3111 4437 3205 4490 καὶ
3239 4436 3399 4499 αύτὸς
3425 4435 3682 4504 ὲγένετο;

2110 4672 2229 4718 νος,
2263 4663 2366 4710 etc.
2391 4693 2406 4716 ,
2446 4652 2537 4707 ubi
2569 4652 2827 4707 mendose
2857 4652 3023 4706 editio
3050 4651 3336 4708 Commel..
3373 4651 3556 4705 δέκται
3583 4667 3684 4718 pro

2107 4727 2312 4797 δέηται.
2345 4724 2486 4797 _Mox_
2513 4723 2750 4797 δείξειεν.)
2773 4722 2916 4797 licg._
2946 4722 3162 4797 Go_l_i_ler.
3211 4721 3445 4797 Felekm.
3481 4722 3543 4782 1,
3570 4721 3602 4773 4
3631 4733 3686 4797 et

2117 4790 2267 4866 5,'Ei
2303 4795 2400 4866 μὲν
2430 4790 2523 4866 οὖν
2551 4790 2644 4846 καὶ
2669 4795 2697 4845 ὁ
2720 4790 2872 4866 θεός.
2900 4792 2954 4846 ln
2989 4793 3188 4866 aliiset
3213 4794 3370 4866 editis
3393 4792 3680 4866 deestaai.

2187 4861 2315 4934 (68)
2343 4865 2436 4919 Sic
2462 4864 2684 4932 Segner.
2714 4862 2932 4919 Gobler.
2965 4872 3021 4918 et
3049 4861 3286 4918 Felekm.
3321 4863 3371 4917 ί.
3405 4865 3474 4916 At
3497 4862 3586 4915 alii
3627 4877 3686 4916 et

2115 4937 2242 4993 editi
2275 4935 2372 5005 μέν
2403 4935 2676 5005 omittunt.

2186 5001 2296 5075 (69)
2324 5004 2509 5075 Basil.,
2542 5001 3045 5075 ὲργάζεσῦαι.ᾘωο
3069 5011 3248 5075 autem
3279 5003 3464 5065 verba,
3483 5001 3672 5075 Ἔργα.

2115 5072 2288 5142 ζέσθω
2315 5075 2372 5130 δὲ
2403 5074 2549 5143 ὅμως
2574 5072 2724 5128 ὀὓτω
2757 5075 2857 5145 τὴν
2891 5073 3022 5145 ὓλην
3073 5075 3101 5127 6
3127 5072 3296 5141 Λόγος
3350 5073 3690 5145 προσταττό-

2119 5163 2278 5218 μενος
2295 5146 2389 5200 κα¹ι
2411 5145 2702 5214 ὑπουργῶν
2729 5143 3170 5216 τῷίθεῷίιιειειιι
3205 5154 3332 5199 sunt
3359 5144 3412 5196 in
3441 5159 3538 5196 ms.
3584 5143 3688 5198 Se-

2145 5231 2362 5271 uenan.

2117 5235 2566 5362 auf'iiiiinSeguer.
2594 5285 2814 5362 Qobler.
2849 5284 3087 5362 Felekm.
3180 5284 3312 5362 ςιι,
3329 5275 3506 5362 ρῦτρς.
3539 5281 3687 5362 Ιιξειίιί

2119 5351 2332 5418 ειάΙίἱ,
2376 5351 2557 5419 αὖτός.
2598 5355 2720 5410 Mox
2765 5371 2922 5422 mss.,
2967 5357 3060 5409 καὶ
3096 5355 3144 5409 εί
3176 5354 3242 5408 δι’
3283 5352 3445 5407 αύτοῦ
3486 5351 3682 5418 κτίζει.

2120 5424 2299 5480 Editio
2331 5426 2594 5481 Commel.
2626 5427 2674 5478 εἰ
2705 5427 2922 5481 omittit.

2219 5497 2305 5566 7|)
2347 5497 2594 5566 Seguer.,
2619 5496 2714 5566 ὢν,
2745 5497 3016 5566 ιιιριιιίοεε.

2221 5564 2308 5638 ῖῖ)
2337 5562 2655 5638 δεέιιειυίειι.
2687 5565 2820 5638 Reg.
2851 5564 2994 5623 Felc.
3023 5566 3078 5634 5,
3107 5566 3201 5620 καὶ
3239 5563 3427 5634 Σοφία.
3481 5562 3586 5617 Alii
3632 5571 3691 5618 et

2120 5634 2273 5701 editi,
2309 5637 2400 5690 καὶ
2418 5634 2465 5708 ’ἡ
2492 5636 2682 5706 Σοφία.
