3948 6236
447 466 565 523 205

1036 462 1094 521 S.
1120 461 1503 519 .ATHANASII
1540 460 1687 515 OPP.
1732 459 1912 514 PARS
1951 458 1991 514 I.
2034 488 2106 499 —
2143 455 2512 514 HlSTORlCA
2552 453 2639 508 ET
2680 453 3102 510 DOGMATICA.

3590 448 3700 513 τοι

460 597 685 637 necesse
716 592 818 638 est.
873 581 955 638 An
998 596 1129 637 vero
1176 582 1404 636 necdum
1436 580 1608 636 factas
1640 593 1760 634 esse
1788 578 2029 646 opinan-

2151 571 2301 636 ιῦτως
2324 573 2498 645 ἀσεϐῆ
2526 574 2621 626 καὶ
2645 571 2831 644 μῶράν
2864 570 3098 624 διάνοιαν
3122 569 3321 634 αὐτῶν,
3366 569 3475 624 οὐδ’
3505 568 3709 628 ἂνιὺπ-

461 684 569 738 tur,
594 672 1081 743 intermediumque
1111 672 1344 742 aliquem
1372 672 1551 726 adhuc
1575 678 1824 739 ιιιιιειοιιιιι
1845 666 2025 738 ?.Nam

2151 667 2261 738 Ξστη
2291 666 2361 719 τὰ
2387 665 2514 719 ὄντα
2533 664 2667 735 (26),
2687 663 2761 735 μὴ
2794 663 3180 736 εὑρισκομένου
3212 660 3308 716 τοῦ
3336 662 3524 733 μέσου.

456 765 613 836 juxta
644 765 866 834 impiam
904 764 1045 818 hanc
1072 772 1125 819 et
1149 765 1369 818 stultam
1415 763 1633 817 illorum
1677 758 2029 823 sententiam,
2070 758 2294 813 minime
2316 757 2644 812 exsisterent
2671 756 2836 809 etiam
2873 771 2940 812 ea
2964 772 3087 826 qua:
3115 754 3406 821 exsistunt,
3446 769 3570 811 cum
3608 755 3698 812 in-

461 860 756 917 termedius
787 875 895 917 non
932 859 1252 930 reperiatur.

531 977 623 1032 27.
662 977 733 1032 At
766 994 893 1032 vero
926 979 1058 1048 quid
1087 976 1351 1046 objiciunt
1382 976 1689 1031 videamus.
1747 973 1905 1040 Ecce,
1954 975 2034 1028 in-

463 1066 678 1136 quiunt,
732 1065 877 1121 Deus
925 1082 1020 1136 per
1076 1066 1316 1136 Moysem
1367 1065 1629 1135 populum
1689 1064 1915 1119 deduxit
1966 1079 2033 1118 ex

462 1157 720 1231 Egypto,
769 1171 863 1226 per
911 1156 1164 1212 eumdem
1198 1156 1368 1226 legem
1410 1155 1578 1219 dedit,
1618 1155 1832 1210 tametsi
1867 1156 2034 1210 homo

462 1236 580 1321 ipse
626 1258 745 1304 erat
786 1267 798 1302 :
856 1264 920 1304 ac
956 1248 1187 1318 proinde
1228 1247 1432 1304 similia
1462 1263 1558 1318 per
1591 1246 1772 1302 simile
1802 1259 2035 1318 possunt

463 1345 602 1401 ﬁeri.
632 1340 829 1411 Utique
858 1341 1095 1395 maxime
1127 1340 1311 1395 decuit
1338 1341 1452 1394 ιιιεο
1481 1338 1827 1393 eoslatenter
1852 1338 2030 1407 loqui,

464 1454 536 1495 ne
564 1450 778 1492 summo
829 1433 1173 1490 allicereutur
1199 1435 1425 1504 pudore.
1477 1430 1588 1486 Nec
1629 1433 1777 1487 enim
1819 1432 2036 1503 Moyses

463 1529 668 1585 missus
698 1535 784 1583 est
830 1525 896 1581 ad
951 1525 1271 1589 creandum,
1327 1537 1505 1592 neque
1553 1532 1730 1586 utea,
1768 1538 1891 1592 quae
1928 1537 2035 1576 non

466 1619 624 1691 39],
656 1628 805 1683 sunt,
837 1625 1055 1672 vocaret
1090 1624 1148 1668 ut
1176 1615 1305 1679 sint,
1327 1628 1500 1683 neque
1526 1622 1583 1666 ut
1609 1611 1860 1668 homines
1886 1613 2039 1667 simi-

466 1694 553 1765 les
573 1710 852 1772 formaret,
889 1709 985 1764 sed
1014 1714 1228 1760 tantum
1257 1714 1317 1758 ut
1346 1706 1490 1773 apud
1522 1705 1782 1774 populum
1814 1713 1868 1759 et
1894 1706 2037 1774 apud

464 1816 644 1869 regem
667 1798 1005 1854 Pharaonem
1032 1809 1346 1851 sermonum
1363 1803 1508 1849 esset
1532 1795 1885 1850 administer:
1917 1811 2037 1865 qua:

463 1892 707 1964 proiecto
761 1892 990 1945 multum
1046 1889 1185 1942 inter
1238 1902 1295 1941 se
1346 1886 1625 1942 diﬂ‘erunt.
1693 1884 1828 1941 Nam
1879 1888 2038 1941 mini-

465 1994 640 2037 strare
684 1994 865 2034 I'CI‘lllll
903 1977 1167 2033 factardm
1196 1985 1279 2030 εει
1309 1986 1564 2045 tanquam
1589 1990 1871 2031 servorum
1900 1994 1915 2030 2
1950 1992 2038 2032 res

465 2086 597 2127 vero
640 2069 939 2139 producere
976 2077 1029 2122 et
1063 2081 1250 2121 creare
1283 2065 1453 2121 solius
1488 2065 1580 2121 Dei
1609 2078 1692 2121 est
1721 2066 2037 2136 propriique

467 2157 586 2226 ejus
626 2130 786 2209 ἦτοι·ὺί
825 2162 879 2208 et
922 2151 1221 2223 sapientiae.
1255 2149 1393 2206 Hinc
1431 2165 1591 2204 nemo
1613 2130 1753 2206 alius
1784 2130 1841 2203 in
1875 2130 2038 2206 rebus
2067 2130 2116 2191 Β

466 2246 721 2303 creandis
747 2243 989 2300 occurrit
1015 2254 1211 2314 prmter
1235 2242 1410 2299 solum
1438 2242 1530 2297 Dei
1557 2241 1795 2298 Verbum
1819 2261 1833 2297 :
1859 2244 2041 2299 omnia

469 2341 741 2413 siquidem
780 2342 832 2394 in
859 2340 1124 2411 sapientia
1177 2338 1317 2394 facta
1363 2349 1490 2394 sunt
1516 2338 1581 2405 ³⁸,
1633 2349 1687 2393 et
1713 2341 1831 2395 sine
1864 2338 2042 2394 Verbo

479 2433 684 2489 factum
721 2444 803 2487 est
845 2432 980 2486 nihil
1012 2432 1078 2487 “.
1118 2430 1273 2498 Quod
1309 2439 1489 2486 autem
1532 2432 1598 2485 ad
1627 2446 1722 2486 eos
1752 2432 1844 2502 qui
1882 2432 2043 2486 mini-

469 2535 647 2582 strant
673 2533 900 2596 spectat,
931 2538 1039 2578 non
1073 2539 1214 2578 unus
1243 2535 1409 2591 certe,
1429 2524 1523 2579 sed
1553 2540 1616 2579 ex
1647 2525 1903 2580 omnibus
1933 2526 2045 2595 plu-

467 2618 595 2674 rimi
631 2625 777 2683 sunt,
801 2630 940 2686 quos
972 2614 1232 2669 nimirum
1262 2613 1495 2669 Domino
1522 2616 1783 2684 placuerit
1805 2617 2039 2672 mittere.

471 2709 684 2765 Etenim
714 2708 868 2763 multi
897 2707 1234 2775 archangeli,
1266 2706 1418 2759 multi
1455 2706 1635 2761 thr0ni
1665 2718 1720 2761 et
1746 2714 2045 2777 potestates

471 2817 536 2856 ac
582 2799 979 2855 dominationes
1018 2798 1309 2867 .milliaque
1362 2797 1586 2851 millium
1615 2809 1670 2852 et
1695 2798 1878 2853 decies
1916 2800 2044 2853 mil-

472 2894 572 2948 lies
594 2894 734 2947 dena
775 2890 943 2945 millia
986 2890 1300 2946 ministrant
1336 2904 1402 2944 ac
1437 2902 1631 2959 prmsto
1662 2900 1791 2945 sunt
1814 2891 1881 2946 ad
1911 2893 2043 2946 mis-

473 2983 681 3039 sionem
710 2983 775 3037 ³³.
826 2982 975 3036 Multi
1007 2996 1226 3051 quoque
1250 2989 1379 3037 sunt
1410 2981 1684 3052 propheta:
1714 3001 1726 3037 :
1756 2984 2045 3039 duodecim

478 3082 610 3133 sunt
637 3078 763 3129 item
797 3073 1050 3143 apostoli,
1088 3086 1142 3127 et
1169 3071 1392 3128 Paulus.
1438 3071 1505 3126 Et
1527 3088 1655 3129 vero
1686 3075 1803 3145 ipse
1832 3074 2045 3148 Moyses

471 3181 582 3222 non
608 3165 778 3232 solus,
812 3165 906 3220 sed
936 3164 1117 3219 Aaron
1145 3179 1270 3218 cum
1293 3179 1378 3231 eo,
1405 3179 1469 3219 ac
1494 3164 1689 3221 deinde
1717 3167 1807 3221 alii
1830 3178 2047 3237 septua-

474 3258 624 3330 ginta
665 3267 856 3313 sancto
889 3254 1091 3327 Spiritu
1126 3256 1309 3325 repleti
1332 3266 1461 3312 sunt
1483 3256 1526 3288 "
1551 3276 1564 3312 :
1592 3272 1657 3314 ac
1686 3256 1861 3331 Moysi
1887 3258 2045 3318 Jesus

474 3351 620 3407 ﬁlius
660 3348 808 3405 Nave
843 3349 1131 3414 successit,
1163 3348 1251 3402 cui
1283 3362 1600 3406 successere
1628 3349 1863 3421 judices,
1894 3352 2042 3424 judi-

2201 971 2290 1026 27.
2334 964 2469 1023 Ἀλλ’
2501 970 2674 1023 ἐκεῖνο
2699 967 2994 1037 φάσκουσιν
3014 978 3028 995 ⁶
3069 965 3197 1020 Ἰδοὺ
3219 964 3282 1037 δὴ
3306 965 3400 1019 καὶ
3428 964 3517 1019 διά
3544 966 3711 1020 Μωῦ·

2136 1064 2273 1126 σέως
2300 1060 2533 1133 ἐξήγαγε
2565 1061 2655 1113 τὸν
2683 1059 2810 1112 λαὸν
2862 1057 2922 1122 ὲξ
2976 1056 3249 1125 Αἰγύπτου
3289 1057 3379 1110 καὶ
3430 1057 3497 1110 δι’
3539 1057 3706 1111 αὐτοῦ

2136 1156 2223 1208 τὸν
2255 1154 2414 1225 νόμον
2441 1152 2635 1205 δέδωκε
2661 1150 2795 1222 (27),
2827 1149 3005 1203 καίτοι
3027 1148 3119 1201 καὶ
3146 1148 3308 1201 αὐτοῦ
3346 1148 3711 1219 τυγχάνοντος

2137 1243 2454 1318 ἀνθρώπουο
2495 1242 2637 1295 ὥστε
2668 1237 2891 1295 δυνατὸν
2929 1239 3017 1293 διὰ
3068 1239 3160 1293 τοῦ
3203 1239 3387 1310 ὁμοίου
3437 1239 3507 1293 τά
3547 1241 3710 1311 ὃμοια

2141 1335 2406 1406 γίνεσθαι.
2460 1333 2629 1386 Τοῦτο
2659 1332 2714 1385 δὲ
2759 1331 2937 1400 λέγειν
2967 1332 3160 1395 αὐτοὺς
3201 1331 3714 1402 ἐγκαλυπτομένους

2143 1427 2400 1500 ἔπρεπεν,
2460 1425 2547 1477 ἵνα
2604 1423 2678 1494 μὴ
2730 1422 2922 1493 πολλὴν
2965 1422 3225 1493 αἰσχύνην
3279 1423 3708 1492 ἀπενέγκωνταιι

2144 1519 2381 1590 Μωῦσῆς
2417 1519 2524 1589 γὰρ
2570 1518 2631 1570 οὑ
2674 1516 3022 1587 δημιουργεῖν
3055 1515 3329 1586 ἐπέμπετο
3348 1555 3362 1581 ,
3390 1516 3510 1570 οὐδὲ
3536 1518 3605 1573 τά
3635 1518 3712 1591 μὴ

2142 1612 2270 1667 ὄντα
2290 1611 2401 1683 (28)
2430 1613 2509 1673 είς
2527 1609 2587 1661 τὸ
2607 1603 2744 1661 εἷναι
2760 1606 3003 1672 καλέσαι,
3021 1607 3114 1659 καὶ
3143 1606 3343 1661 πλάσαι
3356 1609 3480 1673 τοὺς
3494 1610 3713 1681 ὁμοίους

2144 1702 2483 1776 ἀνθρώπους,
2518 1698 2652 1754 ἀλλά
2676 1697 2993 1768 διακονῆσαι
3023 1697 3181 1769 μόνον
3209 1700 3427 1770 ῥήματα
3457 1701 3591 1771 πρὸς
3614 1704 3710 1756 τὸν

2142 1796 2267 1850 λαὸν
2312 1797 2404 1849 καὶ
2446 1793 2583 1864 πρὸς
2632 1792 2723 1845 τὸν
2776 1789 2998 1861 βασιλέα
3035 1790 3145 1862 (29)
3182 1790 3399 1863 Φαραώ.
3452 1793 3604 1864 Ἔχει
3650 1794 3713 1847 δὲ

2140 1882 2298 1937 τοῦτο
2327 1882 2526 1952 πολλὴν
2550 1880 2645 1952 τὴν
2674 1880 2955 1952 διαφορὰν,
2984 1881 3064 1934 ὅτι
3097 1882 3157 1934 τὸ
3188 1881 3286 1952 μὲν
3310 1882 3575 1939 διακονεῖν
3601 1885 3713 1940 τ’ῶν

2142 1972 2383 2045 γενητῶν
2405 1973 2481 2035 ὡς
2505 1971 2704 2026 δούλων
2728 1971 2842 2024 ἐστί
2862 1985 2874 1999 ·
2903 1972 2963 2024 τὸ
2991 1972 3344 2044 δημιουργεῖν
3375 1975 3433 2028 δὲ
3466 1976 3561 2029 καὶ
3595 1977 3719 2031 κτί-

2144 2065 2254 2131 ζειν
2279 2066 2437 2136 μόνου
2463 2063 2555 2117 τοῦ
2585 2062 2718 2117 Θεοῦ
2748 2067 2885 2127 ἐστι,
2912 2065 3005 2117 καὶ
3033 2062 3127 2117 τοῦ
3167 2064 3298 2117 ἰδίου
3344 2065 3508 2120 αὐτοῦ
3537 2067 3717 2138 Λόγου

2143 2158 2238 2212 καὶ
2260 2157 2356 2229 τῆς
2388 2155 2597 2226 σοφίας.
2631 2155 2731 2209 Διά
2756 2156 2913 2210 τοῦτο
2939 2155 3068 2224 γοῦν
3089 2156 3181 2209 ἐπὶ
3213 2156 3312 2227 μὲν
3335 2157 3428 2212 τοῦ
3453 2158 3515 2231 δη
3525 2176 3718 2234 μιουρδ

2143 2252 2258 2317 γεῖν
2289 2249 2388 2302 οὐκ
2415 2248 2479 2302 ἄν
2509 2265 2593 2312 τις
2613 2247 2767 2302 ἄλλον
2795 2246 2965 2319 εὖροι,
2990 2246 3022 2319 ἢ
3048 2248 3205 2319 μόνον
3229 2247 3338 2319 (50)
3360 2249 3452 2302 τὸν
3466 2251 3560 2306 τοῦ
3575 2252 3715 2308 Θεοῦ

2145 2344 2346 2412 Λόγον’
2377 2342 2552 2396 πάντα
2574 2340 2682 2412 γὰρ
2706 2343 2764 2394 ὲν
2804 2339 2965 2411 σοφίᾳ
2992 2340 3181 2409 γέγονε
3206 2359 3231 2406 ,‘
3263 2342 3358 2395 καὶ
3410 2344 3577 2414 χωρὶς
3616 2345 3717 2399 τοῦ

2142 2437 2316 2505 Λόγου
2344 2435 2558 2504 ἐγένετο
2580 2434 2697 2488 οὐδὲ
2724 2419 2801 2490 ἓν.
2833 2436 2975 2506 Πρὸς
3000 2434 3056 2487 δὲ
3082 2435 3178 2500 τὰς
3195 2435 3466 2500 διακονίας
3490 2437 3587 2508 οὐχ
3610 2432 3719 2503 εἷς,

2144 2529 2259 2585 ἀλλ’
2299 2532 2363 2583 ὲκ
2399 2530 2614 2584 πάντων
2647 2528 2829 2582 πολλοί
2859 2532 3014 2593 εἰσιν,
3047 2528 3140 2593 οὓς
3186 2530 3281 2584 ἐὰν
3322 2530 3451 2603 θέλῃ
3477 2533 3720 2603 πέμπειν

2144 2623 2172 2675 ὁ
2201 2620 2424 2692 Κύριος.
2468 2619 2658 2673 Πολλοί
2703 2620 2799 2691 μὲν
2838 2619 2947 2692 γὰρ
2975 2620 3303 2691 ἀρχάγγελοι
3352 2621 3499 2693 (51),
3533 2623 3722 2677 πολλοὶ

2144 2713 2201 2767 δὲ
2231 2712 2407 2784 θρόνοι
2435 2714 2528 2765 καὶ
2558 2710 2815 2777 ἐξουσίαι,
2842 2713 2934 2765 καὶ
2964 2712 3299 2783 κυριότητες,
3329 2711 3494 2783 χίλιαί
3536 2730 3599 2768 τε
3629 2726 3720 2785 χι-

2144 2804 2343 2869 λιάδες,
2377 2804 2470 2857 καὶ
2530 2803 2719 2877 μύριαι
2762 2804 3020 2875 μυριάδες
3063 2806 3441 2876 παρεστήκασι
3474 2805 3722 2880 λειτουρ-

2143 2896 2381 2966 γούντων
2401 2896 2495 2949 καὶ
2526 2897 2756 2967 ἑτοίμων
2780 2899 2859 2960 εἰς
2891 2897 2951 2949 τὸ
2981 2897 3404 2952 ἀποστέλλεσθαι
3444 2899 3574 2972 (52).
3609 2901 3725 2953 Καὶ

2145 2990 2417 3060 προφῆται
2447 2988 2544 3059 μὲν
2572 2987 2777 3052 πολλοὶ,
2805 2988 2898 3042 καὶ
2929 2988 3218 3043 ἀπόστολοι
3237 2989 3293 3042 δὲ
3318 2990 3447 3044 δέκα
3478 2992 3573 3045 καὶ
3603 2992 3720 3057 δύο,

2143 3083 2288 3136 καὶὸ
2316 3081 2524 3145 Παῦλος
2570 3082 2681 3152 (55)
2704 3099 2717 3111 ⁸
2749 3081 2844 3135 καὶ
2875 3082 3114 3152 Μωῡσῆς
3152 3081 3208 3136 δὲ
3240 3083 3397 3147 αὐτὸς
3428 3085 3488 3137 ού
3525 3084 3684 3155 μόνος
3704 3126 3720 3148 .

2143 3172 2280 3227 ἀλλὰ
2307 3173 2401 3227 καὶ
2450 3171 2658 3244 Ἀαρὼν
2699 3174 2795 3226 σὺν
2828 3172 2994 3243 αὐτῷ,
3023 3174 3118 3228 καὶ
3163 3175 3300 3244 μετά
3345 3176 3518 3230 ταῦτα
3569 3177 3723 3232 ἄλλοι

2146 3264 2512 3336 ἐϐδομήκοντα
2556 3263 2871 3334 Πνεύματος
2923 3262 3319 3336 ἐπληρώθησαν
3363 3265 3518 3335 ἁγίου
3543 3282 3556 3295 ·
3621 3270 3722 3321 καὶ

2143 3357 2383 3427 Μωῦσῆν
2403 3354 2668 3423 διεδέξατο
2705 3355 2909 3426 Ἰησοῦς
2937 3359 2966 3410 ὁ
3010 3356 3104 3409 τοῦ
3145 3357 3324 3429 Ναυῆ,
3372 3359 3623 3413 κάκεῖνον
3671 3362 3723 3413 οί

469 3444 633 3500 cibus
669 3459 802 3498 vero
852 3458 958 3497 non
1008 3457 1152 3497 unus
1202 3442 1292 3498 sed
1341 3442 1497 3496 multi
1565 3459 1741 3516 reges.
1783 3444 1842 3501 Si
1882 3447 2040 3519 igitur

2151 3446 2353 3519 κριταὶ,
2402 3446 2687 3509 κάκείνους
2715 3446 2812 3516 οὐχ
2847 3441 2948 3510 εἷς,
2988 3445 3122 3499 ἀλλά
3171 3447 3411 3501 πλεῖστοι
3461 3446 3720 3517 βασιλεῖς.

474 3546 696 3591 creatus
722 3546 778 3590 et
806 3534 983 3590 factus
1029 3544 1177 3589 esset
1222 3532 1416 3600 Filius,
1466 3535 1664 3590 multos
1693 3552 1911 3608 quoque
1942 3540 2046 3592 hu-

464 3628 710 3700 jusmodi
733 3628 878 3683 ﬁlios
904 3642 1026 3682 esse
1054 3635 1353 3696 oporteret,
1397 3638 1456 3683 ut
1480 3630 1680 3686 multos
1709 3631 1909 3701 pariter
1928 3631 2048 3701 ejus

474 3719 688 3790 generis
738 3719 1022 3774 ministros
1081 3717 1307 3773 haberet
1349 3717 1528 3783 Deus,
1587 3721 2046 3789 quemadmodum

474 3814 706 3868 aliorum
752 3827 949 3883 magna
997 3821 1081 3866 est
1125 3810 1442 3868 multitudo.
1493 3811 1647 3878 Quod
1686 3814 1731 3867 si
1764 3814 1816 3866 id
1859 3829 2045 3868 verum

475 3922 583 3959 nou
627 3912 729 3969 est,
755 3905 851 3960 sed
889 3919 976 3958 res
1003 3904 1222 3974 quidem
1254 3913 1450 3960 creatae
1481 3906 1665 3960 multa:
1688 3913 1835 3970 sunt,
1871 3920 2043 3960 unum

473 4006 653 4051 autem
681 4004 763 4050 est
786 3995 1058 4062 Verbum;
1096 3997 1219 4066 quis
1252 4010 1361 4051 non
1391 3994 1518 4050 inde
1546 3996 1804 4066 perspicit
1846 3994 2044 4051 Filium

474 4087 544 4141 ab
561 4087 816 4140 omnibus
833 4085 1068 4152 diﬂ'erre,
1093 4102 1193 4141 nec
1207 4102 1295 4141 res
1312 4096 1525 4142 creatas
1549 4086 1625 4140 illi
1639 4103 1761 4142 esse
1782 4088 2043 4158 aequales,

476 4179 572 4233 sed
627 4194 753 4233 eum
794 4181 1071 4249 proprium
1121 4194 1242 4233 esse
1293 4178 1516 4236 Patris?
1549 4179 1704 4235 Unde
1736 4195 1844 4233 non
1875 4180 2043 4234 multa

474 4280 605 4326 sunt
628 4269 826 4338 Verba,
850 4270 944 4325 sed
969 4271 1145 4325 solum
1170 4287 1338 4324 unum
1375 4272 1537 4327 unius
1567 4271 1746 4326 Patris
1784 4268 2047 4339 Verbum,

476 4377 694 4433 unaque
746 4361 908 4416 unius
962 4360 1057 4414 Dei
1131 4362 1309 4431 imago
1368 4373 1479 4418 est.
1531 4363 1714 4432 Atqui,
1773 4362 2048 4431 inquiunt,

473 4454 639 4511 etiam
694 4454 777 4508 sol
836 4469 977 4508 unus
1023 4461 1125 4516 est,
1172 4462 1226 4506 et
1270 4463 1412 4508 terra
1444 4469 1572 4508 una.
1606 4453 1823 4508 Addant
1861 4453 2039 4508 insani

473 4561 639 4601 unam
689 4562 886 4615 aquam
931 4561 1209 4615 unumque
1254 4547 1432 4617 ignem
1459 4560 1601 4609 esse,
1629 4553 1687 4601 ut
1716 4545 1908 4601 deinde
1944 4562 2042 4601 auv

472 4638 659 4705 diant,
711 4637 1008 4708 quamlibet
1053 4637 1270 4709 quidem
1326 4652 1504 4691 rerum
1561 4636 1829 4692 factarum
1873 4652 2040 4691 unam

545 4816 591 4847 ”
620 4814 766 4870 Psal.
807 4831 931 4880 Clll,
961 4814 1049 4867 ‘24.
1132 4814 1175 4845 ³³
1201 4812 1356 4867 Joau.
1407 4829 1444 4879 ι,
1477 4812 1532 4867 ’5.

1642 4812 1685 4844 ³⁸
1711 4809 1915 4868 Daniel.
1947 4829 2047 4877 vn,
2081 4812 2167 4869 l0.

2150 3540 2321 3611 Εἴπερ
2352 3533 2446 3592 οὖν
2492 3538 2585 3591 καὶ
2619 3537 2822 3607 κτίσμα
2877 3537 2988 3608 (54)
3017 3533 3086 3609 ἦν
3120 3538 3214 3592 καὶ
3256 3538 3364 3591 τῶν
3409 3539 3652 3610 γενητῶν
3694 3540 3724 3591 ὁ

2149 3629 2296 3694 Υἱὸς,
2326 3628 2433 3683 ἔδει
2462 3629 2557 3682 καὶ
2584 3626 2812 3690 πολλοὺς
2845 3623 2982 3681 εἶναι
3010 3627 3284 3691 τοιούτους
3312 3629 3480 3690 υἱοὺς,
3510 3628 3597 3681 ἵνα
3626 3630 3723 3682 καὶ

2147 3723 2373 3787 πολλοὺς
2398 3721 2666 3785 τοιούτους
2695 3720 2971 3783 διακόνους
2994 3719 3090 3791 ἔχῃ
3111 3722 3140 3773 ὁ
3169 3720 3321 3784 Θεὸς,
3353 3720 3603 3792 καθάπερ
3628 3722 3724 3775 καὶ

2150 3818 2243 3872 ἐπὶ
2286 3817 2394 3870 τῶν
2423 3816 2595 3871 ἄλλων
2622 3812 2824 3885 πλῆθός
2856 3816 3023 3867 ἐστιν.
3056 3814 3119 3867 Εἰ
3148 3813 3205 3866 δὲ
3231 3814 3387 3868 τοῦτο
3429 3814 3529 3867 ούκ
3574 3813 3723 3867 ἐστιν

2151 3909 2298 3973 ἰδεῖν,
2324 3908 2458 3963 ἀλλά
2486 3908 2554 3963 τὰ
2580 3908 2678 3978 μὲν
2721 3906 2995 3975 κτίσματα
3019 3905 3207 3970 πολλὰ,
3256 3908 3284 3959 ὁ
3330 3905 3387 3959 δὲ
3433 3907 3607 3974 Λόγος
3643 3900 3723 3971 εἷς

2149 4002 2265 4052 ἐστι
2285 4016 2298 4029 ·
2332 3999 2418 4063 τίς
2457 3999 2517 4050 ού
2547 3997 2745 4068 συνορᾷ
2777 3995 2870 4049 καὶ
2903 3997 2967 4049 ἐκ
3007 3994 3212 4050 τούτων
3243 3995 3376 4067 (55),
3406 3996 3487 4049 ὅτι
3519 3998 3548 4049 ό
3596 3995 3724 4060 Υἱὸς

2147 4091 2396 4160 διέστηκε
2424 4088 2531 4142 τῶν
2582 4088 2818 4153 πάντων,
2846 4089 2940 4141 καὶ
2964 4088 3026 4140 ού
3058 4087 3189 4158 πρὸς
3230 4087 3298 4139 τά
3328 4086 3601 4156 κτίσματα
3623 4085 3723 4156 τὴν

2149 4183 2398 4248 ὲξίσωσιν
2430 4183 2562 4253 ἔχει,
2587 4181 2722 4235 ἀλλά
2752 4182 2887 4254 πρὸς
2915 4182 3005 4235 τὸν
3053 4179 3270 4251 Πατέρα
3311 4180 3409 4251 τὴν
3450 4178 3722 4250 ἰδιότητας

2153 4275 2315 4329 Ὅθεν
2361 4275 2481 4328 οὐδὲ
2532 4273 2716 4328 πολλοί
2754 4274 2947 4342 Λόγοι,
3000 4272 3135 4326 ἀλλά
3162 4272 3322 4343 μόνος
3352 4268 3432 4335 είς
3461 4271 3556 4325 τοῦ
3605 4271 3726 4336 ἐνὸς

2152 4365 2364 4436 Πατρδς
2417 4365 2598 4433 Λόγος,
2660 4364 2753 4417 καὶ
2789 4363 2888 4435 μία
2934 4361 3027 4415 τοῦ
3078 4362 3195 4425 ἑνὸς
3223 4359 3358 4414 Θεοῦ
3397 4360 3508 4432 (56)
3557 4360 3728 4415 εἰκών

2146 4461 2311 4511 ἐστιν.
2356 4457 2493 4509 Ἀλλ’
2521 4456 2652 4520 ἰδοὺ,
2693 4454 2846 4524 φασὶ.
2874 4455 2968 4507 καὶ
2995 4454 3144 4523 ἥλιος
3179 4454 3336 4523 μόνος
3364 4447 3445 4518 εἷς
3471 4454 3566 4507 καὶ
3595 4455 3629 4525 ἡ
3650 4455 3729 4526 γῆ

2150 4547 2266 4619 μία.
2300 4549 2565 4618 ’Λφρονες
2597 4544 3012 4617 εἰπάτωσαν-ὃτι
3041 4544 3136 4596 καὶ
3169 4542 3312 4614 ὕδωρ
3344 4541 3430 4606 ἓν,
3482 4545 3578 4596 καὶ
3611 4542 3730 4616 πῦρ

2146 4635 2224 4701 ἓν,
2259 4635 2345 4689 ἵνα
2372 4633 2674 4688 ἀκούσωσιν
2695 4673 2709 4697 ,
2749 4633 2831 4685 ὅτι
2859 4631 2966 4685 τῶν
2996 4631 3302 4702 γενομένων
3342 4632 3456 4705 (57)
3498 4633 3732 4687 ἕκαστον

2263 4813 2308 4846 ³⁸
2343 4811 2504 4867 Num.
2536 4809 2718 4874 11,25.

543 4965 1796 5043 (26)_Seguerian_._‘Goblerian.etfelckman.
1845 4967 1871 5021 l
1899 5007 1938 5043 ,_
1972 4967 2042 5021 τὰ
2074 4978 2116 5031 ι)
2180 4965 2330 5043 --(5ἓ)
2362 4965 2469 5043 S_i_c_
2490 4964 2821 5043 SgguerianL
2840 4964 3158 5043 Goblerian.
3203 4964 3352 5043 Fele.
3387 4965 3411 5017 l
3450 4970 3611 5043 et}.
3657 4964 3732 5018 At

470 5035 816 5098 ὅντα.Ἐ(1ἱῖί
864 5049 917 5095 et
963 5039 1077 5102 alii,
1105 5037 1175 5091 τὰ
1193 5037 1419 5147 γενητὰ.
1457 5035 1660 5092 Ibidem
1716 5036 2035 5107 Seguerian.

472 5115 670 5147 Cnhlor
719 5110 841 5147 Faln
892 5111 913 5147 Ι
951 5119 998 5147 nl
1034 5109 1067 5147 λ
1126 5125 1219 5147 φηιι
1264 5125 1295 5147 ιι
1334 5123 1428 5147 anu
1487 5106 1623 5147 Ειίἱιί
1666 5117 1715 5147 ρο
1755 5107 1842 5147 alii
1942 5108 2035 5147 η·ηῆ

472 5115 691 5169 Gobler.
717 5110 862 5167 Felc.
892 5111 915 5163 l
951 5119 1003 5164 et
1033 5109 1087 5169 4.
1126 5106 1219 5162 τοῦ
1263 5106 1449 5178 μέσου.
1474 5106 1626 5178 Editi
1666 5117 1720 5163 et
1753 5106 1886 5175 alii,
1942 5108 2037 5162 τοῦ

478 5185 729 5253 μεσίτου.
750 5181 870 5236 Mox
904 5179 1048 5253 Fe_|c.
1074 5178 1128 5253 4,
1165 5177 1272 5233 ίδοῦ
1297 5177 1500 5253 δὲμκαί.

543 5254 657 5323 ('27)
698 5250 921 5323 Seguer.
950 5250 1167 5307 Gobler.
1204 5258 1256 5303 et
1293 5245 1437 5305 Felc.
1492 5248 1542 5313 1,
1579 5247 1798 5303 δέδωκε.
1846 5248 2039 5303 Ειειθιιί

474 5333 530 5378 et
553 5322 706 5384 editi,
735 5322 920 5376 ἔδωκε.
1092 5348 1095 5349 ν

547 5392 660 5464 (28)
691 5391 1006 5464 Seguerian.
1044 5391 1177 5464 Reg.
1200 5388 1521 5464 _Gob_lerian.
1546 5397 1603 5464 e_t
1649 5388 1812 5464 Feic_._
1834 5390 1883 5453 l,
1918 5388 2041 5464 οὐδε

547 5406 660 5464 (ιδ)
691 5406 1006 5461 δεειιει-ιιιιι.
1046 5406 1177 5515 “eg.
1209 5406 1521 5445 uomerian.
1546 5406 1603 5443 et
1651 5406 1795 5446 rete.
1834 5406 1883 5453 ι,
1918 5406 2041 5445 ουοε

474 5461 543 5535 τά
569 5464 653 5535 μὴ
684 5463 830 5535 ὅντα.
863 5463 968 5535 Alii
1004 5473 1057 5535 et
1085 5479 1116 5517 e
1156 5460 1249 5527 iti,
1284 5458 1404 5515 οὐδὲ
1439 5460 1513 5531 μὴ
1563 5459 1712 5515 ὅντα.
1762 5459 1908 5525 Mox,
1951 5459 2044 5512 καὶ

469 5531 715 5602 πλάσαι,
729 5532 882 5588 deest
904 5533 960 5587 in
998 5533 1223 5602 Seguer.

544 5603 660 5674 (29)
693 5599 1035 5674 §eguerian.,
1058 5599 1212 5674 r290;
1228 5600 1472 5674 βασιλέα.

691 5669 1000 5745 Goblerian.
1024 5682 1088 5745 et
1105 5669 1434 5745 'Felckman.
1454 5671 1507 5745 l,
1533 5670 1698 5745 tu?)
1720 5669 1897 5745 μόνον.

548 5739 792 5867 (διλιξίό
816 5742 1134 5822 Seguerian.
1169 5740 1301 5822 Reg.
1344 5739 1529 5823 Basili:
1556 5739 1783 5823 beler.
1808 5740 1951 5794 Felc.
2008 5740 2033 5793 1

508 5824 525 5867 ι
552 5815 605 5867 4.
701 5830 741 5867 ιι
772 5823 826 5867 et
857 5813 985 5867 edlll
1014 5813 1121 5867 γάρ
1147 5820 1422 5867 omittunt.
1453 5811 1654 5867 ibidem
1687 5810 1834 5867 Μία.
1865 5810 1917 5867 4.
1941 5808 2033 5867 ἀγ·

475 5829 525 5867 Θῐ
552 5829 605 5868 4.

467 5886 639 5954 γέλω.

701 5813 741 5871 ii
772 5823 826 5871 et
857 5808 985 5867 editi
1014 5813 1121 5883 γάρ
1147 5808 1422 5868 omittunt.
1453 5811 1654 5868 ibidem
1687 5810 1834 5868 Felc.
1865 5810 1917 5879 4,
1941 5808 2038 5877 ἀγ-

2145 5037 2238 5091 alii
2262 5032 2320 5091 et
2343 5036 2494 5103 editi,
2535 5032 2862 5107 λειτουργῶν
2902 5034 2994 5088 καὶ
3025 5034 3253 5106 ἑτοίμων
3299 5036 3377 5098 είς
3423 5035 3484 5087 τὸ
3522 5032 3730 5099 ligam-

2147 5105 2477 5159 στέλλεσθαι.

2147 5108 2477 5161 στέλλεσθαι.

2218 5177 2332 5245 (55)
2362 5176 2453 5233 Sic
2499 5175 2816 5247 Seguerian.
2861 5174 3176 5247 prlerian:
3215 5172 3359 5247 Felc.
3396 5173 3420 5226 l
3467 5182 3522 5247 et
3551 5173 3618 5247 ρ.
3656 5174 3731 5247 At

2146 5243 2239 5301 alii
2267 5243 2322 5302 et
2343 5248 2494 5313 editi,
2519 5243 2611 5303 κᾱὶ
2645 5245 2872 5310 Παῦλος.
2901 5243 3105 5300 Ibidem
3138 5243 3357 5299 Gobler.
3383 5252 3438 5299 et
3476 5243 3623 5299 Felc.
3666 5245 3723 5311 1,

2146 5318 2431 5400 αύτρςκαὶ
2470 5316 2700 5400 Ἀαρών.
2828 5390 2842 5400 _
2955 5385 2968 5400 ο
3191 5394 3203 5400 Δ
3241 5318 3245 5322 ’

2220 5388 2334 5458 (54)
2368 5382 2688 5458 Seguerian.
2710 5428 2726 5452 ,
2758 5390 2853 5442 καὶ
2881 5385 3121 5458 κτίσμα,
3155 5394 3210 5440 et
3235 5399 3424 5458 _mox_,
3461 5382 3571 5438 ἔδει
3625 5385 3727 5438 καὶ

2148 5455 2395 5526 πολλούς.
2431 5455 2488 5514 ῦι
2514 5459 2638 5514 aliis
2656 5468 2709 5514 et
2729 5459 2907 5522 editis,
2940 5455 3034 5510 καί
3070 5455 3360 5526 utrobique
3386 5455 3560 5509 deest.

2242 5530 2333 5600 55)
2366 5530 2711 5600 Seguerian.,
2748 5531 2817 5600 ἐκ
2833 5526 3046 5600 τούτου)

2243 5592 2330 5671 56)
2369 5592 2831 5671 δθξιιοιίιιιιάᾲτού
2865 5593 3159 5671 ἐνὸς-Θεοῦ.
3195 5594 3337 5671 Editi
3360 5602 3415 5649 et
3447 5594 3539 5671 alii
3568 5592 3730 5671 omit-

2147 5659 2266 5726 tunt
2293 5659 2877 5740 €v6¢.VSeguer.'ibid.,
2908 5659 3012 5740 καὶ
3059 5664 3409 5740 ἥλιος-μόλιος
3433 5659 3538 5740 Δεἷς
3579 5666 3726 5731 ἐστι,

2145 5743 2239 5797 καὶ
2263 5740 2335 5810 γῆ
2375 5731 2490 5810 μία.
2524 5731 2684 5805 Εἰίἱῐί,
2716 5731 2871 5810 καῖό
2900 5738 3051 5808 ἣλιος
3078 5731 3181 5799 εἷς,
3210 5731 3343 5810 η’γῆ
3384 5734 3503 5805 μία.

2213 5808 2334 5884 (57)
2357 5808 2507 5869 Felc.
2543 5812 2596 5874 l.
2620 5820 2674 5866 et
2700 5808 3033 5874 Goblerian.,
3063 5808 3381 5878 γινομένων.
